2037 3151
160 211 192 244 ιτ
705 216 817 245 PETltl
843 216 988 245 l‘OSSlNl
1013 216 1224 245 PRtiilt‘ATlo.
1743 212 1781 243 18

159 272 239 301 atque
253 267 442 301 exceptionem
456 267 566 301 allegari
582 267 690 294 Solitant
706 269 732 294 in
748 269 826 295 Iidem
842 276 936 295 eorum
949 268 994 302 qui
1013 269 1046 296 de
1060 269 1141 295 relnts
1154 268 1273 302 propriis
1288 267 1320 294 ad
1338 275 1467 302 personm
1484 267 1638 294 l'amiliasve
1654 267 1774 299 ipsotum

160 310 361 342 pertinentilms
381 315 502 338 narrant.
515 310 575 344 Quo
589 311 656 339 satis
677 312 811 346 signiﬁcat
825 313 918 343 istum,
933 320 1013 347 quem
1029 313 1098 339 adeo
1111 312 1215 338 extollit
1229 311 1405 346 Bryrnninm,
1422 315 1469 338 aut
1485 316 1600 345 patrem,
1615 311 1686 343 quod
1700 310 1780 337 habet

158 352 288 384 Zonaras,
306 358 362 383 aut.
379 359 407 381 ιιι
427 355 505 382 Anna
524 356 616 382 verius
634 355 758 387 allii-mat.
777 364 857 383 arum
874 364 953 383 suum
975 355 1070 383 fuisse.
1089 355 1124 383 De
1146 363 1200 390 quo
1214 356 1284 387 ride,
1301 355 1322 382 si
1347 355 1422 387 libet,
1437 359 1515 382 notas
1529 360 1637 383 nostras
1654 354 1687 381 ad
1701 362 1778 381 ltum-

159 396 192 422 12
208 402 233 423 et
256 397 288 423 15
307 397 353 425 lib.
369 406 394 424 tv
411 398 506 425 horum
525 399 801 426 conunentariorum.

195 439 244 466 Per
268 441 324 467 hate
337 449 386 475 ego
402 443 509 469 abunde,
529 451 689 477 persuasus,
711 452 771 470 esse
792 444 859 472 istos
881 451 993 470 οιιιιιιιιο
1015 443 1226 470 commentarios
1243 441 1360 469 Ctesaris
1380 441 1520 477 Bryennii.
1544 441 1579 469 iis
1604 441 1701 476 raptint
1729 448 1779 468 ex—

159 484 320 515 scribendis.
338 494 386 519 pro
400 487 534 520 angustiis
547 488 669 514 concessi
683 488 826 522 temporis.
850 495 959 514 manum
981 492 1007 513 ct
1027 486 1147 513 aniututn
1166 485 1294 520 applicui.
1313 484 1341 512 In
1363 493 1417 519 quo
1440 485 1590 512 dulcissimi
1609 484 1702 512 fratris
1726 480 1780 511 mei

158 533 186 554 et
202 529 322 555 unanimi
337 529 469 563 συνεργοῦ
486 529 514 556 Ρ.
533 531 638 557 Claudii
657 531 774 558 Maltrait
792 531 894 558 auxilio
907 530 1037 558 benevolo
1054 537 1113 556 sunt
1129 537 1204 556 usus.
1219 528 1332 562 Quoties
1350 529 1422 555 enim
1437 528 1619 556 ineluctabilis
1633 528 1782 556 necessitas

160 573 257 605 stylmn
272 578 297 599 et
313 573 418 600 tabulas
432 574 624 607 extorquebat.
639 575 682 601 tlle
696 575 875 601 succcntntial
888 579 914 600 at
932 574 1060 600 vicariam
1078 581 1199 606 cperant,
1217 580 1250 598 tte
1266 572 1468 606 circumscripti
1486 571 1518 598 ad
1532 571 1591 604 ejus
1608 571 1708 598 codicis
1723 578 1783 605 pre-

158 615 260 642 cariaut
277 624 388 642 usuram
411 617 490 650 spatii
510 625 572 652 pars
589 618 667 644 nobis
692 619 745 645 ulla
771 618 937 645 dilaberetur
965 617 1062 644 otiosa.
1078 615 1123 642 Sic
1140 616 1215 642 brevi
1241 615 1438 650 exscripsimus
1461 623 1530 650 opus
1553 615 1618 641 illud
1645 619 1731 641 totum
1757 619 1785 641 et

161 659 319 694 priusquam
344 661 445 688 exisset
475 662 633 695 praescuipta
657 662 724 693 dies,
744 660 805 688 cum
826 662 876 688 [ide
892 669 922 688 ac
939 660 1034 696 gratiis
1049 659 1146 686 debitis
1163 659 1365 687 commodatum
1383 659 1562 693 archetypum
1589 659 1709 686 codicem
1728 658 1785 685 cla—

163 703 270 730 rissimo
284 708 310 730 et
324 704 525 732 ollieiusissimo
543 705 600 731 viro
626 706 741 732 reddidi.
758 706 880 740 Contigit
896 705 991 732 deinde
1009 711 1074 731 usus
1088 703 1199 730 liberior
1217 703 1318 730 codicis
1333 703 1467 738 ejusdem,
1487 702 1587 734 insigni
1606 707 1632 729 et
1651 703 1702 728 hoc
1724 702 1783 728 loco

163 748 310 774 memorari
329 748 411 783 digno
427 749 560 776 beneﬂcio
579 750 803 784 incontparabilis
821 755 847 777 et
862 750 940 784 longe
956 755 1036 782 Supra
1056 747 1195 782 vulgarem
1218 746 1330 775 modum
1359 745 1522 781 prmdicandi
1543 746 1604 772 viti.
1633 746 1784 772 Gulielmus

159 791 261 817 etettitn
277 790 416 826 Pugctius,
431 796 542 819 senatus
556 792 682 820 Tolosani
698 794 790 820 luuten
808 794 915 828 ingens,
936 792 1030 827 paucis
1044 797 1105 826 post
1128 791 1185 822 illa,
1203 798 1263 825 qua!
1282 790 1364 817 ntodo
1383 789 1476 821 retuli,
1500 790 1598 816 mensil
1611 797 1642 817 us
1658 789 1786 816 convenit

161 842 220 866 me;
239 839 266 861 et
281 834 332 861 isto
353 835 420 869 ipso,
437 843 517 870 quem
545 836 625 870 quasi
653 836 744 863 furtim
769 841 848 863 antea
871 837 1002 868 viderant,
1029 835 1214 870 manuscripto
1240 835 1310 862 libro
1332 835 1365 862 de
1393 834 1488 861 famuli
1515 834 1677 861 assectantis
1701 840 1784 860 manu

160 884 269 912 sumpto
285 887 292 905 :
307 887 340 905 en
365 879 446 911 hunc,
471 880 570 914 inqttit,
600 881 734 912 Codicem,
750 881 814 915 quia
831 881 878 907 tibi
897 881 989 908 utilem
1004 885 1032 906 et
1047 879 1229 906 desideratum
1258 878 1390 908 intellexi.
1406 886 1464 905 mea
1484 879 1598 913 pecunia
1616 878 1784 910 redemptum

160 922 194 948 do
210 922 257 949 tibi
269 922 406 957 donuqttt‘,
423 927 451 950 ut
466 928 529 950 tuus
545 932 624 958 quant
641 925 744 959 optimo
757 925 819 959 jure
836 925 879 952 sit.
898 925 984 951 Tanta
997 924 1038 951 vis
1053 923 1272 957 generosissimaa
1288 922 1469 949 humanitatis
1486 923 1512 949 in
1527 922 1573 949 illo
1586 922 1692 949 emteris
1708 929 1785 955 a-que

159 966 287 993 onmilnts
303 966 448 994 virtutibus
463 972 489 994 et
505 968 642 1001 prtcclaris
654 969 762 995 dntibus
777 968 809 995 ad
826 968 986 995 miraculum
1003 966 1111 994 exculto
1131 966 1213 994 heroe
1227 965 1286 992 luit.
1303 965 1389 999 Cujus
1405 966 1456 993 hac
1468 965 1536 992 ntire
1551 970 1704 1000 opportuna
1719 964 1786 991 libo--

162 1009 268 1036 talitate
293 1010 358 1036 tnilti
373 1011 558 1038 commoditas
579 1011 727 1038 abundavit
747 1011 920 1038 conferenda:
940 1011 995 1045 jatn
1014 1010 1091 1036 edita:
1109 1009 1248 1036 Alexiadis
1269 1017 1331 1036 cuttt
1348 1009 1396 1036 illo
1420 1017 1502 1035 manu
1520 1009 1632 1042 antiqua
1649 1008 1786 1042 desetip'o

161 1052 220 1085 ejus
237 1053 402 1086 exemplari;
419 1057 446 1080 et
460 1061 491 1080 ex
508 1062 538 1079 ca
555 1054 702 1081 collatione
729 1062 784 1080 non
805 1055 885 1080 modo
907 1054 1019 1080 lacunas
1038 1053 1168 1080 editionis
1191 1053 1316 1086 explendi
1332 1060 1438 1082 omnes,
1463 1052 1509 1079 sed
1533 1052 1656 1078 diversas
1678 1058 1787 1086 quoque

161 1094 292 1120 ictllOlZCS
306 1093 383 1121 facile
399 1094 440 1120 bis
456 1094 528 1120 mille
549 1095 574 1120 in
594 1095 654 1121 Iilu'i
680 1096 731 1121 [ιιιξί
746 1095 809 1121 editi
835 1102 882 1121 ora
907 1096 1027 1122 notandi.
1051 1096 1141 1130 Atque
1165 1100 1194 1122 ut
1220 1095 1322 1122 nullam
1341 1099 1396 1121 tam
1425 1095 1545 1121 benevoli
1566 1095 1648 1121 ollicii
1672 1094 1786 1128 gratiam

162 1137 296 1168 omittam,
314 1145 364 1164 ttec
381 1137 448 1163 illud
463 1137 557 1163 celabo
578 1145 584 1162 :
604 1145 741 1164 sumntum
767 1138 841 1163 illum
861 1137 948 1164 virum
974 1138 1000 1164 itt
1027 1138 1197 1165 conscientia
1223 1138 1314 1165 meriti
1340 1138 1409 1165 tanti
1427 1138 1473 1164 tali
1500 1145 1605 1164 mecum
1621 1137 1786 1164 verecundia

163 1180 261 1214 egisse.
277 1184 307 1206 ut
324 1187 385 1206 cum
403 1180 542 1207 incidisset
559 1180 597 1207 illi
615 1181 764 1208 necessitas
779 1182 902 1215 quaedam
918 1182 1050 1208 revisen-li
1067 1190 1147 1216 quem
1165 1181 1314 1208 donaverat
1335 1181 1449 1213 codicis,
1475 1189 1528 1208 noti
1553 1181 1726 1212 suStinuet-il,
1745 1189 1787 1207 tne

166 1228 222 1249 tum
240 1223 364 1254 absente,
382 1223 456 1249 illum
481 1231 495 1249 e
518 1228 625 1253 nostro.
639 1223 682 1250 ulti
710 1224 883 1258 reliquerant,
900 1223 1037 1252 Tolosano
1051 1225 1164 1259 collegio
1184 1231 1337 1259 reposcere.
1357 1224 1408 1250 nisi
1426 1224 1502 1259 prius
1523 1232 1564 1251 me
1582 1223 1788 1251 olliclosissitn's

164 1266 261 1293 litteris
283 1272 384 1300 rogato,
402 1271 431 1293 ut
444 1266 504 1300 ejus
521 1267 631 1293 brevem
661 1274 785 1298 usuram,
803 1272 893 1301 rostra
920 1268 1091 1301 restituendi,
1115 1268 1167 1295 sibi
1189 1268 1377 1295 concederent.
1403 1267 1494 1300 Quare
1512 1267 1629 1294 viderint
1655 1268 1702 1302 qui
1728 1272 1789 1302 p0>l

163 1310 368 1337 aCt‘rliiSbilllulll
393 1317 454 1336 mox
472 1315 594 1337 secutum
614 1311 687 1337 illius
704 1311 907 1338 immortalitate
924 1311 1077 1346 dignissimi
1095 1312 1142 1338 riri
1162 1311 1244 1338 funus
1268 1311 1368 1338 librum
1387 1312 1468 1339 istunt
1489 1312 1561 1338 itttcr
1578 1311 1637 1346 ejus
1655 1311 1786 1345 κειμήλιλ

165 1357 298 1386 repertum
319 1353 487 1380 ltmreditaria
504 1354 677 1388 possessione
703 1355 756 1381 rite
775 1362 923 1388 occupasse
941 1355 1024 1381 videri
1042 1355 1144 1386 volunt,
1162 1363 1217 1390 quo
1233 1355 1295 1390 jure
1314 1363 1371 1382 rem
1393 1355 1534 1383 detineant
1550 1355 1694 1382 manifeste
1718 1355 1786 1381 alie-

164 1405 243 1429 nam;
262 1397 361 1431 quippe
378 1397 498 1432 legitima
513 1397 660 1424 donatione
679 1397 748 1425 inter
765 1399 841 1425 viros
855 1407 887 1426 ac
903 1399 1077 1426 testatissima
1093 1399 1140 1426 τοῦ
1157 1400 1310 1434 μακαρίτου
1331 1399 1469 1435 quondam
1484 1399 1544 1434 cjus
1560 1399 1663 1426 domini
1683 1398 1784 1426 bendi-

165 1441 251 1468 erntia
266 1441 418 1468 certissime
435 1441 593 1467 translatam
609 1441 634 1468 itt
650 1441 695 1476 jtts
711 1447 846 1473 nostrum,
863 1443 896 1469 de
912 1450 966 1476 quo
986 1443 1079 1478 utique
1094 1443 1160 1470 nihil
1176 1444 1309 1470 cedimus.

201 1482 312 1515 Verum,
330 1489 359 1511 ut
374 1485 406 1511 ad
428 1490 550 1511 nostrum
568 1484 731 1519 Brycnniunt
756 1486 874 1516 redeam,
895 1487 1051 1514 necessario
1074 1487 1253 1521 prolitendutn
1275 1487 1320 1514 ltic
1340 1492 1395 1520 est,
1420 1486 1514 1514 fuisse
1531 1487 1604 1514 illius
1639 1490 1666 1513 et
1682 1485 1787 1512 mendis

166 1528 415 1562 inquinatissitnam
434 1533 460 1554 et
474 1528 580 1555 lacunis
598 1537 651 1555 non
672 1529 741 1556 raris
757 1537 805 1555 nec
820 1537 914 1563 parum
930 1529 1051 1558 molestis
1072 1531 1251 1566 interruptam
1269 1531 1294 1558 itt
1311 1531 1459 1567 archetypo
1487 1531 1533 1558 illo
1548 1536 1575 1558 et
1600 1531 1679 1557 unico
1693 1530 1786 1557 codico

166 1572 340 1606 scripturam.
358 1571 434 1599 Unde
448 1572 515 1599 satis
530 1572 682 1598 su-landum
699 1572 763 1599 milti
784 1572 833 1599 luit
860 1573 887 1599 in
910 1582 971 1600 vera
987 1574 1100 1602 lectione
1126 1576 1293 1609 conjecturis
1319 1575 1482 1609 divinanda;
1499 1575 1559 1610 plus
1581 1575 1662 1601 ctiant
1681 1574 1706 1600 itt
1726 1582 1787 1600 vela

166 1615 308 1650 scriptoris
323 1615 470 1648 sententia,
486 1616 619 1643 tolerabili
635 1616 730 1642 Saltem
751 1617 862 1651 interprt
873 1617 973 1644 latione
988 1618 1162 1646 declaranda.
1176 1618 1247 1646 Nihil
1260 1618 1314 1646 fere
1329 1624 1418 1646 tatncu
1437 1619 1487 1646 ista
1508 1618 1672 1645 necessitate
1688 1618 1788 1644 immu-

169 1664 253 1685 tatum
265 1663 316 1692 est,
330 1659 409 1693 cujus
424 1667 477 1686 non
491 1664 597 1687 constet
610 1660 703 1687 lectori
717 1660 785 1686 ratio
801 1660 827 1686 in
841 1661 924 1688 ttotis.
945 1662 979 1688 At
992 1663 1200 1697 quanticunque
1219 1663 1395 1690 laborisillud
1413 1662 1520 1690 abunde
1534 1669 1659 1696 magnam
1670 1660 1785 1696 pretium

167 1702 304 1735 ducimus,
322 1703 395 1738 quod
415 1704 557 1731 historiam
579 1704 734 1738 pra-claram
752 1712 766 1731 ει
787 1709 855 1732 teste
873 1713 997 1740 magnam
1015 1712 1117 1741 partem
1134 1706 1254 1739 oculato,
1276 1706 1427 1741 eodemque
1443 1705 1582 1741 dignitatis
1597 1710 1678 1740 atque
1692 1709 1788 1731 aucto-

166 1744 255 1771 ritatis
271 1753 394 1778 somnne,
421 1746 543 1781 adeoque
576 1747 601 1773 in
618 1747 705 1774 attatis
729 1747 800 1773 illius
826 1748 1035 1782 sapientissimis
1063 1751 1172 1782 habito,
1200 1750 1301 1777 diserte
1327 1750 1489 1784 sinccreque
1513 1749 1706 1783 conscriptam,
1737 1756 1785 1774 nee

166 1795 287 1822 Danai":
302 1793 330 1816 υι
345 1797 498 1824 speramus.
521 1790 679 1826 Byzantinis
693 1791 945 1820 Contnenianorunt
961 1798 1115 1829 temporum
1131 1795 1212 1822 rebus
1229 1794 1317 1822 lucem
1330 1793 1491 1825 atl‘usuram,
1505 1794 1532 1820 in
1554 1793 1693 1828 publicqu
1707 1799 1786 1819 usmn

164 1835 284 1862 edimus.

554 2018 997 2075 TESTIMONIA
1051 2017 1396 2076 VETERUM

417 2147 488 2190 DE
531 2145 766 2191 CAESARE
807 2145 1159 2191 NICEPHORO
1204 2144 1539 2190 BRYENNIO.

669 2317 746 2344 Arma
759 2317 892 2344 (lcumena
903 2319 930 2344 in
949 2317 1110 2352 Prwfationc
1128 2317 1267 2345 Alexiadis
1280 2326 1288 2344 :

207 2374 283 2408 Ἐμοὶ
297 2374 366 2409 ἀνὴρ
382 2374 490 2408 ἐγένετο
504 2373 576 2400 κατὰ
584 2374 683 2408 νόμους
696 2376 842 2410 συναφθεὶς
853 2377 867 2403 ὁ
883 2377 950 2403 Κιιί-
963 2377 989 2405 Λ

985 2400 989 2405 .
1037 2375 1149 2403 Maritus
1170 2376 1236 2403 ntihi
1253 2376 1305 2402 l'utt
1322 2375 1443 2410 legitimo
1454 2374 1507 2401 ritu
1528 2374 1692 2409 coniunctus
1709 2373 1789 2401 Nice-

166 2428 219 2454 στιρ
235 2419 403 2454 Νικηφόρος,
419 2420 459 2451 εις
472 2418 522 2453 τὴν
537 2419 592 2446 τῶν
606 2420 758 2454 Βρυεννιων
776 2423 868 2456 σεῖραν
884 2423 950 2449 ἀνα·

1003 2421 1104 2456 pltorus
1125 2423 1226 2451 Caesar.
1244 2421 1350 2456 generis
1374 2420 1472 2448 seriem
1491 2420 1524 2447 ad
1548 2419 1697 2455 Bryennios
1721 2419 1790 2447 rele-

166 2465 292 2499 γόμενος,
306 2464 376 2499 ἀνὴρ
393 2464 439 2490 καὶ
455 2464 570 2496 κάλλους
584 2465 733 2501 ὑπερϐολῇ,
751 2466 798 2492 καὶ
815 2467 951 2498 συνέσεως

1005 2474 1087 2498 rens,
1102 2467 1143 2494 vir
1162 2470 1190 2494 et
1212 2466 1306 2494 forma:
1331 2465 1489 2500 prmstantia
1505 2469 1533 2492 et
1555 2465 1789 2493 consummatione

166 2510 308 2545 ἁκρὸτητι,
336 2511 382 2538 καὶ
409 2510 495 2544 λόγων
517 2511 658 2546 ἀκριϐείᾳ,
681 2512 780 2547 μακρῷ
803 2512 865 2543 τοὺς
891 2513 951 2539 κατ’

1007 2513 1158 2547 prudentia:
1168 2517 1196 2540 et
1209 2512 1375 2546 perfectione
1389 2511 1518 2538 doctrinae
1533 2511 1612 2546 longe
1630 2519 1711 2546 supra
1727 2519 1787 2538 out-

166 2556 248 2583 αὑτὸν
264 2556 451 2591 ὑπερϐάλλων.
467 2557 565 2592 Θαῦμα
576 2557 630 2592 γὰρ
646 2557 776 2592 ἄντικρυς
789 2559 837 2585 καὶ
848 2558 953 2594 ὁρώμε-

1007 2566 1066 2591 nes,
1076 2559 1121 2593 qui
1137 2562 1202 2586 tunc
1212 2562 1301 2590 erant,
1315 2557 1664 2590 antecellens,miracnlum
1679 2565 1790 2592 prorsus

167 2610 210 2633 νος
228 2602 274 2628 καὶ
288 2601 474 2638 ἀκροώμενος,
491 2603 538 2630 καὶ
550 2603 584 2630 τὰ
597 2604 671 2639 ἑξῆς.

1005 2605 1094 2632 oculis
1119 2604 1269 2632 videntium
1293 2603 1458 2638 auribusque
1485 2603 1698 2631 auscultantium
1723 2603 1790 2630 olle.

1006 2658 1079 2682 rens,
1098 2655 1150 2677 etc.

203 2706 272 2733 Alibi
289 2713 358 2740 sepe
372 2706 399 2732 in
414 2714 464 2734 oua
481 2707 600 2736 Historia
614 2709 704 2736 eadem
722 2709 799 2736 Anna
814 2709 941 2745 Bryennii
956 2709 1071 2743 ejusdem
1090 2718 1148 2736 cum
1162 2717 1267 2736 summa
1286 2708 1364 2736 laude
1380 2709 1509 2735 meminit.

167 2763 288 2792 Zonaras
317 2768 386 2789 tomo
410 2762 456 2790 111
479 2765 625 2793 Annalium
642 2774 720 2800 agens
742 2767 774 2793 de
799 2766 891 2792 Alexio
906 2767 1023 2800 Augusto
1048 2771 1105 2800 post
1130 2765 1299 2792 Constantini
1316 2765 1600 2800 Porpliyrogenili,tni
1629 2767 1790 2798 desponsata

196 2809 271 2834 Anna
287 2807 403 2841 ejusdem
421 2807 508 2835 Alexii
524 2810 696 2844 primogenita
712 2810 812 2844 fuerat,
829 2815 889 2837 ante
901 2811 1007 2844 nuptias
1021 2815 1130 2836 mortem
1142 2829 1150 2841 ,
1172 2809 1254 2836 nliu-n
1270 2817 1395 2844 sponsum
1410 2808 1493 2835 eidem
1511 2808 1574 2840 ﬁlia!
1586 2816 1640 2835 sttw
1654 2809 1734 2835 dante
1750 2817 1759 2835 :

202 2867 328 2902 Νυμφιον
347 2868 440 2903 ἕτερον
464 2869 507 2895 ἐπ’
526 2869 595 2904 αὐτῇ
618 2871 783 2904 εέσψκίσατο
799 2872 845 2897 τὸν
870 2872 956 2907 μείζω

1042 2870 1176 2905 Sponsum
1191 2870 1305 2897 alterunt
1325 2871 1349 2897 ei
1364 2869 1461 2896 ascivit
1474 2869 1622 2896 maximum
1640 2872 1703 2896 natu
1727 2871 1792 2897 lilio.

168 2912 221 2939 τῶν
247 2913 312 2940 υἱῶν
339 2914 499 2949 Νικηφόρηυ
526 2915 573 2941 τοῦ
599 2916 761 2951 Βρυεννίου-
785 2916 814 2943 ὃν
839 2917 852 2942 ὁ
877 2917 955 2951 λόγος

1005 2925 1065 2943 rutn
1082 2915 1226 2950 Niccp‘tori
1243 2916 1380 2951 Brycnnii,
1399 2923 1480 2951 quem
1495 2915 1621 2950 superius
1648 2915 1789 2943 retulimus
