2037 3151
165 186 197 218 41
764 162 1035 214 ηῐετοιιιλῐωιι
1052 182 1125 212 LIB.
1146 182 1169 212 Ι.
1750 178 1787 211 42

166 245 223 271 δίου
243 244 280 279 (4)
293 243 430 280 ἀφώριστο
441 241 511 268 δυοῖν
523 240 615 272 ἕνεκα,
629 240 658 266 τὺ
686 239 736 272 μὲν
756 239 800 266 ἵνα
831 239 880 265 καὶ
892 237 960 274 πρὸς

1023 237 1107 265 imare
1125 237 1215 272 iaculo
1236 238 1261 264 iu
1283 245 1395 273 scopum
1417 247 1424 265 ε
1442 241 1468 265 ct
1488 241 1517 264 ιιι
1531 237 1694 273 praecipuam
1712 236 1795 264 disci-

165 289 266 324 ἁρετὴν
277 287 464 321 ὲτὶαλεὶφοιντο
472 286 505 320 τῇ
516 285 632 320 μιμήσει
644 283 698 310 τῶν
707 282 827 318 ἀρίστοιν
840 282 956 317 ἀνδρῶν,

1022 281 1090 309 diuae
1116 281 1218 309 bellica:
1240 288 1344 316 partem
1365 288 1578 310 commemorem
1602 282 1734 309 rationem
1753 282 1796 308 in-

166 334 197 361 τδ
212 334 235 361 δ’
264 334 308 360 τνα
332 333 420 367 ἔχοιεν
444 330 564 367 εὐχερῶς
577 329 679 362 ἐξιέναι
704 329 754 364 τῆς
768 328 873 358 πόλεως
888 327 956 362 πρὸς

1022 326 1201 354 truendarum
1226 328 1346 354 aeierum
1371 328 1411 355 sic
1425 328 1527 355 habere
1551 329 1578 355 in
1596 332 1743 363 promptu,
1767 332 1797 354 ut

169 380 255 416 θήραν
267 388 297 406 τε
311 380 421 406 ἀπιέναι
441 378 487 404 καὶ
500 378 556 409 τοῖς
573 376 666 408 ὅπλοις
676 374 877 410 γυμνάζεσθαι.

1022 373 1107 408 [novis
1128 373 1188 400 loco
1209 380 1241 400 ac
1258 377 1379 408 tempore
1402 374 1526 408 quemvis
1552 382 1717 406 numerum,
1745 380 1798 408 qua

171 425 255 460 ﬁgura
272 425 410 460 expediret
426 424 552 451 ordinare
573 422 710 457 extemplo
746 425 878 456 possent,
911 419 1095 454 callerentque
1127 419 1159 446 ad
1177 427 1292 455 unguem
1308 421 1370 454 quis
1401 420 1561 448 insidiarum
1577 422 1798 449 collocandarum

170 472 278 503 modus.
292 471 357 507 quid
385 470 560 506 spectandum
580 469 607 496 in
645 467 816 495 iocidelectu
850 466 882 493 ad
917 465 1181 507 castrametationem
1208 465 1372 500 opportuni,
1396 470 1550 494 castrorum
1585 466 1706 501 ipsorum
1723 475 1800 507 .qum

171 519 257 548 forma
285 525 379 554 quaeve
407 517 554 552 descriptio
586 516 623 542 sit
649 515 771 549 optima,
808 519 961 547 ceteraque
997 513 1150 541 istiusmodi
1182 513 1216 540 ad
1254 513 1394 541 scientiam
1418 513 1605 540 ducendorum
1631 515 1798 542 exercituum

172 566 344 601 pertinentia.
375 564 560 593 Diversorium
589 562 644 590 illis
674 562 842 596 assignatum
867 565 909 588 est
933 560 960 588 in
981 561 1148 588 monasterio
1165 561 1253 588 Studii
1287 560 1394 588 duabus
1408 560 1441 588 de
1473 560 1574 588 causis.
1591 559 1752 589 Primumut
1766 562 1800 589 ad

171 615 298 643 virtutem
316 614 447 648 exemplis
463 613 583 640 virorum
609 611 796 647 praestantium
824 609 1051 643 informarentnr,
1081 609 1181 638 deinde
1196 614 1226 637 ut
1257 609 1365 637 facilem
1398 609 1528 637 haberent
1557 609 1659 637 exitum
1675 617 1707 637 ex
1733 611 1801 638 urbe

172 661 280 695 quoties
293 660 335 687 vel
356 658 509 686 venationis
525 657 566 684 vel
586 655 792 684 exercitationis
807 662 872 691 ergo
885 655 995 690 prodire
1011 656 1087 691 ipsos
1103 661 1251 690 oporteret.

210 709 244 743 β’.
267 708 344 735 Ἐπεὶ
367 707 396 734 δὲ
416 705 602 740 διηλλαξάτην
612 704 696 739 ἄμφω
716 703 766 738 τὴν
787 703 869 739 ἧὸην,
883 702 964 734 εὐθὺς

1051 702 1078 730 2.
1099 702 1150 730 Ubi
1164 710 1228 731 vero
1251 703 1418 739 pubertatem
1433 704 1515 731 ambo
1531 703 1688 739 attigerunt,
1707 705 1799 732 statim

175 756 236 786 ταῖς
265 753 419 790 βασιλικαῖς
449 751 584 786 ἑταιρίαις
618 749 875 784 συγκατελεγέτην¹
904 748 964 780 ἔθος

1022 749 1193 777 societatibus
1210 749 1396 777 Palatinorum
1414 749 1543 785 adscripti
1566 754 1639 777 sunt.
1657 749 1715 778 Mos
1730 751 1800 778 enim

175 801 229 835 γὰρ
247 799 326 826 τοῦτο
339 797 478 832 βασιλεῦσι
510 796 654 832 Ῥωμαίων
680 795 744 827 τοὺς
769 794 823 821 τῶν
845 795 964 830 ἀρίστων

1022 795 1061 823 uie
1077 795 1127 823 fuit
1146 795 1276 824 Romanis
1298 796 1520 832 imperatoribus,
1543 801 1573 823 ut
1596 797 1715 824 virorum
1733 805 1803 832 prm-

174 845 280 881 ἁνδρῶν
309 844 406 875 παῖδας
423 843 469 870 καὶ
496 842 551 869 τῶν
565 839 594 868 εὖ
610 841 762 876 γεγονότων
780 842 813 876 τῇ
829 840 905 875 σφῶν
917 840 966 866 αὺ-

175 891 229 918 τῶν
245 888 382 925 ὑπηρεσίᾳ
394 887 618 922 συγκαταλέγειν.
645 885 728 913 Οὔπω
747 887 842 938 συχνὸς
860 887 965 921 παρεῤ-
982 910 1002 938 Β

177 935 230 972 ῥύη
240 935 346 970 καιρὸς,
357 935 405 961 καὶ
418 934 447 960 αἱ
465 933 655 969 μέγισταιτῶν
671 933 758 969 τιμῶν
767 930 840 967 εἶχον
855 932 964 963 αὐτοὺς,

176 981 307 1017 ἐπαρχίαι
324 988 353 1007 τε
371 981 419 1007 xui.
429 979 635 1016 φαλαγγαρχίαι
647 979 693 1006 καὶ
707 977 965 1014 στρατηγίαι.“Επεὶ

180 1027 210 1054 δὲ
222 1028 319 1063 γάμων
336 1027 389 1053 ἔδει
400 1026 535 1062 λαμπρῶν
548 1027 604 1058 τοῖς
622 1025 694 1053 οὕτω
710 1025 739 1052 τὸ
756 1024 834 1059 γένος
850 1032 967 1060 περιφα-

177 1074 245 1105 νέσι,
263 1073 310 1099 καὶ
322 1071 425 1099 τούτων
438 1071 603 1106 τυγχάνουσι
615 1079 622 1086 ⁸
639 1069 880 1105 συζεύγνυταιγὰρ
889 1069 904 1096 ὁ
918 1070 967 1104 μὲν

184 1120 317 1150 Ὶσαάκιος
334 1120 368 1154 τῇ
393 1117 567 1154 πρεσϐυτέρᾳ.
587 1116 642 1143 τῶν
658 1116 789 1151 βασιλέως
805 1115 966 1151 Βουλγάρων

178 1165 304 1200 Σαμουὴλ
320 1163 489 1198 θυγατέρων,
499 1162 666 1197 Δίκατερίνα
680 1161 776 1196 ὄνομα,
796 1161 811 1187 ὸ
823 1161 852 1187 δὲ
874 1161 966 1188 Ἰωάν-

179 1219 227 1245 νης
250 1211 283 1245 τῇ
297 1208 343 1236 τοῦ
359 1209 490 1242 Χάρωνος
508 1207 640 1240 Ἀλεξίου,
654 1203 676 1241 ᾧ
689 1206 723 1232 τὰ
745 1206 817 1233 κατὰ
832 1205 882 1241 τὴν
898 1205 967 1232 Ὶτα-

179 1256 239 1282 λίαν
260 1258 292 1282 ικ
317 1254 450 1290 βασιλέως
468 1253 656 1288 ἐγκεχείριστο
685 1252 849 1286 πράγματα,
871 1251 968 1286 ἀνδρὸς

181 1300 334 1336 φρενήρους
352 1300 399 1326 κα)⁸
413 1297 555 1334 νουνεχοῦς
570 1298 617 1324 καὶ
627 1297 676 1332 τὴν
686 1298 766 1332 χεῖρα
781 1296 905 1330 γενναίου
921 1296 968 1323 καὶ

179 1347 229 1382 τὴν
258 1345 348 1381 ψυχὴν
375 1344 538 1380 θαρσαλέου,
552 1340 574 1378 ᾧ
593 1344 639 1370 καὶ
664 1343 695 1370 τὸ
712 1343 856 1378 ἐπώνυμον
870 1343 902 1368 ὲκ
920 1342 968 1376 τῆς

181 1391 291 1427 ἀνδρίας
317 1391 493 1426 κεκλήρωτο·
525 1390 570 1416 τόν
599 1398 659 1416 τινα
683 1388 737 1424 γὰρ
760 1388 815 1415 τῶν
840 1387 969 1414 ἐναντίων

183 1438 271 1475 βαλὼν
299 1438 361 1464 ἐπεὶ
391 1437 488 1473 νεκρὸν
521 1437 694 1471 ἀποδέδειχε,
720 1436 820 1472 Χάρων
844 1435 970 1462 ἐντεῦθεν

182 1483 375 1518 ἐπωνομάσθη.
384 1482 485 1509 Τούτου
498 1481 547 1517 τὴν
559 1481 697 1516 θυγατέρα
709 1481 800 1516 γήμας
810 1481 824 1506 ὁ
844 1480 969 1515 Ἰωάννης

184 1530 283 1556 ’Δνναν
300 1530 339 1560 είς
353 1528 523 1564 Δαλατηνοϋς
538 1527 568 1554 τὸ
580 1527 657 1561 γένος
675 1526 810 1561 μητρόθεν
840 1526 969 1553 ἀνέλκου-

1016 841 1146 868 stantium
1171 846 1198 868 et
1221 841 1453 869 nobilissimorum
1470 849 1640 877 quorumque
1659 841 1729 870 filios
1753 843 1803 870 lio-

1019 887 1093 914 noris
1119 895 1202 915 causa
1226 887 1404 916 familiaribus
1427 888 1469 915 sui
1494 888 1615 923 ipsorum
1644 887 1803 916 ministeriis

1017 933 1128 962 allectos
1143 933 1312 961 adhiberent.
1325 933 1393 961 Hine
1402 934 1459 969 jam
1471 933 1545 961 brevi
1559 938 1681 969 tempore
1693 933 1802 960 maximi

1017 979 1139 1007 certatim
1156 979 1276 1008 honores
1290 980 1360 1007 ultro
1375 979 1418 1008 his
1433 979 1634 1012 deferebantur.
1650 979 1804 1015 provincia-

1019 1033 1076 1052 rum
1095 1024 1221 1052 videlicet
1240 1026 1490 1053 administrationes
1507 1026 1703 1061 copiarumque
1728 1026 1805 1053 belli-

1017 1077 1110 1097 carum
1125 1075 1206 1105 atque
1220 1071 1287 1097 adeo
1311 1071 1478 1105 integrorum
1501 1070 1668 1097 exercituum
1693 1070 1806 1105 praefec-

1019 1121 1096 1143 turae.
1109 1116 1162 1151 19
1176 1116 1311 1149 Quoniam
1325 1123 1390 1143 vero
1401 1115 1532 1150 coniuges
1547 1116 1647 1143 adultis
1659 1115 1806 1151 juvenibus

1018 1163 1170 1197 quaerenda:
1196 1167 1287 1194 erant,
1311 1170 1372 1197 quae
1399 1162 1530 1190 natalium
1558 1162 1678 1197 ipsorum
1705 1163 1805 1190 illustri

1020 1208 1157 1238 nobilitati
1192 1208 1248 1243 pari
1281 1208 1388 1242 generis
1413 1208 1574 1235 claritudine
1599 1208 1805 1242 responderent,

1019 1253 1112 1286 nupsit
1132 1252 1235 1280 lsaacio
1259 1252 1368 1287 quidem
1395 1254 1512 1279 maxima
1531 1257 1594 1279 natu
1616 1253 1731 1280 filiarum
1756 1254 1807 1281 Sa-

1020 1298 1118 1326 muelis
1134 1298 1205 1334 regis
1220 1297 1415 1333 Bulgarorum,
1435 1299 1480 1326 cui
1503 1306 1600 1325 nomen
1625 1298 1808 1328 Ecatliarimn

1020 1342 1082 1370 fuit.
1099 1342 1197 1370 Joanni
1212 1350 1276 1370 vero
1293 1343 1347 1370 filia
1362 1343 1498 1371 Charonis
1513 1344 1614 1376 Alexii,
1637 1345 1680 1371 cui
1699 1345 1733 1372 ab
1756 1346 1808 1373 im-

1021 1393 1146 1424 peratore
1162 1397 1205 1416 res
1216 1389 1316 1417 ltalica:
1331 1390 1528 1417 commendatis
1545 1390 1661 1422 fuerant,
1677 1392 1727 1418 viri
1743 1399 1810 1420 eon-

1020 1436 1082 1464 silio
1116 1435 1274 1471 iudicioque
1304 1437 1481 1471 prmstantis,
1522 1445 1572 1464 nec
1601 1437 1692 1465 minus
1726 1447 1808 1466 manu

1021 1482 1138 1517 prompti
1154 1482 1292 1516 animique
1313 1483 1428 1517 ingeniis
1448 1483 1480 1510 ad
1503 1483 1612 1518 quidvis
1627 1484 1742 1511 arduum
1759 1492 1807 1520 ag-

1021 1527 1212 1564 grediendum.
1226 1527 1277 1556 Cui
1291 1532 1317 1555 et
1332 1535 1346 1555 a
1359 1528 1527 1556 fortitudinis
1544 1528 1693 1563 speciinine
1709 1537 1808 1557 nomen

183 1584 233 1602 σαν
244 1575 307 1607 τοὺς
332 1575 488 1610 ’Λδριανοὺς
498 1573 617 1604 ἐκείνους
629 1574 676 1599 καὶ
687 1573 748 1604 τοὺς
762 1572 968 1607 Θεοφυλάκτους

1022 1573 1127 1608 obtigit.
1136 1573 1270 1607 Quoniam
1281 1574 1353 1602 enim
1367 1582 1437 1609 saepe
1450 1574 1624 1602 observatum
1642 1580 1702 1602 erat
1713 1583 1810 1611 quem-

183 1621 286 1648 παίδων
301 1620 422 1656 ἀρίστων
438 1619 581 1654 ἀπεφάνθη
610 1619 712 1653 πατήρ.
747 1618 795 1645 Ἐκ
818 1618 850 1653 δὴ
868 1619 971 1646 τούτων

183 1668 264 1694 πέντε
285 1668 334 1703 μὲν
348 1667 473 1702 ἄρρενες,
497 1665 638 1700 Μανουὴλ,
665 1665 815 1698 Ὶσαάκιος,
843 1664 971 1697 Ἀλέειος,

190 1714 355 1750 Ἄνδριανὺς,
368 1713 535 1748 Νικηφόρος·
546 1712 621 1747 τρεῖς
632 1711 660 1737 δὲ
670 1711 787 1746 θήλειαι,
799 1711 902 1746 Μαρία,
917 1712 969 1738 Εὑ-

183 1760 260 1787 δοκία
271 1760 317 1786 καὶ
328 1759 463 1794 Θεοδὼρα,
475 1758 504 1785 αῖ
515 1760 562 1785 καὶ
578 1757 659 1793 μέχρι
673 1757 768 1788 τέλους
779 1757 861 1784 αὑτοῦ
876 1757 970 1785 διεσώ-

184 1806 287 1840 θησαν⁶
307 1806 354 1832 ἐπὶ
368 1805 473 1835 τούτοις
496 1804 551 1840 γὰρ
570 1803 615 1830 τὸν
633 1803 690 1838 βίον
713 1804 870 1831 κατέλυσεν.
891 1804 970 1831 ’Λλλὲι

184 1850 269 1877 ταῦτα
283 1850 333 1885 μὲν
348 1849 472 1884 ὕστερον,
483 1848 553 1876 Νυνὶ
574 1847 602 1874 δὲ
622 1847 672 1882 τῆς
689 1847 850 1884 ἀκολουθίας
863 1847 877 1873 ὁ
892 1847 970 1881 λόγος

183 1897 305 1932 ιχέσθω,

187 1944 277 1976 minae,
299 1943 393 1977 Maria,
410 1941 528 1970 Eudocia
560 1947 588 1970 et
602 1941 757 1973 Theodora,
776 1947 838 1974 qua:
859 1944 887 1966 et
919 1945 1006 1972 usque

186 1989 255 2023 patri
268 1990 404 2017 morienti.
421 1988 474 2015 Sed
490 1988 547 2015 haec
560 1992 653 2022 postea
667 1994 676 2013 :
689 1990 761 2013 nunc
775 1991 836 2019 qua
851 1988 1004 2019 sequuntur

221 2038 257 2068 γ’.
275 2035 402 2069 Προϊόντι
417 2032 482 2066 γοῦν
509 2034 540 2058 ὲκ
563 2032 642 2066 δόξης
671 2032 711 2063 είς
733 2030 812 2062 δόξαν
839 2031 922 2064 ἄμφω
934 2030 973 2056 τὼ

185 2079 294 2113 ἀδελφὼ
308 2079 357 2113 τὴν
369 2078 496 2113 ὁμόνοιαν
514 2077 597 2112 μέχρι
610 2077 705 2108 τέλους
726 2076 912 2112 ὲτηρησάτην,
925 2075 972 2102 τοῦ

185 2124 316 2159 νεωτέρου
332 2124 370 2159 τῷ
397 2124 575 2159 πρεσϐυτέρῳ
589 2125 618 2150 ὲν
634 2123 720 2150 ἀπασι
747 2122 972 2153 καθυπείκοντος,

187 2170 314 2198 κάκείνου
329 2170 367 2205 τῷ
383 2169 436 2204 νέῳ
453 2169 501 2204 τὴν
519 2170 711 2204 προσήκουσαν
727 2168 809 2204 τιμὴν
823 2168 973 2203 ἀπονέμον-

185 2225 240 2248 τος.
255 2215 298 2252 [Ρ.
314 2215 359 2252 18]
380 2216 423 2247 Ὠς
443 2215 471 2242 δὲ
486 2216 533 2244 καὶ
554 2216 594 2247 είς
611 2215 660 2250 τὴν
678 2215 812 2250 βασίλειον
829 2213 972 2250 περιωπήν

185 2262 290 2297 ἀνήχθη
307 2262 453 2293 Ἱσαάκιος,
462 2270 511 2288 κου
516 2261 671 2297 ροπαλάτην
677 2261 723 2287 τὸν
733 2260 846 2294 ἀδελφὸν
853 2260 972 2295 τιμήσας

186 2307 304 2343 ἄρχοντα
318 2307 373 2334 τῶν
383 2306 431 2342 τῆς
447 2307 553 2339 Δύσεω;
564 2306 776 2342 στρατευμάτων
789 2306 970 2340 ἁποδέδειχεν,

185 2354 214 2379 ὃν
233 2353 318 2380 πάλαι
333 2353 493 2388 δομέστικον
515 2353 569 2380 τῶν
594 2352 695 2388 σχολῶν
722 2353 848 2385 ἐκάλουν,
871 2353 928 2378 νυνὶ
942 2351 971 2377 δὲ

188 2400 275 2435 μέγαν
303 2399 416 2426 καλοῦσι
439 2398 610 2434 δομέστικον.
638 2399 678 2424 Τὰ
704 2399 752 2434 μὲν
775 2397 906 2425 οὖνκατὰ
924 2397 970 2422 τον

192 2445 326 2472 Ίσαάκιον
338 2446 411 2476 ὅπως
423 2444 478 2471 τῶν
492 2444 635 2479 βασιλείων
653 2444 801 2471 ἐπελάϐετο
821 2444 969 2478 σκήπτρων

187 2491 234 2516 καὶ
249 2491 359 2525 ὲφ¹ὅσον
372 2492 419 2518 καὶ
439 2491 513 2522 ὅπως
541 2491 627 2517 ταῦτα
656 2490 766 2523 διίθυνε,
792 2489 919 2525 περιττὸν
936 2489 968 2516 ἂν

187 2535 230 2570 είη
240 2535 329 2569 λέγειν
337 2544 345 2552 ο
358 2536 466 2568 ἐξέσται
478 2537 531 2572 γὰρ
542 2538 598 2568 τοῖς
607 2535 778 2571 βουλομένοις
787 2535 968 2569 ἀναλέγεσθαι

186 2581 273 2607 ταῦτα
288 2582 346 2613 ταῖς
363 2584 426 2617 περὶ
447 2582 543 2609 τοῦτον
558 2582 758 2617 ἐντυγχάνοντα
776 2581 917 2617 ἱστορίαις.
939 2581 968 2607 ὐ

186 2626 215 2653 δὲ
237 2627 363 2661 Ἰωάννης
374 2628 469 2663 ἐπειδὴ
484 2628 533 2664 τῆς
546 2627 652 2660 Δύσεως
672 2627 767 2662 ἄρχειν
782 2627 888 2662 έλαχεν,
908 2626 945 2659 ὡς
958 2627 972 2653 ὁ

1024 1627 1133 1655 cunque
1156 1620 1180 1648 is
1200 1621 1382 1655 percussisset
1410 1621 1528 1648 hostium
1554 1622 1645 1649 statim
1671 1627 1808 1650 mortuum

1025 1665 1133 1697 cadere,
1151 1664 1258 1694 Charon
1282 1666 1306 1693 is
1332 1666 1395 1693 inde
1419 1667 1627 1702 cognominatus
1649 1675 1702 1696 est.
1723 1668 1810 1703 llujus

1024 1711 1100 1738 Anna
1117 1711 1171 1739 lilia
1184 1711 1302 1743 Joannes
1317 1713 1398 1740 ducta
1414 1718 1566 1740 maternum
1581 1722 1666 1749 genus
1681 1723 1695 1741 a
1716 1715 1811 1743 Daias-

1023 1758 1098 1786 senis
1113 1758 1238 1789 ducente,
1252 1763 1334 1794 atque
1349 1759 1384 1786 ab
1398 1759 1524 1787 Adrianis
1546 1764 1574 1788 et
1601 1760 1810 1797 Theopliylactis

1023 1804 1076 1832 illis
1095 1804 1211 1840 inclytis,
1233 1804 1352 1832 filiorum
1371 1805 1405 1832 ab
1420 1813 1451 1833 ea
1467 1806 1631 1840 optimorum
1648 1807 1710 1834 felix
1736 1813 1811 1843 pater

1023 1855 1063 1876 est
1081 1848 1180 1881 factus,
1195 1857 1227 1876 ex
1239 1850 1339 1885 quibus
1353 1850 1475 1885 quinque
1489 1859 1589 1884 mares,
1603 1852 1719 1886 Mannel,
1740 1853 1812 1881 Isaa—

1023 1894 1091 1926 cius,
1110 1895 1230 1926 Alexius,
1252 1895 1396 1927 Adrianus,
1415 1895 1583 1931 Nicephorus
1600 1907 1607 1925 :
1624 1903 1678 1926 tres
1692 1907 1757 1927 vero
1770 1900 1808 1928 fc-

1040 1939 1073 1964 ad
1098 1939 1158 1974 ejus
1180 1940 1284 1984 obitum
1308 1940 1480 1975 superfuere,
1507 1942 1705 1980 adfueruntque
1716 1953 1812 1976 omnes

1021 1983 1116 2011 ordine
1135 1983 1284 2012 reddenda.

1058 2030 1086 2057 5.
1101 2029 1277 2059 Proﬁcicntes
1299 2038 1346 2066 per
1369 2031 1442 2060 hunc
1459 2033 1569 2061 modum
1584 2035 1682 2064 fratres
1707 2038 1760 2066 duo
1784 2044 1811 2066 at

1023 2083 1072 2111 per
1086 2076 1222 2104 honorum
1234 2078 1334 2112 gradus
1348 2078 1380 2105 ad
1396 2085 1533 2107 summum
1548 2082 1678 2110 continue
1693 2083 1812 2112 nitentes

1022 2123 1200 2150 concordiam
1221 2123 1293 2151 inter
1312 2131 1341 2152 se
1359 2131 1443 2159 usque
1458 2127 1491 2153 ad
1507 2126 1587 2154 tinem
1604 2128 1701 2156 miram
1717 2133 1812 2158 tenue-

1024 2173 1099 2200 runt,
1110 2168 1220 2203 juniore
1229 2169 1325 2204 majori
1338 2175 1401 2197 natu
1415 2170 1441 2197 in
1457 2172 1584 2200 omnibus
1597 2173 1810 2209 obtemperante,

1027 2215 1126 2249 illoque
1142 2214 1262 2242 vicissim
1280 2223 1409 2249 germano
1428 2224 1479 2244 suo
1494 2219 1592 2246 minori
1604 2227 1683 2254 quem
1701 2225 1812 2256 oporte-

1027 2261 1072 2289 bat
1089 2261 1220 2289 honorem
1235 2261 1380 2290 tribuente.
1397 2262 1432 2290 llt
1446 2271 1509 2292 vero
1523 2264 1549 2291 in
1570 2265 1716 2300 principale
1732 2266 1811 2294 fasti-

1028 2307 1102 2341 gium
1118 2311 1228 2335 evectus
1244 2307 1364 2335 lsaacins
1378 2314 1429 2342 est,
1445 2309 1609 2344 curopalataz
1622 2310 1753 2346 dignitate
1766 2321 1811 2340 or-

1024 2355 1119 2377 natum
1135 2350 1263 2383 fratrem,
1286 2353 1382 2380 ducem
1398 2354 1452 2388 20
1468 2362 1604 2382 summum
1627 2356 1808 2384 Occiduorum

1024 2397 1191 2424 exercituum
1208 2397 1363 2431 declaravit,
1375 2407 1453 2433 quem
1463 2401 1641 2428 domesticum
1654 2401 1808 2430 scholarum

1024 2442 1159 2470 vocabant
1183 2443 1259 2476 olim,
1280 2444 1358 2471 hodie
1376 2453 1503 2480 maguum
1520 2446 1700 2474 domesticum
1719 2449 1809 2483 appel-

1024 2488 1079 2516 lare
1094 2496 1153 2516 mos
1165 2488 1286 2516 estJani
1300 2491 1437 2524 quomodo
1452 2491 1570 2519 lsaacins
1583 2492 1727 2527 imperium
1741 2494 1810 2521 arri-

1025 2533 1125 2568 puerit,
1143 2541 1252 2568 quaque
1271 2534 1375 2562 ratione
1391 2540 1417 2562 et
1436 2537 1556 2570 quandiu
1571 2539 1696 2573 gesserit,
1712 2547 1810 2574 super-

1023 2586 1176 2606 vacancum
1199 2579 1281 2608 fuerit
1301 2582 1399 2616 exponi
1424 2589 1438 2608 a
1467 2590 1519 2610 me.
1547 2583 1651 2611 Licebit
1668 2585 1739 2612 enim
1763 2592 1811 2612 co-

1027 2631 1156 2659 gnoscere
1178 2625 1230 2652 ista
1253 2625 1405 2654 volentibus
1426 2628 1598 2657 commodius
1623 2638 1654 2657 ea
1681 2635 1770 2664 petere
1794 2637 1810 2656 ο

699 2696 804 2728 Caroli
821 2697 867 2727 Du
886 2697 1006 2727 Fresne
1021 2696 1073 2727 Du
1089 2694 1197 2735 Gange
1220 2700 1313 2728 notae.

235 2771 262 2803 4)
274 2769 357 2804 Marii
375 2769 429 2796 τοῦ
446 2770 598 2797 Στουδίου.
617 2769 729 2796 Exstiiit
739 2769 812 2797 enim
828 2773 970 2796 monaste-

185 2809 258 2834 rttmi
276 2806 437 2832 Studianum
451 2806 483 2831 ad
501 2805 610 2832 Portam
625 2805 752 2836 Auri-am.
765 2808 795 2831 ut
807 2805 914 2831 discere
928 2808 970 2831 est

185 2848 218 2868 ex
241 2841 376 2868 Chronico
390 2841 466 2868 Alex.
484 2843 516 2866 Λ.
540 2838 654 2866 Heraclii
686 2839 718 2865 17
747 2844 774 2866 ct
802 2839 925 2866 Cedreno
943 2838 969 2864 in

187 2875 267 2903 hiieli.
282 2875 401 2910 liliang.,
417 2875 490 2902 unde
501 2882 532 2901 ex
550 2874 616 2901 urbe
632 2875 658 2900 in
674 2873 860 2909 P-liilopatium
873 2873 970 2901 subur-

343 2921 477 2950 ΡΑτηοῑ..
501 2919 558 2950 Gn.
581 2919 723 2949 CXXVII.

1026 2768 1138 2808 banum’
1149 2769 1371 2808 quovenationis
1384 2773 1411 2797 et
1427 2770 1631 2808 exercitationis
1644 2778 1708 2807 ergo
1723 2770 1810 2808 impe-

1026 2803 1137 2830 ratores’
1158 2803 1433 2840 ipsiuconcedebant,
1455 2807 1563 2840 prodire
1588 2806 1666 2833 facile
1676 2803 1809 2835 Verath.

1025 2843 1082 2876 not.
1100 2845 1144 2876 ap.
1160 2838 1312 2876 _Vi|lhar_d,
1337 2847 1364 2866 n.
1392 2839 1428 2876 92$
1443 2838 1470 2867 εἰ
1492 2841 1638 2876 Syntagma
1655 2842 1688 2869 dc
1703 2842 1808 2871 lnveut.

1024 2872 1091 2908 Cap.
1111 2873 1140 2900 S.
1156 2872 1255 2900 Joann.
1278 2872 1354 2909 Bapt.
1377 2882 1402 2902 e.
1417 2875 1443 2908 8,
1456 2884 1483 2903 n.
1503 2872 1528 2904 8'.

1613 2923 1634 2953 2
