2037 3151
180 215 216 246 45
781 214 807 244 Η
814 213 964 244 [STOR‘IA

1020 213 1054 243 ’Μ
1076 214 1148 244 LIB.
1171 216 1194 244 Ι.
1776 218 1809 248 46

180 273 274 310 πείθῃ,
289 271 405 301 σπεῦσον
415 273 452 305 ὡς
464 273 578 309 τάχιστα
596 274 657 306 ταῖς
673 272 838 308 συμὸουλαῖς
851 273 964 308 πεισθῆ-

1020 273 1288 306 desideratissimam,
1299 272 1427 301 Romanas
1439 274 1476 301 rni
1490 278 1650 310 potestatem
1661 283 1805 308 sumntum,

180 328 224 348 ναι
238 319 284 346 τοῦ
301 319 432 355 βασιλέως
449 320 496 347 καὶ
518 319 643 354 ἀδελφοῦ,
662 320 709 346 καὶ
726 319 778 346 τῶν
793 319 963 354 πραγμάτων

179 365 320 393 ἐπιλαϐοῦ,
335 374 344 390 ι

1018 326 1142 354 qutrnam
1151 319 1244 345 isthmc
1254 318 1407 352 pernicisoa
1417 319 1485 346 male
1495 327 1616 355 sanaque
1623 320 1810 356 philosophia?

1022 364 1111 398 Apage
1122 362 1201 390 istum
1216 362 1255 389 sis
1267 362 1481 389 moderationem
1493 364 1724 400 intempestivam:
1742 369 1770 393 ct
1785 366 1809 393 si

178 411 243 443 quid
256 410 322 437 mihi
336 409 435 442 credis,
452 409 495 437 fac
509 417 589 445 quam
602 409 732 445 primum,
749 409 871 438 consiliis
880 409 1028 436 obsecutus
1040 408 1152 443 Augusti
1164 407 1266 440 fratris,
1284 412 1313 434 ut
1323 408 1436 442 publica:
1449 410 1486 435 rei
1497 411 1645 444 auspiceris
1655 411 1805 446 regimen.»

213 461 245 486 ε’.
259 458 280 484 Τ
282 458 353 485 αὕτα
365 458 412 484 καὶ
429 457 515 484 πλείω
525 457 629 485 τούτων
643 457 760 484 εἰποῦσα
771 454 815 492 (ἢν
828 457 883 492 γὰρ
895 456 968 490 δεινή

177 514 219 538 τις
236 506 283 532 καὶ
297 505 386 540 λέγειν
399 506 446 531 καὶ
460 504 616 540 πράττειν),
633 504 727 540 ἐπειδὴ
737 504 774 540 μὴ
785 504 888 536 ἔπειθε,
901 503 969 538 πρὸς

179 551 285 578 ἱκεσίαν
299 550 436 585 ἐτράπετο
453 551 502 578 καὶ
517 550 566 582 τὰς
588 550 633 577 διὰ
656 550 783 586 δακρύων
800 550 849 577 καὶ
872 558 968 576 στενα-

178 597 257 632 γμῶν
272 596 409 629 ἐντεύξεις
437 597 619 632 προσέφερεν.
637 596 681 628 Ὧς
700 596 722 623 δ’
747 596 880 630 ἄτεγκτον
896 595 969 631 ἐώρα

177 643 225 669 καὶ
238 642 306 678 πρὸς
318 642 372 669 πᾶν
386 642 618 678 σκληρυνόμενον,
631 641 789 676 ἀπογνοῦσα
805 642 852 668 τοῦ
863 641 969 668 πείθειν

176 688 267 722 ἐσίγα,
288 688 374 714 πολλὰ
388 688 450 714 καθ’
468 687 568 723 ἑαυτὴν
579 687 700 722 ἀλγοῦσα
710 688 758 715 καὶ
772 689 866 715 τούτου
884 697 968 715 κατα-

177 735 375 767 στεγνάζουσα.
395 734 473 760 Οὕτω
502 733 552 769 μὲν
575 731 622 760 οὖν
638 734 741 765 ἐκεῖνος
765 734 815 769 τὴν
830 733 968 770 βασιλείαν

176 779 377 806 ἀπεσκεύαστο.
397 779 426 805 '0
446 779 475 806 δὲ
508 779 635 814 βασιλεὺς
654 780 705 815 τὴν
727 780 805 806 νόσον
826 779 898 815 ὀρῶν
908 780 968 806 ἑπι-

176 824 327 856 τείνουσαν,
355 824 472 860 ἐπείπερ
495 825 657 859 ἀπέγνωστο
681 825 757 860 αὐτῷ
783 826 818 852 τὰ
839 826 909 852 κατά
921 825 967 853 τὸν

1057 456 1084 483 5.
1097 455 1158 482 llaec
1168 460 1194 482 et
1207 455 1249 482 his
1262 455 1338 489 plura
1353 463 1414 483 cum
1425 456 1536 484 dixisset
1546 457 1642 485 mulier
1654 459 1681 486 in
1693 460 1809 488 dicendo

1021 506 1047 528 et
1063 501 1088 528 in
1105 500 1209 535 agendo
1224 500 1381 533 vehemens,
1401 508 1452 528 nec
1470 504 1648 536 persuasisset
1663 509 1764 538 tamen,
1776 506 1810 533 ad

1022 547 1235 582 supplicationes
1255 554 1334 574 versa
1349 567 1355 579 ,
1373 555 1468 582 preces
1486 547 1594 576 intimas
1611 551 1737 585 suspiriis
1755 559 1810 578 cre-

1021 593 1077 621 bris
1093 593 1230 628 largisque
1244 593 1352 621 ﬂetibus
1368 593 1493 621 admistis
1513 594 1633 622 admovit
1648 596 1716 627 viro,
1737 596 1810 624 sicco

1023 639 1098 667 vultu
1116 641 1284 675 immotoque
1297 640 1390 668 animo
1407 640 1528 668 audienti
1543 646 1642 669 cuncta
1653 651 1660 675 ;
1672 649 1751 677 quem
1764 643 1811 670 illa

1023 685 1124 713 duritie
1149 686 1235 721 rigere
1255 686 1388 714 adversus
1418 687 1531 722 quosvis
1554 687 1687 723 impulsus
1709 689 1810 716 invicta

1024 731 1069 759 ubi
1088 731 1155 759 satis
1176 732 1272 764 sensit,
1288 732 1428 760 suasionis
1450 739 1580 761 successu
1595 734 1749 769 desperato,
1772 735 1810 763 si-

1024 777 1106 805 lentio
1124 784 1154 805 se
1176 784 1208 805 ac
1232 777 1345 805 mterori
1371 777 1494 810 tradidit,
1517 780 1602 806 multa
1626 780 1713 807 virum
1736 781 1812 808 incu-

1022 830 1087 851 sans
1102 830 1185 858 seque
1200 823 1286 858 ipsam
1306 824 1450 852 miserans.
1467 824 1512 853 Sic
1531 825 1652 854 Joannes
1670 828 1811 863 principa-

177 869 302 904 ἀδελφὸν,
324 871 394 905 πρὸς
418 871 464 898 τὸν
493 872 583 898 Δούιια
610 872 818 898 Κωνσταντῖνον
846 872 967 906 ἀπεῖδεν,

1022 873 1078 895 tum
1101 869 1247 897 recusavit.
1267 869 1416 904 Imperator
1441 875 1530 898 autem
1550 871 1654 899 intendi
1684 874 1810 902 morbum

177 915 261 950 ἄνδρα
277 916 384 947 πολλοῖς
398 915 528 951 κομῶντα
545 917 792 952 πλεονεκτήμασιν.
809 917 898 950 Εὐθὺς
921 917 968 945 οὖν

178 961 270 988 ἐκάλει
298 962 345 988 καὶ
365 962 516 998 διαλεχθεὶς
539 963 614 997 αὐτῷ
635 964 698 998 περὶ
721 963 776 991 τῶν
796 963 895 991 κοινῶν
923 964 970 991 καὶ

176 1007 240 1038 τοὺς
305 1007 379 1043 αὐτῷ
391 1009 582 1044 παραθέμενος
595 1009 635 1044 τῷ
648 1009 781 1045 βασιλικῷ
805 1010 969 1044 ταινιὼματι

176 1055 314 1088 στεφανοῖ,
331 1055 411 1087 αὐτὸς
423 1055 556 1090 πρότερον
572 1057 621 1091 τῆς
635 1055 795 1091 ἀλουργίδος
810 1055 841 1082 τὸ
856 1056 968 1090 ἀγγελι-

176 1100 223 1126 κὴν
245 1099 481 1135 ἀνταλλαξάμενος
499 1100 602 1135 σχῆμα.
628 1101 658 1127 '0
686 1101 736 1135 μὲν
756 1100 803 1127 οὖν
822 1100 892 1136 πρὸς
919 1100 970 1135 τὴν

175 1146 223 1172 τοῦ
239 1147 365 1173 Στουδίου
385 1147 469 1183 μονὴν
495 1148 627 1182 ὑπήγετο.
651 1147 680 1174 '0
693 1147 723 1174 δέ
746 1155 778 1181 γε
792 1147 895 1179 Δούκας
911 1146 966 1174 τῶν

179 1193 228 1228 τῆς
248 1193 387 1228 βασιλείας
415 1194 516 1220 οἰάκων
543 1193 711 1228 δραξάμενος
747 1193 828 1225 εὐθὺς
853 1193 970 1220 ἔσπευσε

179 1239 338 1270 πλεονεξίαν
359 1238 408 1273 μὲν
422 1238 539 1270 ἀνελεῖν,
561 1239 729 1273 μετριότητα
748 1238 778 1264 δὲ
798 1238 847 1264 καὶ
866 1238 970 1265 δικαιο-

178 1284 262 1318 σύνην
274 1284 443 1318 εἰσενεγκεῖν
454 1291 460 1298 ·
473 1283 519 1310 καὶ
535 1283 626 1318 μέντοι
643 1283 689 1310 καὶ
708 1282 877 1318 κατωρθώθη
891 1283 970 1309 τοῦτο

177 1329 262 1365 αὐτῷ.
286 1328 373 1364 Ὀρῶν
394 1329 448 1364 γὰρ
472 1328 537 1360 τοὺς
560 1328 707 1360 πλείστους
734 1329 781 1355 ἐπὶ
810 1328 842 1355 τὸ
865 1329 969 1355 ἀδικεῖν

176 1375 381 1410 τετραμμένους
396 1376 442 1402 ἐπὶ
458 1375 489 1401 τὸ
502 1374 622 1406 δικάζειν
636 1375 780 1410 ἐτράπετο.
798 1374 844 1411 Μὴ
861 1374 969 1409 λαμϐά-

177 1431 230 1450 νων
247 1422 270 1449 δ’
287 1423 316 1448 ὲν
331 1422 422 1457 κρίσει
454 1422 612 1458 πρόσωπον,
635 1421 708 1448 κατὰ
736 1421 782 1448 τὸν
811 1422 966 1457 προφήτην,

179 1471 246 1505 μήτε
269 1470 321 1505 μὴν
343 1469 475 1496 ὲκκλίειων
502 1470 543 1501 είς
563 1468 638 1501 δεξιὰ
656 1468 672 1501 ἢ
689 1469 731 1500 είς
747 1469 894 1504 ἀριστερὰ,
911 1469 968 1496 ἀλλ’

177 1516 229 1551 ὀδῷ
243 1515 369 1552 βασιλικῇ
387 1515 569 1551 πορευόμενος
583 1516 640 1547 τοῖς
658 1515 707 1550 μὲν
722 1515 862 1542 ἀδικοῦσιν
872 1515 969 1550 ἐμϐρι-

179 1560 229 1595 θής
247 1568 290 1592 τις
306 1551 433 1594 ὲᾳαίνετο
459 1561 506 1587 καὶ
527 1560 614 1592 δεινὸς
633 1561 668 1586 τὰ
693 1559 743 1595 τῆς
764 1559 872 1591 ἀδικίας
886 1559 966 1586 ὲκκό-
981 1551 1002 1579 c

179 1615 254 1634 πτων
265 1607 425 1642 ὁρμήματι,
445 1608 501 1639 τοῖς
515 1607 537 1634 δ’
553 1606 586 1634 αὖ
605 1607 795 1642 ἀδικουμένοις
814 1606 966 1641 προσφιλής

176 1665 206 1683 τε
221 1656 268 1683 καὶ
281 1655 470 1691 χαριέστατος.
489 1655 544 1683 Καὶ
561 1656 653 1690 μέντοι
668 1654 729 1681 οὐδὲ
740 1654 808 1690 πρὸς
824 1655 870 1681 τὸν
888 1653 963 1689 βασι-

176 1703 310 1730 λεύσαντα
339 1702 435 1730 τοῦτον
461 1703 606 1738 ἀχάριστος
639 1701 809 1736 ὲναπέιρηνεν
826 1708 835 1717 ”
859 1701 902 1736 [Ρ.
918 1699 965 1736 90]

176 1750 238 1776 ἐπεὶ
254 1750 308 1785 γὰρ
330 1750 398 1785 μετά
413 1749 462 1784 τὴν
476 1749 611 1784 μονήρους
628 1747 686 1784 βίου
706 1748 754 1774 καὶ
765 1747 907 1783 σχήματος
919 1746 965 1782 τὴν

177 1794 321 1830 περιϐολὴν
337 1794 384 1821 καὶ
404 1794 471 1829 πρὸς
486 1793 535 1829 τὴν
553 1792 600 1820 τοῦ
613 1792 739 1819 Στουδίου
755 1792 838 1828 μονὴν
853 1793 966 1826 ἐπαγω-

176 1839 227 1875 γὴν
246 1839 279 1866 τὰ
291 1840 339 1874 τῆς
357 1839 434 1866 νόσου
463 1840 575 1875 ὲρράῐσε
595 1839 642 1866 καὶ
660 1838 740 1874 ὑγιὴς
754 1838 768 1865 ό
793 1838 859 1873 πρὶν
875 1837 966 1864 θανεῖν

177 1886 396 1922 προσδοκήσιμος
417 1886 604 1918 ἀποδέδεικτο,
625 1886 669 1913 διὰ
682 1885 773 1920 πάσης
787 1882 855 1920 ἦγεν
871 1884 885 1910 ὁ
899 1884 967 1910 Δούρ

176 1941 225 1964 κας
235 1932 329 1960 τοῦτον
345 1933 427 1968 τιμῆς
452 1933 546 1969 κύριόν
570 1941 599 1959 τε
615 1933 663 1959 καὶ
687 1932 798 1967 βασιλέα
819 1929 966 1958 ἀποκαλῶν

176 1978 221 2004 καὶ
233 1978 379 2014 προεδρίας
391 1978 485 2012 ἀξιῶν,
498 1978 621 2012 ὁπηνίκα
632 1977 733 2010 φοιτῶν
747 1974 780 2011 ἦν
791 1976 858 2011 πρὸς
873 1975 964 2002 αὐτόν.

182 2023 292 2057 Ἑφοίτα
317 2023 345 2049 δὲ
366 2022 497 2057 συνεχῶς.
525 2022 583 2047 Οὐκ
606 2021 688 2048 αὑτὸν
708 2021 736 2047 δὲ
753 2020 834 2055 μόνον
856 2018 907 2054 ἦγε
922 2019 966 2046 διὰ

176 2068 270 2102 τιμῆς,
287 2069 354 2095 ἀλλά
365 2068 412 2094 καὶ
428 2067 458 2094 τὸ
472 2067 568 2093 τούτου
585 2066 714 2101 συγγενὲς
738 2066 820 2100 ἅπαν,
837 2067 964 2101 γυναῖκα,

178 2113 224 2140 καὶ
237 2113 386 2149 θυγατέρα,
404 2113 450 2140 καὶ
466 2113 589 2147 ἀδελφὸν.
606 2111 654 2138 καὶ
675 2113 737 2144 τοὺς
757 2112 865 2143 ἄλλους.
894 2111 965 2137 Ἀλλ’

175 2161 189 2186 ὁ
201 2160 250 2195 μὲν
268 2161 408 2195 Κομνηνὸς
422 2159 546 2187 ἐνιαυτὸν
569 2158 692 2189 ἔπιὸιοὺς
716 2158 786 2193 μετὰ
801 2158 851 2193 τὴν
867 2156 963 2183 τούτου

176 2206 327 2242 ἀνάρρησιν
344 2205 480 2233 ἐτελεύτα.

1022 915 1127 948 videns,
1144 922 1193 943 nec
1210 923 1324 950 sperans
1339 915 1430 944 induci
1446 916 1558 945 fratrem
1574 919 1607 945 ad
1620 919 1809 954 imperandum

1021 969 1113 996 posse,
1135 962 1168 989 ad
1183 961 1394 992 Constantinum
1413 962 1515 992 Ducam
1539 965 1620 992 vertit
1643 967 1750 1001 oculos,
1767 968 1809 996 vi-

1022 1014 1082 1034 rum
1111 1007 1204 1034 multis
1220 1007 1359 1042 prteclaris
1381 1009 1493 1036 dotibus
1510 1015 1649 1039 ornatum.
1666 1012 1705 1040 [te
1727 1013 1811 1049 igitur

1021 1060 1082 1080 cum
1099 1051 1181 1080 fratre
1197 1055 1411 1086 commttnicata,
1427 1055 1461 1082 de
1483 1056 1565 1091 hujus
1587 1059 1721 1086 sententia
1736 1060 1810 1089 Con-

1021 1098 1170 1126 stantinum
1187 1100 1361 1132 accersitum,
1379 1100 1531 1129 diademate
1551 1105 1651 1131 summi
1675 1105 1811 1142 principa-

1021 1150 1064 1172 tus
1079 1145 1176 1180 insigni
1193 1150 1317 1177 coronat,
1328 1146 1423 1181 sicque
1439 1147 1476 1174 illi
1489 1149 1752 1179 administrationem
1769 1160 1810 1181 at-

1021 1190 1116 1217 tribuit
1142 1189 1272 1218 Romana:
1290 1192 1340 1224 rei,
1363 1199 1484 1227 purpura
1510 1194 1568 1230 ipse
1593 1196 1670 1231 prius
1689 1199 1762 1234 regia
1782 1200 1809 1228 in

1022 1235 1172 1271 angelicum
1190 1238 1317 1265 monachi
1336 1237 1460 1266 habitutn
1479 1244 1594 1269 mutata.
1611 1242 1717 1276 Quibus
1741 1247 1810 1274 aclis

1021 1281 1143 1308 lsaacius
1153 1281 1262 1316 quidem
1282 1283 1308 1310 in
1321 1283 1409 1311 Studii
1426 1287 1624 1315 monasterium
1638 1289 1742 1319 delatus
1757 1298 1808 1321 est:

1022 1326 1110 1354 Ducas
1123 1334 1188 1355 vero
1202 1328 1333 1363 regimine
1347 1329 1453 1365 imperii
1471 1337 1580 1368 arrepto
1599 1342 1698 1371 magno
1718 1339 1809 1366 statim

1020 1373 1122 1409 impetu
1140 1374 1167 1402 in
1181 1374 1206 1402 id
1225 1375 1359 1409 incubuit,
1374 1381 1403 1404 ιιι
1420 1378 1444 1405 vi
1465 1383 1547 1414 atque
1565 1382 1677 1410 avaritia
1693 1383 1809 1415 sublatis

1020 1419 1235 1448 moderationem
1258 1421 1450 1458 jnstitiamque
1484 1425 1628 1455 induceret
1661 1428 1688 1456 in
1718 1438 1810 1460 mores

1021 1473 1156 1500 usumque
1179 1467 1283 1501 saeculi,
1303 1468 1330 1495 in
1351 1475 1406 1504 quo
1429 1474 1455 1497 ct
1478 1470 1531 1507 23
1559 1479 1670 1508 operam
1688 1478 1807 1506 navavit.

1021 1512 1141 1541 Cernens
1151 1513 1251 1549 quippe
1261 1513 1405 1550 plerosque
1417 1523 1514 1551 magna
1527 1519 1628 1552 passim
1641 1521 1748 1550 licentia
1761 1532 1810 1558 per

1021 1557 1135 1592 injurias
1150 1559 1279 1594 grassari,
1293 1559 1348 1594 juri
1372 1559 1492 1589 dicundo
1507 1563 1658 1592 vacandum
1675 1567 1728 1594 sibi
1745 1557 1810 1596 dili-

1020 1608 1115 1638 genter
1138 1605 1243 1639 statuit,
1265 1613 1407 1640 personam
1426 1606 1452 1634 in
1466 1608 1571 1642 judicio
1593 1619 1648 1639 non
1673 1613 1810 1649 accipiens

1022 1650 1105 1685 (quod
1129 1654 1202 1678 vetat
1229 1651 1377 1687 Propheta)
1395 1661 1482 1689 neque
1498 1655 1537 1682 rel
1556 1655 1590 1683 ad
1608 1657 1746 1686 dexteram
1770 1662 1811 1688 vel

1021 1697 1054 1724 ad
1076 1697 1216 1725 sinistram
1237 1698 1390 1732 declinans,
1409 1700 1457 1727 sed
1476 1701 1518 1728 via
1536 1704 1662 1738 gradiens
1677 1706 1752 1740 regia
1767 1707 1811 1734 in-

1019 1742 1133 1776 juriosis
1153 1742 1264 1778 quidem
1277 1751 1389 1772 severus
1403 1749 1430 1772 ct
1445 1751 1552 1774 austera
1564 1751 1716 1778 constantia
1734 1754 1812 1787 cupi-

1021 1788 1152 1817 ditatibus
1171 1788 1326 1824 iniquorum
1350 1797 1397 1825 per
1416 1791 1470 1818 vim
1489 1800 1520 1820 ac
1541 1793 1651 1823 fraudes
1666 1803 1812 1832 erumpen—

1021 1835 1092 1863 tibus
1107 1843 1267 1869 occursans,
1284 1836 1400 1871 injurias
1414 1845 1478 1865 vero
1493 1841 1657 1874 patientibus
1671 1842 1742 1872 ultro
1755 1853 1809 1872 non

1021 1881 1168 1908 amicitiatn
1186 1889 1218 1909 ac
1232 1882 1447 1910 benevolentiam
1467 1885 1555 1913 solum
1567 1907 1574 1918 ,
1597 1888 1642 1915 sed
1665 1889 1811 1920 blanditias

1021 1934 1096 1961 pmne
1111 1926 1242 1961 quasdam
1259 1927 1397 1954 tenerrimi
1420 1928 1534 1957 affectus
1553 1931 1657 1960 indices
1679 1934 1809 1963 olferens.

1020 1970 1075 1998 Nec
1096 1978 1158 1998 vero
1173 1971 1243 1998 idem
1268 1979 1321 1999 non
1338 1974 1495 2007 gratissimo
1512 1983 1542 2003 se
1566 1977 1658 2005 animo
1680 1980 1810 2009 adversus

1020 2017 1125 2051 imperil
1143 2017 1312 2045 decessorem
1330 2019 1423 2053 gessit.
1437 2019 1505 2048 Cum
1530 2022 1602 2049 enim
1628 2023 1663 2058 is,
1682 2030 1810 2061 suscepta

1021 2063 1136 2090 instituti
1153 2064 1294 2091 monastici
1310 2065 1481 2099 professione
1496 2075 1529 2094 ac
1547 2074 1631 2101 veste,
1650 2070 1810 2105 deportatus

1020 2108 1046 2134 in
1065 2107 1211 2135 Studiensc
1230 2109 1385 2136 cmtmbium
1401 2129 1408 2141 ,
1434 2110 1469 2137 ibi
1493 2117 1590 2145 praeter
1614 2121 1689 2148 spem
1715 2116 1810 2143 morbo

1019 2154 1144 2188 empisset
1161 2153 1286 2184 rell-vari,
1305 2153 1360 2181 into
1377 2161 1408 2181 ex
1432 2156 1596 2184 tnoribundo
1616 2159 1691 2193 prius
1705 2161 1810 2189 credito

1019 2201 1098 2235 plane
1118 2198 1172 2234 jam
1195 2199 1368 2227 convaluisse
1392 2200 1540 2235 videretur,
1572 2210 1681 2233 sumnto
1701 2213 1808 2242 semper

175 2254 278 2281 honore
291 2253 453 2281 observatus
470 2260 485 2279 a
502 2252 574 2280 Duca
589 2252 735 2287 cultusque
751 2255 804 2281 est.
833 2249 976 2278 dominum
998 2247 1074 2274 illum
1091 2251 1117 2273 et
1143 2246 1333 2280 imperatorem
1345 2247 1497 2282 appellantc
1509 2256 1559 2277 nec
1572 2251 1666 2279 sedere
1681 2252 1733 2280 nisi
1746 2251 1809 2287 pesl

174 2301 263 2336 ipstuu
280 2300 444 2333 sustinente,
460 2299 568 2335 quoties
582 2299 615 2328 ad
632 2299 721 2334 ipsum
743 2298 903 2331 accederet;
941 2295 1085 2324 recedebat
1098 2297 1187 2321 autem
1226 2293 1456 2328 lrcquentissime.
1487 2295 1579 2332 Neque
1613 2299 1738 2334 veroipsi
1757 2295 1808 2329 soli

175 2349 306 2376 honorem
323 2347 429 2379 habuit,
451 2347 498 2374 sed
517 2347 610 2375 domui
632 2354 742 2383 quoque
773 2346 834 2382 ejus
851 2352 884 2372 ac
913 2344 1005 2379 generi
1027 2342 1164 2373 universo.
1199 2342 1297 2372 uxori.
1326 2341 1397 2374 lilia',
1426 2341 1499 2369 fratti
1527 2349 1553 2371 et
1579 2345 1650 2373 aliis.
1674 2346 1807 2375 Caeterum

173 2395 330 2423 Comuenus
346 2401 419 2420 anno
442 2398 539 2421 exacto
563 2398 624 2428 past
640 2394 877 2430 inaugurationem
893 2392 1065 2422 Constantini
1081 2391 1199 2419 excessit
1211 2398 1226 2418 c
1241 2391 1320 2419 vivis.

211 2439 248 2471 ς’.
274 2440 304 2466 '0
318 2439 346 2465 δέ
373 2447 405 2473 γε
433 2438 539 2470 Δούκας
557 2440 603 2466 ἐπὶ
623 2440 693 2468 ἑπτὰ
712 2441 785 2468 ἔτεσι
804 2442 861 2474 τοῖς
886 2442 967 2468 πᾶσιν

1056 2439 1083 2466 ϐ.
1102 2437 1190 2466 Ducas
1204 2443 1294 2465 autem
1309 2439 1389 2466 annis
1401 2444 1502 2474 septem
1520 2439 1584 2468 totis
1594 2448 1627 2468 ex
1640 2443 1712 2476 juris
1726 2451 1759 2472 ac
1769 2445 1809 2472 le-

175 2485 295 2518 ἐννόμως
323 2485 373 2519 τὴν
403 2485 545 2519 βασιλείαν
570 2485 715 2520 Ῥωμαίων
733 2486 826 2518 ὶθύνας
849 2488 894 2514 τὸν
909 2486 966 2522 βίον

176 2531 223 2558 καὶ
242 2526 318 2561 οὗτος
330 2531 477 2557 κατέλυσε.
496 2531 654 2567 Διαδέχεται
675 2532 704 2559 δὲ
723 2533 773 2568 τὴν
796 2533 965 2568 βασιλείανή

175 2576 271 2603 τούτου
295 2575 417 2608 σύνοικος
433 2577 548 2604 Εὺδοκὶα
561 2578 609 2604 σὺν
625 2578 740 2615 Μιχαὴλ,
751 2579 798 2606 καὶ
819 2579 966 2606 Κωνσταν-

174 2623 241 2658 τίνῳ
273 2623 329 2654 τοῖς
356 2623 434 2650 παισί
459 2624 508 2659 (g).
525 2624 634 2660 Βραχὺν
649 2625 677 2652 δέ
701 2633 762 2652 τινα
783 2626 878 2661 χρόνον
897 2627 967 2660 μετὰ

174 2670 221 2696 τὸν
235 2669 281 2696 τοῦ
298 2667 387 2695 Δούκα
399 2669 515 2697 θάνατον
533 2671 601 2698 καὶὸ
618 2671 828 2708 κουροπαλάτης
844 2673 966 2705 ἐπιϐιοὺς

1021 2494 1084 2521 gum
1105 2485 1265 2520 pra-scripto
1286 2485 1408 2512 Romana
1425 2493 1453 2512 re
1470 2485 1660 2515 administrata
1678 2496 1692 2516 c
1706 2489 1760 2518 vita
1780 2496 1809 2519 et

1019 2531 1077 2566 ipse
1093 2531 1220 2567 migrauit
1238 2539 1246 2564 ;
1261 2531 1423 2559 succedente
1438 2532 1488 2566 ipsi
1509 2532 1569 2567 ejus
1588 2535 1704 2571 conjuge
1721 2536 1810 2565 Eudo-

1019 2581 1072 2612 cia,
1086 2588 1149 2608 cum
1164 2580 1298 2608 Michaele
1312 2580 1469 2608 Andronico
1483 2586 1510 2609 et
1524 2581 1706 2612 Constantino
1733 2586 1808 2615 ﬁliis.

1019 2626 1075 2655 Nec
1100 2627 1187 2666 multo
1215 2631 1277 2662 post
1307 2626 1386 2654 Ducas
1413 2628 1516 2655 obitum
1546 2633 1668 2665 tempore
1689 2629 1809 2660 Joannes

1020 2682 1129 2710 quoque
1141 2673 1300 2701 Comnenus
1311 2675 1484 2708 curopalates
1502 2680 1606 2703 natura:
1619 2676 1739 2704 debitum
1755 2679 1809 2715 24

808 2743 893 2774 Petri
917 2743 1041 2774 Possini
1059 2747 1152 2776 notm.

212 2816 249 2854 (ω
273 2816 308 2844 Ἡ
322 2817 430 2854 τούτου
454 2817 595 2854 σύνοικος
615 2817 747 2845 Εὺὸοκία
764 2818 825 2845 σὺν
842 2819 963 2854 Μιχαὴλ

176 2851 224 2878 καὶ
248 2852 464 2884 Κωνσταντίνῳ
484 2851 545 2885 τοῖς
558 2854 654 2880 παισί.
674 2854 720 2880 Sic
738 2854 795 2881 hac
811 2854 838 2880 in
852 2851 904 2882 ηιξ.
923 2851 962 2881 le-

176 2887 320 2921 gebantur.
338 2887 392 2923 Nos
411 2894 474 2915 cum
495 2895 527 2914 ett
554 2887 606 2914 hac
624 2888 728 2923 reliqua
747 2889 861 2916 historia
879 2891 962 2917 scire-

175 2929 235 2950 mus
262 2928 316 2951 tres
340 2922 450 2951 relictos
474 2923 637 2958 superstites
656 2922 725 2952 tilios
745 2931 760 2951 a
780 2923 963 2953 Constantino

1017 2819 1101 2856 Duea.
1113 2819 1164 2856 sub
1179 2826 1244 2846 cura
1259 2818 1385 2846 Eudociaa
1400 2819 1512 2851 matris;
1530 2827 1579 2856 nec
1596 2819 1725 2856 ullum'ex
1743 2820 1809 2856 ipsis

1017 2855 1210 2882 Constantium
1240 2859 1376 2884 vocatum.
1403 2859 1430 2880 et
1456 2855 1603 2882 Andronici
1630 2855 1806 2889 pretermissi

1019 2890 1184 2926 mentionem
1201 2889 1397 2926 supplevimus,
1406 2924 1410 2926 ἢ
1419 2894 1455 2926 et_
1467 2889 1621 2926 Constantii
1650 2892 1809 2926 appellatio-

1020 2931 1081 2952 nem
1102 2924 1135 2951 ad
1150 2931 1244 2952 verum
1261 2924 1332 2952 tertii
1355 2923 1482 2953 Eudocite
1501 2924 1550 2954 ﬁlii
1577 2923 1808 2956 nomen'reduxi-
