2037 3151
238 196 278 227 ’47
846 194 1025 225 NICEPHOI

1077 196 1227 229 BRYENN
1234 198 1261 229 ll
1531 175 1534 178 ἱ
1830 204 1865 236 48

245 247 338 279 solvit,
360 246 422 274 filiis
436 252 465 275 ut
487 247 543 276 dixi
561 251 661 278 relictts
684 254 758 283 octo,
773 250 894 286 quinque
907 251 1025 280 maribus

1081 253 1273 293 [ὲπελεύτησε]
1294 257 1392 289 παῖδας
1418 258 1490 286 ὀκτὼ
1516 259 1683 294 καταλιπὼν,
1703 260 1741 293 ὡς
1757 261 1773 288 ό
1788 260 1866 296 λόγος

245 299 273 322 et
298 294 385 322 tribus
410 292 529 328 feminis,
551 303 620 330 quos
640 303 735 324 omnes
757 301 844 324 mater
869 298 1030 327 educatione

248 343 379 366 accurata
415 339 511 375 dignos
530 341 600 367 avita
617 341 755 369 nobilitate
774 341 904 370 reddidit.
921 342 1030 371 Puella-

247 393 308 412 rum
324 386 395 418 dure,
411 390 487 420 patre
506 385 594 412 adhuc
607 386 722 420 vivente,
740 386 880 414 collocata:
894 388 960 415 viris
980 396 1029 415 no-

245 431 347 458 hilibus
364 435 390 457 et
403 430 583 465 locupletibus
596 430 715 458 fuerant.
738 431 825 466 Major
838 433 947 467 quidem
964 438 1028 460 natu

246 475 330 502 Maria
356 474 491 502 Taronita:
510 475 633 502 Michaeli
647 496 654 508 ,
675 475 793 504 Eudocia
810 485 887 511 vero,
910 479 1030 506 secundo

245 526 306 556 post
315 522 384 547 hanc
397 520 650 556 genita,Melisseno
659 521 822 557 Nicephoro,
833 523 891 550 viro
902 524 1028 558 prudenti

243 572 270 594 et
282 566 421 601 praeclaro.
433 566 479 600 qui
497 571 638 600 paternum
653 575 669 595 e
684 567 789 596 Mortiis
802 569 919 597 ducebat
931 577 1026 606 genus.

241 612 379 639 Postrema
402 612 548 640 Thcodora
565 618 625 648 post
638 615 723 648 patris
738 620 852 642 mortem
871 617 965 643 matris
980 625 1028 644 vo-

239 656 342 684 luntate
353 657 444 691 nupsit
459 657 650 692 Constantino,
667 659 792 694 Diogenis
804 660 860 695 jam
869 661 1027 696 imperantis

233 703 306 735 .tilio,
321 703 406 730 nobili
422 703 531 738 quidem
547 704 584 730 illi
601 712 737 739 manuque
753 710 887 740 prompto,
901 706 948 734 sed
965 714 1026 734 mo-

240 749 317 776 ribus
332 756 386 775 non
403 756 489 783 usque
509 747 577 776 adeo
590 749 715 781 laudatis.
737 755 765 777 ut
780 750 877 778 deinde
889 752 1024 786 apparuit.

241 796 379 823 llactenus
393 796 425 822 dc
438 794 550 822 Joannis
567 795 682 823 ﬁliabus.
699 795 829 824 Filiorum
845 805 909 825 vero
919 797 1026 826 Manucl

239 841 351 876 quidem
365 841 571 876 primogenitus,
588 847 666 876 patre
681 842 770 869 adhuc
783 844 941 877 superstite,
956 844 1025 871 tole-

239 895 300 915 rare
325 887 450 915 militiam
467 888 524 923 jam
550 895 688 923 coeperat,
706 889 839 924 factisque
857 889 970 917 fortibus
985 889 1027 916 di-

238 941 319 968 gnum
338 941 367 961 se
382 934 515 968 majorum
533 933 592 962 loco
608 941 640 961 ac
655 934 739 968 gloria
753 936 879 970 probare.
898 935 1025 962 Proxime
1040 924 1062 952 Β

236 981 272 1007 ab
293 980 340 1007 illo
357 985 438 1008 natus
455 980 575 1008 lsaacius
591 980 684 1008 fratris
702 981 813 1016 majoris
834 981 946 1016 vestigia
963 989 1024 1016 pre-

237 1026 316 1053 meba
323 1031 343 1053 t.
362 1026 470 1054 Tertius
483 1031 574 1054 autem
596 1026 708 1054 Alexius
723 1027 814 1062 lepore
828 1035 860 1054 ac
873 1028 959 1062 gratia
981 1034 1024 1054 re—

237 1073 364 1100 dundans
380 1081 458 1108 puer,
477 1081 524 1101 ore
543 1073 668 1108 protinus
690 1073 751 1108 ipso
772 1080 804 1100 ac
823 1074 900 1100 vultu
919 1073 1024 1100 etllore-

232 1124 357 1146 sceittem
375 1119 500 1154 ingenuae
523 1119 676 1146 venustatis
704 1119 864 1146 suavitatem
885 1126 1024 1153 nunquam

236 1166 264 1191 in
280 1164 335 1192 ullo
350 1162 624 1200 visamprazferebat.
643 1165 731 1191 fronte
746 1171 854 1199 semper
873 1164 962 1196 hilari,
982 1172 1025 1192 re-

234 1210 332 1237 nitemi
359 1209 440 1241 facie,
455 1208 545 1236 arrisu
570 1209 721 1243 obtutuque
743 1208 911 1243 spirantibus
933 1209 1025 1236 nescio

237 1255 302 1290 quid
319 1254 607 1289 blandum;exemplar
619 1255 675 1290 jam
689 1260 746 1282 tum
759 1255 848 1282 laudis
863 1255 964 1287 omnis,
981 1256 1024 1283 cui

237 1301 341 1329 frustra
359 1301 449 1336 quivis
473 1301 619 1335 quantavis
639 1301 726 1328 frctus
750 1300 876 1328 facultate
890 1308 980 1335 parem
996 1308 1025 1328 se

238 1344 458 1373 commendando
471 1348 591 1378 speraret
600 1343 668 1376 fore,
681 1345 748 1370 adco
761 1344 894 1370 variarum
904 1344 930 1370 in
943 1351 1026 1371 unum

239 1391 344 1419 dolium
363 1395 389 1418 et
404 1395 624 1418 ornamentorum
638 1389 693 1425 25
710 1389 852 1417 confluxus
870 1390 1027 1419 rarissimus

239 1437 433 1473 pradicatione
458 1436 628 1471 superiorem
656 1435 731 1462 onini
753 1435 880 1470 juvenem
909 1434 1025 1469 fecerat;

238 1484 357 1519 primum
375 1490 391 1510 a
409 1486 506 1510 natura
523 1481 596 1508 velut
611 1481 644 1508 ad
661 1488 778 1516 unguem
796 1479 896 1507 factum
907 1500 915 1514 ,
930 1480 1027 1508 deinde

237 1531 337 1557 virtute
355 1527 476 1556 numeris
488 1531 613 1555 exactum
632 1526 771 1560 omnibus,
788 1531 814 1553 et
828 1526 902 1553 velut
918 1526 950 1553 ad
965 1533 1026 1561 spe-

236 1576 326 1603 cimen
344 1573 424 1601 ollicii
450 1572 622 1600 admirationi
639 1571 811 1607 propositum
831 1572 920 1599 anatis
944 1579 999 1598 sua:
1014 1592 1021 1604 ,

237 1620 312 1655 quod
328 1627 371 1647 res
392 1618 545 1645 contrarias
564 1617 642 1652 \‘ulgo
659 1617 786 1649 creditas,
805 1617 832 1644 in
850 1625 879 1645 se
896 1617 1024 1644 concilia-

243 1666 495 1700 rctconllaretque,
513 1663 644 1691 fervidam
670 1668 864 1699 actuosamque
886 1668 1022 1698 naturam,

243 1716 270 1739 et
286 1709 524 1738 mansuetudinem
544 1709 623 1736 irasci
643 1709 775 1736 nesciam.
791 1708 910 1743 lmpubis
923 1708 1022 1742 adhuc,

237 1762 344 1785 extorto
355 1757 382 1784 vi
394 1756 511 1791 quadam
524 1762 658 1783 consensu
671 1755 777 1788 matris,
789 1760 898 1783 secutus
913 1754 1022 1782 fratrem

238 1804 386 1831 exercitum
403 1803 560 1830 ductantem
580 1802 697 1830 militare
718 1803 800 1838 cmpit
814 1803 873 1838 ejus
896 1803 1023 1838 auspiciis

237 1852 264 1874 ct
278 1846 427 1882 spccimina
451 1845 618 1873 fortitudinis
640 1853 772 1880 praecocis
796 1850 858 1874 ante
878 1846 1022 1882 legitimam

235 1899 339 1921 aetatem
356 1892 437 1920 edere
457 1896 535 1918 scuto
551 1892 619 1918 scite
634 1893 765 1927 gestando
781 1892 913 1928 hastaque
936 1893 1023 1921 valide

233 1946 265 1966 ac
281 1940 365 1972 perite
376 1937 532 1973 quatienda.
543 1936 633 1969 Quare
643 1937 700 1972 jam
717 1941 774 1965 tum
791 1937 818 1965 in
836 1945 884 1966 ore
899 1942 981 1973 atque
994 1939 1020 1965 in

234 1984 428 2020 praedicatione
444 1982 568 2010 omnium
583 1982 646 2010 fuit.
662 1982 714 2010 Sed
730 1991 791 2018 quae
809 1983 882 2011 hunc
900 1987 1023 2018 spectant

230 2030 338 2064 reliqua
350 2027 511 2056 sustinenda
525 2032 589 2055 sunt
599 2027 740 2062 paululum
757 2036 765 2055 :
779 2028 869 2063 quoad
880 2029 1023 2064 explicatis

234 2076 281 2108 iis,
297 2082 359 2110 qua).
368 2074 466 2108 priora
484 2077 547 2100 sunt
563 2073 669 2104 ordine,
685 2073 803 2099 secundo
820 2073 928 2099 detnum
949 2072 1023 2100 ﬂuxu

236 2125 265 2151 in
279 2119 477 2154 consequentia
498 2125 590 2145 sermo
613 2118 765 2145 delabatur.
788 2118 876 2152 Atque
889 2118 954 2144 illud
970 2119 1026 2152 pii-

238 2173 315 2193 mum
342 2164 376 2191 de
406 2164 514 2191 duobus
545 2165 691 2197 postremis
713 2163 842 2190 fratribus
868 2163 1025 2196 libandum,

236 2211 359 2238 Adriano
375 2210 505 2236 nimirum
517 2213 543 2236 et
558 2207 723 2244 Nicephoro,
736 2209 941 2236 commendatos
956 2210 1026 2236 serio

1083 301 1189 335 φθάσας
1207 302 1334 337 ἐδήλωσε,
1367 304 1448 331 πέντε
1465 305 1514 341 μὲν
1531 307 1661 342 ἄρρενας,
1685 308 1759 343 τρεῖς
1775 307 1803 334 δὲ
1817 308 1866 344 οη-

1082 346 1166 380 λείας,
1178 347 1225 380 οὓς
1242 350 1257 384 ἡ
1277 350 1368 386 μήτηρ
1392 352 1516 383 ἅπαντας
1536 352 1626 384 καλῶς
1654 353 1865 389 ἀναθρεψαμένη

1081 393 1172 425 ἀξίους
1186 394 1233 421 τοῦ
1261 395 1357 429 γένους
1379 397 1531 430 ἀπέδειξεν.
1553 398 1623 425 ’Δλλ“
1635 399 1662 425 αἱ
1679 399 1728 433 μὲν
1745 399 1793 425 δύο
1811 399 1867 426 τῶν

1081 440 1238 476 θυγατέρων
1253 441 1349 469 [τιτοῦ
1365 443 1466 478 πατρὸς
1482 444 1623 479 περιόντος
1636 445 1765 481 ἀνδράσιν
1781 446 1866 481 ἡρμό-

1082 485 1184 520 σθησαν
1199 486 1253 513 τῶν
1268 485 1297 514 εὖ
1313 489 1464 522 γεγονότων
1487 490 1534 516 καὶ
1551 489 1659 525 πλούτῳ
1674 490 1836 526 κομώντωνι
1847 493 1863 526 ἡ

1082 531 1132 566 μὲν
1149 533 1322 569 πρεσϐυτέρα
1337 535 1432 570 Μαρία
1445 535 1485 570 τῷ
1502 535 1647 572 Ταρωνίτῃ
1665 537 1785 572 Μιχαὴλ,
1799 538 1816 573 ἡ
1835 538 1864 565 δὲ

1081 579 1140 613 μετ’
1169 579 1276 615 ἐκείνην
1300 581 1415 608 Εὐδοκία
1445 581 1484 617 τῷ
1509 582 1675 617 Μελισσηνῷ
1701 583 1862 619 Νικηφόρῳ,

1079 623 1156 659 ἀνδρὶ
1181 625 1302 660 νουνεχεϊ
1320 633 1349 652 τε
1367 625 1414 652 καὶ
1441 625 1598 662 θαυμασίῳ,
1621 627 1649 659 ὃς
1679 628 1812 662 πατρόθεν
1834 631 1861 660 ἐς

1078 669 1213 704 Μορτίους
1228 670 1260 696 τὸ
1271 670 1348 704 γένος
1363 671 1490 707 ἀνέφερε.
1511 672 1569 707 Τὴν
1583 672 1612 699 δέ
1632 681 1663 707 γε
1676 673 1795 709 ὑστάτην
1809 683 1862 700 πα-

1079 714 1133 741 σῶν
1144 714 1284 751 Θεοδὼριν
1314 717 1385 751 μετὰ
1402 717 1449 744 τὸν
1467 717 1516 745 τοῦ
1539 718 1643 753 πατρὸς
1663 719 1746 753 μόρον
1760 719 1799 754 τῷ
1815 719 1861 746 τοῦ

1078 761 1219 794 Διογένους
1246 762 1298 797 υίῷ
1326 763 1536 798 Κωνσταντίνῳ,
1556 765 1602 791 τοῦ
1633 765 1736 800 πατρδς
1758 765 1809 800 ήδη
1829 766 1863 792 τὰ

1085 804 1228 840 Ῥωμαίων
1240 806 1368 842 σκῆπτρα
1383 807 1485 834 διέπειν
1507 808 1646 843 λαχόντος,
1661 810 1677 844 ἡ
1695 811 1787 846 μήτηρ
1799 818 1862 836 συν-

1077 851 1198 887 ήρμοσεν
1215 851 1340 887 ὕστερον,
1355 851 1432 886 ἀνδρὶ
1449 852 1554 886 εὐγενεῖ
1571 853 1620 888 μὲν
1639 855 1686 880 καὶ
1698 855 1768 881 κατὰ
1784 855 1862 890 χεῖρα

1078 899 1205 934 γενναίῳ,
1219 899 1266 925 τὸν
1280 898 1309 925 δέ
1320 908 1352 932 γε
1363 899 1463 934 τρόπον
1473 899 1503 925 οὺ
1513 899 1582 927 πάνυ
1593 909 1618 927 τι
1633 900 1689 928 δντι
1702 902 1862 935 ἑπαινετέῳ,

1075 945 1113 976 ὡς
1127 944 1162 971 τὰ
1172 944 1287 980 ὕστερον
1303 944 1415 978 ἔδειξεν.
1440 945 1509 972 Ἀλλ’
1521 945 1592 973 οὕτω
1614 947 1663 981 μὲν
1676 948 1710 974 τὰ
1728 948 1799 975 κατὰ
1813 948 1863 979 τὰς

1075 991 1159 1025 κόρας
1172 990 1283 1025 συνέδη.
1304 990 1440 1026 ’Λρρένων
1452 991 1481 1018 δὲ
1495 991 1597 1018 παίδων
1618 993 1633 1020 ὁ
1663 993 1712 1027 μὲν
1734 993 1863 1028 Μανουῆλ

1075 1035 1178 1070 πατρὸς
1190 1035 1380 1070 ἐτιπεριόντος
1393 1036 1550 1072 στρατεύειν
1558 1045 1588 1064 τε
1602 1037 1713 1073 ἤρξατο.
1735 1040 1782 1066 καὶ
1795 1039 1863 1074 πρὸς

1077 1081 1193 1117 μίμησιν
1216 1081 1270 1108 τῶν
1291 1081 1493 1118 πραχθέ[ντ]ων
1505 1083 1605 1111 ἑαυτὸν
1626 1083 1748 1116 ἀποξέων
1762 1085 1862 1112 ἐσπευ-

1074 1128 1120 1154 δεν
1144 1127 1278 1163 ἀποϐῆναι
1307 1128 1411 1154 τούτων
1430 1129 1551 1161 ἐπάξιος.
1575 1129 1604 1156 '0
1630 1129 1659 1156 δὲ
1683 1131 1742 1164 μετ’
1760 1130 1863 1157 ἐκεῖνον

1082 1172 1213 1204 ’ῐσαὰκιος
1229 1174 1285 1205 τοῖς
1298 1172 1430 1208 τάδελφοῦ
1448 1174 1518 1201 κατὰ
1534 1174 1618 1205 πόδας
1636 1175 1730 1201 εἵπετο
1749 1175 1861 1210 ἴχνεσιν.

1083 1219 1112 1246 '0
1126 1219 1149 1246 δ’
1165 1219 1198 1246 αὖ
1210 1221 1300 1254 τρίτος
1317 1220 1434 1253 musto;
1460 1221 1595 1247 παντοίων
1616 1218 1651 1256 ἦν
1661 1220 1782 1256 χαρίτων
1797 1222 1861 1248 ἀνα-

1076 1265 1183 1296 πλεως·
1201 1265 1280 1300 χάρις
1292 1265 1347 1300 γὰρ
1365 1265 1479 1300 ἐπήνθει
1502 1266 1541 1301 τῷ
1556 1266 1694 1301 προσώπῳ
1717 1267 1815 1293 ὁποίαν
1830 1267 1861 1293 οὗ

1077 1319 1117 1341 τις
1135 1310 1165 1336 ἐν
1181 1310 1253 1345 ἄλλῳ
1269 1310 1400 1337 ἐθεάσατο
1424 1310 1546 1344 πώποτε,
1564 1311 1611 1338 καὶ
1631 1312 1743 1347 φαιδρὸς
1761 1309 1796 1347 ἦν
1817 1311 1863 1338 ἀεὶ

1077 1356 1126 1383 καὶ
1141 1357 1313 1392 ἁγαοοσύνης
1327 1357 1480 1389 ἀνάπλεως.
1499 1357 1553 1384 Καὶ
1568 1357 1596 1384 τί
1613 1357 1646 1384 ἄν
1657 1366 1698 1390 τις
1712 1359 1783 1385 εῐποι
1797 1358 1862 1394 περὶ

1077 1401 1173 1428 τούτου
1189 1402 1227 1433 ὼς
1241 1401 1388 1436 δυνηθῆναι
1402 1401 1465 1433 τοὺς
1480 1402 1576 1436 λόγους
1590 1401 1718 1434 ἐξισῶσαι
1734 1404 1794 1434 ταῖς
1806 1403 1861 1429 τῶν

1077 1447 1150 1482 nam
1162 1446 1289 1481 ἀγλαΐαις
1305 1446 1353 1473 καὶ
1369 1448 1429 1478 ταῖς
1438 1446 1486 1482 τῆς
1500 1447 1589 1482 ψυχῆς
1603 1448 1737 1482 ,ἀρεταῖς
1758 1447 1861 1473 Παντο·

1076 1492 1160 1518 δαπδν
1187 1489 1220 1528 ἦν
1254 1491 1348 1527 χρῆμα
1387 1491 1506 1526 φυσικῆς
1529 1500 1559 1518 τε
1587 1492 1635 1519 καὶ
1665 1491 1860 1528 προαιρετικῆς

1077 1538 1267 1573 κοσμιότητος,
1280 1537 1327 1565 καὶ
1337 1535 1394 1564 οἷόν
1405 1546 1431 1564 τι
1451 1537 1594 1564 κάλλιστον
1611 1537 1650 1573 τῷ
1670 1537 1720 1573 βίῳ
1731 1538 1861 1572 ἀνάθημα

1076 1584 1108 1611 ὲκ
1119 1585 1190 1610 δυοῖν
1203 1585 1260 1611 τοῖν
1279 1584 1412 1611 ἐναντίοιν
1437 1586 1634 1620 συγκείμενον·
1654 1585 1783 1618 ὀξύτατος
1805 1585 1860 1619 γὰρ

1077 1630 1114 1657 ὣν
1128 1631 1292 1666 ξυμπάντων
1308 1628 1345 1657 ὧν
1362 1631 1440 1657 αὐτοὶ
1453 1631 1608 1666 τεθεάμεθα
1627 1632 1675 1659 καὶ
1689 1631 1860 1666 δριστηριώ-

1074 1685 1168 1709 τατος,
1189 1676 1260 1703 οὓτω
1273 1677 1429 1712 πραοτάτην
1445 1676 1580 1703 ἐδείκνυτο
1592 1677 1641 1712 τὴν
1659 1676 1747 1712 ψυχὴν
1761 1678 1798 1708 ὠς
1816 1685 1861 1712 μι-

1075 1723 1142 1760 κροῦ
1161 1724 1216 1750 δεῖν
1234 1724 1280 1750 καὶ
1296 1723 1425 1758 ἀκίνητον
1445 1723 1513 1758 πρὸς
1527 1723 1611 1758 ὀργὴν
1626 1723 1722 1750 ἑαυτὸν
1739 1723 1860 1757 ἀποταξ-

1076 1769 1274 1797 νειν.οῠπωδὲ
1293 1769 1341 1804 τὴν
1358 1769 1428 1804 ἧεην
1451 1768 1574 1804 ὑπερϐὰς
1598 1768 1720 1801 ἐϐιάζετο
1737 1768 1786 1803 τὴν
1809 1776 1862 1803 μη-

1077 1816 1146 1851 τέρα
1162 1814 1205 1851 [Ρ.
1225 1813 1272 1850 21]
1288 1814 1490 1849 συνεκπέμπειν
1516 1815 1562 1841 καὶ
1587 1814 1669 1842 αὐτὸν
1682 1814 1720 1848 τῷ
1732 1814 1840 1848 ἀδελφῷ
1851 1822 1859 1829 ο

1076 1861 1172 1896 ἀμέλει
1201 1860 1248 1887 καὶ
1274 1859 1415 1891 ξυνείπιτο
1444 1858 1531 1894 τούτῳ
1551 1858 1748 1895 στρατηγοῦντι
1765 1860 1812 1885 καὶ
1827 1859 1861 1884 τὰ

1075 1905 1125 1940 τῆς
1144 1905 1245 1940 ἀρετῆς
1257 1904 1310 1939 πρὸ
1321 1904 1372 1939 τῆς
1385 1903 1554 1938 τελειότητος
1567 1904 1703 1930 ἐδείκνυτο
1723 1904 1769 1930 καὶ
1778 1903 1861 1935 σάκος

1075 1948 1167 1983 φέρων
1187 1947 1235 1974 καὶ
1247 1947 1311 1982 δόρυ
1325 1947 1478 1983 κραδαίνων
1491 1948 1527 1979 ὡς
1538 1948 1646 1983 ἄριστα,
1662 1949 1708 1975 καὶ
1717 1948 1761 1974 διὰ
1775 1947 1862 1982 γλώτ-

1073 2001 1123 2028 της
1142 1990 1176 2029 ἦν
1211 1993 1339 2020 ἁπάντων
1363 1993 1454 2024 εὐθύς.
1468 1993 1508 2020 Τὰ
1530 1993 1581 2028 μὲν
1595 1993 1643 2020 οὖν
1665 1994 1736 2021 κατὰ
1766 1994 1860 2020 τοῦτον

1075 2039 1248 2073 ἁναμεινάτω
1262 2040 1370 2074 μικρὸν,
1385 2040 1399 2065 ό
1415 2039 1493 2073 λόγος
1509 2039 1532 2066 δ’
1555 2039 1659 2075 ὲχέσθω
1670 2039 1720 2072 τῆς
1739 2039 1860 2075 ἁρχὲ,οεν

1075 2084 1252 2115 ἀκολουθίας·
1280 2084 1352 2110 οὕτω
1369 2084 1424 2120 γὰρ
1455 2085 1489 2112 ἂν
1503 2086 1563 2112 καθ’
1583 2086 1680 2122 εἱρμὸν
1706 2087 1860 2121 προϐαίνων

1077 2130 1116 2160 είς
1129 2129 1178 2160 τὰς
1194 2129 1290 2155 ἑαυτοῦ
1302 2131 1480 2165 καταντήσειε
1494 2130 1607 2165 πράξεις
1623 2131 1730 2166 πρῶτον
1742 2132 1861 2165 ἐπιμνη-

1079 2173 1151 2205 σθεὶς
1175 2175 1222 2201 καὶ
1248 2175 1302 2201 τῶν
1328 2174 1431 2201 λοιπῶν
1451 2175 1584 2210 ἀδελφῶν.
1605 2177 1709 2211 Ἥστην
1724 2176 1752 2203 δὲ
1774 2176 1861 2202 τούτω

1085 2215 1225 2252 Ἀδριανός
1247 2225 1278 2243 τε
1303 2218 1350 2244 καὶ
1366 2218 1529 2254 Νικηφόρος,
1551 2217 1621 2255 οἷνή
1646 2222 1737 2256 μήτηρ
1761 2221 1860 2255 κομιδῇ

231 2257 333 2284 autbos
362 2256 452 2283 adhuc
475 2255 607 2290 parvulos
635 2263 650 2282 a
674 2259 760 2282 matre
779 2255 864 2283 fuisse
887 2255 1025 2290 magistris

1079 2261 1149 2288 νέοιν
1173 2262 1260 2288 ὄντοιν
1274 2262 1451 2293 διδασκάλους
1465 2265 1636 2300 ἑπιστήσασα
1648 2255 1699 2301 τὴν
1716 2255 1859 2299 ἐγκύκλιον

237 2302 404 2333 lectissimis,
422 2300 470 2335 qui
490 2300 524 2327 ad
539 2307 650 2327 omnem
670 2307 718 2327 eos
739 2300 907 2327 eruditaer
925 2300 1023 2327 artium

221 2349 396 2384 elegantiam
415 2354 468 2374 non
485 2345 669 2380 perfunctorie
686 2346 846 2374 formarent.

268 2397 294 2423 7.
315 2384 440 2422 Romano
458 2393 569 2429 Diogeni
588 2394 622 2420 ad
641 2393 822 2428 principatum
845 2397 948 2426 erecto,
965 2393 1022 2421 Ma-

228 2439 514 2467 1IItel'Comncn0rum
538 2442 605 2465 natu
621 2438 758 2466 maximus
783 2443 877 2474 gratus
889 2440 981 2467 statim
995 2440 1021 2467 in

229 2486 326 2520 paucis
345 2485 428 2519 coepit
444 2492 524 2519 eSse;
541 2485 676 2519 istiusque
694 2484 793 2519 pignus
813 2485 910 2520 gratiae
927 2491 1021 2521 proto-

234 2530 359 2558 stratoris
381 2530 537 2565 dignitatem
553 2531 692 2565 primum,
711 2535 770 2558 tum
788 2539 842 2558 non
866 2532 946 2566 longe
961 2537 1022 2567 post

229 2583 357 2610 aclopore
371 2574 549 2602 Orientalium
568 2576 739 2603 exercituum
755 2583 912 2611 supremam
927 2578 1022 2612 pra-le-

227 2627 339 2649 cturum
368 2621 473 2648 habuit.
499 2621 624 2656 Trajecta
649 2622 733 2657 igitur
756 2623 922 2658 Propontide
948 2624 1022 2652 circa

225 2669 365 2698 Galatiam
380 2667 647 2699 morabatur,Tureis
656 2669 712 2703 jam
722 2669 916 2704 incipientibus
923 2669 1005 2697 Orien
1012 2684 1022 2691 -

231 2717 298 2742 tales
315 2713 468 2749 dcpracdari
494 2713 631 2748 regiones.
654 2714 771 2747 Quinam
788 2720 880 2742 autem
898 2720 925 2743 et
950 2716 1021 2744 unde

1077 2308 1224 2335 ἐπέταττεν
1239 2309 1348 2336 ἐκπαιδε
1354 2309 1446 2337 ὕεσθαι
1464 2311 1613 2338 παίδευσιν.

1113 2400 1148 2430 ς’.
1163 2399 1241 2434 ’Ἄρτι
1261 2398 1289 2426 δὲ
1300 2399 1347 2425 καὶ
1362 2398 1409 2426 τοῦ
1425 2400 1566 2433 Διογένους
1589 2400 1728 2434 Ῥωμανοῦ
1743 2400 1795 2427 τῶν
1811 2400 1860 2434 τῆς

1077 2443 1214 2479 βασιλείας
1228 2444 1330 2471 οίάκων
1359 2445 1561 2479 ἐπειλημμένου
1590 2445 1696 2480 πρῶτος
1710 2446 1765 2471 τῶν
1782 2445 1859 2472 ἁδελ-

1075 2488 1133 2523 φῶν
1150 2488 1279 2524 Μανουὴλ
1295 2488 1417 2524 ᾠκείωτο
1440 2489 1479 2524 τῷ
1497 2489 1601 2524 βασιλεί
1625 2490 1672 2516 καὶ
1687 2490 1860 2526 πρωτοστρά-

1074 2542 1130 2569 τωρ
1143 2534 1212 2568 πρὸς
1228 2533 1312 2560 αὑτοῦ
1338 2533 1523 2560 ἀποδέδεικτο.
1541 2534 1624 2560 Οῠπω
1639 2535 1732 2570 συχνὸς
1751 2536 1857 2570 παρερ-

1073 2578 1127 2613 ρύη
1142 2579 1250 2613 καιρὸς,
1273 2579 1322 2606 καὶ
1342 2579 1495 2614 στρατηγὸς
1508 2579 1684 2615 αὐτοκράτωρ
1695 2581 1749 2607 τῶν
1766 2579 1859 2615 Ἐᾠων

1072 2625 1222 2660 ταγμάτων
1245 2624 1443 2660 προύδέϐλητο.
1463 2625 1633 2659 Περαιωθεὶς
1653 2626 1699 2653 οὖν
1723 2627 1771 2662 τὴν
1787 2628 1859 2662 Προ-

1073 2670 1185 2696 ποντίδα
1198 2670 1263 2704 περὶ
1281 2669 1404 2701 Γαλάτας
1431 2669 1568 2703 ηὐλίζετο,
1594 2671 1643 2707 ήδη
1657 2672 1711 2698 τῶν
1728 2672 1859 2708 Τούρκων

1074 2716 1237 2751 ἀρξαμένων
1265 2715 1300 2742 τὰ
1334 2716 1383 2750 τῆς
1404 2715 1488 2751 Ἐῲας
1503 2716 1654 2751 ληῖζεσθαι.
1683 2718 1760 2750 Τίνες
1775 2719 1802 2745 δὲ
1831 2720 1857 2745 oi.

859 2792 954 2823 Petri
969 2792 1098 2823 Possini
1121 2798 1215 2823 nota).

228 2875 304 2895 ntus.
333 2867 411 2907 Quod
439 2866 637 2909 reprehendere
667 2867 765 2909 opinor
795 2877 876 2897 nemo
899 2867 1018 2903 poterit,
1036 2869 1084 2903 qui
1104 2869 1154 2898 hos
1184 2871 1399 2898 commentarios
1428 2876 1590 2906 et‘ca-teros
1622 2873 1735 2901 istorum
1750 2878 1857 2909 tempo-

226 2911 286 2930 tuo
303 2904 456 2938 scriptorcs
468 2907 594 2931 accurate
609 2902 716 2937 legerit.
