2037 3151
155 244 188 275 δι
757 241 1026 272 HISTORIARUM
1047 242 1122 272 LIB.
1143 244 1166 273 Ι.
1742 241 1778 273 62

158 306 240 333 μεως,
257 298 306 324 οὐχ
320 297 354 324 ἄν
368 296 426 323 ποτ’
449 297 525 331 αὺτῷ
543 297 576 322 τὰ
603 295 675 322 κατὰ
693 296 794 323 σκοπὸν
805 296 937 331 ἅποὸαίη,

1003 297 1101 324 aridum
1117 305 1170 324 non
1188 297 1299 325 haberet
1319 299 1422 332 copias.
1438 305 1576 332 nunquam
1599 298 1653 325 voti
1665 305 1778 333 mntpo-

157 342 183 369 si
206 343 243 377 μὴ
270 341 337 376 πρὸς
363 341 407 368 τὸν
430 341 542 377 βασιλέα
571 341 714 376 Ῥωμαίων
744 341 941 377 αὐτομολήσειε

158 388 284 414 κάκεῖνον
309 387 452 422 ξύμμαχον
474 387 552 422 σχοίη
567 388 615 414 καὶ
630 387 698 422 πρὸς
713 387 743 413 τὸ
760 387 942 422 προκείμενον

158 434 296 468 συνεργόν.
319 433 348 460 '0
365 434 393 461 δὲ
409 433 552 469 ξυμϐούλῳ
564 442 593 460 τε
608 433 667 469 ἅμα
682 433 770 469 τούτῳ
788 434 834 461 καὶ
853 434 943 469 ὁδηγῷ

158 479 330 514 χρησάμενος
340 480 387 514 ἅμ’
400 479 474 515 αὐτῷ
484 479 589 515 ταχέως
601 480 650 514 τὴν
660 479 782 515 βασιλίδα
798 480 942 512 κατέλαϐε,

159 524 206 550 καὶ
219 525 232 550 ὁ
244 525 298 555 τοῖς
321 524 413 556 ὅπλοις
438 526 581 560 κρατήσας
601 525 672 552 ἑάλω
687 524 776 558 λόγων
799 524 942 560 δεινότητι.

158 569 244 597 Τοῦτο
262 570 292 596 τὸ
316 570 396 605 ἔργον
412 571 451 601 εἰς
480 570 551 604 μέγα
569 569 646 601 κλέος
667 569 712 595 τὸν
736 569 944 604 κουροπαλάτην

159 616 297 650 ἀνήγαγεν
308 623 314 629 ·
333 615 379 642 καὶ
393 615 447 650 γὰρ
457 613 491 650 ἦν
503 615 588 646 ὅντως
602 614 800 646 ἀξιεπαενετον.
812 614 942 649 Φιλοφρό-

161 670 212 693 νως
227 659 272 688 οὖν
283 661 329 687 καὶ
342 661 426 695 ἄμφω
440 661 454 687 ό
463 660 588 696 βασιλεὺς
605 660 753 692 ὑπεδέξατο
770 660 817 686 καὶ
830 660 944 695 δωρεαῖς

161 707 293 741 μεγάλαις
310 707 468 742 τετίμηκεν.

197 795 240 829 ιβ’.
258 792 345 830 Ἦρος
359 794 386 821 δὲ
401 794 553 830 ἀρχομένου
567 794 623 830 (17)
649 793 721 821 κατὰ
733 792 789 819 τῶν
815 792 947 827 Τούρκων

163 841 347 876 ἐστράτευσεν
370 841 541 876 ἑπαγόμενος
562 840 609 873 ξὺν
625 840 699 875 αὺτῷ
715 841 760 867 τὸν
772 839 946 875 Χρυσόσκου-

162 887 217 915 λον.
239 887 386 923 Γενομένου
403 887 431 914 δὲ
444 887 541 914 τούτου
563 886 635 913 κατὰ
649 886 698 922 τὴν
709 886 836 913 Βιθυνιαν
848 887 863 913 ὸ
882 895 948 914 κου-

166 934 333 968 ροπαλὰτης,
350 933 474 970 ὼταλγῖᾳ
501 934 643 969 συσχεθεὶς
671 932 860 967 τετελεύτηκε,
877 933 948 968 μέγα

163 978 260 1010 πένθος
272 978 310 1013 τῷ
328 979 434 1013 βασιλεῖ
445 978 602 1006 καταλιπών
619 987 625 993 ·
645 979 718 1013 μάλα
732 978 786 1013 γὰρ
801 978 888 1012 ἐφίλει
902 978 948 1004 τὸν
964 969 985 997 Β

163 1023 257 1059 ἄνδρα.
285 1024 315 1049 Ὀ
331 1024 358 1049 δὲ
376 1024 582 1060 Χρυοόσκουλος
615 1023 713 1059 μικροῦ
738 1023 793 1050 δεῖν
811 1024 859 1050 καὶ
884 1031 947 1048 συν-

163 1069 284 1104 απῆλθεν
300 1070 385 1105 αὐτῷ.
404 1069 497 1102 Οὕτως
511 1070 564 1096 ὑπὸ
579 1070 626 1108 τοῦ
639 1069 742 1100 πάθους
759 1069 895 1104 νενίκητο,
911 1067 949 1099 ιὶις

164 1115 295 1148 προέσθαι
307 1114 450 1149 βούλεσθαι
465 1114 513 1141 καὶ⁵
526 1114 611 1148 αὐτὴν
627 1113 676 1147 τὴν
690 1112 774 1147 ζωήν.
797 1112 866 1138 Ἀλλ’
879 1111 950 1138 οὕτω

165 1160 214 1193 μὲν
228 1156 313 1192 οὗτοι,
329 1160 346 1194 ή
362 1160 390 1186 δὲ
408 1159 455 1185 τοῦ
473 1158 679 1194 κουροπαλάτου
711 1158 802 1192 μήτηρ
821 1158 854 1192 τῇ
871 1156 949 1192 βασι-

164 1204 215 1230 λίδι
231 1205 285 1230 τῶν
297 1205 401 1230 πόλεων
421 1204 607 1238 διατρίϐουσα,
624 1204 686 1230 ἐπεὶ
711 1204 776 1239 περὶ
793 1203 842 1238 τῆς
869 1203 950 1229 νόσου

165 1250 212 1276 τοῦ
229 1250 286 1276 υἱοῦ
305 1250 452 1282 ἐπέπυστο,
467 1250 504 1281 ὼς
527 1250 599 1284 δεινή
612 1258 653 1280 τις
669 1250 715 1275 καὶ
728 1248 951 1279 δυσαπάλλακτος

165 1295 235 1328 αὕτη
266 1296 472 1327 ὑποτοπάσασα,
509 1295 741 1330 διαπεραιωθεῖσα
769 1295 876 1329 ταχέως
901 1294 951 1328 τὴν

164 1341 283 1367 Βιθυνῶν
294 1340 499 1375 καταλαμϐάνει
514 1341 690 1376 μητρόπολιν.
701 1340 744 1376 [Ρ.
759 1340 806 1375 26]
819 1340 950 1367 Μαθοῦσα

164 1387 185 1412 δ’
200 1386 240 1412 ὅτι
263 1385 331 1421 πρὸς
349 1386 379 1411 τὸ
404 1386 500 1412 κάκιον
516 1385 673 1420 προχωροίη
699 1384 738 1419 τῷ
755 1385 830 1411 παιδὶ
853 1385 885 1411 τὰ
900 1385 950 1419 τῆς

165 1431 299 1462 νόσου,τὺ
312 1430 374 1466 ὄρος
397 1430 540 1464 ὑπερϐᾶσα.
564 1431 634 1466 ὅπερ
658 1430 800 1466 ὲγχωριως
833 1429 951 1462 ’Λζαλὰς

165 1476 334 1511 ὠνόμασται,
349 1472 412 1511 εὗρε
429 1475 523 1502 τοῦτον
540 1477 605 1511 περὶ
625 1477 675 1508 τὰς
700 1476 841 1511 ὑπωρείας
855 1476 950 1502 τούτου

165 1524 193 1549 ἐν
216 1531 269 1549 τινι
288 1522 490 1557 φροντιστηρίῳ
517 1522 560 1549 ἐπ’
576 1522 690 1558 ὀνόματι
703 1522 754 1557 τῆς
778 1523 951 1558 θεομήτορος

165 1569 298 1601 (Ἄλυπος
318 1567 405 1602 ὄνομα
421 1569 454 1604 τῇ
476 1569 556 1604 μονῇ)
582 1568 650 1604 πρὸς
667 1568 715 1604 τὴν
735 1568 825 1601 ἔξοδον
844 1568 952 1602 ἐπειγό-

167 1622 258 1648 μενον.
275 1614 344 1648 Boi};
357 1614 378 1640 δ’
393 1614 440 1640 ἐπὶ
456 1615 490 1649 τῇ
504 1613 607 1649 ταύτης
624 1613 776 1640 εἰσελεύσει
801 1614 952 1649 γενομένης

165 1661 221 1691 τοῖς
239 1660 302 1695 περὶ
317 1661 363 1686 τὸν
377 1660 596 1695 κουροπαλάτην,
611 1660 728 1695 ἐπείπερ
740 1659 864 1695 ἑώρακεν
875 1657 951 1690 οὗτος

166 1707 215 1740 τὴν
230 1705 336 1740 μητέρα
359 1706 538 1740 φοιτήσασαν,
559 1706 672 1741 ἐξήλατο
688 1714 716 1732 τε
734 1705 886 1737 σπουδαίως
903 1705 952 1739 τῆς

168 1752 272 1786 κλίνης,
291 1752 339 1778 καὶ
353 1751 456 1786 ταύτην
471 1752 654 1787 περιπλακεὶς
670 1751 874 1787 κατησπάζετο.
898 1759 952 1785 μη-

166 1797 211 1823 δέν
222 1806 247 1823 τι
263 1796 431 1831 φθέγξασθαι
447 1797 571 1832 δυνηθεὶς
597 1797 701 1832 ἕτερον,
728 1797 809 1831 μόνον
824 1796 853 1822 δὲ
873 1796 951 1830 αἰτη-

170 1843 286 1878 σάμενο;
299 1842 402 1878 ταύτην
419 1843 511 1878 κοινῆς
535 1843 618 1878 ἄμφω
634 1842 782 1878 ἀξιωθῆναι
797 1843 898 1877 ταφῆς,
925 1841 954 1868 '0

169 1890 219 1924 μὲν
235 1887 281 1916 οὖν
299 1889 377 1921 αὖθις
389 1889 544 1921 ἀνακλιθεὶς
555 1889 746 1924 τετελευτήκει
761 1888 831 1923 μετα
851 1887 951 1922 βραχύ.

173 1935 205 1961 Ἢ
218 1935 245 1961 δὲ
263 1935 376 1969 γενναία
399 1936 491 1971 μήτηρ
507 1936 552 1961 καὶ
579 1934 770 1970 μεγαλόψυχος
785 1935 835 1968 τὴν
849 1933 956 1967 ὀφειλο-

171 1982 254 2016 μένην
278 1983 354 2008 ὸσὶαν
370 1981 596 2016 ἀποπληρώσασα
615 1981 654 2015 τῷ
677 1980 731 2014 υἱῷ
758 1979 805 2006 καὶ
828 1978 956 2005 τοσοῦτον

171 2028 328 2063 πενθήσασα
355 2028 417 2054 ὅσον
437 2029 511 2058 εῑκδς
534 2027 584 2060 τὴν
604 2025 724 2052 τοιοῦτον
744 2026 828 2052 παῖδα
853 2024 957 2051 ἀποϐα-

175 2073 274 2099 λοῦσαν
290 2071 458 2106 στρατιώτην
474 2080 503 2097 τε
518 2071 576 2106 ἅμα
591 2070 638 2097 καὶ
650 2071 812 2105 στρατηγὸν,
829 2069 915 2106 βραχύ
931 2078 957 2095 τι

176 2118 224 2145 τοῦ
234 2118 334 2150 πάθους
349 2117 449 2152 ἑαυτὴν
461 2116 645 2150 ἀνενεγκοῦσα
652 2116 697 2142 τδν
705 2115 808 2142 κλεινὺν
819 2115 957 2150 ἐκπέμπει

176 2163 294 2196 Ἀλέξιον
318 2161 589 2196 συστρατευσόμενον
613 2161 653 2196 τῷ
673 2161 787 2196 βασιλεῖ.
826 2161 855 2187 '0
870 2161 899 2187 δὲ
922 2161 956 2195 τῇ

172 2210 255 2246 μητρὶ
274 2208 474 2243 συνταξάμενος
501 2208 549 2234 καὶ
562 2207 689 2243 δακρύων
715 2207 846 2242 κρουνοὺς
864 2205 957 2239 ἀφιεὶς

168 2256 217 2282 ἐπὶ
232 2255 307 2282 δυσὶν
324 2253 469 2289 ὲμερεζετο
484 2252 594 2284 πάθεσι,
612 2252 758 2288 σιπλάγχνῳ
781 2260 811 2278 τε
830 2250 956 2287 μητρικῷ

994 347 1047 369 tem
1084 343 1216 376 futurum,
1246 343 1298 370 nisi
1331 343 1363 370 ad
1388 343 1540 371 Romanum
1583 344 1777 378 imperatorem

994 388 1189 424 transfugiens,
1204 395 1266 415 eum
1280 388 1331 415 sibi
1343 389 1503 423 adiungeret
1519 389 1625 416 50cinm
1633 390 1665 416 ad
1678 389 1778 417 bellum

994 434 1145 462 Persicum.
1162 434 1210 462 His
1222 435 1268 462 ille
1286 435 1397 467 auditis,
1409 435 1486 462 utilis
1505 435 1610 462 consilii
1628 441 1779 468 auctorem,

993 479 1045 507 vite
1058 487 1167 514 quoque
1194 480 1290 507 ducem
1317 480 1369 507 sibi
1386 488 1447 507 esse
1478 480 1574 512 voluit,
1597 482 1688 508 statim
1715 489 1779 508 cum

995 526 1043 553 illo
1071 525 1338 561 Constantinopolim
1368 526 1518 561 profectus.
1548 526 1595 553 Sic
1621 527 1667 561 qni
1698 528 1781 554 armis

995 571 1107 602 vicerat,
1120 574 1178 597 arte
1189 571 1334 597 verborum
1345 571 1434 598 virtus
1446 570 1565 598 vicissim
1581 575 1607 598 et
1622 575 1718 604 captus
1730 576 1782 598 est.

996 615 1119 651 Magnam
1131 623 1164 643 eo
1190 615 1261 643 facto
1277 616 1390 650 gloriam
1418 624 1468 643 suo
1497 616 1601 651 peperit
1616 616 1720 643 nomini
1733 624 1782 642 ett-

998 661 1132 695 ropalates
1146 670 1153 688 :
1169 666 1199 689 et
1213 665 1272 688 erat
1287 669 1354 689 sane
1367 661 1445 688 laude
1461 661 1573 696 dignum
1589 661 1688 696 insigni
1718 660 1785 687 faci-

997 714 1059 733 nus.
1080 705 1233 740 Utrumque
1250 713 1333 740 porro
1355 706 1502 741 imperator
1530 705 1786 733 benevolentissime

997 755 1140 785 exceptum
1155 751 1313 778 muneribus
1340 752 1447 786 magnis
1464 751 1619 778 honoravit.

1034 797 1077 824 l2.
1086 796 1150 825 inde
1163 797 1214 825 sub
1228 797 1300 825 veris
1314 797 1420 825 initium
1432 798 1631 833 expeditionem
1641 797 1667 824 in
1681 797 1787 824 Turcos

998 844 1128 879 suscepit,
1146 844 1247 872 ducens
1261 852 1323 872 cum
1339 845 1398 879 ipso
1406 844 1628 880 Chrysosculum.
1643 843 1710 870 Cum
1723 850 1787 869 vero

1000 890 1199 925 pervenissetin
1207 890 1360 925 Bithyniam
1372 890 1556 925 curopalates,
1575 890 1668 918 dolore
1679 889 1786 916 aurium

1000 940 1141 970 correptus
1156 935 1267 967 interiit,
1294 943 1421 970 magnum
1451 935 1553 962 luctum
1573 935 1788 970 imperat0rire-

1001 981 1142 1014 linquens;
1157 981 1273 1008 multum
1290 981 1363 1008 enim
1379 980 1489 1008 amabat
1506 983 1606 1008 virum.
1619 980 1788 1016 Cbrysoscn-

1001 1026 1043 1054 lus
1061 1033 1125 1053 vero
1141 1034 1236 1060 parum
1264 1025 1352 1053 abfuit
1382 1026 1447 1060 quin
1477 1034 1539 1053 cum
1568 1034 1600 1053 eo
1626 1030 1787 1056 moreretur,

1001 1075 1075 1098 tanta
1089 1079 1182 1098 casum
1204 1071 1374 1106 impatientia
1402 1070 1614 1107 perturbationis
1643 1070 1745 1102 ferens,
1762 1075 1790 1098 ut

1001 1123 1143 1149 superesse
1163 1115 1217 1151 34
1241 1116 1330 1144 amico
1345 1123 1375 1144 se
1394 1121 1505 1151 negaret
1529 1116 1614 1143 velle:
1632 1121 1660 1143 at
1672 1123 1789 1150 europa.

1002 1160 1062 1187 lata:
1081 1165 1166 1187 mater
1182 1161 1208 1187 in
1235 1160 1303 1187 urbe
1330 1161 1473 1187 diversans
1498 1160 1582 1195 regia.
1611 1160 1657 1186 ubi
1683 1159 1791 1193 trepido

1001 1205 1125 1240 perculsa
1143 1205 1240 1232 nuntio
1255 1209 1298 1232 cst
1323 1205 1356 1233 de
1382 1205 1430 1232 lilii
1448 1206 1564 1238 morbo,
1581 1213 1661 1240 quem
1679 1212 1789 1240 gravem

1001 1256 1028 1279 ct
1048 1259 1102 1278 non
1136 1250 1215 1278 facile
1252 1252 1402 1278 eurabilem
1434 1251 1574 1286 suspicata
1597 1255 1650 1283 est,
1679 1251 1791 1285 traiecto

1002 1298 1094 1325 statim
1112 1297 1181 1325 ireto
1198 1297 1386 1332 Bithyniorum
1403 1297 1431 1324 in
1451 1297 1546 1324 urbem
1576 1296 1733 1331 primariam
1762 1303 1791 1323 se

1003 1343 1118 1371 confert.
1136 1342 1187 1370 Ubi
1206 1350 1269 1370 cum
1297 1343 1439 1370 didicisset
1452 1343 1557 1369 intendi
1580 1342 1718 1373 morbum,
1745 1348 1790 1375 pe-

1001 1390 1100 1424 jusque
1127 1389 1227 1416 habere
1247 1389 1344 1421 lilium,
1370 1393 1461 1416 monte
1488 1393 1628 1422 superato,
1656 1394 1737 1422 quem
1750 1387 1793 1412 in-

1002 1436 1108 1471 digena:
1123 1435 1234 1463 Azalam
1250 1436 1403 1466 nominant,
1422 1442 1484 1462 eum
1499 1434 1611 1462 oﬂ'endit
1628 1434 1654 1461 in
1673 1433 1792 1468 quodam

1003 1481 1171 1509 monasterio
1180 1480 1226 1508 Dei
1237 1480 1316 1508 Matri
1333 1484 1504 1511 consecrato,
1519 1479 1562 1506 cui
1578 1479 1680 1514 Alypus
1693 1484 1793 1505 nomen

1002 1532 1054 1560 est,
1072 1527 1098 1554 in
1113 1527 1266 1554 declivitate
1276 1526 1396 1559 montis;
1411 1526 1463 1553 sito
1478 1526 1526 1557 ibi,
1542 1526 1664 1559 inquam.
1682 1523 1796 1551 oﬂ‘endit

1004 1574 1088 1601 lilium
1105 1577 1191 1600 mater
1218 1576 1370 1599 extremum
1388 1572 1445 1606 jam
1476 1571 1601 1606 spiritum
1630 1571 1793 1598 trahentem.

1004 1618 1129 1646 Clamore
1152 1622 1242 1644 autetn
1272 1617 1305 1644 ad
1321 1616 1467 1644 adventum
1493 1621 1652 1644 matronaea
1677 1616 1797 1643 circum-

1004 1664 1141 1692 stantibus
1158 1663 1277 1694 sublato.
1308 1663 1444 1690 excitatus
1466 1669 1548 1697 mser,
1566 1662 1611 1688 ubi
1639 1662 1794 1688 venientem

1004 1710 1039 1738 ad
1055 1717 1084 1738 se
1097 1714 1209 1737 matrem
1230 1709 1308 1741 vidit,
1328 1708 1456 1736 vincente
1471 1708 1597 1735 merbum
1610 1707 1709 1734 aﬂ'ectu
1723 1707 1796 1734 exsi-

1005 1757 1082 1784 luite
1097 1761 1195 1789 strato,
1226 1755 1422 1791 amplexusque
1441 1759 1468 1782 et
1491 1755 1632 1782 osculatus
1658 1758 1796 1788 parentem

1005 1808 1056 1836 est,
1072 1811 1156 1838 pauca
1173 1807 1264 1830 tamen
1274 1802 1358 1830 verba
1373 1802 1440 1829 eniti
1452 1801 1557 1832 valens.
1571 1801 1672 1835 quibus
1682 1807 1697 1826 a
1710 1805 1798 1826 matre

1006 1849 1164 1884 postulabat
1179 1856 1277 1876 curare
1310 1853 1340 1875 ut
1357 1848 1402 1875 illa
1417 1848 1576 1882 dignaretur
1592 1854 1653 1874 Sese
1666 1854 1719 1872 una
1734 1853 1797 1872 eum

1007 1895 1052 1922 illa
1079 1895 1218 1922 communi
1247 1894 1342 1920 ambos
1367 1893 1509 1928 sepultura
1534 1892 1625 1920 condi.
1655 1892 1713 1919 Sub
1741 1893 1798 1918 haec

1008 1942 1105 1968 iterum
1124 1940 1274 1967 reclinatus
1288 1939 1369 1973 paulo
1386 1943 1447 1973 post
1478 1938 1555 1965 obiit.
1569 1937 1708 1964 Generosa
1735 1944 1798 1964 vero

1008 1993 1040 2013 ac
1066 1984 1243 2020 magnanima
1273 1988 1359 2010 mater
1387 1983 1470 2018 justis
1491 1984 1542 2010 rite
1556 1983 1703 2018 persolutis
1732 1982 1797 2014 lilio,

1007 2031 1136 2065 luctuque
1152 2037 1184 2057 ac
1202 2029 1396 2057 lamentatione
1411 2028 1566 2063 perfuncta,
1581 2029 1664 2056 tantis
1688 2029 1799 2063 quantis

1009 2076 1137 2112 prosequi
1153 2083 1214 2103 eam
1231 2075 1273 2101 fas
1287 2079 1314 2101 et
1325 2082 1374 2109 par
1404 2073 1456 2101 fuit
1468 2074 1547 2101 talem
1564 2073 1648 2100 tilium
1665 2074 1712 2101 tali
1729 2078 1798 2100 tem-

1009 2128 1074 2155 pore
1091 2120 1223 2147 amissum
1236 2118 1350 2145 militem
1376 2118 1459 2145 simul
1475 2123 1502 2145 et
1524 2118 1634 2150 ducent,
1651 2126 1666 2144 a
1682 2121 1817 2145 mcerore'

1008 2166 1145 2200 paulisper
1171 2172 1201 2192 se
1228 2172 1372 2196 revocans.
1401 2164 1532 2199 inclytum
1563 2164 1689 2193 Alexinm
1718 2164 1752 2190 ab
1769 2171 1798 2191 se

1008 2211 1126 2238 demittit
1149 2209 1276 2237 comitem
1295 2209 1479 2246 expeditionis
1492 2210 1651 2244 imperatori
1665 2209 1798 2236 futurum.

1009 2257 1043 2282 At
1062 2255 1107 2282 ille
1118 2254 1196 2281 matri
1221 2254 1366 2283 valedicto.
1384 2261 1436 2280 non
1452 2254 1512 2281 sine
1527 2253 1659 2281 uberibus
1672 2252 1799 2287 larrymis

170 2303 216 2329 mi
224 2302 368 2337 στρατεῖας
383 2299 525 2335 ἐπιθυμία,
537 2299 591 2326 Καὶ
599 2300 652 2335 γὰρ
666 2297 711 2334 ἦν,
725 2298 803 2333 εἴπερ
814 2307 855 2329 τις
868 2297 952 2328 ἄλλος,

1011 2301 1117 2328 duobus
1131 2301 1195 2327 hinc
1209 2298 1271 2326 inde
1286 2299 1428 2326 aﬂcctibus
1445 2298 1659 2330 distrahebatur,
1676 2302 1798 2324 tnaterna

169 2340 353 2382 φιλοπῦλεμόξ
366 2355 396 2372 τε
413 2346 461 2372 καὶ
477 2345 648 2380 φιλομήτωρ.
677 2344 801 2379 ’Δπάρεῑς
816 2343 862 2370 οὖν
878 2344 952 2369 ὲκεῖ-

170 2395 215 2420 θεν
230 2394 278 2429 τῆς
294 2393 362 2428 πρὸς
378 2392 424 2419 τὸν
441 2391 553 2427 βασιλέα
570 2391 706 2427 φερούσης
723 2391 836 2426 ἥπτετο,
863 2390 908 2416 καὶ
923 2389 955 2424 δὴ

171 2440 268 2475 φθάνει
280 2439 375 2466 τοῦτον
387 2439 451 2473 περὶ
466 2438 496 2465 τὸ
520 2438 667 2473 Δορύλαιον
683 2436 836 2470 σκηνοῦντα
853 2436 957 2463 καὶτὸν

173 2485 287 2520 στρατὸν
314 2485 525 2520 συναγείραντα.
561 2484 589 2510 '0
606 2483 636 2510 δὲ
659 2483 752 2510 τοῦτον
768 2483 830 2509 ιὸὼν
855 2482 902 2509 καὶ
930 2483 959 2508 ὲν

173 2531 324 2565 αναμι-ήπει
342 2531 388 2556 τοῦ
407 2529 509 2561 πάθους
524 2530 670 2564 γενόμενος
688 2529 816 2564 δακρύειν
830 2537 860 2554 τε
875 2527 960 2563 ἧρξα-

172 2585 202 2602 το
223 2575 270 2602 καὶ
287 2576 412 2610 περὶτῆς
438 2575 544 2602 ἐκείνου
571 2576 675 2610 μητρὸς
704 2574 883 2602 ἐπυνθάνετο.
904 2573 960 2600 Καὶ

171 2620 247 2652 τέλος
268 2620 390 2655 βιάζεται
406 2621 499 2647 τοῦτον
519 2621 588 2656 πρὸς
606 2621 655 2656 τὴν
670 2620 775 2655 μητέρα
791 2620 958 2654 παλινοστῆ-

173 2675 229 2699 σαι,
239 2666 319 2694 τοῦτο
341 2666 460 2701 φράσας,
472 2667 509 2698 ὡς
522 2666 559 2694 οὐ
576 2667 656 2694 καλόν
664 2667 722 2693 ἐστι
740 2667 841 2701 ταύτην
855 2666 901 2693 ἐπὶ
916 2674 961 2692 το-

173 2711 261 2746 σούτῳ
277 2711 388 2746 μεγέθει
406 2711 508 2743 πάθους
521 2712 680 2739 καταλιπεῖν
701 2711 908 2747 ἁπαράκλητον,
921 2711 961 2746 τῷ

173 2757 253 2783 πάθει
266 2758 351 2789 πάθος
365 2757 537 2793 προσθέντας
552 2757 590 2792 τῷ
600 2758 703 2784 ἐκείνου
720 2758 828 2793 θανάτῳ
844 2757 893 2792 τὴν
911 2756 959 2791 σὴν

173 2803 219 2829 ἐπὶ
238 2803 343 2839 μακρὸν
356 2802 522 2838 ἀποδημίαν.
547 2802 640 2830 Ταῦτα
666 2804 715 2839 μὲν
731 2801 778 2830 οὖν
792 2804 806 2830 ὁ
822 2802 959 2838 βασιλεύς.

1010 2347 1136 2374 videlicet
1163 2345 1297 2372 charitate
1320 2349 1347 2371 et
1377 2344 1493 2379 juvenili
1515 2345 1614 2372 artiore
1640 2343 1798 2375 militandi;

1010 2400 1098 2427 neque
1115 2392 1188 2419 enim
1206 2396 1266 2418 erat
1292 2391 1375 2422 ullus,
1401 2390 1444 2417 cui
1462 2391 1502 2417 vel
1524 2391 1624 2424 pietate
1640 2390 1667 2416 in
1685 2393 1798 2415 matrem

1010 2439 1051 2465 vel
1068 2445 1200 2473 generoso
1223 2436 1277 2472 35
1291 2436 1449 2464 bellicarum
1465 2443 1557 2462 rerum
1576 2434 1669 2463 studio
1679 2434 1798 2461 cederet.

1010 2483 1073 2510 Inde
1085 2483 1165 2517 igitur
1191 2483 1329 2516 proiectus
1346 2482 1380 2509 ad
1405 2482 1598 2516 imperatorem
1618 2481 1718 2514 reperit
1735 2488 1798 2507 eum

1011 2532 1174 2563 congregato
1201 2527 1258 2562 jam
1281 2527 1402 2554 exercitu
1428 2526 1527 2554 stativa
1543 2526 1616 2552 circa
1647 2526 1799 2559 Dorylaeum

1011 2574 1174 2606 habentem;
1188 2573 1233 2607 qui
1246 2573 1339 2599 Alexio
1353 2573 1412 2600 viso
1422 2572 1578 2600 admonitus
1591 2571 1637 2598 illo
1652 2575 1800 2604 conspectu

1010 2617 1044 2644 de
1059 2625 1122 2644 casu
1134 2618 1278 2648 Manuclis,
1293 2625 1346 2644 non
1364 2617 1448 2643 tenuit
1461 2617 1607 2652 lacrymas,
1617 2620 1644 2643 et
1660 2616 1699 2642 uti
1714 2621 1801 2642 mater

1012 2663 1123 2690 haberet
1140 2667 1316 2696 percontatus
1340 2667 1390 2690 est.
1410 2662 1449 2689 Ac
1469 2662 1578 2689 laudent
1591 2662 1701 2689 omnino
1714 2661 1800 2694 impe-

1012 2714 1054 2737 rat
1079 2709 1113 2736 ad
1131 2714 1247 2736 matrem
1274 2709 1364 2744 ipsulm
1398 2709 1509 2741 reverti,
1534 2708 1663 2743 prml'alus
1691 2712 1802 2740 aequum

1012 2763 1065 2782 non
1081 2763 1141 2783 esse
1156 2755 1229 2782 illam
1247 2755 1274 2781 in
1298 2756 1343 2781 tali
1363 2762 1480 2782 mmrore
1492 2753 1690 2781 consolationis
1702 2759 1800 2786 exper-

1012 2804 1065 2829 tem
1081 2802 1170 2829 onmis
1191 2801 1362 2836 relinquere:
1383 2800 1437 2828 imo
1457 2808 1529 2828 novo
1545 2800 1638 2828 dolore
1655 2807 1670 2827 a
1684 2806 1726 2826 me
1740 2798 1805 2833 Ipso

687 2869 790 2901 Caroli
813 2870 859 2899 Du
878 2869 995 2900 Fresne
1016 2870 1064 2900 Du
1080 2869 1185 2908 Gange
1208 2870 1300 2899 notae.

210 2944 265 2980 (Π)
281 2941 372 2980 Ἔρος
387 2945 565 2980 ἀρχομένου,
580 2945 632 2975 An.
651 2945 715 2973 Chr.
738 2945 815 2972 l07l.
