2037 3151
161 267 193 298 ’Π
758 261 943 292 HISTORIA

1004 261 1032 290 M
1053 261 1125 291 LIB.
1148 261 1172 290 Ι.
1742 261 1776 290 78

159 323 210 358 τὴν
226 321 359 357 βασιλίδος
375 321 495 357 ἐχώρουν
516 300 629 356 σκηνήν.
658 319 687 346 ἸΙ
707 319 736 345 δὲ
757 318 802 345 τοῦ
826 318 942 354 θορύϐου

1001 318 1198 352 romphmarum
1213 316 1382 351 aliorumque
1395 325 1533 345 armorum
1549 317 1664 346 invicem
1682 317 1716 346 de
1737 327 1780 345 III-

161 368 273 402 καὶτῆς
300 367 424 402 κραυγῆς
443 366 592 402 αἰσθομένη
614 365 676 392 οὐδὲ
692 363 812 399 καθεκτὴ
830 364 870 390 ἔτι
890 361 944 398 ἦν,

159 413 228 439 ἀλλὰ
245 413 296 447 τῆς
319 413 440 448 κεφαλῆς
457 412 635 447 περιελομένη
653 411 683 437 τὸ
701 410 834 445 κάλυμμα
857 409 902 436 ἐπί
917 418 944 436 τι

159 457 262 492 οἴκημα
278 458 373 484 ἄδυτον
386 458 504 492 ἐμφερὲς
521 457 645 493 σπηλαίῳ
659 455 781 491 ἐξώρμα.
794 456 849 482 Καὶ
865 456 881 489 ἡ
896 455 945 489 μὲν

160 503 280 529 ἐδεδύκει
293 503 332 537 τῷ
351 503 464 538 φωλεῷ,
482 504 506 530 oi
524 503 552 529 δὲ
569 496 811 537 περιειστήὲιεισαν
834 501 864 527 τὸ
886 501 945 527 στό-

162 557 222 583 μιον
234 549 412 580 ἀλαλάζοντες
426 549 473 576 καὶ
488 548 569 583 φόϐον
585 548 713 583 μέγιστον
729 547 799 582 αὐτῇ
812 546 946 572 ἐπισείον-

159 601 216 624 τες.
233 593 288 619 Καὶ
304 593 403 628 μικροῦ
417 594 450 621 ἂν
460 594 612 628 ἐτεθνήκει,
627 593 652 619 εἰ
667 592 704 627 μὴ
715 593 845 627 ὁΚαῖσαρ
855 592 946 623 εἰσδὺς

159 638 190 664 τὸ
203 639 270 665 πολὺ
284 638 331 665 τοῦ
342 639 426 674 φόϐου
437 639 505 674 αὐτῇ
516 638 669 665 διελύσατο.
683 637 866 672 Ξυνεὸούλευε
880 637 945 671 γοῦν

160 683 270 711 ἀπιέναι
282 685 336 711 τῶν
347 685 506 720 ἀνακτόρων
521 684 616 719 αὐτὴν,
638 683 676 718 μὴ
691 684 739 710 καὶ
755 683 829 718 πάθῃ
847 692 874 709 τι
893 682 946 710 τῶν

160 728 319 763 ἀνηκέστων
346 730 412 764 πρὸς
429 730 483 755 τῶν
500 729 639 763 φυλάκων.
667 729 700 755 Ἢ
726 729 754 755 δὲ
776 729 900 755 ἐπείθετό
916 737 947 754 τε

161 774 207 799 καὶ
225 774 321 809 κατῄει
343 775 381 805 ὡς
395 775 442 800 ἐπὶ
467 774 616 807 θάλασσαν,
639 774 686 801 καὶ
701 775 741 806 εἱς
758 774 803 801 τὸν
820 774 946 809 δρόμωνα

160 817 206 844 τὸν
231 818 370 853 βασιλικὸν
392 819 551 846 εἰσελθοῦσα
570 819 653 855 ἀπῄει
673 819 737 846 ἔνθα
756 820 841 846 οίκείν
864 828 948 846 χαίτας

161 862 283 896 κέκριτο,
302 865 342 895 εἰς
357 865 426 899 ὅπερ
441 864 511 900 αὕτη
533 865 635 902 δηλαδὴ
650 865 698 891 τοῦ
715 865 813 891 Στενοῦ
829 865 897 899 πρὸς
912 866 945 900 τῇ

162 906 284 945 θαλάσσῃ
298 910 410 944 τέμενος
427 912 460 945 τῇ
475 910 602 946 Θεοτόκῳ
630 911 768 946 ἰδρύσατο.
794 910 878 937 Οὒπω
898 919 946 936 συ-

161 955 222 988 χνὸς
249 955 392 991 παρερῤὑη
413 956 525 991 καιρὸς,
551 957 597 983 καὶ
621 956 747 992 δεύτερον
777 956 838 982 κατ’
863 956 947 990 αὐτῆς

996 363 1102 390 dustria
1125 363 1283 390 collisorum
1307 364 1425 390 territice
1442 364 1586 391 miscentes
1603 364 1636 391 ad
1653 365 1781 399 Augustin

998 409 1200 436 tabernaculum
1214 416 1244 436 se
1258 408 1412 436 conferunt.
1427 408 1473 435 llla
1481 409 1597 436 tumultu
1613 410 1783 444 strepituque

998 454 1090 481 audito
1114 454 1308 481 incredibiliter
1334 458 1508 481 consternata
1534 459 1592 486 est,
1621 462 1669 481 nec
1696 456 1781 482 teneri

998 499 1085 534 potuit
1107 499 1172 533 quin
1197 500 1315 534 tegmine
1339 500 1434 534 rapitis
1452 500 1573 526 detracto
1591 500 1617 526 iu
1632 501 1780 527 obscurum

997 545 1167 580 gurgustium
1195 545 1332 579 speluncae
1361 553 1414 571 non
1442 545 1566 572 alisiiuile
1591 552 1650 572 sese
1676 546 1782 580 trepido

997 591 1122 622 abderet.
1139 591 1183 618 ubi
1198 591 1364 618 delitescenti
1386 591 1485 618 milites
1509 591 1664 619 obsidentes
1677 592 1781 619 aditum

998 637 1048 664 loci
1072 637 1174 664 ululatu
1192 637 1332 664 incondito
1359 641 1464 664 tantum
1491 638 1602 664 terroris
1629 637 1781 668 incussere.

999 689 1093 716 parum
1109 687 1137 709 ut
1153 689 1168 708 ιι
1185 687 1271 708 morte
1283 690 1316 709 ex
1334 687 1406 708 metu
1429 681 1513 708 nimio
1533 681 1659 708 abfutura
1678 681 1784 709 videre-

999 732 1053 759 tur,
1077 727 1128 754 nisi
1149 727 1241 754 Caesar
1267 727 1406 761 iugresws
1431 734 1556 759 magnam
1582 726 1606 753 ei
1630 726 1784 754 formidinis

1000 776 1102 806 partem
1120 773 1260 799 demeret:
1279 774 1325 806 qui
1340 772 1363 798 ei
1381 777 1477 799 auctor
1499 772 1550 800 fuit
1571 772 1688 800 exeundi
1706 772 1784 807 pala—

998 818 1048 850 tio,
1067 825 1101 844 ne
1123 818 1185 850 quid
1210 817 1339 845 acerbum
1356 818 1530 852 iudignumve
1545 826 1560 845 a
1577 818 1708 846 militibus
1723 818 1784 853 ejus

999 864 1159 891 custodibus
1187 868 1335 898 pateretur.
1366 863 1552 898 Acquiescens
1580 863 1641 898 ejus
1668 864 1784 891 consilio

1000 911 1119 944 Augusta
1137 909 1276 936 descendit
1291 915 1365 935 mare
1383 915 1478 935 versus
1496 912 1522 935 et
1544 909 1648 944 regium
1669 909 1782 936 dromo-

1001 963 1061 982 nem
1075 955 1195 989 ingressa
1209 962 1242 981 co
1256 962 1285 982 se
1300 954 1431 986 contulit,
1447 954 1492 981 ubi
1509 954 1619 982 definita
1642 955 1692 990 ipsi
1706 955 1784 983 habi-

159 999 248 1034 δόγμα
261 1002 364 1034 γίνεται
380 1003 420 1033 εἰς
436 1002 484 1037 τὴν
505 1003 652 1038 μοναδικὴν
667 1002 752 1037 αὐτὴν
768 1001 947 1037 μετατεθῆναι

1001 1000 1066 1026 latio
1080 1003 1147 1026 erat.
1163 998 1266 1034 Nempe
1290 1000 1316 1026 in
1337 999 1477 1031 templum,
1494 1000 1567 1033 quod
1589 999 1648 1034 ipsa
1665 999 1786 1034 Deiparre

160 1044 242 1080 ζωήν.
260 1047 312 1072 Καὶ
328 1048 428 1074 αὐτίκα
444 1049 475 1082 δὴ
489 1049 536 1075 καὶ
557 1048 635 1074 τοῦτο
650 1047 801 1074 τετέλεστο.
819 1046 900 1072 Ἀλλὰ
915 1045 948 1071 τὰ

162 1091 212 1125 μὲν
227 1092 299 1119 κατὰ
315 1093 364 1128 τὴν
379 1093 504 1128 βασιλίδα
521 1094 562 1124 εἰς
583 1093 661 1119 τοῦτο
678 1086 857 1119 συντέτακται
877 1091 946 1126 (Ἢ).

1003 1045 1176 1077 condiderat,
1191 1044 1266 1072 Steni
1290 1045 1348 1072 sive
1372 1046 1559 1079 angustiarum
1573 1044 1675 1072 dictum
1686 1064 1694 1077 ,
1712 1045 1784 1079 quod

1004 1090 1036 1116 ad
1053 1089 1113 1116 freti
1129 1089 1222 1117 fauces
1238 1097 1321 1124 prope
1338 1097 1413 1116 mare
1427 1090 1509 1117 situm
1525 1094 1608 1118 esset.
1625 1089 1716 1124 Neque
1730 1089 1786 1116 illic

162 1143 251 1166 tamen
265 1139 310 1167 diu
327 1147 387 1168 esse
403 1140 451 1174 ipsi
467 1141 565 1174 quieta:
581 1141 672 1172 licuit;
699 1140 773 1167 brevi
809 1140 881 1167 enim
913 1139 1028 1166 alterum
1061 1138 1200 1165 decretum
1222 1136 1342 1170 exsutit,
1358 1146 1413 1174 quo
1447 1139 1593 1173 jubebatur
1617 1138 1733 1166 transire
1759 1139 1786 1165 in

161 1186 357 1221 professionem
381 1188 442 1214 vitae
470 1188 639 1220 monasticae,
662 1188 733 1222 quod
760 1191 788 1214 et
816 1187 948 1214 continuo
987 1185 1156 1214 exsecutioni
1191 1186 1348 1213 mandatum
1364 1191 1416 1213 est.
1431 1185 1459 1212 in
1478 1186 1548 1212 hunc
1560 1185 1668 1213 modqu
1685 1185 1718 1213 de
1735 1185 1786 1212 itu-

161 1233 295 1267 peratriee
309 1238 428 1261 statuere
442 1234 541 1268 placuit
555 1235 616 1261 novi
633 1234 773 1269 regiminis
788 1233 1018 1261 moderatoribus.

197 1281 251 1305 xa'.
281 1279 408 1314 Διογένης
432 1280 455 1306 δ’
481 1281 496 1306 ὀ
528 1279 656 1314 βασιλεὺς
681 1281 731 1315 τῆς
759 1280 950 1315 αἰχμαλωσίας

160 1325 305 1357 ἀπολυθεὶς
319 1326 405 1352 δεινὸν
418 1327 510 1361 ἡγεῖτο
525 1328 548 1352 εἰ
570 1327 608 1361 μὴ
628 1326 706 1358 αὖθις
722 1328 772 1362 τῆς
787 1328 875 1362 ἀρχῆς
886 1328 948 1353 ἐπι-

160 1369 281 1396 λάϐοιτο.
301 1371 356 1397 Καὶ
370 1371 402 1407 δὴ
418 1372 536 1407 πέμπων
551 1373 591 1404 εἰς
607 1373 657 1403 τὰς
676 1373 834 1407 ἁπανταχοῦ
857 1372 948 1404 πόλεις

162 1416 209 1443 καὶ
226 1416 317 1452 χώρας
332 1418 529 1453 στρατεύματά
539 1427 568 1444 τε
585 1419 745 1453 συνήθροιζε
759 1419 806 1446 καὶ
818 1420 950 1454 χρήματα

164 1463 369 1497 εἰσεπράττετο.
387 1464 456 1498 Ἤδη
475 1463 502 1490 δὲ
513 1463 632 1498 πλήθους
647 1463 721 1498 αὐτῷ
734 1464 949 1499 συνερρυηκότος

163 1507 350 1542 στρατηγικῆς
367 1508 507 1542 φάλαγγος
521 1508 551 1534 τὸ
570 1508 615 1534 διὰ
636 1509 726 1543 πάσης
742 1508 864 1543 γλώττης
882 1508 948 1543 βοώ-

164 1560 244 1587 μενον
260 1553 392 1587 πόλισμα,
408 1553 481 1588 φημὶ
499 1553 527 1580 δὲ
545 1554 593 1588 τὴν
614 1554 774 1589 Ἀμὰσειαν,
792 1555 860 1588 μετὰ
879 1563 949 1581 παν-

163 1597 209 1627 τὸς
235 1598 282 1624 τοῦ
311 1598 492 1633 στρατοπέδου
519 1598 737 1633 καταλαμὸάνει.
763 1598 845 1625 Ἀλλὰ
868 1599 947 1626 τοῦτο

1037 1280 1083 1307 21.
1100 1281 1251 1316 Imperator
1266 1284 1355 1306 autem
1371 1279 1504 1313 Diogenes
1519 1279 1678 1313 captivitate
1689 1278 1789 1306 libera-

1003 1330 1056 1358 tus,
1075 1326 1211 1361 iniquum,
1225 1333 1276 1353 nec
1291 1325 1460 1352 tolerandum
1479 1324 1664 1351 arbitrabatur
1680 1324 1787 1352 excludi

1002 1379 1031 1398 se
1050 1371 1224 1406 possessione
1243 1371 1420 1405 principatus.
1445 1369 1535 1402 Quare
1556 1370 1648 1397 missis
1661 1377 1788 1405 quoquo-

1002 1425 1110 1444 versum
1127 1418 1153 1444 in
1167 1417 1291 1444 civitates
1304 1421 1330 1444 et
1346 1418 1511 1451 provincias.
1526 1417 1572 1451 qui
1590 1417 1683 1451 copias
1700 1422 1727 1443 et
1741 1423 1788 1450 pe-

1001 1463 1098 1490 cunias
1114 1463 1293 1497 undecunque
1307 1469 1446 1496 cogerent,
1463 1462 1507 1489 ubi
1529 1461 1681 1489 conﬂuente
1696 1461 1789 1488 multi-

1002 1509 1095 1536 tudine
1117 1508 1221 1543 justum
1239 1508 1390 1536 exercitum
1417 1508 1491 1535 brevi
1516 1507 1643 1542 collegit,
1668 1514 1731 1534 cum
1754 1514 1788 1534 eo

1003 1554 1135 1582 celebrem
1162 1555 1188 1581 in
1214 1554 1310 1589 primis
1335 1554 1429 1581 urbem
1446 1554 1590 1581 Amaseam
1617 1553 1714 1580 tenuit.
1730 1551 1788 1580 Hoc

1001 1600 1094 1628 audito
1108 1601 1255 1634 imperator
1268 1604 1292 1627 et
1302 1599 1356 1635 47
1364 1599 1456 1627 Cmsar
1473 1599 1629 1634 cogitabant
1643 1606 1724 1633 quem
1738 1599 1786 1625 ad-

166 1643 297 1677 μαθόντες
313 1645 337 1670 οἱ
359 1645 423 1679 περί
437 1644 483 1671 τὸν
506 1644 619 1678 βασιλέα
642 1653 672 1670 τε
691 1644 738 1671 καί
757 1644 803 1670 τδν
821 1645 947 1680 Καίσαρα

1002 1653 1098 1673 versus
1105 1653 1166 1673 cum
1178 1646 1326 1673 mitterent.
1336 1645 1456 1672 Tandem
1467 1645 1567 1679 placuit
1578 1644 1787 1679 Andronieoju-

162 1688 296 1715 ἐσκόπουν
309 1689 369 1715 τινα
383 1689 470 1725 τούτῳ
485 1690 631 1717 ἀντίπαλον
649 1691 859 1725 καταστήσειαν.
878 1691 951 1717 'E6a-

163 1733 208 1766 ξεν
227 1734 274 1761 οὖν
293 1735 347 1762 τῶν
373 1735 421 1761 τοῦ
440 1736 578 1771 Καίσαρος
599 1736 679 1762 υἰέων
705 1736 745 1770 τῷ
772 1737 898 1771 νεωτέρῳ
919 1736 950 1763 τὸ

168 1777 320 1813 Ῥωμαϊκὸν
347 1779 484 1806 πιστεύειν
511 1781 706 1816 στρατόπεδον,
729 1781 806 1816 ἀνδρὶ
827 1782 875 1808 καὶ
900 1781 950 1816 τὴν

164 1825 244 1858 χεῖρα
263 1825 378 1861 γενναίῳ
398 1826 445 1852 καὶ
459 1826 509 1861 τὴν
532 1827 639 1853 σύνεσιν
657 1826 713 1859 ὀξεῖ
734 1835 763 1853 τε
780 1827 827 1853 καὶ
844 1827 950 1862 θαυμα-

164 1871 223 1905 σίῳ.
252 1871 280 1897 ὐ
300 1872 329 1898 δὲ
354 1873 403 1904 τὰς
427 1873 556 1908 δυνάμεις
579 1873 669 1900 λαϐὼν
696 1874 793 1908 ἐχώρει
817 1874 887 1900 κατὰ
903 1875 950 1900 τοῦ

163 1917 318 1951 Διογένους,
346 1919 393 1944 καὶ
421 1919 507 1953 ἀγχοῦ
531 1920 603 1946 κατὰ
625 1919 674 1954 τῆς
701 1919 849 1954 Ἀμασείας
872 1919 949 1953 γενό-

165 1971 244 1997 μενος
268 1964 366 1998 πρῶτα
383 1964 433 1998 μὲν
448 1965 549 1999 συνῆγε
565 1965 595 1991 τὸ
615 1965 775 1999 στράτευμα
795 1965 842 1991 καὶ
865 1965 950 1999 ἀκρο-

163 2008 303 2043 ϐολισμοῖς
327 2010 442 2044 ἐχρῆτο,
468 2011 515 2036 καὶ
537 2011 628 2037 πάντα
647 2010 747 2044 τρόπον
767 2010 949 2044 ἐμηχανᾶτοῆ

163 2054 288 2088 αἱρήσειν
300 2054 346 2080 τὸν
357 2054 487 2088 Διογένην
501 2054 518 2088 ἢ
532 2054 669 2086 ὲξελάσειν
680 2055 730 2088 τῆς
743 2048 854 2086 πόλεως.
880 2054 907 2080 '0
922 2055 949 2080 δὲ

165 2099 403 2133 στενοχωρούντων
422 2099 475 2126 τῶν
501 2100 672 2135 πραγμάτιον
691 2100 765 2134 αὐτῷ
789 2100 948 2134 ἠναγκάσθη

164 2145 214 2174 τὰς
224 2144 353 2178 δυνάμεις
368 2145 514 2179 ἐξαγαγεῖν
528 2145 575 2171 καὶ
588 2145 812 2179 παρατάττεσθαι
824 2145 891 2179 πρὸς
904 2145 949 2171 τὸν

163 2189 262 2217 Δοῦκα.
277 2190 426 2223 Μίγνυνται
441 2190 486 2216 οὖν
502 2190 644 2225 ἀμφότερα
659 2190 692 2215 τὰ
707 2190 886 2225 στρατόπεδα,
901 2191 949 2216 καὶ

164 2235 309 2260 πίπτουσιν
322 2235 490 2270 ἑκατέρωθεν
508 2236 629 2262 πλεῖστοι
643 2234 697 2261 τῶν
710 2235 868 2269 στρατηγῶν
881 2235 947 2260 ἐκα-

163 2280 250 2315 τέρων
275 2281 401 2314 γενναίως
414 2281 636 2315 ἀγωνιζομένων.
651 2280 782 2314 Φεύγουσι
796 2280 818 2306 δ’
835 2280 908 2314 ὅμως
923 2280 947 2306 οἰ

164 2326 285 2360 περίγτὸν
304 2326 450 2360 Διογένην,
473 2326 519 2351 τοῦ
543 2325 633 2352 Δούκα
655 2324 860 2351 Κωνσταντίνου
884 2333 947 2358 γεν-

164 2371 304 2405 ναιότερον
323 2370 525 2406 προσϐαλόντος
537 2371 592 2402 τοῖς
607 2370 677 2397 κατὰ
696 2370 821 2405 μέτωπον
838 2370 949 2404 ἱσταμέ-

164 2424 219 2446 νοις
239 2417 285 2443 καί
300 2415 349 2451 τὴν
368 2416 481 2447 ἐκείνων
494 2416 651 2450 ὡθήσαντος
668 2416 805 2450 φάλαγγα.
829 2415 949 2442 Πίπτου-

166 2469 208 2487 σιν
223 2460 268 2487 οὖν
286 2462 378 2488 πολλοί
394 2462 448 2488 τῶν
463 2463 526 2497 περὶ
545 2462 589 2488 τὸν
613 2463 754 2498 Διογένην,
772 2462 815 2498 [Ρ.
840 2463 885 2499 54]
900 2464 949 2489 αὺ-

165 2507 210 2538 τδς
229 2507 257 2533 δὲ
275 2508 415 2542 διαφεύγει
442 2508 490 2534 καὶ
516 2509 564 2534 σὺν
588 2507 689 2542 ὀλίγοις
712 2509 767 2540 τοῖς
790 2509 853 2542 περὶ
868 2509 950 2536 αὑτὸν

165 2553 205 2584 είς
228 2562 255 2579 τι
274 2553 392 2579 κλείεται
420 2554 560 2589 φρούριον.
588 2554 672 2580 Τοῦτο
699 2554 807 2588 πρῶτον
833 2555 950 2589 θάρσους

165 2600 251 2626 αἴτιον
266 2601 321 2630 τοῖς
348 2600 412 2633 περὶ
439 2601 484 2627 τὸν
507 2599 617 2634 βασιλέα
634 2599 742 2634 Μιχαὴλ
761 2601 881 2633 γίνεται,
903 2602 950 2626 καὶ

165 2646 293 2679 Διογένης
307 2644 432 2670 ἐντεῦθεν
446 2645 533 2680 ἀρχὴν
550 2645 683 2680 λαμὸάνει
698 2645 747 2679 τῆς
764 2645 948 2677 καταλύσεως.

166 2689 222 2714 Καὶ
239 2688 309 2714 ἑάλω
330 2688 362 2714 ἂν
382 2687 479 2714 αὐτίκα
492 2709 500 2720 ,
514 2689 538 2714 εί
558 2690 595 2724 μή
609 2697 635 2715 τι
650 2689 714 2715 ἄλλο
734 2690 947 2717 συνεπεπτώκει.

173 2732 255 2767 Ἀνὴρ
269 2733 322 2766 γάρ
334 2741 375 2763 τις
394 2731 423 2764 ἐξ
449 2733 593 2766 Ἀρμενίας
611 2734 641 2758 τὸ
657 2733 734 2766 γένος
747 2733 885 2765 ἀνέλκων,
902 2735 949 2770 τὴν

167 2777 279 2813 γνώμην
309 2777 411 2813 βαθὺς,
441 2778 490 2813 τὴν
518 2779 598 2812 χεῖρα.
625 2781 746 2812 γενναῖος
771 2780 785 2805 ὁ
811 2780 951 2807 Κουτατά-

1002 1691 1072 1719 niori
1088 1692 1202 1719 Caesaris
1216 1691 1271 1718 filio
1281 1711 1289 1724 ,
1304 1691 1363 1718 viro
1388 1699 1470 1718 manu
1488 1690 1549 1718 forti
1567 1690 1740 1725 expeditique
1755 1697 1788 1717 ac

1001 1739 1117 1772 prompti
1135 1745 1185 1765 nec
1201 1737 1291 1764 minus
1304 1737 1362 1765 sani
1380 1737 1496 1770 consilii,
1513 1737 1664 1764 ltomanntn
1681 1737 1788 1764 exerci-

1002 1787 1058 1810 tum
1075 1783 1241 1811 ductaudunt
1258 1783 1377 1810 tradere.
1396 1782 1519 1817 Sumptis
1541 1783 1623 1817 igitur
1637 1783 1680 1810 hic
1694 1790 1786 1810 secum

1001 1828 1088 1863 copiis
1113 1833 1207 1856 contra
1231 1828 1378 1863 Diogenem
1407 1829 1508 1861 movit,
1535 1834 1734 1863 provectusque
1759 1828 1788 1855 in

1001 1874 1127 1901 viciniam
1139 1874 1281 1902 Amasence
1296 1874 1424 1906 civitatis,
1437 1879 1532 1901 coacto
1549 1875 1575 1901 in
1590 1882 1674 1901 unum
1687 1876 1789 1908 corpus

1001 1918 1131 1951 exercitu,
1143 1919 1348 1953 velitationibus
1361 1920 1512 1947 lacessebat
1527 1919 1645 1952 hostem,
1655 1919 1788 1953 omnique

1001 1965 1108 1991 ratione
1126 1966 1277 1992 conabatur
1294 1970 1342 1993 aut
1356 1973 1454 1999 capere
1467 1971 1514 1993 aut
1529 1965 1596 1992 urbe
1611 1965 1711 1999 pellere
1727 1964 1788 1992 Dio-

1001 2017 1096 2043 genem
1112 2018 1119 2036 :
1132 2010 1178 2044 qui
1194 2010 1221 2036 in
1238 2014 1314 2038 arcto
1331 2010 1527 2044 deprehensus,
1540 2014 1652 2038 coactus
1667 2014 1709 2037 est
1721 2010 1789 2037 edu-~

1001 2061 1064 2082 cere
1083 2062 1147 2082 suas
1171 2055 1263 2089 copias
1288 2059 1315 2082 ct
1338 2049 1422 2090 praelii
1447 2056 1554 2090 copiam
1583 2055 1664 2082 Durm
1687 2055 1786 2083 facere.

1001 2099 1149 2127 Miscentur
1164 2108 1229 2136 ergo
1243 2101 1323 2128 ambo
1337 2102 1491 2133 exercitus,
1515 2101 1671 2134 caduntque
1696 2101 1787 2127 utrin-

1001 2153 1055 2180 que
1069 2146 1188 2179 plurimi,
1204 2146 1319 2174 duribus
1343 2146 1466 2180 utrisque
1488 2153 1619 2180 generose
1642 2146 1788 2180 pugnanti-

1001 2193 1060 2219 bus.
1079 2191 1196 2226 Fugiunt
1221 2195 1310 2218 tamen
1338 2191 1370 2218 ad
1397 2196 1550 2218 extremum
1568 2190 1737 2226 Diogeniani,
1753 2190 1788 2217 ad

1002 2237 1027 2264 id
1044 2237 1214 2272 potissimum
1240 2237 1349 2272 impulsi
1372 2237 1569 2264 vehementiori
1596 2236 1787 2271 impressione.

1001 2290 1054 2316 qua
1068 2283 1263 2310 Constantinus
1277 2282 1367 2310 Ducas
1390 2283 1417 2310 in
1444 2282 1560 2309 frontem
1580 2282 1702 2316 ipsorum
1718 2282 1787 2309 aciei

1003 2327 1130 2355 ferociter
1152 2329 1294 2361 invectus,
1322 2329 1484 2364 phalangem
1507 2328 1568 2355 loco
1594 2328 1687 2354 movit.
1702 2327 1787 2354 Caesis

1003 2372 1084 2406 igitur
1099 2373 1190 2400 multis
1205 2380 1237 2400 ex
1253 2379 1328 2407 parte
1346 2373 1472 2407 Diogenis
1483 2394 1490 2405 ,
1514 2372 1583 2408 fugit
1603 2373 1662 2407 ipse
1677 2379 1708 2398 ac
1723 2379 1788 2399 cum

1004 2418 1097 2452 paucis
1120 2419 1146 2444 in
1170 2425 1259 2445 arcem
1286 2425 1316 2445 se
1341 2419 1486 2453 quamdam
1504 2419 1624 2445 inclusit.
1641 2418 1678 2444 Ea
1700 2417 1787 2452 prima

1003 2463 1071 2490 bene
1095 2465 1220 2498 sperandi
1246 2464 1280 2491 de
1306 2472 1411 2490 sunnna
1436 2463 1498 2490 belli
1526 2472 1608 2490 causa
1631 2464 1720 2490 oblata
1745 2470 1789 2490 est

1004 2509 1141 2536 tuentibus
1152 2508 1289 2536 Michaelis
1301 2513 1391 2543 partes
1405 2508 1535 2543 exiliique
1548 2508 1654 2535 initium
1668 2507 1787 2535 indidem

1005 2554 1076 2581 haud
1100 2555 1182 2581 dubie
1203 2554 1335 2590 Diogenes
1360 2555 1490 2588 sumpsit.
1508 2555 1594 2589 Atque
1609 2555 1677 2582 adeo
1693 2559 1787 2588 Captus

1002 2600 1093 2626 statim
1111 2605 1192 2632 esset,
1209 2601 1259 2627 nisi
1273 2601 1401 2635 quiddam
1420 2601 1562 2628 accidiSSet
1577 2600 1648 2634 quod
1664 2607 1726 2626 mox
1744 2608 1787 2625 re-

1003 2645 1097 2672 feram.
1128 2645 1173 2672 Vir
1197 2651 1256 2673 erat
1280 2647 1414 2674 oriundus
1436 2654 1469 2674 ex
1494 2646 1640 2678 Armenia,
1659 2645 1786 2679 profundi

1002 2691 1120 2722 consilii,
1139 2699 1219 2717 manu
1240 2697 1397 2726 promptus,
1414 2692 1590 2719 Cluttatarius
1606 2691 1734 2721 nomine;
1763 2689 1786 2716 is

1003 2738 1159 2771 magistratu
1174 2739 1291 2772 quodam
1310 2745 1365 2766 uno
1378 2746 1410 2766 ex
1426 2739 1552 2765 maximis
1565 2745 1578 2764 ο
1597 2737 1712 2771 Diogene
1729 2741 1786 2762 tum

1003 2782 1145 2817 imperium
1164 2782 1372 2812 administrante
1398 2789 1521 2816 ornatus,
1546 2789 1605 2809 eam
1620 2780 1786 2809 benefactuti

657 2846 760 2878 Caroli
780 2848 830 2878 Du
852 2848 972 2880 Fresnc
990 2851 1038 2881 Du
1055 2851 1159 2891 Gange
1177 2855 1270 2882 notae.

204 2923 258 2957 (2t)
276 2922 422 2961 Eudociam
446 2922 472 2948 in
506 2920 701 2961 monasterium
735 2921 846 2961 al}_ipsa
883 2923 1090 2957 exaedificatum,
1125 2924 1168 2952 cui
1201 2925 1337 2961 Πιπεροὺς
1366 2933 1464 2954 nomen
1495 2924 1556 2959 fuit,
1585 2926 1743 2957 remissam,
1761 2927 1787 2952 in

168 2955 254 2994 eoque
272 2959 403 2985 reclusam
421 2961 532 2984 narrant
547 2957 623 2982 Auua
641 2955 659 2982 |.
677 2964 702 2982 ix
720 2960 746 2982 et
760 2955 900 2991 Svylilzes.
