2037 3151
134 250 181 283 101

731 249 968 279 IIISTORIARU
976 249 1000 278 M
1024 250 1092 279 LIB.
1118 249 1157 278 ll.

1699 249 1750 282 10%

132 307 185 333 τῶν
198 315 256 333 τινα
271 307 317 340 τῆς
329 307 465 340 φάλαγγος
480 306 606 340 ἀδικῆσαι
625 306 750 341 μεγάλως
765 307 818 332 τῶν
829 306 911 340 ἐγχωι

966 307 1044 339 lange
1054 306 1155 332 Gallica
1168 305 1319 332 vehementi
1334 305 1431 333 hedere
1446 305 1543 339 injuria
1562 305 1747 339 indigenarum

134 353 198 386 ρίων
214 353 284 383 τινὰ,
302 353 315 377 ὁ
327 352 354 378 δὲ
365 352 402 386 τῷ
415 352 560 387 στρατηγῷ
575 352 733 386 προσελθὼν
747 352 780 378 τὰ
794 352 844 386 τῆς
858 352 915 378 ἁδι-

132 397 194 428 κίας
207 397 366 429 κατεσοᾶτο,
382 397 427 423 καὶ
449 398 462 423 ὸ
477 397 629 431 στρατηγὸς
648 398 738 431 ἐζήτει
758 397 803 423 τὸν
818 397 913 432 ἀδική-

133 451 216 468 σαντα
228 444 257 468 ἐν
271 442 346 477 μέσῳ
357 443 474 477 ἀχθῆναι
488 450 496 458 ο
515 442 594 469 τοῦτο
612 443 747 477 πρόφασις
761 443 800 477 τῷ
812 443 916 476 0-5956-

131 488 182 523 λίῳ
207 488 258 522 τῆς
273 488 449 519 ἀποστάσεως
471 489 587 522 γίνεται.
619 489 673 514 Καὶ
708 487 916 522 στρατοπεδεύει

133 532 183 565 μὲν
198 531 251 564 ἔξω
265 532 314 565 τῆς
331 531 506 566 πιρεμϐολῆς
520 531 756 566 ἐπαγγελλόμενος
772 532 813 562 είς
827 531 916 557 νέωτα

132 575 259 618 egit-716m
269 577 336 611 πρὸς
350 576 381 603 τὺ
392 577 584 612 στρατόπεδον,
598 577 662 612 περὶ
672 577 701 603 δέ
717 577 801 611 μέσας
816 577 916 608 νύκτας

131 622 201 658 ἄρας
224 623 274 657 τὴν
297 623 424 656 φάλαγγα
442 622 496 649 τῶν
520 623 632 649 Κελτῶν
658 623 841 656 ἀπεδίδρασκε
869 623 916 649 καὶ

132 668 196 694 εὐθὺ
205 668 369 699 Σεὸαστείας
381 667 490 702 ἐχώρει.
506 668 674 699 Γνωσθέντος
690 667 718 694 δὲ
736 668 782 694 τοῦ
795 667 916 702 δρασμοῦ

132 714 196 748 περὶ
206 714 256 749 τὴν
278 714 315 740 ἕω
329 714 368 748 τῷ
382 713 518 749 Κομνηνῷ
539 714 677 749 Ὶσαακίῳ,
700 713 756 740 δεῖν
776 714 866 748 ἔκρινε
879 713 917 748 τῷ

132 760 238 794 ἀδελφῷ
266 759 377 794 Ἀλεξίῳ
401 760 485 794 μέρος
500 760 549 794 τῆς
567 760 697 794 στρατιᾶς
716 759 855 786 πιστεύειν
869 759 917 785 καὶ

133 805 201 838 πρὸς
216 804 264 839 τὴν
283 805 330 831 τοῦ
351 805 498 840 οὐρπελίου
514 805 653 839 ἐκπέμψαι
669 804 769 836 δίωξιν.
791 805 836 830 Ἐν
853 812 917 838 μετ-

133 849 211 884 εώρῳ
234 849 262 876 δὲ
289 849 328 875 ἔτι
350 849 396 876 τοῦ
411 850 568 884 σκέμματος
586 849 661 880 ὗντος
677 849 784 875 καὶτοῦ
799 847 916 882 στρατοῦ

133 894 377 929 συναθροιζομένου
391 895 548 929 (ἠγγέλλετο
579 895 607 921 δέ
635 895 710 930 παρὰ
728 894 784 920 τῶν
806 893 916 920 σκοπῶν

132 939 261 974 Τούρκων
285 939 386 974 πλῆθος
402 940 470 966 πολὺ
496 940 566 966 κατὰ
583 939 727 974 Ῥωμαίων
751 939 850 974 χωρεῖν
869 938 917 964 καὶ

967 352 1084 386 aliquem
1095 371 1102 383 ,
1121 351 1200 385 cuius
1224 351 1268 378 illc
1286 351 1379 378 dolore
1393 351 1510 386 graviter
1527 351 1596 385 apud
1613 351 1749 379 exercitus

967 399 1050 424 totius
1075 398 1264 431 imperatorem
1283 401 1395 432 questus
1409 397 1545 432 expressit
1560 397 1593 423 ab
1609 404 1642 424 eo
1654 417 1662 429 ,
1677 397 1749 432 quod

968 444 1060 478 negari
1077 451 1130 470 non
1146 447 1261 477 poterat,
1281 448 1309 469 nt
1322 443 1429 477 jubvrct
1447 443 1560 470 militem
1578 443 1684 476 injuria:
1699 451 1750 470 an-

968 494 1069 516 ctorem
1088 489 1113 515 in
1131 489 1247 516 medium
1273 489 1380 515 adduci.
1398 489 1554 523 ()pportuna
1576 493 1603 516 et
1626 489 1750 523 speciOsa

966 542 998 561 ea
1011 541 1093 560 causa
1110 533 1265 560 rebellionis
1279 534 1345 560 visa.
1363 533 1433 568 Ergo
1451 535 1473 560 is
1494 534 1580 567 primo
1598 537 1675 560 extra
1692 534 1750 560 \al-

968 579 1022 605 lum
1038 586 1103 606 suos
1127 579 1199 605 locat
1222 577 1353 612 postridie
1378 586 1408 605 se
1432 578 1580 605 rediturum
1607 578 1633 604 iu
1657 583 1748 604 castra

967 624 1113 659 pollicitus.
1130 623 1215 650 Media
1232 631 1313 658 porro
1337 628 1417 650 nocte
1441 624 1556 651 adducta
1572 631 1662 651 secum
1680 624 1747 659 plia-

968 670 1045 703 lange
1059 669 1196 696 Gallorum
1213 668 1278 703 fugit
1296 666 1446 694 Sebastiam
1470 675 1564 694 versus
1587 669 1637 695 iter
1660 669 1745 695 intert-

967 714 1044 741 dcns.
1062 712 1167 740 Certior
1183 713 1233 739 sub
1247 720 1373 739 auroram
1387 713 1420 739 de
1434 712 1485 739 ista
1503 712 1563 747 fuga
1582 713 1669 740 factus
1681 714 1748 741 lsaa«

967 759 1027 786 cius
1041 758 1200 785 Comnenus
1221 757 1364 784 consilium
1379 765 1411 784 ex
1429 765 1458 784 re
1473 759 1545 792 cepit
1557 757 1641 784 Alexii
1658 757 1750 786 fratris

967 804 1095 830 attributa
1112 803 1135 830 ei
1152 808 1227 838 parte
1242 802 1380 837 copiarum
1407 803 1440 830 ad
1465 804 1681 838 pem-quendam
1696 803 1749 830 Ur-

967 848 1064 876 sclium
1079 847 1213 875 mittendi.
1232 848 1298 875 Dum
1315 855 1346 874 ea
1366 847 1548 882 expediuntur
1563 849 1751 883 segregnudis-

966 901 1020 928 que
1041 893 1127 927 copiis
1148 892 1229 920 ituris
1253 893 1444 927 mansurisque
1457 893 1626 928 etrspcctatio
1638 898 1751 920 cuncto—

968 946 1028 965 rum
1042 939 1159 972 peudet.
1185 938 1368 967 tumultuosus
1389 946 1453 966 ecce
1475 939 1509 965 ab
1532 939 1751 973 exploratoribus

131 985 216 1020 ἀγχοῦ
231 993 281 1012 που
294 986 388 1012 τούτου
405 986 654 1021 στρατοπεδεύειν),
672 984 792 1020 ἐπισχὼν
806 984 852 1011 οὖν
867 984 914 1019 τὴν

969 982 1080 1010 aﬂertur
1096 983 1207 1010 nuntius
1224 983 1375 1010 Turcorum
1398 991 1496 1018 magno
1519 992 1633 1010 numero
1650 985 1676 1011 in
1697 983 1751 1011 Bo-

130 1030 177 1056 τοῦ
200 1031 346 1064 Οὺρσελίον
366 1031 457 1063 δίωξιν
473 1033 488 1058 δ
511 1031 653 1065 Κομνηνὸς
676 1031 810 1061 Ίσαάκιος
842 1038 915 1064 παρ-

131 1076 297 1107 εσκευάζετο
313 1077 381 1111 πρὸς
394 1077 439 1103 τὸν
451 1077 580 1111 πόλεμον,
595 1075 778 1111 παρεκάλειδὲ
789 1075 835 1102 τὸν
844 1075 918 1101 ἁδελ-

966 1035 1063 1055 manos
1079 1029 1244 1055 moventium
1256 1029 1368 1063 jamque
1379 1029 1469 1056 vicino
1482 1029 1507 1056 in
1525 1031 1583 1056 loco
1595 1029 1748 1057 trahentium

965 1079 1066 1102 castra.
1089 1073 1196 1101 Omissa
1221 1075 1304 1109 igitur
1330 1075 1355 1101 in
1385 1082 1503 1109 ptzcsens
1528 1083 1593 1103 cura
1618 1076 1748 1110 sequendi

132 1121 180 1155 φὺν
194 1122 268 1154 ἐντὸς
282 1122 329 1148 τοῦ
343 1123 462 1157 χάρακος
480 1123 571 1157 μένειν
584 1123 631 1148 καὶ
645 1122 769 1156 συνέχειν
787 1120 818 1146 τὺ
833 1128 914 1154 στρα-

968 1120 1064 1148 Urselii
1090 1119 1209 1147 lsaacius
1231 1122 1264 1147 ad
1288 1121 1410 1155 praelium
1437 1129 1466 1148 se
1490 1126 1638 1156 comparat.
1663 1122 1749 1156 ltogat

131 1167 252 1194 τόπεδον.
270 1168 299 1194 '0
314 1168 342 1194 δέ
355 1168 460 1202 βαρέως
479 1167 521 1202 [Ρ.
533 1167 579 1202 45]
591 1168 620 1194 τὸ
635 1167 812 1200 κελευόμενον
825 1165 914 1200 ἔφερε.

966 1170 1055 1192 autem
1068 1165 1178 1192 fratrem
1192 1170 1219 1192 ut
1231 1173 1346 1200 praeesse
1360 1166 1466 1193 interim
1481 1167 1578 1194 castris
1591 1167 1671 1194 velit:
1686 1175 1749 1201 gra-

133 1213 266 1244 Κὰκεῐνος
282 1213 440 1248 ὑπισχνεῖτο
471 1213 686 1248 ἐγκαρτερήσειν
713 1213 737 1238 εἰ
764 1211 845 1246 μόνον
871 1211 914 1243 ἐξ·-

966 1211 1036 1237 viter
1051 1218 1109 1237 eam
1125 1211 1186 1237 tulit
1197 1210 1345 1244 jussionem
1361 1211 1488 1241 Alcxius.
1500 1219 1560 1246 quae
1574 1213 1747 1239 occasiOm-m

133 1258 319 1284 αωστεὶλειεν
349 1258 462 1292 ὕστερον
491 1258 560 1284 κατὰ
588 1258 642 1284 τῶν
667 1257 796 1293 Τούρκων
819 1256 914 1288 πολλὰς

967 1256 1005 1283 illi
1020 1255 1137 1290 eriperet
1159 1256 1185 1282 in
1210 1257 1269 1282 acie
1285 1256 1432 1290 pugnandi.
1450 1257 1611 1284 Consulatus
1630 1264 1690 1283 cum
1708 1262 1749 1283 ta-

132 1304 187 1330 τῶν
214 1304 358 1338 Ῥωμαίων
384 1304 552 1338 ἐπαγόμενος
579 1305 733 1338 φάλαγγας.

968 1309 1028 1328 tuen
1051 1301 1171 1328 lsaacius
1191 1305 1232 1328 est
1251 1301 1413 1336 pollicendo,
1430 1309 1491 1329 sese
1506 1302 1593 1336 ipsum
1610 1310 1670 1330 cum
1687 1303 1749 1329 reli-

135 1354 188 1381 ctis
205 1353 275 1380 intra
290 1354 390 1380 vallum
405 1352 490 1387 copiis
506 1352 578 1379 brevi
612 1352 807 1379 accersiturutn
818 1371 825 1383 ,
842 1349 951 1385 quando
971 1354 1108 1376 maturum
1133 1348 1203 1376 foret
1225 1349 1307 1376 robur
1323 1350 1411 1383 ipsum
1444 1348 1557 1376 Romani
1571 1350 1707 1376 exercitus
1722 1349 1749 1376 iu

136 1399 240 1428 Turcos
258 1401 416 1428 immittere.

170 1452 200 1475 ι’.
223 1449 251 1475 ’ὑ
269 1448 318 1482 μὲν
336 1445 382 1474 οὖν
398 1447 518 1478 πεισθεὶς
533 1447 580 1474 ἐπὶ
591 1456 637 1474 του
653 1447 833 1481 στρατοπέδου
850 1455 918 1473 κατι

134 1495 252 1530 ἔμεινεν,
276 1493 290 1520 ὁ
318 1494 346 1520 δὲ
366 1493 415 1523 τὰς
429 1493 558 1527 δυνάμεις
573 1492 642 1526 ἄρας
664 1492 760 1527 ἐχώρει
777 1492 845 1518 κατὰ
864 1492 918 1518 τῶν

133 1541 275 1575 Τούρκων.
296 1538 475 1570 Ὑπαντιάζει
490 1538 555 1572 γοῦν
570 1538 681 1569 τούτους
695 1538 767 1564 κατὰ
787 1538 822 1564 τὰ
836 1539 918 1565 Καπ-

134 1587 261 1614 παδοκῶν
279 1586 342 1621 ὅρια.
358 1593 365 1600 ·
379 1586 428 1611 καὶ
453 1584 590 1620 συμϐολῆς
604 1584 753 1619 γενομένης
770 1584 917 1619 τρέπονται

135 1633 185 1669 μὲν
203 1633 344 1666 Ῥωμαῖοι,
360 1631 374 1657 ό
386 1631 414 1656 δὲ
430 1631 561 1664 γενναίως
574 1638 603 1656 τε
619 1630 782 1663 ἀγωνίζεται
803 1631 850 1656 καὶ
865 1639 915 1656 κυ-

134 1678 249 1709 κλωθεὶς
261 1677 312 1703 ὑπὸ
328 1675 381 1702 τῶν
398 1675 538 1707 ἐναντίων,
561 1674 609 1700 τοῦ
626 1675 709 1701 ἵππου
737 1674 819 1701 αὑτοῦ
843 1683 914 1710 τρω-

133 1723 224 1755 θέντος
251 1723 299 1750 aut
324 1722 370 1748 τὸν
395 1721 528 1755 ἐπιϐάτην
552 1720 626 1755 αὐτῷ
649 1720 914 1755 συγκατασαλόντος,

133 1768 285 1795 ἁλίσκεται.
299 1766 353 1793 Τοῦ
370 1766 399 1792 δὲ
412 1766 466 1792 τῶν
484 1766 626 1800 Ῥωμαίων
637 1766 841 1800 στρατεύματος
856 1765 915 1791 δια-

134 1811 328 1841 σκεδισοέντος
345 1810 465 1844 ἐχώρουν
484 1810 507 1835 οι
527 1809 642 1845 Τοῦρκοι
658 1811 726 1844 πρὸς
739 1810 770 1836 τὸ
801 1810 916 1844 στρατό-

133 1858 225 1884 πεδον.
243 1857 302 1883 Τῶν
315 1856 445 1891 Τούρκων
459 1855 487 1881 δέ
503 1856 683 1890 ἐπικειμένων
699 1855 806 1890 βοηθεῖν
819 1857 826 1866 ’
842 1857 916 1882 ἐπει-

134 1904 200 1938 ρᾶτο
214 1903 273 1937 μετ’
299 1902 397 1935 ὀλίγων
417 1901 471 1928 τῶν
491 1901 622 1934 ξυνόντων
642 1901 726 1935 αὐτῷ.
745 1901 798 1927 Καὶ
823 1902 915 1935 μέντοι

133 1949 180 1975 καὶ
197 1948 348 1983 βεϐοήοηκε
362 1947 411 1973 καὶ
437 1947 541 1973 σέσωκε
569 1946 669 1981 μικροῦ
697 1946 753 1972 δεῖν
782 1946 915 1977 ἅπαντας.

132 1994 218 2023 Αὐτὸς
234 1993 261 2019 δέ
277 1993 323 2019 τὸν
351 1992 422 2026 ὑπὲρ
446 1993 554 2019 πάντων
571 1991 770 2025 ἀναδεξάμενος
796 1991 918 2017 κίνδυνον

133 2038 210 2073 παρὰ
233 2037 331 2072 μικρὸν
349 2037 421 2064 ἑάλω
436 2045 444 2052 ·
458 2038 486 2068 ἐς
506 2037 606 2071 μέσους
623 2037 676 2070 γὰρ
697 2035 793 2062 ἑαυτὸν
808 2035 918 2072 ὼθήσας

1003 1447 1029 1474 5.
1048 1447 1095 1475 His
1112 1447 1156 1475 ille
1174 1455 1321 1482 persuasus
1339 1447 1366 1474 in
1384 1447 1481 1475 castris
1497 1449 1606 1475 mansit.
1629 1448 1750 1476 Isaacius

968 1499 1058 1521 autent
1078 1501 1140 1520 cum
1157 1493 1268 1521 delectis
1292 1494 1378 1528 copiis
1399 1494 1453 1529 ϐο
1473 1493 1624 1530 in‘Turcos
1649 1495 1749 1523 radens

967 1539 1065 1566 obvios
1083 1539 1177 1565 habuit
1190 1546 1237 1566 cos
1255 1539 1280 1566 in
1300 1539 1399 1566 ﬁnibus
1413 1540 1602 1573 Cappadociae.
1618 1539 1663 1567 ubi
1674 1547 1749 1567 com-

969 1584 1054 1611 misso
1071 1585 1161 1611 statim
1182 1585 1275 1619 praelia
1296 1585 1424 1619 fugantur
1442 1585 1566 1617 Romani,
1589 1586 1658 1613 duce
1678 1586 1750 1612 inle-

970 1629 1020 1654 ritu
1050 1629 1181 1664 ἰιιιι-ι-ρῐιιο
1207 1636 1354 1665 pugnante,
1381 1631 1469 1665 quoad
1493 1631 1696 1658 circumventus
1715 1631 1749 1658 ab

968 1675 1092 1702 hostibus
1112 1683 1181 1709 equo
1210 1684 1242 1702 ex
1270 1676 1381 1703 vulnere
1407 1677 1567 1704 sublabente
1586 1677 1667 1704 simul
1685 1685 1749 1704 cum

963 1727 996 1746 eo
1012 1720 1129 1748 amictus
1145 1721 1218 1748 humi
1235 1727 1332 1755 raptus
1348 1726 1389 1749 est
1411 1727 1437 1748 et
1453 1723 1551 1750 ductus
1572 1731 1586 1750 a
1604 1722 1700 1751 Turcis
1721 1723 1748 1750 in

965 1765 1086 1799 ipsorum
1107 1771 1206 1793 castra.
1226 1766 1292 1793 Curti
1308 1774 1372 1793 vero
1388 1766 1480 1793 fracta:
1493 1767 1666 1801 disjectalque
1681 1767 1749 1794 aciei

967 1810 1094 1838 Romana:
1112 1811 1246 1838 instarent
1263 1813 1379 1838 victores
1399 1811 1492 1843 Turci,
1517 1820 1664 1846 erumpens
1680 1813 1750 1840 vallo

966 1862 1027 1882 cum
1047 1856 1141 1889 paucis
1162 1856 1273 1883 Alexius
1297 1857 1501 1883 memorabilem
1523 1864 1641 1891 pugnam
1667 1857 1748 1889 fecit,

968 1907 1028 1934 qua:
1059 1908 1127 1934 pene
1154 1902 1282 1929 omnibus
1307 1902 1385 1928 saluti
1409 1901 1458 1928 fuit
1479 1902 1626 1929 discrimen
1646 1903 1703 1937 ipse
1720 1903 1748 1930 in

966 1950 1048 1980 caput
1079 1954 1157 1973 suum
1193 1952 1277 1974 totutn
1306 1947 1445 1981 excipiens
1477 1951 1503 1974 et
1535 1947 1606 1975 ultro
1634 1955 1746 1975 vocans.

966 1991 1082 2024 Quando
1096 1997 1123 2018 et
1141 2001 1236 2027 parum
1253 1993 1336 2020 abfuit
1351 1994 1415 2028 quin
1439 1999 1591 2028 caperetur,
1611 2002 1672 2022 cum
1687 2002 1747 2021 sese

967 2037 994 2064 in
1013 2037 1116 2066 medios
1133 2039 1294 2066 lnnnisissct
1309 2039 1401 2066 hostes
1416 2043 1442 2066 et
1456 2048 1517 2066 eum
1533 2041 1578 2075 qui
1599 2048 1628 2068 se
1644 2041 1749 2075 primo:

645 2105 748 2137 Caroli
764 2107 812 2138 Du
833 2107 954 2139 Fresne
973 2108 1024 2139 Du
1040 2109 1145 2150 Gange
1161 2114 1256 2142 notat.

133 2171 273 2207 Edwardor
290 2170 435 2198 Scotorum
455 2178 528 2207 rege,
551 2175 648 2199 exorta
674 2171 767 2207 estde
791 2171 864 2200 illius
888 2173 913 2199 in
931 2177 952 2204 Ι)
967 2178 1129 2203 castrum‘a
1159 2175 1331 2203 Balliolorum
1359 2176 1513 2204 barredibus
1537 2181 1640 2204 emerat
1669 2182 1747 2206 antea

131 2206 247 2234 Francia
267 2206 347 2234 bonis
366 2206 552 2234 controversia
568 2214 600 2234 ac
620 2208 654 2234 de
671 2206 781 2233 Balliolo
797 2214 914 2241 praeser-

132 2243 192 2274 tim,
211 2241 281 2268 inter
296 2241 469 2275 Radulphum
492 2242 526 2269 de
543 2241 688 2268 Codiciaco
713 2241 811 2268 Montis
834 2241 914 2267 Mira-

131 2277 194 2304 bitis
216 2274 394 2309 toparclram;
415 2274 589 2303 Catharinam
613 2276 818 2302 Atrebatensem
841 2276 917 2303 Alba:

130 2311 222 2346 Maria;
247 2311 415 2346 cornitissam
433 2314 461 2337 et
483 2310 622 2346 Hugonem
647 2311 682 2337 de
701 2309 845 2337 Meleduno
862 2311 918 2346 Au-

132 2345 224 2380 toniui
251 2345 393 2372 dominum
415 2347 508 2372 uxoris
530 2345 619 2380 ’jure;
643 2346 778 2380 cessitque
807 2345 914 2372 tandem

130 2379 302 2407 Balliolensis
322 2380 480 2406 castellania
508 2379 651 2414 lladulpbo
662 2379 695 2411 ³⁸,
716 2385 745 2406 ut
769 2380 916 2407 Clrristinm

132 2415 163 2440 de
178 2414 303 2447 Bailleul,
322 2414 447 2441 Edwardi
467 2416 598 2449 patruelis
611 2422 643 2441 ex
659 2415 714 2442 tilio
729 2415 839 2449 nepoti,
861 2422 915 2449 qua

132 2449 178 2475 ille
192 2449 344 2482 potiebatur
371 2456 415 2475 an.
443 2449 522 2476 i570.
549 2449 586 2476 Ex
615 2449 751 2483 praedictis
771 2450 826 2483 jam
848 2449 915 2477 satis

133 2489 270 2519 superque
300 2489 426 2519 constare
459 2484 577 2511 arbitror
603 2483 779 2511 Balliolenscs
811 2484 914 2519 Anglos

132 2517 353 2553 Scotos-tuernon
370 2525 384 2544 a
405 2517 587 2546 Normannica
611 2519 731 2553 eiusdem
757 2517 914 2546 nomencla-

133 2557 205 2588 turte
223 2551 321 2588 familia
338 2553 480 2586 prodiisse,
501 2554 547 2581 sed
564 2562 596 2581 ex
615 2551 646 2580 ea
664 2561 725 2588 quae
741 2554 765 2579 in
788 2553 913 2588 Vinema-

131 2586 206 2614 censi
225 2586 398 2622 agro_lloruit
413 2592 440 2614 et
453 2588 586 2620 Picardia,
612 2589 656 2615 ubi
673 2586 774 2622 praedia
795 2588 826 2614 de
837 2587 914 2614 Bait-

131 2623 184 2648 leul
197 2641 204 2654 ,
232 2622 264 2647 de
280 2620 454 2657 pampinis,
474 2622 504 2649 de
530 2620 682 2650 Helliconrt'
700 2627 726 2649 et
749 2624 780 2650 de
805 2623 913 2657 floruay

131 2656 262 2690 possedit.
280 2655 435 2692 Balliolum,’
460 2659 530 2691 quod
551 2660 623 2692 genti
643 2658 850 2692 appellationem
865 2655 910 2685 de;

130 2693 181 2722 dit,
212 2694 284 2718 tcuet
315 2690 392 2716 hodie
421 2690 518 2718 domus
545 2690 738 2720 llielunia'seu
753 2693 785 2719 de
810 2692 909 2724 Melan,

130 2725 304 2760 Dampetram
328 2730 354 2752 ct
380 2724 526 2752 Hornaium
552 2726 719 2760 Ramburea,
743 2726 910 2754 Htllicurtim

129 2760 247 2793 denique
279 2759 418 2786 ltoubalda
438 2768 485 2787 seu
515 2759 662 2788 Gamarhia
689 2770 722 2788 ex
747 2762 835 2789 Caroli
865 2761 910 2789 VII

129 2793 252 2821 Francia:
277 2795 348 2829 regis
372 2796 444 2822 dono
463 2794 604 2822 Joacltimo
629 2796 768 2824 lioubaldo
789 2797 912 2824 Francia:

129 2829 289 2856 marescallo
310 2829 362 2856 sub
383 2837 475 2858 annuo
500 2838 585 2858 censu
605 2831 685 2858 facto.
705 2831 782 2865 Quod
799 2833 908 2867 quidem

160 2889 182 2906 ³⁸
197 2889 355 2914 Ducbesnius
369 2889 393 2914 in
405 2890 469 2916 Ilisl.
495 2889 577 2916 Cadio.

158 2943 168 2953 ‘
178 2943 283 2971 Βοηθεῖν.
296 2943 393 2968 Excidit
407 2951 495 2969 nomen
508 2944 599 2968 Atelli.

968 2209 1115 2249 ldeai-dus
1130 2211 1232 2249 Anglia:
1255 2219 1302 2249 rex
1322 2216 1349 2238 et
1369 2213 1516 2249 comitatui
1529 2212 1685 2249 Pontivensi
1698 2214 1748 2239 ad-

965 2246 1103 2277 juuxerat.
1132 2246 1184 2271 Sed
1212 2250 1239 2271 et
1262 2246 1313 2272 hoc
1329 2247 1475 2273 notandum
1493 2247 1527 2273 ab
1546 2247 1641 2273 eodem
1665 2246 1748 2274 llclli-

967 2280 1084 2315 curtensi
1101 2279 1202 2313 praedi-0
1216 2279 1326 2306 ﬂuxisse
1340 2281 1496 2307 Balliolauaa
1511 2281 1619 2308 familia:
1637 2283 1748 2315 symbo-

968 2312 1022 2349 lum
1036 2321 1087 2349 seu
1100 2312 1256 2346 clamorem,
1271 2320 1299 2342 ut
1314 2321 1420 2348 vocant,
1439 2317 1594 2345 militarem.
1608 2312 1747 2349 quivulgo

968 2347 1084 2383 §coticis
1102 2349 1210 2383 regibus
1230 2349 1256 2383 in
1279 2347 1434 2376 universum
1459 2350 1604 2377 ascribitur
1616 2347 1645 2376 ἰι
1664 2347 1745 2376 lecta-

967 2381 1038 2418 libus
1055 2381 1166 2416 nostris,
1179 2383 1224 2418 qui
1240 2382 1338 2410 Joanni
1354 2389 1380 2410 et
1403 2385 1533 2411 Edwardo
1555 2383 1747 2418 Balliolis‘pro-

966 2417 1042 2451 prius
1067 2418 1117 2444 fuit
1141 2426 1237 2452 nempe
1260 2418 1405 2445 Hel/icon”
1425 2427 1456 2445 en
1483 2418 1605 2444 Pontt‘eu.
1634 2417 1671 2444 Ex
1690 2417 1746 2452 quo

966 2458 1107 2487 perperam
1122 2457 1149 2479 et
1165 2453 1306 2479 iuleliciter
1318 2455 1384 2480 satis
1395 2452 1535 2487 Viguerius
1544 2453 1594 2480 sub
1605 2460 1648 2479 an.
1665 2452 1745 2484 1286,

966 2486 1157 2514 Crucimauius
1186 2488 1212 2513 in
1238 2487 1308 2514 Bibl.
1335 2486 1558 2521 εει-ἱριζϐαιιίεη
1578 2495 1605 2521 p.
1631 2487 1694 2520 528,
1720 2492 1748 2515 et

967 2521 1118 2555 Sauvagius
1152 2522 1184 2549 ad
1213 2522 1361 2549 C/tronicon
1397 2522 1535 2548 Flandrire
1569 2523 1744 2549 vernaculum

967 2563 992 2582 c.
1011 2555 1044 2582 58
1061 2557 1208 2583 llaricurize
1224 2557 1349 2583 dominos
1369 2557 1453 2583 fuisse
1472 2556 1598 2584 Balliolos
1618 2557 1745 2584 ltarrotati

965 2596 1037 2616 sunt.
1069 2591 1162 2619 Gentis
1190 2591 1308 2618 Balliolaa
1328 2592 1532 2618 Viurmaceusis
1560 2600 1635 2618 artna
1660 2597 1686 2618 et
1706 2593 1748 2618 in-

965 2625 1051 2660 signia
1066 2627 1138 2653 varie
1152 2626 1347 2657 ellerunllitiri.
1360 2634 1428 2658 quos
1439 2631 1534 2652 vocant
1550 2626 1742 2653 Provinciales.

964 2659 1165 2695 Mauuscriptus
1183 2661 1307 2688 Scoticus
1320 2662 1366 2694 qui
1382 2668 1465 2695 penes
1481 2669 1523 2688 me
1539 2666 1590 2692 est,
1607 2662 1744 2695 scutulam

964 2694 1120 2729 argenteum
1140 2696 1166 2722 in
1187 2697 1296 2722 miniata
1312 2694 1522 2730 area’as‘signat.
1540 2698 1614 2722 Alter
1625 2694 1744 2721 Gallicus

964 2731 1100 2757 scutulum
1115 2736 1282 2764 argenteum,
1303 2732 1398 2759 tertius
1412 2732 1572 2757 Armeniaco
1585 2731 1743 2756 distinctum

965 2766 1063 2792 vellere
1089 2766 1161 2792 facit.
1188 2765 1342 2792 Ducitenius
1381 2767 1497 2800 denique
1530 2766 1667 2793 scutulum
1697 2770 1745 2790 ru-

965 2799 1043 2828 bettm
1058 2801 1085 2827 in
1101 2801 1262 2829 Armeniaca
1280 2808 1342 2828 area
1358 2799 1491 2828 attribuit.
