2037 3151
169 201 221 234 113

769 200 1038 232 HISTORIARUM
1058 202 1131 233 LIB.
1152 202 1196 234 Ῑῐ.

1737 197 1786 232 IM

164 257 226 284 ἐπεὶ
240 252 317 286 οὗτος
341 262 427 290 μεγας
453 263 482 281 τε
498 251 532 290 ἦν
548 253 594 281 καὶ
615 253 727 290 θώρακα
743 254 947 289 περιεϐέϐλητο,

1009 261 1029 283 ιι
1054 257 1161 285 videtur
1193 255 1335 284 conterriti
1370 255 1430 290 ejus
1455 257 1577 290 aspectu,
1607 253 1682 280 vocis
1706 253 1809 286 etiam_

165 303 330 336 ἀγανακτεῖν
345 301 452 328 ἃκενόει
469 301 515 327 τὸν
529 300 612 327 ἵππον
627 301 674 327 καὶ
693 300 772 334 μόνος
790 300 844 326 τῶν
859 300 948 326 ἄλλων

164 348 277 375 δπισοεν
306 347 506 382 περιλέλειπτο.
527 346 661 380 Ὠς.γοῦν
681 345 759 378 αὖθις
778 347 804 373 οἱ
831 346 948 380 Τοῦρκοι

165 394 286 430 ἐπῄεσαν
299 393 346 420 καὶ
363 393 388 419 οἱ
406 392 469 428 περὶ
488 391 534 418 τὸν
560 392 693 418 Ἰσαακιον
713 392 759 418 καὶ
775 392 821 418 τὸν
846 391 949 418 κλεινὸν

171 439 289 471 Ἀλέξων
299 437 406 472 βοηθεῖν
416 437 587 472 ἐπεχείρουν,
609 437 690 468 αὐτὸς
705 437 734 469 ἐξ
758 436 888 470 ὀνόματος
905 436 950 462 τὸν

165 485 271 510 κλεινὸν
285 482 378 510 ἐκάλει
395 481 513 515 Ἀλέξων
530 482 579 509 καὶ
602 482 709 517 βοηθεῖν
740 482 902 516 παρεκάλει.
922 480 950 508 ’0

164 528 188 555 δ“
199 528 300 560 εὐθέως
320 528 492 563 ὑποστρέψας
508 528 554 555 καὶ
576 527 640 559 τοὺς
662 528 839 562 ἐπιτυχόντας
852 527 951 559 διώξας

166 573 213 600 τοῦ
227 575 350 600 κινδύνου
370 573 463 600 τοῦτον
478 573 624 609 ἐρρύσατο,
638 572 747 605 διδάξας
761 572 844 599 αὐτόν
856 581 886 599 τε
903 572 951 599 καὶ

166 619 230 650 τοὺς
243 618 337 645 τοῦτον
355 618 544 654 θαυμάζοντας
560 619 598 650 ὡς
612 619 666 654 ἄρα
681 619 712 645 οὐ
727 618 841 653 μέγεθος
856 617 950 653 σώμα-

167 673 212 695 τος
228 664 288 690 οὐδὲ
306 663 384 700 ῥώμη
400 665 541 700 δυνάμεως
558 664 618 691 οὐδὲ
637 663 729 697 φωνῆς
748 663 886 699 τραχύτης
903 663 950 690 καὶ

168 710 251 744 βάρος
276 709 321 736 τὸν
341 711 452 745 ἄριστον
482 709 653 745 στρατιώτην
677 709 856 742 δεικνύουσιν,
882 709 952 736 ἀλλὰ

166 755 255 790 ψυχῆς
265 756 422 790 γενναιότης
435 755 482 783 καὶ
489 757 506 790 ὴ
520 755 586 791 πρὸς
593 756 627 782 τὰ
635 755 708 782 δεινὰ
717 755 861 790 καρτερία.
879 755 951 782 Ἀλλ’

167 802 182 828 ὁ
194 801 243 836 μὲν
256 801 349 828 τοῦτον
359 802 496 835 διέσωσεν,
515 801 622 833 Ἀλανός
636 801 714 833 “et;
736 801 790 828 τῶν
800 801 847 827 επὶ
865 800 953 836 μισθῷ

168 847 301 874 συνόντων
312 847 351 882 τῷ
365 847 481 883 γενναίῳ
499 847 639 882 Ἰσααχιῳ,
654 847 805 882 ’Δραὸάτης
816 847 846 873 τὸ
856 847 953 881 ὄνομα,

167 893 216 927 τὴν
229 892 316 928 όρμὴν
329 893 369 919 ὅτι
385 892 514 928 πλείστην
539 892 707 928 Θεασάμενός
726 891 780 918 τῶν
803 892 953 927 Βαρὸἀρων

167 939 216 965 καὶ
246 927 383 974 ὦςνμιτὰ
416 927 533 974 σφοδρᾶς
555 939 604 974 τῆς
627 938 717 973 ῥύμης
751 938 870 974 ἐπῄεσαν
907 927 991 964 διαὶ.Β

168 984 232 1014 τοὺς
247 983 377 1017 ἀδελφοὺς
390 983 432 1010 ὅτι.
449 983 522 1018 μόνοι
535 983 764 1010 διακινδυνεύουσι
780 984 829 1009 σὺν
839 982 952 1016 ὀλίγοις,

168 1028 260 1060 δείσας
276 1029 311 1064 μή
322 1037 350 1055 τι
357 1029 411 1055 τῶν
421 1029 578 1064 ἀνηκέστων
588 1028 691 1056 τούτων
701 1037 733 1055 συ
738 1028 823 1064 μδαίη
836 1029 901 1060 τινὶ,
908 1028 954 1055 τόν

169 1074 276 1109 ἑταῖρον
291 1070 314 1108 ᾦ
328 1073 476 1109 Χασχάρης
485 1073 571 1109 ὄνομα
580 1073 633 1101 ὑπὸ
641 1074 680 1108 τῷ
692 1073 828 1109 Κομνηνῷ
845 1073 956 1108 ’Δλεξίῳ

167 1120 332 1154 ταττόμενον
345 1119 496 1154 παρεκάλει
505 1119 551 1151 ξὺν
562 1119 636 1154 αὐτῷ
650 1119 788 1153 γενέσθαι,
801 1118 900 1155 [P.50]
911 1119 957 1146 καὶ

167 1165 252 1199 ἄμφω
273 1166 329 1192 τῶν
351 1166 444 1192 ἵππων
466 1165 600 1200 ἀποϐῆναι
623 1165 670 1191 καὶ
695 1164 817 1199 τοξεύειν
833 1165 880 1191 ἐπὶ
893 1165 957 1197 τοὺς

168 1210 326 1245 πολεμίους.
342 1211 454 1245 Δισχρδν
467 1211 531 1246 γὰρ,
546 1211 657 1245 ἔφησεν,
669 1211 693 1238 ει
705 1210 823 1238 ’Δλανῶν
840 1211 957 1238 ἐνταῦθα

169 1256 313 1290 παρόντων
328 1255 606 1291 παραχινδυνεύουσιν
624 1255 720 1291 ἄνδρες
737 1255 856 1290 εὐγενεῐς
871 1264 899 1282 τε
911 1256 957 1282 καὶ

170 1301 404 1336 ἄριστοι·όνειδος
422 1302 476 1337 γὰρ
497 1301 531 1328 ἂν
553 1301 624 1328 οὕτω
649 1302 723 1328 ἅπαν
750 1301 806 1334 ἔξει
826 1301 857 1328 τὸ
878 1302 957 1335 γένος

169 1348 224 1374 τῶν
248 1347 381 1374 ⁹Λλανῶν.
404 1347 483 1374 Οὕτω
501 1348 550 1382 μὲν
566 1345 612 1374 οὖν
629 1347 732 1379 ἐκεῖνος
749 1347 813 1382 ἔφη,
827 1348 841 1374 ό
860 1347 888 1374 δλ
908 1348 957 1383 τὴν

171 1393 268 1428 βουλὴν
283 1393 461 1428 ἀπεπέμπετο
481 1393 518 1424 ὡς
530 1394 559 1419 οὐ
584 1393 696 1429 συνετὴν
712 1393 812 1428 μᾶλλον
825 1393 841 1428 ἢ
856 1393 957 1429 τολμη-

171 1439 232 1474 ράν·
257 1439 354 1470 αὐτούς
381 1447 410 1465 τε
434 1438 489 1474 γὰρ
513 1438 685 1466 κινδυνεῦσαι
710 1439 781 1466 οὕτω
805 1439 957 1474 δράσαντας

171 1484 314 1516 κάκείνους
345 1484 428 1520 μηδὲν
453 1493 479 1511 τι
503 1486 536 1511 ἐκ
562 1485 657 1511 τούτου
685 1486 883 1521 προσεφευρετν
908 1485 956 1512 τοῦ

170 1530 330 1566 ὀνήσασοαι,
343 1530 390 1557 ἆτε
404 1529 507 1565 ὁμαλοῦ
525 1529 601 1562 όντος
615 1530 662 1557 τοῦ
677 1531 760 1557 τόπου
778 1531 825 1557 καὶ
836 1526 955 1558 πεδινοῦ.

176 1585 186 1601 ι
213 1575 286 1602 Ἀλλ’
301 1576 327 1602 ετ
340 1575 366 1602 τι
384 1584 429 1611 μοι
445 1575 539 1612 πείθῃ,
555 1585 565 1602 ι
583 1576 676 1611 φησὶν,
691 1586 700 1602 ι
715 1576 777 1603 ἐπεὶ
797 1576 880 1611 ὲγγύς
905 1585 956 1603 που
970 1595 992 1623 C

171 1622 227 1649 τῶν
243 1622 388 1649 στενωπῶν
405 1622 455 1657 ἤδη
479 1622 642 1657 γεγόναμεν,
656 1623 766 1649 ιπειδὶιν
784 1623 872 1649 ἐκεῖσε
888 1623 957 1657 φυά-

174 1677 274 1704 σωμιν,
284 1668 490 1704 ἁποὸησώμεθα
504 1668 557 1696 τῶν
573 1669 665 1696 ἵππων
680 1670 727 1696 καὶ
742 1670 874 1703 γενναίως
885 1670 958 1703 ἀγω-

172 1715 297 1742 νίσασθαι
324 1716 496 1752 σπεύσωμεν,
508 1715 554 1742 καὶ
567 1715 638 1742 οὕτω
651 1715 681 1741 τό
700 1723 730 1741 τε
745 1715 822 1749 γένος
845 1715 958 1750 τιμήσο-

173 1770 223 1796 μεν
238 1762 285 1788 καὶ
299 1762 362 1793 τοὺς
377 1761 510 1793 δεσπότας
523 1761 665 1796 ὀνήσομεν.
682 1770 692 1786 ι

1000 303 1070 330 forte
1081 303 1226 330 accedente
1239 302 1340 330 tonitru
1355 301 1434 335 plane
1451 299 1557 327 attoniti
1573 298 1788 326 consternabnn-

1001 352 1044 374 Iur
1063 347 1093 373 in
1108 347 1198 381 fugam
1215 354 1320 374 omnes.
1339 345 1415 373 llunc
1435 345 1550 380 contigit
1569 344 1663 372 adesse
1677 348 1742 371 tunc
1760 344 1787 371 in

1001 392 1047 419 illo
1062 399 1179 419 nurnero
1202 392 1343 427 phalangis
1362 391 1507 426 quamdam
1527 390 1646 424 speciem
1668 390 1789 416 referen-

1001 437 1079 469 tium,
1095 444 1156 463 eum
1170 437 1196 464 in
1209 444 1256 464 eos
1275 437 1413 464 irruerunt
1427 435 1520 464 Turci.
1534 435 1626 462 Versis
1640 443 1704 470 ergo
1719 442 1788 461 cnu-

1001 481 1053 508 ctis
1078 481 1104 508 in
1126 481 1229 516 fugam,
1248 481 1292 509 hic.
1313 485 1410 516 praeter
1437 481 1534 509 molem
1559 480 1681 515 corporis
1705 481 1788 508 lorica

1001 527 1092 562 gravis
1108 535 1209 562 equum
1231 527 1298 555 adeo
1324 527 1493 563 fatigaverat,
1508 531 1538 554 ut
1551 527 1574 554 is
1589 527 1680 562 aliquo
1706 527 1790 554 inter-

1002 574 1073 601 vallo
1089 578 1152 608 post
1173 580 1269 601 omnes
1294 573 1363 600 alios
1390 581 1460 607 pone
1488 574 1596 601 relictus
1616 579 1787 608 sequeretur.

1003 619 1030 646 ld
1048 619 1129 646 Turci
1143 618 1294 654 conspicati
1305 619 1500 646 circumvenire
1513 620 1665 654 sejuuclum
1679 628 1694 648 a
1707 621 1789 648 sociis

1003 665 1214 695 contendebant.
1234 664 1338 692 lsaacio
1368 664 1518 699 Alexioqne
1545 666 1669 693 auxiliari
1696 670 1788 694 contra

1003 710 1175 738 conantibus.
1196 709 1252 736 Nec
1276 709 1333 744 ipse
1354 709 1509 744 periclitans
1532 710 1582 737 sibi
1606 710 1703 741 defuit,
1723 711 1788 745 quin

1004 755 1133 790 inclytum
1151 755 1273 782 Alexinum
1287 753 1414 783 confesso
1444 755 1531 790 palam
1564 761 1634 783 metu
1662 757 1790 783 invocans

1005 801 1047 828 sui
1072 805 1102 828 ut
1127 800 1301 828 misereretur
1325 804 1426 828 oraret.
1452 800 1504 833 Qui
1529 801 1619 828 statim
1642 807 1791 828 conversus

1005 847 1128 874 hostibus
1142 847 1189 881 qui
1203 854 1232 873 se
1247 846 1326 881 primi
1343 846 1475 874 dederunt
1499 846 1593 874 obvios
1609 846 1701 880 fugere
1720 846 1792 873 illico

1005 891 1166 926 compulsis,
1190 891 1327 919 hominem
1355 891 1477 927 periculo
1501 892 1601 919 exemit
1627 892 1792 919 documento

1004 937 1037 965 ad
1049 945 1112 964 eum
1125 938 1239 972 ejusque
1254 937 1433 965 admiratores
1450 938 1630 968 memorabili.
1646 945 1680 964 ne
1694 938 1794 971 magni-

1006 983 1098 1011 tudine
1119 983 1250 1018 corporis,
1272 991 1320 1010 nec
1333 984 1490 1018 asperitate,
1512 991 1545 1011 ac
1567 983 1700 1019 gravitate
1718 984 1794 1011 vet-is

1005 1028 1138 1056 contineri
1163 1029 1291 1055 virtutem
1310 1028 1403 1055 militis
1418 1029 1533 1060 strenui,
1550 1029 1597 1056 sed
1614 1028 1794 1064 generositate

1006 1074 1089 1102 animi
1102 1079 1129 1102 et
1141 1074 1202 1101 forti
1222 1073 1364 1101 tolerantia
1377 1082 1468 1101 rerum
1488 1074 1658 1101 acerharnnt.
1673 1074 1721 1102 llic
1733 1075 1795 1109 qui-

1006 1121 1066 1149 dem
1081 1121 1121 1148 sic
1134 1120 1168 1148 ab
1181 1119 1275 1147 Alexio
1302 1123 1423 1147 servatus
1443 1124 1494 1147 est.
1518 1119 1619 1147 Alanus
1635 1120 1685 1154 71
1703 1124 1792 1147 autem

1006 1166 1117 1202 quidam
1138 1173 1171 1193 ex
1203 1165 1382 1192 familiaribus
1409 1165 1513 1198 lsaacii,
1538 1166 1669 1192 Arabales
1693 1165 1792 1197 dir-tus.

1007 1212 1193 1240 vehementem
1215 1216 1242 1238 et
1263 1211 1431 1246 pertinacem
1454 1212 1582 1244 impetum
1612 1210 1792 1238 Barbarornm

1007 1265 1134 1290 cernens,
1148 1257 1192 1285 cui
1207 1257 1252 1284 vix
1267 1257 1363 1290 majori
1387 1265 1501 1284 nttmero
1523 1256 1656 1283 tolerabili
1671 1256 1724 1283 duo
1744 1256 1795 1284 soli

1007 1313 1069 1333 cum
1078 1303 1280 1339 oppidopaucis
1289 1302 1422 1332 Comneni
1433 1303 1528 1330 fratres
1542 1303 1712 1334 obsisterent,
1726 1302 1796 1329 veri-

1008 1355 1052 1379 tus
1067 1359 1101 1378 ne
1112 1351 1175 1386 quis
1190 1358 1271 1378 casus
1293 1350 1419 1378 acerbior
1443 1349 1565 1376 alterutri
1584 1356 1678 1375 eorum
1696 1348 1798 1375 incide-

1008 1400 1059 1427 ret.
1071 1396 1186 1427 socium,
1197 1395 1239 1422 cui
1251 1394 1403 1423 Cbascares
1413 1401 1512 1421 nomen
1526 1393 1586 1424 fuit.
1599 1394 1650 1420 sub
1661 1393 1797 1420 annnrno

1007 1443 1102 1470 Alexio
1128 1446 1275 1469 merentem
1302 1442 1426 1476 rogavit,
1456 1441 1552 1468 adesse
1576 1445 1605 1467 ut
1629 1439 1680 1467 sibi
1705 1440 1797 1472 vellet,

1007 1487 1171 1521 onrissisqne
1201 1487 1282 1514 ambo
1309 1486 1387 1520 equis
1417 1487 1444 1512 in
1473 1486 1565 1512 hostes
1599 1485 1795 1520 jacularentnr.

1008 1533 1098 1567 Turpe
1122 1532 1268 1567 siquidem,
1295 1532 1393 1564 aiebat,
1416 1531 1497 1559 fuerit
1519 1531 1577 1566 ejus
1597 1531 1744 1559 nobilitatis
1769 1537 1796 1558 et

1008 1577 1176 1606 fortitudinis
1189 1579 1262 1606 viros
1279 1578 1373 1606 Alanis
1387 1577 1430 1605 hic
1443 1577 1621 1612 pracsentibus
1637 1577 1796 1612 periclitari.

1009 1624 1102 1660 Neque
1117 1625 1144 1652 in
1158 1632 1206 1652 nos
1220 1624 1319 1656 solum,
1330 1632 1423 1651 verum
1436 1630 1463 1651 et
1478 1624 1504 1650 in
1520 1623 1676 1650 universam
1695 1623 1797 1650 Alano-

1009 1679 1068 1698 rum
1093 1676 1200 1705 gentem
1217 1678 1248 1697 ac
1264 1670 1362 1696 famam
1378 1669 1403 1696 id
1420 1669 1539 1696 dedecus
1564 1669 1734 1696 redundabit.
1752 1669 1799 1700 Sic

1010 1715 1127 1742 Arahate
1150 1715 1252 1746 locuto,
1276 1713 1405 1741 refutavit
1431 1713 1575 1741 consilium
1602 1714 1753 1740 Chascares
1771 1717 1800 1739 ut

1009 1764 1036 1788 ct
1059 1760 1148 1788 audax
1176 1759 1291 1786 nimitnn
1307 1764 1335 1787 et
1351 1766 1445 1794 parum
1473 1759 1601 1793 prudens.
1630 1757 1695 1785 Nam
1719 1763 1745 1785 et
1770 1766 1800 1785 se

172 1807 247 1841 ipsos
275 1807 514 1842 praesentissimum
545 1807 668 1834 adituros
694 1806 841 1834 discrimen
862 1806 886 1834 si
909 1807 960 1834 hoc
979 1805 1110 1836 facerent.
1132 1810 1158 1834 et
1201 1811 1290 1833 tamen
1314 1805 1348 1833 iis
1386 1812 1456 1840 quos
1482 1809 1618 1832 serratum
1641 1804 1710 1831 irent
1733 1798 1800 1831 nihil

171 1853 342 1887 profuturos.
364 1853 463 1888 quippe
475 1861 537 1880 cum
573 1853 600 1880 in
617 1860 696 1888 aequa
727 1853 885 1887 patentique
916 1852 1037 1886 planitie.
1049 1859 1078 1879 ut
1091 1857 1148 1879 tum
1183 1856 1271 1883 erant,
1290 1851 1385 1886 positis
1398 1850 1534 1886 peditibus
1547 1850 1678 1878 adversus
1692 1850 1798 1885 equites

170 1900 286 1935 jaculari
311 1900 383 1928 haud
409 1905 481 1928 esset
497 1900 664 1928 consultum.
685 1899 738 1929 Sed
761 1900 785 1928 si
807 1900 871 1935 quid
893 1900 960 1927 mihi
995 1899 1096 1932 credis,
1111 1899 1160 1931 ait,
1178 1898 1288 1934 quando
1322 1905 1376 1925 non
1403 1898 1482 1934 longe
1494 1897 1528 1924 ab
1543 1896 1597 1924 illis
1618 1904 1688 1931 quas
1711 1896 1799 1924 cernis

172 1947 223 1974 via:
253 1947 385 1982 angustiis
412 1947 556 1980 distamus,
580 1955 612 1975 eo
635 1947 717 1974 simul
755 1947 975 1982 pervenerimus,
1012 1947 1211 1974 exscendemus
1225 1953 1258 1973 ex
1271 1945 1348 1981 equis
1370 1945 1531 1980 fortiterque
1559 1945 1751 1980 ptlgnahimus,
1767 1951 1799 1971 ac

173 1995 224 2025 sic.
248 2000 273 2021 et
297 1995 391 2022 honori
418 1995 506 2030 gentis
531 2000 558 2022 et
581 1994 662 2022 saluti
687 1994 861 2022 dominorum
881 1994 964 2022 simul
981 1995 1168 2024 consulemus.

209 2039 254 2072 ιγ’.
270 2038 362 2065 Ταῦτα
375 2039 390 2064 ό
404 2038 552 2073 Χασχάρης
578 2038 681 2072 ἔλεγεν.
698 2037 728 2064 '0
751 2038 779 2065 δὲ
810 2038 957 2075 Ἀραῦάτης

1048 2040 1093 2067 t5.
1107 2039 1182 2067 Talia
1204 2038 1364 2066 Chascares.
1381 2038 1417 2065 At
1430 2038 1561 2066 Arahates
1583 2037 1725 2066 barbarico
1737 2046 1798 2065 cum

175 2083 353 2119 βαρὸαρικῶς
366 2084 406 2116 εις
423 2083 504 2110 αὐτὸν
519 2083 666 2119 ἐξυϐρίσας
693 2083 775 2116 εὐθὺς
801 2084 849 2111 τοῦ
874 2085 957 2112 ἵππου

1010 2085 1135 2114 convicio
1148 2085 1274 2120 rejiciens
1287 2084 1384 2119 raptim
1400 2091 1471 2120 equo
1485 2083 1597 2116 desiliit,
1607 2088 1634 2111 et
1644 2084 1689 2111 ubi
1701 2083 1798 2118 ﬂagelli

173 2130 274 2164 ἀπέϐη,
290 2130 336 2156 καὶ
344 2131 377 2165 τῇ
395 2131 507 2164 μάστιγι
526 2130 620 2157 τοῦτον
635 2130 739 2165 πλήξας
751 2130 822 2157 ὥστε
844 2131 957 2158 ἕπεσθαι

1009 2131 1121 2158 verbere
1146 2129 1322 2164 contemptim
1345 2129 1531 2157 admonuisset
1558 2129 1733 2161 Chascarem,
1747 2129 1800 2156 iret

173 2177 230 2208 τοῖς
246 2176 384 2209 ἀπιοῦσιν,
408 2177 488 2208 αὐτὸς
510 2176 612 2212 ἤμυνεν
629 2176 658 2203 ιν
673 2178 705 2212 τῇ
730 2177 846 2204 πεδιάδι.
871 2178 903 2204 0i
929 2177 957 2204 δὲ

1009 2177 1031 2204 si
1054 2176 1132 2203 vellet
1153 2183 1216 2203 cum
1246 2175 1423 2210 fugientibus,
1442 2175 1499 2210 ipse
1522 2182 1643 2210 pugnare
1662 2183 1694 2202 ex
1720 2175 1801 2209 plano

174 2221 289 2256 Τοῦρκοι
305 2221 343 2256 τῷ
359 2222 500 2258 παραδόξῳ
514 2222 565 2257 τῆς
577 2221 642 2253 θέας
653 2223 875 2257 καταπλαγέντες
890 2222 957 2257 ἡπό-

1012 2221 1159 2257 jaculando
1173 2221 1264 2256 coepit.
1280 2220 1397 2248 Perculit
1411 2221 1549 2256 inopinata
1565 2221 1670 2256 species
1683 2220 1798 2252 Tun-os.

179 2268 267 2301 ρουνό
280 2275 308 2294 τι
324 2268 369 2293 καὶ
392 2267 434 2302 εἰη
452 2267 483 2293 το
507 2266 657 2302 δρώμενον.
680 2267 772 2302 Βραχὺ
795 2268 860 2302 γοῦν
882 2267 957 2302 βέλος

1013 2274 1041 2296 ιιι
1057 2268 1204 2303 aliquando
1222 2268 1355 2295 haererent
1367 2267 1452 2302 ignari
1471 2267 1534 2302 quid
1549 2275 1592 2294 res
1606 2272 1691 2294 esset:
1709 2271 1799 2294 stante

174 2311 247 2348 εἶχεν
260 2314 288 2340 ἐν
301 2314 334 2348 τῇ
351 2313 433 2348 χειρί.
448 2313 500 2340 Τὸν
513 2313 578 2346 γοῦν
591 2313 707 2348 πρώτως
734 2314 848 2340 ὲπιόντα
868 2313 961 2349 βάλλει

175 2358 246 2382 κατὰ
262 2357 316 2383 τῶν
330 2358 447 2392 στέρνων
462 2357 501 2391 τῷ
515 2356 597 2392 όῖστῷ
612 2357 659 2384 καὶ
671 2357 752 2389 εὐθὺς
767 2358 862 2384 τοῦτον
876 2365 962 2384 κατα-

177 2401 268 2428 δὰλλει
281 2401 328 2428 τοῦ
342 2402 436 2429 ἵππου.
454 2402 545 2436 ’Δφιὶς
558 2402 587 2428 δέ
601 2410 643 2433 τις
656 2402 730 2436 βέλος
756 2402 848 2437 βάλλει
865 2403 961 2429 τούτου

176 2447 226 2480 τὴν
254 2447 343 2480 δεξιάν
363 2455 369 2462 ·
387 2449 402 2474 ό
425 2447 448 2474 δ’
473 2447 577 2474 ικεῖθεν
592 2447 622 2474 τὸ
637 2447 714 2482 βέλος
738 2448 858 2479 ἑλκύσας
884 2448 959 2483 αὑτῷ

176 2492 263 2527 τούτῳ
282 2493 327 2519 τὸν
353 2493 499 2530 βάρϐαρον,
523 2493 649 2528 καθάπερ
670 2494 684 2520 ό
707 2493 839 2529 Βρασίδας
863 2493 959 2526 πάλαι,

175 2537 308 2573 ἠμύνατο.
319 2539 350 2566 Οἱ
362 2540 425 2573 γοῦν
448 2540 585 2575 Βάρὸαροι
600 2539 739 2571 δείσαντες
751 2539 834 2566 αὑτοῦ
847 2539 877 2566 τὸ
895 2549 960 2574 γεν-

175 2585 250 2612 ναῖον
261 2583 349 2620 βραχύ
364 2593 391 2611 τι
405 2585 500 2612 τούτου
516 2586 671 2621 διέστησαν,
686 2585 716 2612 '0
729 2585 751 2611 δ’
768 2585 860 2617 ἀδείας
882 2586 962 2612 λαϐό-

179 2639 259 2666 μενος
284 2632 331 2657 ἐπὶ
355 2639 380 2657 τι
405 2631 540 2665 δωμάτιον
564 2631 690 2658 ἀνέϐαινε
710 2631 837 2658 κάκεῖθεν
861 2624 978 2663 αὐτοὺί

176 2678 230 2708 τοῖς
249 2677 409 2712 τοξεύμασιν
422 2677 528 2715 ἒὸαλλε,
540 2678 588 2704 καὶ
603 2677 666 2709 τοὺς
683 2677 793 2708 λοιποὺς
814 2674 888 2712 εἶχον
911 2677 961 2712 ήδη

177 2723 211 2748 τὰ
227 2723 351 2749 στενωπὰ
369 2721 424 2748 τῶν
439 2722 556 2757 χωρίων.
574 2722 777 2754 Καταλιπόντες
794 2723 840 2749 οὖν
859 2723 962 2749 ἐκεῖνον

176 2769 201 2794 οι
216 2767 351 2802 Βάρϐιροι
365 2768 435 2802 μετὰ
453 2767 636 2803 σφοδροτάτης
649 2769 738 2802 ῥύμης
753 2769 868 2799 ἐκείνοις
882 2769 961 2803 ἐπῄε-

177 2822 237 2840 σαν.
253 2813 283 2839 ’0
299 2813 326 2839 δὲ
348 2814 489 2848 Κομνηνδς
512 2813 628 2845 Ἀλέξιος
654 2813 826 2848 ὑποστρέψας
843 2814 889 2846 ξὺν
905 2815 961 2840 ἁλί--

176 2867 235 2892 γοις
253 2858 307 2885 τῶν
324 2859 392 2893 ἀμφ’
407 2859 488 2885 αὑτὸν
503 2858 610 2893 πρῶτος
625 2858 672 2884 ἕνα
691 2859 794 2886 τούτων
816 2860 958 2887 κατέδαλε.

177 2904 226 2931 Kx
245 2905 259 2930 ό
270 2905 430 2940 Χασκάρης,
445 2904 475 2931 οὗ
491 2904 598 2940 πρῶτον
613 2904 627 2929 ὁ
642 2903 718 2937 λόγος
734 2905 867 2940 ἐμνήσθη,
891 2905 961 2932 κατὰ

1013 2315 1130 2342 Arahate
1141 2322 1173 2342 ac
1185 2314 1266 2342 breve
1276 2314 1359 2342 telum
1376 2322 1458 2342 manu
1476 2318 1594 2345 tenente,
1606 2321 1660 2348 quo
1669 2314 1799 2340 audacter

1014 2368 1080 2388 usus
1103 2361 1129 2386 in
1156 2360 1209 2394 72
1235 2360 1352 2394 primum
1379 2359 1499 2393 equitem
1528 2359 1674 2386 irruentem
1702 2362 1797 2384 contra

1012 2413 1074 2432 eum
1091 2410 1199 2439 pectore
1213 2405 1374 2432 transfixum
1391 2411 1424 2432 ex
1435 2411 1505 2439 equo
1520 2403 1621 2437 dejicit.
1639 2402 1688 2429 llic
1700 2402 1798 2437 aliquis

1014 2449 1091 2477 Alani
1105 2449 1244 2476 dexteram
1263 2449 1355 2483 jacqu
1379 2448 1490 2482 trajicit.
1507 2447 1541 2474 At
1554 2447 1599 2474 ille
1616 2451 1767 2474 extractum
1783 2454 1799 2474 e

1013 2495 1124 2522 vulnere
1152 2495 1233 2522 telum
1249 2495 1276 2521 in
1291 2499 1430 2521 auctorem
1447 2492 1543 2526 (rejicit
1556 2496 1582 2519 et
1595 2492 1740 2520 barbarum
1755 2493 1798 2527 ja-

1013 2541 1160 2567 culatorem
1181 2547 1229 2567 sna
1255 2539 1341 2574 ipsius
1367 2538 1488 2573 cuspide,
1513 2541 1542 2564 ut
1570 2537 1696 2565 Brasidas
1715 2537 1798 2570 olim,

1013 2592 1144 2619 generose
1165 2585 1238 2612 ultus
1251 2587 1300 2611 est.
1317 2582 1364 2610 llis
1383 2583 1575 2618 experinwntis
1594 2588 1734 2618 perspecta
1748 2583 1799 2609 viri

1014 2630 1172 2658 fortitudine
1188 2629 1296 2663 paulum
1312 2628 1346 2655 ab
1360 2636 1393 2656 eo
1411 2634 1594 2656 recesserunt.
1612 2629 1644 2654 Δι
1663 2629 1686 2655 is
1701 2635 1799 2662 oppor-

1014 2676 1128 2703 tunitate
1153 2675 1240 2703 oblata
1264 2681 1359 2701 secure
1385 2681 1450 2701 usus
1468 2673 1494 2700 in
1512 2673 1704 2700 domunculam
1729 2672 1798 2699 forte

1014 2723 1164 2756 proximam
1191 2719 1348 2747 conscendit
1359 2725 1385 2746 et
1397 2719 1458 2746 inde
1473 2719 1532 2745 loco
1550 2717 1672 2752 superior
1688 2716 1798 2743 certiori

1011 2767 1176 2802 jaculatione
1201 2765 1304 2792 Ttll'COS
1329 2764 1482 2792 infestabat.
1501 2763 1551 2789 Alii
1571 2764 1626 2797 jam
1648 2762 1756 2789 interim
1771 2762 1798 2788 in

1014 2813 1153 2847 angustias
1181 2816 1331 2843 evaserant.
1348 2819 1432 2846 quare
1448 2810 1527 2836 Turri
1550 2809 1599 2836 hoc
1618 2810 1732 2841 Omisso,
1749 2811 1799 2837 im-

1014 2863 1075 2892 petu
1096 2858 1246 2885 vehementi
1271 2858 1298 2884 in
1321 2865 1368 2884 eos
1393 2857 1541 2883 irrueruut.
1572 2855 1623 2882 Sed
1643 2855 1798 2883 Comncnns

1013 2903 1124 2931 Alcxius
1140 2903 1254 2931 obverso
1272 2902 1300 2930 in
1315 2910 1362 2930 eos
1377 2901 1450 2929 vultu
1466 2909 1525 2928 cum
1543 2901 1715 2929 familiarium
1731 2909 1798 2936 pau-
