2037 3151
157 193 210 229 117

756 196 1027 228 HISTORIARUM
1047 197 1122 229 LIB.
1144 197 1187 229 II.

1729 201 1780 234 118

157 260 209 278 που
226 249 281 287 (251)
299 250 469 286 καλουμένην
494 250 634 286 γέφυραν,
669 252 715 278 καὶ
740 252 939 287 στρατοπεδευ-

995 253 1087 281 Asiam
1106 258 1133 282 et
1145 252 1237 288 copias
1263 257 1418 282 contractas
1437 254 1462 281 in
1493 254 1599 282 hostem
1616 255 1702 283 ducit.
1723 255 1775 283 Su-

158 298 271 332 σάμενοι
289 297 323 324 τά
345 297 414 332 πρὸς
435 297 481 324 τὸν
497 297 615 332 πόλεμον
632 296 805 332 ιξηρτύοντο.
819 297 895 332 Ἀμα
912 297 941 323 δὲ

157 344 190 378 τῇ
215 343 272 378 Ἒῳ
307 342 359 375 τὰς
379 343 508 378 δυνάμεις
535 342 632 377 ἐξῆγον
665 343 713 369 καὶ
740 344 942 377 παρετάττοντο

157 388 231 416 τόνδε
246 389 291 416 τὸν
305 389 418 425 τρόπον.
438 389 469 416 '0
485 389 535 424 μὲν
546 390 655 424 Καῖσαρ
671 388 701 415 τὺ
720 388 803 423 μέσον
821 387 877 424 εἶχε
892 390 941 425 τῆς

163 434 325 470 Ῥωμαῖκῆς
346 435 451 468 τάξεως
468 435 537 470 ἔχων
554 435 614 469 μεθ’
631 434 729 462 ἑαυτοῦ
749 435 814 467 τοὺς
826 435 941 470 ἀσπιδη-

157 481 257 516 φόρους
291 481 339 508 καὶ
365 481 570 517 πελεκηφὸρους
590 481 762 517 Βαρδάρους,
787 478 827 513 οἷς
852 482 868 516 ὴ
889 481 942 508 τῶν

158 526 303 561 βασιλείων
318 527 430 562 ᾶνωθενζ
440 528 606 555 πεπίστευτο
622 527 743 563 φυλακή·
760 527 791 554 τὸ
814 527 900 561 δεξιὸν
913 528 942 555 δὲ

158 572 243 607 κέρας
259 573 284 599 οι
301 573 461 609 μισθοφόροι
470 574 598 609 κατεῖχον
613 573 724 606 Κελτοὶ,
739 569 778 600 ὧν
794 573 943 608 προῖστατό

157 626 199 650 τις
221 618 323 650 Κελτὸς
336 615 358 653 ᾧ
375 618 461 654 ὄνομα
475 619 584 651 Πάπας·
600 618 647 646 τοῦ
660 618 800 654 εὐωνύμου
815 618 843 646 δὲ
857 620 941 653 κέρα·

157 673 203 696 τος
217 665 231 691 6
249 665 410 700 δομέστικος
424 666 479 692 τῶν
499 665 604 700 σχολῶν
618 666 745 701 κατεῖχεν
760 665 941 701 Ἀνδρόνικος·

157 710 285 743 οὐραγεῖν
310 711 334 737 δ’
358 712 373 737 ό
401 711 585 746 Βοτανειάτης
608 711 724 738 τέτακτο
745 711 913 746 Νικηφόρος,
929 712 944 738 ὁ

159 753 285 788 βασιλεὺς
307 756 454 790 Ῥωμαίων
476 756 505 787 ἐς
531 755 655 791 ὕστερον,
678 755 748 790 ἔχων
773 755 832 790 μεθ’
846 755 944 782 ἑαυτοῦ

158 801 210 835 τὴν
228 801 283 828 τῶν
303 802 418 836 Φρυγῶν
435 802 482 829 καὶ
503 801 558 828 τῶν
585 802 730 829 Λυκαόνων
748 802 887 836 φάλαγγα,
903 801 944 828 ἔτι

158 846 245 872 δὲκαὶ
260 846 310 881 τὴν
324 847 379 873 τῶν
390 846 534 874 Ἀσιανῶν.
555 846 585 873 '0
607 846 635 873 δὲ
650 846 795 881 Οὑρσέλιος
825 846 944 873 κατιδὼν

159 889 231 917 οὕτω
247 890 402 927 ταξαμένην
412 892 462 926 τήν
484 891 643 926 Ῥωμαϊκὴν
660 891 733 926 φάλα
741 900 800 925 (γα,
819 891 880 926 διχῆ
897 891 944 918 καὶ

993 299 1093 333 peratis
1107 303 1196 326 autem
1210 299 1332 336 Bithynis
1347 299 1495 333 montibus,
1509 300 1555 327 ubi
1579 300 1778 336 cognoviteum

979 344 1026 371 ‘ad
1053 344 1177 379 Sangarii
1208 343 1296 373 fontes
1326 350 1415 374 castra
1445 350 1596 378 metatum,
1625 345 1777 381 Dorylatum

993 396 1180 426 transgressus
1195 391 1310 420 ulterius
1334 391 1508 426 properabat.
1526 391 1612 425 Cujus
1635 391 1733 419 infesto
1750 392 1776 420 in

993 443 1022 464 se
1037 436 1154 464 adventu
1177 436 1309 465 barbarus
1325 438 1444 472 cognito,
1463 436 1548 464 movit
1563 441 1590 464 et
1608 436 1665 472 ipse
1682 441 1777 465 contra

993 482 1096 517 copias.
1122 482 1277 510 Occurrunt
1305 483 1386 518 igitur
1409 482 1461 510 sibi
1490 482 1571 510 ambo
1601 481 1635 509 ad
1667 486 1776 517 pontem

994 527 1089 563 Zompi
1107 528 1220 555 dictum.
1236 527 1287 555 Ubi
1303 527 1415 555 munitis
1430 535 1479 562 pro
1503 536 1533 555 se
1547 528 1664 563 quisque
1680 527 1778 555 castris

994 574 1027 602 ad
1047 575 1168 610 praelium
1189 574 1408 608 accingebantur.
1436 573 1570 601 Postridie
1586 575 1674 609 primo
1699 581 1778 601 mane

995 620 1086 654 copias
1104 619 1224 648 educunt
1245 619 1427 654 ordinantque
1449 619 1534 647 aciem
1563 619 1636 647 hunc
1657 620 1777 646 maxime

995 666 1021 692 in
1040 665 1161 692 modum.
1179 664 1270 692 Caesar
1294 664 1404 699 quidem
1421 664 1538 691 mediam
1561 664 1679 691 obtinuit
1691 664 1776 691 aciem

995 710 1145 738 Romanam
1165 711 1269 738 habens
1303 717 1395 737 secum
1421 713 1542 737 cetratos
1567 713 1593 736 et
1607 709 1778 744 securigeras

995 755 1137 788 barbaros,
1153 756 1253 791 quibus
1263 756 1356 791 palatii
1368 755 1425 790 jam
1440 755 1505 782 olim
1530 754 1633 782 credita
1650 755 1776 782 custodia

994 806 1046 830 est.
1063 801 1190 828 Dextrum
1202 808 1288 828 cornu
1305 800 1479 835 stipendariis
1494 799 1579 827 Gallis
1596 800 1773 827 commissum

994 852 1063 880 erat,
1078 847 1178 881 quibus
1196 851 1311 882 praeerat
1324 845 1417 873 Gallus
1438 845 1549 880 quidam
1568 845 1678 873 nomine
1693 843 1777 879 Papa.

997 893 1113 920 Sinistro
1129 892 1224 920 cornui
1243 892 1410 919 domesticus
1432 891 1587 918 scholarum
1612 890 1775 926 praesidebat

159 936 242 968 οὗτος
254 937 303 968 τὰς
317 937 445 972 δυνάμεις
457 937 549 970 διεῖλε,
565 938 613 964 καὶ
625 937 656 964 τὸ
670 938 719 972 μὲν
736 938 785 972 τῆς
801 937 941 972 φάλαγγος

994 938 1177 966 Andronicus.
1206 935 1338 965 Postremi
1368 937 1483 971 agminis
1513 935 1674 971 praefectura
1701 934 1780 964 Nice-

158 982 240 1014 αὺτὺς
254 983 398 1010 ἀναλαϐὼν
427 983 518 1010 εἵπετο
536 983 630 1018 βάδην,
651 983 682 1009 τὴ
698 983 721 1010 δ’
744 983 810 1010 εὐθὺ
833 983 942 1010 ἀπιέναι

157 1027 207 1061 τῆς
230 1028 297 1063 πρὸς
313 1029 375 1060 τοὺς
398 1029 517 1061 Κελτοὺς
535 1028 718 1065 μισοοφόρους
742 1028 941 1063 παρήγγειλεν.

164 1073 240 1100 Ἐπεὶ
252 1074 274 1100 δ’
284 1075 315 1101 οὐ
331 1075 426 1110 τιόρρω
445 1075 567 1110 ἀλλήλων
583 1073 663 1110 ἦσαν,
679 1075 730 1109 ἤδη
760 1075 788 1101 οἵ
804 1083 834 1101 τε
851 1075 944 1109 μισθο-

158 1118 236 1153 φόροι
263 1120 311 1146 καὶ
334 1120 359 1146 οι
382 1120 508 1154 πολέμιοι
528 1120 631 1154 ὁμιλεῖν
654 1120 723 1155 πρὸς
745 1119 876 1154 ἀλλήλους
891 1120 942 1154 ἧρ-

158 1172 247 1198 χοντο·
263 1165 312 1191 καὶ
325 1165 407 1196 εὐθὺς
429 1165 663 1201 προσκεχώρηκεν
678 1165 751 1192 ἅπαν
765 1165 796 1191 τδ
816 1166 880 1201 περὶ
897 1165 943 1192 τὸν

159 1208 257 1234 Πάπαν
272 1209 436 1244 μισθοφόρον
451 1210 507 1240 τοῖς
526 1210 679 1244 πολεμίοις,
698 1209 744 1236 καὶ
763 1210 944 1242 ξυνασπίσαν-

158 1262 204 1285 ειες
212 1254 295 1289 ἄμφω
306 1255 456 1290 ἐπειρῶντο
471 1255 588 1283 κυκλοῦν
600 1255 663 1287 τοὺς
674 1256 738 1291 περὶ
748 1256 793 1282 τὸν
805 1256 943 1292 Καίσαρα.

158 1299 213 1324 Καὶ
225 1299 238 1324 ό
257 1299 402 1333 Οὖρσὲλιος
419 1299 448 1326 δὲ
461 1300 605 1327 ἐπιλεκτον
620 1300 690 1335 ἔχων
701 1300 751 1336 τῆς
766 1301 942 1335 φάλαγγος...

157 1343 327 1371 ἐπιστάντων
340 1344 396 1371 τῶν
412 1345 562 1382 Βαρϐάρων
578 1346 630 1381 τὴν
644 1345 738 1380 ἔφοδον
752 1348 848 1380 γέγονε
866 1347 941 1382 μάχη

157 1389 289 1425 καρτερὰ,
305 1391 352 1417 καὶ
379 1391 509 1418 πίπτουσι
525 1392 618 1426 συχνοὶ
632 1392 814 1428 ἑκατέρωθεν,
839 1393 893 1420 τῶν
913 1393 942 1419 δὲ

156 1435 276 1470 δοράτων
289 1436 452 1472 ἀμφοτέρων
471 1437 670 1473 θραυσθέντων.
689 1438 724 1464 τὰ
747 1438 810 1474 ξίφη
828 1438 942 1474 γυμνώ-

158 1489 255 1514 σαντες
274 1483 439 1519 ἀγχεμάχοις
457 1484 588 1519 ἀλλήλους
603 1484 780 1519 ἐτίτρωσκον.

995 984 1082 1019 phoro
1100 983 1246 1011 Bntaniata:
1257 983 1281 1010 ci
1297 982 1342 1017 qui
1354 986 1446 1015 postea
1464 981 1604 1016 imperavit
1617 979 1779 1008 demandata

995 1034 1036 1058 est
1049 1030 1160 1057 habenti
1177 1037 1268 1057 secum
1286 1027 1421 1063 Phrygum
1444 1031 1471 1055 et
1490 1027 1644 1062 Lycaonum
1662 1027 1776 1062 phalan-

995 1083 1054 1110 gem
1063 1080 1089 1103 et
1102 1080 1233 1110 pratterea
1248 1075 1424 1101 AsianOrum.
1434 1074 1468 1100 At
1486 1072 1608 1101 Urselius
1624 1072 1719 1100 videns
1734 1072 1774 1100 sic

995 1122 1156 1149 instructam
1172 1121 1257 1148 aciem
1272 1119 1423 1147 Romanam
1439 1118 1564 1146 bifariam
1577 1123 1603 1145 et
1617 1118 1674 1153 ipse
1687 1118 1778 1145 divisit

994 1166 1157 1198 exercitum,
1175 1169 1202 1192 et
1221 1164 1382 1199 phalangem
1397 1163 1449 1198 75
1461 1163 1569 1198 quidem
1588 1163 1645 1198 ipse
1661 1162 1714 1191 sibi
1732 1170 1778 1189 as-

994 1219 1105 1239 sumens
1121 1211 1286 1245 sequebatur
1307 1208 1447 1236 moderato
1463 1216 1554 1243 passu.
1578 1208 1707 1243 Reliquas
1731 1215 1778 1235 eo-

995 1257 1054 1292 pias
1071 1256 1161 1284 statim
1173 1254 1313 1283 admoveri
1326 1253 1412 1281 Gailis
1430 1254 1614 1289 stipendiariis
1629 1254 1722 1289 jussit,
1743 1253 1778 1281 ad

995 1311 1065 1337 quos
1087 1307 1116 1330 ut
1143 1307 1185 1330 est
1209 1301 1322 1336 propius
1342 1304 1463 1333 ventum,
1488 1299 1612 1328 conferre
1639 1305 1780 1327 sermones

995 1349 1067 1375 inter
1082 1355 1112 1376 se
1127 1351 1269 1383 cceperunt
1281 1352 1413 1382 pactaque
1428 1345 1508 1374 facile
1523 1345 1679 1381 proditione
1699 1345 1780 1380 quid-

995 1392 1061 1427 quid
1075 1392 1246 1427 stipendiarii
1262 1391 1358 1419 militis
1375 1391 1426 1419 sub
1445 1390 1513 1418 duce
1532 1389 1605 1425 Papa
1614 1389 1665 1416 fuit
1685 1389 1777 1417 statim

995 1439 1028 1467 ad
1044 1438 1141 1467 Urselii
1165 1443 1257 1474 partes
1273 1438 1388 1466 transiit.
1412 1437 1541 1472 Mistique
1565 1437 1705 1465 communi
1720 1437 1777 1471 jam

995 1485 1110 1513 consilio
1125 1485 1293 1512 conabantur
1311 1483 1511 1511 circumvenire
1525 1488 1552 1510 et
1566 1482 1685 1517 undique
1698 1482 1777 1509 clau-

157 1527 221 1555 dere
235 1527 354 1563 reliquas
367 1535 463 1556 omnes
480 1528 596 1557 Cazsaris
614 1529 719 1564 copias.
734 1529 858 1558 Urselius
871 1538 937 1559 vero
957 1531 1016 1567 ipse
1031 1539 1124 1559 secum
1161 1531 1264 1559 ducens
1288 1530 1358 1566 quod
1386 1529 1461 1557 floris
1483 1533 1510 1556 et
1540 1528 1647 1557 roboris
1669 1528 1696 1555 in
1711 1528 1778 1563 pha-

156 1575 235 1610 lange
252 1576 339 1610 ipsius
357 1580 417 1603 erat
435 1580 491 1603 toto
512 1576 614 1612 impetu
632 1578 658 1605 in
685 1577 802 1605 mediam
843 1578 959 1607 Caesaris
995 1580 1082 1607 aciem
1110 1579 1192 1615 capit
1215 1579 1316 1606 invehi.
1338 1578 1468 1605 Barbaris
1497 1585 1579 1612 porro
1611 1575 1776 1605 Caesarianis

157 1618 284 1649 hostilem
312 1622 443 1663 impetum
478 1623 587 1650 fortiter
619 1624 819 1658 excipientibus
859 1626 1039 1654 committitur
1069 1632 1147 1654 atrox
1180 1634 1290 1662 pugna,
1317 1626 1411 1653 multis
1441 1625 1570 1660 utrinque
1599 1623 1775 1652 cadentibus.

156 1667 271 1703 Jamque
298 1669 384 1696 hastis
409 1669 538 1705 utrinque
555 1670 649 1699 fractis
676 1672 786 1702 strictos
814 1674 934 1709 undique
963 1675 1111 1703 versabant
1149 1682 1230 1703 enses
1257 1681 1342 1709 seque
1376 1673 1493 1701 invicem
1523 1673 1648 1701 cominus
1671 1670 1775 1699 mutuis

157 1716 316 1744 Vulneribus
332 1717 483 1744 caedebant.

194 1765 235 1788 ιε’.
260 1763 331 1789 Ἀλλ’
345 1764 375 1790 ὲν
401 1764 456 1799 ὂσῳ
477 1763 563 1792 ταῦτα
586 1766 748 1802 ὶπράττετο,
766 1767 780 1794 ό
796 1768 846 1803 τὴν
860 1769 941 1803 οὖρα-

1030 1767 1074 1795 15.
1099 1767 1168 1795 Dum
1188 1767 1246 1795 haec
1266 1767 1384 1794 maxime
1397 1766 1502 1799 ﬁerent,
1520 1765 1542 1794 is
1553 1767 1596 1794 cui
1613 1771 1779 1801 postremum

158 1809 222 1843 γίαν
233 1810 450 1846 πεπιστευμένος
461 1812 524 1844 τοὺς
539 1813 721 1849 μισθοφόρους
737 1814 875 1850 θεώμενος
885 1817 942 1848 τοῖς

157 1855 299 1891 πολεμίοις
325 1858 576 1894 προσχωρήσαντας
611 1860 658 1886 καὶ
685 1861 853 1893 σπεύδοντας
892 1861 942 1895 τὴν

157 1901 286 1936 φάλαγγα
301 1903 418 1930 κυκλοῦιδ
433 1900 466 1939 ἦς
480 1904 617 1940 κατῆρχεν
631 1906 645 1932 ὁ
668 1906 787 1941 Καῖσαρ,
803 1906 863 1933 δέον
878 1906 942 1942 βοη-

157 1947 223 1979 θεῖν,
241 1949 255 1974 ὁ
273 1948 301 1975 δὲ
315 1949 365 1981 τὰς
377 1949 507 1984 δυνάμεις
525 1949 670 1978 ἀναλαϐὼν
693 1951 840 1987 ὑπεχώρει,
854 1953 942 1979 καίτοι

157 1993 227 2028 ἀνὴρ
240 1993 278 2021 ὣν
291 1994 412 2028 ἀνδρεῖος
422 2015 430 2026 ,
445 1995 483 2026 ὡς
501 1996 530 2022 ἐν
547 1996 656 2027 πολλοῖς
672 1996 800 2031 δὲδειχεν.
818 1998 850 2024 Οῑ
866 1998 941 2033 Βάρ-

157 2039 238 2073 σαροι
257 2040 287 2065 δὲ
301 2040 393 2071 ἁδείας
418 2040 581 2076 δραξάμενοι
607 2041 740 2068 ὲκύιιλουν
767 2043 852 2074 ἀδεῶς
878 2044 942 2076 τοὺς

157 2084 223 2118 περὶ
237 2083 283 2110 τὸν
294 2084 431 2119 Καίσαρα.
441 2085 478 2111 Τὸ
490 2085 518 2112 δὲ
533 2086 599 2121 περὶ
616 2086 698 2113 αὑτὸν
707 2087 846 2123 βάρδαρον
858 2090 942 2124 μέχρι

159 2130 210 2164 μέν
222 2139 295 2162 τινος
317 2131 407 2165 ἔμεινε
420 2131 516 2166 βάλλον
529 2141 558 2159 τε
574 2133 622 2160 καὶ
640 2133 804 2169 βαλλόμενον
818 2143 824 2150 ·
840 2136 901 2162 ἐπεὶ
918 2136 941 2162 δ’

156 2173 211 2203 εῐδι
219 2175 275 2202 τῶν
289 2175 426 2211 πολεμίων
439 2179 501 2209 τοὺς
517 2179 566 2212 μὲν
589 2178 660 2205 κατὰ
687 2179 775 2214 στόμα
797 2179 941 2207 ἑπαντῶν-

155 2230 206 2254 τας
229 2223 292 2254 τοὺς
318 2223 347 2249 δὲ
368 2223 439 2250 κατὰ
461 2223 546 2252 νώτου
563 2226 739 2260 γενομένους,
756 2225 860 2261 ἀπορίᾳ
889 2226 941 2262 ήδη

155 2267 302 2303 συνείχετο.
319 2268 391 2295 Ἀλλ’
403 2269 418 2295 ὁ
431 2270 539 2305 Καῖσαρ
554 2271 677 2306 ἀτρέμας
693 2271 779 2303 ἑστὼς
795 2271 941 2307 ἀπερριῦν-

154 2322 201 2340 vus
229 2313 264 2340 τὰ
285 2315 448 2349 φρονήματα
481 2314 594 2342 τούτων.
619 2315 692 2348 Ἕως
709 2317 760 2352 μὲν
787 2314 835 2344 οὖν
864 2318 941 2352 ἰσχὺς

154 2360 246 2390 αὐτοῖς
258 2359 328 2391 ὅλως
347 2360 452 2395 έμενον·
471 2360 533 2387 ἐπεὶ
549 2361 578 2388 δὲ
603 2361 634 2389 τὺ
657 2362 707 2396 μὲν
729 2363 940 2399 καταπεπόνητο

155 2406 202 2431 καὶ
213 2405 302 2432 οὐκέθ’
321 2403 373 2432 οἷοί
391 2414 422 2432 τε
440 2404 513 2442 ἦσαν
525 2407 590 2438 τοὺς
603 2407 750 2442 βάλλοντας
767 2408 938 2444 ἀμύνασθαι,

993 1820 1091 1849 agmen
1118 1813 1272 1841 ducendum
1300 1812 1460 1844 obvenerat,
1477 1811 1670 1845 stipendiarios
1685 1812 1780 1840 videns

993 1860 1026 1887 ad
1054 1861 1148 1887 hostes
1162 1863 1349 1894 transgressos
1373 1857 1511 1885 communi
1536 1865 1598 1885 cum
1619 1857 1672 1884 illis
1687 1857 1778 1885 studio

994 1905 1020 1932 id
1035 1912 1127 1940 agere,
1147 1909 1178 1932 ut
1194 1903 1379 1932 Caesarianam
1396 1903 1482 1931 aciem
1496 1903 1616 1938 undique
1629 1903 1777 1934 ambirent,

993 1957 1057 1977 cum
1068 1954 1127 1978 toto
1142 1950 1246 1984 impetu
1267 1956 1430 1978 succurrere
1449 1948 1571 1982 deberet,
1597 1956 1612 1976 e
1638 1949 1777 1976 contrario

993 1994 1135 2022 subductis
1145 2001 1238 2022 aecum
1256 1993 1343 2029 copiis
1362 1993 1488 2020 recessit.
1502 1991 1581 2026 Quod
1598 1992 1695 2020 mirum
1711 1999 1778 2019 sane

993 2039 1045 2068 fuit
1061 2040 1088 2068 in
1104 2040 1163 2068 viro
1182 2040 1286 2075 alioqui
1308 2039 1383 2072 forti,
1405 2040 1514 2074 qualem
1540 2048 1571 2068 se
1600 2040 1693 2068 multis
1709 2039 1778 2067 alias

991 2087 1184 2122 experimentis
1205 2087 1377 2121 probaverat.
1403 2085 1440 2113 Eo
1457 2085 1512 2120 jam
1529 2085 1653 2114 securius
1668 2085 1778 2112 barbari

992 2133 1060 2161 aciei
1071 2132 1187 2161 Caasaris
1204 2132 1506 2160 circumfundebantur.
1524 2131 1602 2160 Stetit
1619 2131 1663 2159 illa
1674 2132 1778 2159 nihilo-

992 2179 1085 2206 minus
1100 2178 1260 2212 aliquandiu
1275 2177 1426 2206 inferendis
1436 2177 1659 2213 excipiendisque
1679 2182 1780 2204 mutuo

991 2225 1089 2260 plagis.
1115 2223 1166 2251 Ubi
1181 2227 1273 2251 autem
1302 2224 1369 2251 vidit
1397 2224 1490 2251 hostes
1516 2224 1613 2258 partim
1645 2231 1660 2250 a
1690 2223 1780 2250 fronte

993 2269 1137 2301 instantes,
1148 2269 1246 2303 partim
1262 2276 1277 2295 a
1294 2274 1373 2303 tergo
1387 2268 1532 2301 caedentes,
1547 2267 1699 2296 fluctuabat
1721 2269 1777 2302 jam

992 2315 1064 2343 haud
1093 2315 1175 2343 dubie
1203 2314 1443 2350 despondebatque
1472 2315 1606 2342 animum.
1641 2313 1777 2341 leerum

990 2361 1081 2389 Caesar
1091 2361 1192 2388 invicto
1199 2365 1391 2396 pectorestans
1400 2360 1454 2396 ’16
1463 2360 1641 2388 conﬁrmabat
1655 2359 1777 2386 labantes

991 2412 1019 2434 et
1046 2406 1129 2434 robur
1141 2406 1275 2442 perculsis
1299 2405 1424 2433 addebat.
1454 2405 1581 2438 Quandiu
1606 2403 1688 2438 igitur
1705 2403 1778 2430 vircs

156 2449 245 2476 αὐτῶν
265 2450 294 2477 δὲ
311 2451 342 2477 τδ
366 2451 490 2478 πλεῖστον
503 2451 637 2488 διεφθάρη
651 2453 699 2480 καὶ
716 2454 730 2480 ὁ
746 2454 855 2488 Καῖσαρ
875 2454 937 2488 μηδ’

992 2452 1167 2485 ευποοθι-ιιιιι,
1183 2457 1294 2480 strenue
1315 2458 1359 2479 res
1373 2455 1449 2486 gesta
1465 2454 1517 2478 est.
1532 2449 1583 2477 Ubi
1605 2453 1694 2476 autem
1709 2455 1776 2476 con-

156 2494 224 2525 ὅλως
240 2495 307 2529 πρὸς
334 2495 423 2531 φυγὴν
435 2489 591 2532 ἐξορμήσας
614 2497 696 2524 ἑάλω.
714 2497 786 2532 Ἤδη
802 2497 830 2524 δὲ
848 2498 896 2524 καὶ
913 2498 938 2524 οἱ

156 2540 220 2575 περὶ
236 2540 282 2566 τὸν
304 2541 473 2576 Ἀνδρόνικον
499 2542 542 2578 [Ρ.
562 2542 607 2578 55]
640 2543 692 2569 ὑπὸ
717 2543 772 2570 τῶν
799 2543 939 2579 πολεμίων

155 2586 398 2620 πλεονεκτούμενοι
412 2588 572 2624 ἐτράπησαν
588 2589 658 2624 πρὸς
676 2590 707 2616 τὺ
720 2590 842 2623 φεύγειν.
863 2590 892 2617 '0
909 2589 938 2617 δὲ

155 2630 245 2657 καίτοι
275 2630 457 2664 κατάστικτος
484 2634 542 2665 τοῖς
558 2634 715 2669 τραύμασιν
740 2634 779 2661 ὢν
796 2635 937 2671 (ἐϐέϐλητο

153 2675 208 2711 γὰρ
223 2675 345 2711 καιρίαις
363 2677 491 2712 πληγαῖς)
507 2678 615 2714 περιῄει
635 2680 724 2715 ζητῶν
744 2679 790 2707 τὸν
817 2680 934 2716 πατέρα.

990 2502 1098 2533 sumpto
1123 2498 1179 2533 jam
1202 2498 1299 2525 robore
1327 2495 1480 2524 resistendo
1520 2494 1620 2522 acriter
1650 2493 1777 2522 instanti-

989 2544 1040 2572 bus
1051 2551 1132 2579 pares
1154 2550 1207 2571 non
1225 2547 1313 2575 erant,
1336 2541 1415 2569 fracti
1439 2541 1626 2576 prostratique
1651 2539 1776 2575 plerique

988 2594 1139 2617 cesserunt.
1155 2588 1193 2616 Ne
1209 2593 1265 2616 tum
1280 2586 1390 2622 quidem
1405 2585 1496 2614 Caesar
1509 2586 1638 2613 inducere
1651 2585 1774 2613 animum

989 2635 1023 2662 ad
1049 2634 1138 2669 fugam
1160 2633 1257 2669 potuit.
1284 2633 1411 2665 Pugnans
1426 2631 1508 2667 igitur
1525 2636 1568 2660 est
1583 2635 1689 2666 captus.
1713 2626 1777 2657 Pari

990 2681 1071 2708 modo
1092 2681 1138 2715 qui
1169 2687 1231 2707 cum
1252 2677 1406 2705 Andronico
1428 2682 1506 2705 erant
1537 2675 1715 2705 circumventi
1740 2675 1776 2703 ab

668 2750 772 2781 Caroli
793 2751 842 2781 Du
858 2751 978 2782 Fresne
995 2751 1044 2782 Du
1061 2751 1166 2788 Gange
1182 2753 1276 2779 noue.

191 2820 407 2859 (5|)_Zd;t_:zov.
437 2821 547 2859 Eadem
564 2823 645 2850 habet
673 2823 814 2859 Scylitzes,
843 2825 890 2857 qui
921 2831 936 2852 a

156 2855 291 2893 nuycnnlo
318 2857 449 2893 pleraque
470 2857 562 2893 hausit
584 2866 644 2893 qua:
667 2859 695 2885 in
711 2855 936 2886 'Michaele'Duca

156 2889 248 2922 refert,
262 2889 342 2923 quem
370 2889 419 2920 nec
443 2891 495 2920 hoc
512 2892 573 2920 loco
592 2889 743 2922 exscribere
763 2899 803 2922 cst
818 2894 936 2927 animus,

992 2832 1041 2852 nec
1056 2825 1082 2851 in
1097 2824 1169 2856 aliis.
1180 2823 1225 2850 ubi
1239 2830 1301 2849 cum
1318 2820 1452 2856 Bryennio
1463 2819 1609 2854 consentit,
1627 2825 1660 2847 ne
1670 2817 1775 2846 nimius

993 2860 1055 2887 sim.
1072 2860 1099 2887 ld
1112 2859 1179 2886 satis
1193 2857 1244 2885 crit
1260 2857 1342 2884 semel
1361 2856 1508 2883 monuisse.
