2037 3151
292 151 342 185 127
897 151 1106 182 NICEPIIOHI
1127 153 1314 184 BRYENNlI

294 206 420 234 bliclneli
448 206 572 242 Augusto
600 205 730 234 nuntiatis
747 205 894 232 accersitus
920 206 954 232 ab
978 213 1011 232 eo
1041 211 1083 232 est

1148 208 1204 233 τιλεί
1234 208 1353 242 Μιχαὴλ,
1373 209 1386 234 ὁ
1407 208 1486 239 καλὺς
1514 208 1620 238 νεανίας
1644 208 1819 242 μετεκαλεῖτο
1841 209 1928 235 Ἀλέ-

296 257 434 288 perstans
451 253 535 280 animi
548 252 655 286 juvenis
668 251 786 282 Alexius,
804 250 894 278 divina
911 250 1083 285 providentia

296 297 353 332 jam
370 298 479 325 volente
494 298 624 325 illustrem
639 297 699 331 ejus
711 297 838 323 virtutem
855 297 978 323 reddere.
990 295 1085 324 Decla-

297 349 376 371 ratus
392 348 432 371 est
446 345 517 370 enim
534 343 586 370 dux
602 350 723 370 summus
739 343 877 369 exercitus
896 346 923 370 et
939 343 1085 378 praefectus

298 389 370 416 bello
385 389 411 415 in
429 387 561 415 Urselium
577 387 707 422 gerendo.

334 435 379 461 20.
398 435 484 468 Atque
500 433 526 460 id
547 441 647 460 munus
662 434 696 460 ab
710 433 874 468 imperatore
888 433 1008 460 delatum
1027 434 1086 468 ipse

299 479 405 514 quidem
423 478 536 504 libenter
550 478 711 506 admittebat
729 488 735 506 :
750 487 845 506 verum
859 480 919 514 eius
934 485 1021 507 mater
1036 480 1087 507 hoc

267 547 275 558 ,
298 529 437 559 comperto
462 524 592 552 omnibus
611 524 701 552 modis
726 526 761 552 ab
780 532 813 552 eo
833 526 1034 558 contendebat,
1057 531 1088 553 ut

297 570 370 597 illam
384 569 553 604 provinciam
572 574 723 601 recusaret.
740 571 818 598 aiens
833 578 886 597 non
903 572 995 606 utique
1006 571 1087 606 juve-

297 615 361 642 nilis
388 615 488 643 mentis
513 620 539 643 et
569 624 667 644 manus
695 617 832 651 negotium
867 624 926 644 esse
951 616 1085 644 Urselium

295 662 415 695 vincere,
442 662 490 690 sed
514 663 577 694 viri,
602 664 718 698 ejusque
750 664 829 691 fortis
859 670 886 691 et
911 672 973 692 cum
1003 666 1087 692 multa

297 709 411 737 scicntis
440 714 498 737 tum
526 710 641 744 plurima
665 712 780 746 operati.
811 710 873 738 Haec
897 713 928 738 ad
959 712 1086 740 Alexium

296 761 395 788 mater,
418 757 464 791 qui
492 755 601 783 blandis
628 757 660 783 ad
684 764 744 783 eam
769 757 996 791 persuasionibus
1021 766 1088 786 usus

298 803 456 837 impetravit
482 807 666 830 commeatum
689 803 818 830 abeundi.
838 803 978 831 Profectus
994 795 1087 838 itaque

298 853 340 875 est
363 856 416 875 non
443 849 494 876 alia
510 857 539 877 re
556 849 642 884 magis
666 857 747 883 quam
763 849 894 877 maternis
911 850 982 884 apud
1003 841 1086 876 Deum

300 902 349 929 pro
375 902 404 922 se
431 895 559 930 precibus
585 894 738 922 viaticatus.
767 894 834 922 Nam
866 895 899 922 ab
925 895 1088 930 imperatore

300 947 388 975 neque
419 941 560 974 pecuniam
586 940 690 974 accepit
718 941 745 967 in
770 940 832 967 belli
851 945 975 975 sumptus
1000 948 1090 975 neque

300 985 406 1020 justum
431 986 592 1014 exercitum.
621 985 823 1020 Transgressus
851 992 942 1013 autem
972 985 1088 1013 Pontum

300 1030 492 1066 Paphlagoniae
498 1031 619 1060 Amaseze
626 1039 655 1059 se
665 1032 797 1064 admovit,
809 1031 855 1059 ubi
868 1032 966 1067 reperit
975 1032 1090 1064 Alanos,

301 1077 348 1111 qui
369 1077 471 1105 ultima:
484 1077 554 1105 cladi
576 1077 782 1112 superfuerant,
797 1085 851 1105 non
867 1078 959 1112 plures
982 1085 1089 1105 centum

301 1122 510 1158 quinquaginta.
528 1122 577 1150 llis
593 1123 625 1150 ad
642 1131 707 1150 suas
725 1127 820 1151 tenues
836 1124 932 1158 copias
955 1123 1091 1158 adjunctis

302 1167 396 1196 hostes
424 1169 575 1201 coercebat,
592 1177 662 1202 saepe
690 1176 788 1196 manus
821 1176 980 1202 conserens,
1010 1170 1091 1197 toties

303 1214 427 1242 vincens.
452 1215 600 1250 Postquam
634 1221 725 1242 autem
756 1215 861 1242 crebris
893 1215 1091 1243 oﬂ'ensiouibus

304 1259 427 1295 castigati
442 1260 497 1295 jam
516 1269 572 1287 non
590 1264 692 1288 temere
707 1260 873 1295 prodibant,
898 1260 1012 1289 remissa
1026 1269 1092 1288 cura

304 1306 536 1333 ohservandarum
544 1307 719 1340 eruptionum
730 1307 816 1333 territi
826 1306 923 1339 hostis,
931 1307 1094 1334 admovebat

305 1358 334 1379 se
345 1351 415 1379 clam
433 1351 567 1386 prmsidiis
591 1351 798 1379 Urselianorum
814 1374 821 1385 ,
848 1352 961 1380 insidias
986 1352 1093 1380 idoneis

305 1395 372 1424 locis
388 1396 479 1424 celans
494 1405 500 1422 :
525 1401 583 1424 tum
599 1397 655 1433 35
672 1398 805 1432 quosdam
820 1402 957 1425 ostentare
971 1405 1001 1425 se
1016 1397 1096 1433 jube-

305 1443 352 1470 bat
373 1443 470 1478 praedis
486 1443 575 1478 palam
595 1444 736 1478 abigendis
751 1444 778 1470 in
794 1449 943 1478 conspectu
963 1444 1093 1479 praesidii.

304 1488 337 1515 al
351 1495 432 1522 quam
449 1487 566 1522 specictn
580 1496 641 1515 cum
660 1489 752 1515 hostes
766 1489 871 1515 exirent
884 1493 911 1515 et
929 1489 1095 1523 praedatores

1137 255 1202 286 ξιος,
1220 254 1268 288 τῆς
1295 254 1370 285 Θείας
1390 255 1517 288 προνοίας
1544 254 1593 288 ἤδη
1621 254 1786 288 βουλομένης
1810 255 1929 290 ἐμφανῆ

1137 299 1263 331 γενέσθαι
1281 300 1330 333 τὴν
1342 299 1423 326 αὑτοῦ
1438 301 1549 334 ἀρετήν.
1564 299 1753 334 Μετακληοεὶς
1764 300 1792 325 δὲ
1806 309 1932 335 στρατο-

1138 344 1276 379 πεδάρχης
1290 346 1494 380 προχειρῖςεται
1509 346 1555 371 καὶ
1571 345 1722 380 στρατηγὸς
1739 345 1930 381 αὐτοκράτωρ

1137 390 1184 415 τοῦ
1197 390 1266 415 κατὰ
1282 390 1431 424 Οὑρσελίου
1446 390 1577 424 πολέμου,

1172 433 1206 461 κ’.
1231 435 1259 461 ’0
1275 435 1324 469 μὲν
1336 435 1381 461 οὖν
1397 436 1522 470 ἀσμένως
1538 435 1644 469 ἐδέχετο
1655 435 1688 461 sit
1704 435 1742 470 τῷ
1761 435 1866 470 βασιλεῖ
1879 435 1930 462 δό-

1139 480 1232 512 ξαντα,
1250 482 1265 515 ἡ
1283 481 1309 506 δέ
1327 482 1418 515 μήτηρ
1435 481 1530 507 τούτου
1552 481 1690 516 πυθομένη
1718 481 1805 507 ταῦτα
1820 490 1933 516 παραι-

1139 525 1243 551 τεῖσθαι
1258 525 1395 559 ἠνάγκαζε
1418 527 1467 561 τὴν
1485 526 1582 561 ἀρχὴν,
1599 526 1715 560 λέγουσα
1732 526 1769 562 μὴ
1795 529 1932 566 νεανικῆς

1139 569 1242 596 δεῖσθαι
1257 571 1354 604 φρενὸς
1378 571 1424 597 καὶ
1442 572 1532 606 χειρδς
1557 571 1590 598 τὰ
1612 573 1682 598 κατὰ
1700 572 1744 598 τὸν
1761 573 1930 607 Οὐρσέλιον,

1140 615 1196 640 ἀλλ’
1209 615 1305 649 ἀνδρὸς
1327 617 1451 649 γενναίου
1478 617 1523 644 καὶ
1545 617 1629 643 πολλὰ
1648 617 1698 652 μὲν
1717 618 1816 650 είδίτος
1837 619 1933 646 πολλὰ

1139 661 1166 687 δέ
1187 661 1344 696 δράσαντος.
1360 662 1431 688 Ἀλλ’
1448 663 1464 696 ἡ
1481 663 1531 696 μὲν
1549 662 1646 694 οὕτως,
1662 664 1675 689 ὁ
1687 662 1715 689 δὲ
1731 664 1931 699 παρακλήσεσι

1139 708 1312 742 χρησάμενος
1323 708 1369 735 καὶ
1379 708 1475 740 πείσας
1489 708 1571 743 αὐτὴν
1583 708 1654 743 ἐξῄει
1665 710 1724 740 ταῖς
1737 709 1828 744 εὐχαῖς
1838 710 1934 744 αὐτῆς

1140 754 1323 787 ἐφοδιασθεὶς,
1338 756 1406 789 μήτε
1422 755 1552 790 χρήματα
1571 755 1638 790 πρὸς
1655 754 1702 781 τοῦ
1725 755 1858 790 βασιλέως
1879 756 1935 782 λα·

1140 799 1195 825 ϐὼν
1211 801 1250 831 είς
1268 800 1317 835 τὴν
1339 800 1386 826 τοῦ
1405 801 1523 835 πολέμου
1540 801 1664 836 δαπάνην
1681 802 1748 836 μήτε
1766 802 1934 836 στράτευμα

1141 845 1298 881 ἀξιόμαχον.
1314 845 1428 872 Διελθὼν
1452 846 1480 872 δὲ
1505 846 1551 873 τὸν
1575 848 1604 873 ἐν
1630 847 1805 882 Παφλαγονίᾳ
1826 849 1935 875 Πόντον

1142 892 1207 922 περὶ
1224 892 1273 926 τὴν
1295 891 1445 925 ’Δμάσειαν
1468 893 1572 926 γέγονε,
1591 893 1710 924 καὶτοὺς
1725 894 1934 928 περισωοὲντας

1141 938 1195 964 τῶν
1221 937 1340 964 Ἀλανῶν
1369 938 1456 972 εὑρὼν
1478 939 1507 964 οὐ
1527 938 1636 970 πλείους
1664 939 1762 965 ἐκατέιν
1779 939 1845 974 πρὸς
1870 941 1934 971 τοῖς

1142 984 1311 1018 πεντήκοντα
1318 984 1406 1016 ὖντας,
1419 983 1483 1016 τοὺς
1495 984 1642 1019 πολεμίους
1657 985 1809 1017 ἀνέστελλε,
1827 985 1928 1012 πολλὰ·

1142 1038 1186 1061 κις
1201 1029 1251 1064 μὲν
1267 1030 1359 1061 αὐτοῖς
1380 1030 1552 1064 προσϐαλὼν,
1569 1031 1732 1062 τοσαυτάκις
1759 1031 1781 1058 δ’
1795 1032 1933 1066 ἡττήσας,

1148 1075 1224 1101 Ἐπεὶ
1235 1074 1264 1101 δὲ
1277 1075 1326 1106 τὰς
1339 1074 1441 1101 τούτων
1464 1075 1552 1111 ὁρμὰς
1571 1076 1754 1108 συνέστελλεν,
1774 1077 1866 1102 οὐκέτι
1878 1077 1936 1108 τὰς

1141 1120 1298 1152 ἐπελεύσεις
1314 1120 1358 1157 [Ρ.
1375 1121 1420 1158 58]
1441 1122 1553 1148 ἐκείνων
1566 1123 1671 1158 ἐτήρει,
1687 1123 1745 1149 ἀλλ’
1757 1123 1841 1149 ἐπιὼν
1859 1124 1935 1158 πρὸς

1141 1166 1175 1192 τὰ
1206 1166 1324 1201 φρούρια
1357 1167 1392 1193 τὰ
1421 1167 1586 1202 παράὐτοῦ
1618 1169 1790 1204 κατεχόμενα
1819 1169 1936 1205 ἐνέδρας

1143 1211 1244 1241 ἐνίστα.
1272 1212 1319 1238 καί
1350 1221 1426 1243 τινας
1455 1213 1524 1247 πρὸς
1549 1213 1706 1248 διαρπαγὴν
1736 1215 1848 1249 πλησίον
1874 1215 1936 1241 τῶν

1143 1257 1282 1292 φρουρίων
1296 1257 1445 1292 ἐξέπεμπε.
1464 1257 1526 1283 Τῶν
1553 1258 1618 1292 γοῦν
1637 1259 1791 1293 πολεμίων.
1803 1260 1936 1292 ἐξιόντων

1144 1303 1191 1330 καὶ
1211 1303 1362 1330 διωκόντων
1374 1303 1436 1334 τοὺς
1449 1303 1679 1339 προνομεύοντας,
1690 1305 1773 1337 αὐτὸς
1788 1305 1867 1339 ἐξιὼν
1882 1307 1936 1341 τῆς

1145 1349 1256 1384 ἐνέδρας
1270 1349 1318 1381 τὰς
1334 1351 1373 1381 εἰς
1391 1350 1421 1376 τὸ
1437 1349 1566 1385 φρούριον
1588 1351 1724 1386 φερούσας
1748 1352 1824 1383 ὀδοὺς
1848 1361 1936 1380 κατε-

1144 1395 1266 1430 λάμϐανε
1283 1395 1328 1421 καὶ
1343 1397 1406 1427 τοὺς
1420 1395 1569 1428 διώκοντας
1580 1396 1696 1431 ἀπεῖργε
1707 1398 1755 1432 τῆς
1769 1397 1836 1433 πρὸς
1844 1398 1937 1426 ταῦτα

1146 1442 1261 1469 εἰσόδου.
1275 1442 1420 1469 Ξυνέϐαινε
1437 1443 1502 1477 γοῦν
1514 1443 1612 1478 μικροῦ
1626 1443 1680 1470 δεῖν
1697 1444 1800 1475 πάντας
1817 1444 1936 1479 ζωγρεῖ-

1147 1488 1219 1520 σθαι,
1234 1488 1281 1515 ἅτε
1298 1489 1352 1515 τῶν
1369 1489 1437 1525 πρὸς
1453 1489 1488 1516 τὰ
1505 1489 1622 1525 φρούρια
1636 1490 1776 1525 φερουσῶν
1788 1490 1854 1516 ὁδῶν
1867 1499 1939 1526 προ-

306 1539 498 1568 sequerentur,
511 1533 568 1568 ipse
584 1541 753 1568 consurgens
769 1541 800 1562 ex
818 1534 925 1561 insidiis
940 1535 990 1562 iter
1003 1542 1094 1568 egres-

1149 1533 1385 1569 κατειλημμένων.
1412 1534 1520 1561 Τούτων
1539 1535 1605 1569 γοῦν
1632 1535 1762 1570 συχνάκις
1781 1534 1938 1569 γινομένων

307 1577 346 1604 sis
363 1577 396 1604 ad
421 1578 538 1605 reditum
568 1579 778 1613 prteoceupabat
798 1579 1017 1614 interclusosque
1041 1579 1095 1607 cir-

307 1622 484 1650 cumveniens
503 1623 558 1650 fere
573 1632 668 1651 omnes
681 1624 806 1659 capiebat
829 1625 917 1651 vivos.
934 1624 982 1652 liis
998 1625 1097 1659 saepius

308 1668 389 1696 fat-tis
412 1669 439 1696 in
466 1669 612 1696 maximam
637 1669 822 1697 diﬂicultatem
841 1678 933 1697 rerum
951 1670 1097 1697 barbarum

308 1715 437 1750 coniecit,
462 1716 508 1751 qui
531 1716 635 1751 justum
655 1717 759 1744 habens
775 1717 926 1744 exercitum
943 1717 1035 1751 proelio
1050 1716 1099 1743 de-

309 1769 422 1789 cernere
449 1769 532 1796 quam
561 1762 679 1797 primum
710 1762 848 1798 cupiebat.
881 1762 933 1789 Sed
961 1762 1099 1789 contrario

309 1807 425 1834 consilio
449 1807 580 1840 Alexius,
601 1808 647 1843 qui
675 1815 772 1843 parum
796 1808 853 1835 suis
878 1807 966 1842 copiis
993 1807 1098 1839 ﬁderet,

308 1852 388 1880 furtis
404 1853 476 1887 belli,
495 1861 548 1880 non
566 1854 760 1889 congressibus
777 1854 890 1889 apertis,
909 1853 1018 1882 vincere
1038 1853 1102 1881 bar-

310 1898 406 1926 barum
426 1899 594 1927 decreverat.
613 1899 708 1934 Itaque
725 1899 835 1935 quoties
857 1899 902 1926 ille
917 1904 1047 1934 tanquam
1066 1898 1100 1925 ad

310 1945 369 1971 acie
387 1945 547 1972 certandum
564 1945 657 1979 copias
674 1950 816 1980 coegerat,
841 1945 884 1973 hic
909 1945 1050 1980 quiescere
1070 1951 1100 1971 se

311 1989 380 2016 velle
408 1989 568 2017 simulabat.
598 1989 630 2016 Et
650 1990 696 2017 ubi
719 1990 823 2026 aliquot
842 1991 949 2018 dierum
968 1990 1099 2026 patientia

312 2034 444 2069 impetum
471 2040 630 2069 paratarum
662 2035 694 2063 ad
722 2037 845 2071 praelium
872 2037 1098 2072 rel'rigeraverat,

315 2077 443 2111 prodibat
474 2079 628 2106 clanculum
660 2086 686 2108 et
711 2089 764 2108 non
789 2082 867 2116 longe
895 2081 928 2108 ab
955 2081 1100 2108 hostilibus

315 2121 414 2148 castris
430 2123 544 2150 insidias
561 2124 677 2156 locabat,
703 2125 761 2152 vias
778 2133 974 2160 praeoccupans
999 2126 1100 2159 quibus

315 2172 484 2194 commeatus
500 2168 685 2196 inferebantur
699 2174 725 2196 et
749 2170 894 2204 plerosque
912 2177 1051 2196 annonam
1069 2177 1100 2196 ac

1149 1579 1187 1610 είς
1204 1579 1360 1614 ἀμηχανίαν
1384 1580 1478 1614 εἰσῆγε
1510 1579 1553 1606 τὸν
1580 1579 1730 1614 βάρϐαρον.
1753 1579 1782 1605 ’0
1802 1583 1850 1614 μὲν
1878 1580 1938 1615 γὰρ

1148 1623 1296 1659 ἀξιόμαχον
1319 1624 1389 1659 ἔχων
1411 1625 1525 1660 δύναμιν
1539 1625 1663 1652 ἐϐούλετο
1684 1626 1757 1660 μάχῃ
1774 1626 1823 1660 μιᾷ
1835 1625 1937 1660 κριθῆ-

1149 1679 1193 1697 ναι
1207 1670 1242 1697 τα
1267 1670 1325 1697 κατ’
1344 1670 1436 1702 αὐτὸν,
1455 1670 1469 1696 6
1485 1670 1512 1696 δὲ
1529 1670 1938 1707 στρατοπεδάρχηςδυνάμεως

1150 1716 1260 1752 ἀπορῶν
1274 1717 1508 1751 καταστρατηγεῖν
1528 1717 1572 1742 τον
1588 1717 1727 1751 βὰρϐαρον
1744 1715 1867 1742 ἔσπευδε.
1882 1716 1939 1741 Καὶ

1150 1763 1268 1796 ὁπηνίκα
1293 1763 1396 1794 ἐκεῖνος
1409 1762 1440 1788 τὸ
1464 1762 1561 1788 ἐαυτοῦ
1579 1762 1740 1796 συνήθροιζε
1768 1761 1939 1796 στράτευμα,

1150 1803 1227 1839 οὗτος
1252 1807 1366 1841 ἠρεμεῖν
1394 1807 1593 1840 προσεποιεῖτο,
1616 1806 1662 1831 καὶ
1692 1803 1809 1839 διασχὼν
1832 1803 1941 1838 ἡμέρας

1152 1853 1228 1884 τινὰς
1251 1852 1323 1887 ἐξῄει
1341 1852 1429 1887 λάθρα
1444 1852 1492 1878 καὶ
1517 1852 1547 1878 οὐ
1573 1852 1667 1887 πόρρω
1681 1850 1776 1877 τούτου
1791 1849 1941 1884 γενόμενος

1151 1898 1245 1934 λόχους
1271 1898 1362 1924 ἐνίστα
1391 1898 1438 1924 καὶ
1465 1897 1498 1924 τὰ
1529 1897 1787 1932 πλεῖσταιένήδρευε
1810 1895 1942 1926 καὶτοὺς

1151 1944 1197 1971 ἐπὶ
1212 1945 1242 1971 τὸ
1256 1945 1413 1980 στράτευμα
1426 1943 1634 1978 διακομίζοντας
1647 1943 1773 1978 ἐζώγρει.
1796 1941 1941 1974 Ἀγγελλο-

1153 1989 1241 2025 μένων
1255 1989 1283 2016 δὲ
1306 1989 1408 2016 τούτων
1434 1989 1472 2024 τῷ
1488 1989 1619 2024 βαρϐάρῳ
1645 1987 1810 2024 στρατιῶται
1835 1986 1943 2013 ἐκεῖθεν

1152 2036 1309 2070 ἐπέμποντο
1329 2035 1517 2070 βοηθήσοντες.
1541 2033 1622 2061 Ἀλλὰ
1637 2033 1802 2067 τοῖςτλόχοις
1821 2031 1868 2058 καὶ
1880 2032 1943 2062 ταῖς

1154 2082 1276 2116 ἐνέδραις
1305 2081 1489 2115 ἐμπίπτοντες
1518 2080 1617 2116 μικροῦ
1633 2080 1687 2106 δεῖν
1699 2080 1784 2114 ἄρδην
1798 2078 1944 2114 ἡλίσκοντο

1154 2125 1273 2157 ἅπαντες
1284 2133 1291 2140 ·
1310 2125 1481 2160 ἀναιρεῖσθαι
1497 2126 1552 2160 γὰρ
1567 2125 1677 2156 τούτους
1693 2125 1742 2158 οὺχ
1756 2125 1828 2150 ὅσιον
1850 2121 1944 2157 ἐνομί-

1155 2170 1216 2202 ζετο
1234 2170 1273 2205 τῷ
1286 2169 1510 2205 στρατοπεδάρχῃ
1522 2170 1703 2204 Χριστιανοὺς
1720 2169 1810 2199 ὄντας.

315 2216 414 2240 cretera
429 2216 582 2242 necessaria
597 2216 762 2250 portantium
790 2216 912 2250 capiens.
944 2216 1007 2242 llaec
1022 2221 1048 2242 ut
1081 2216 1213 2243 barbarus
1234 2220 1374 2247 senserat.
1403 2216 1526 2243 mittebat
1571 2215 1708 2250 extemplo
1732 2213 1944 2249 pabulatoribus

314 2258 428 2286 auxilia.
453 2258 505 2286 Sed
529 2260 603 2287 missi
631 2261 802 2288 incurrentes
829 2261 856 2287 iu
891 2260 1004 2287 insidias
1038 2261 1212 2295 paucissimis
1243 2261 1415 2289 elabentibus
1450 2261 1629 2296 capiebantur
1665 2268 1772 2288 omnes.
1803 2259 1869 2286 Nam
1896 2267 1945 2287 eos

312 2306 437 2334 occidero
462 2306 538 2334 nefas
562 2308 657 2335 Alexio
682 2308 835 2340 videbatur,
858 2316 921 2335 cum
949 2307 1097 2335 Christiani
1117 2313 1221 2336 essent.

346 2352 392 2380 Si.
412 2352 473 2380 Haec
493 2353 594 2388 sapius
611 2354 648 2381 ita
663 2359 737 2389 gesta
755 2354 929 2381 vehementer
951 2354 1101 2381 conturba-
1118 2358 1140 2385 Ι)

311 2400 378 2427 haut
393 2401 554 2428 barbarum.
564 2400 631 2427 Nam
644 2401 779 2433 civitates,
789 2408 850 2435 qua:
863 2405 936 2428 metu
948 2405 996 2427 aut
1008 2408 1101 2428 amore

313 2446 364 2480 ipsi
393 2447 520 2474 favebant
547 2451 574 2473 et
601 2446 742 2481 vectigalia
768 2446 930 2481 pendebant,
959 2452 1101 2482 postquam

315 2494 458 2528 desperare
473 2494 533 2530 ejus
552 2494 686 2522 auxilium
702 2497 750 2521 aut
767 2501 820 2520 non
837 2494 933 2521 timere
950 2493 1037 2529 ipsius
1052 2494 1104 2521 im-

319 2544 409 2573 petum
419 2545 571 2574 etrperunt,
582 2540 747 2569 lucrifacere
757 2543 895 2574 sumptum
909 2539 1102 2574 pensitationis

319 2585 359 2612 vel
376 2584 481 2613 inutilis
496 2587 539 2613 vel
561 2595 612 2614 non
630 2586 792 2614 necessaria:
807 2590 958 2621 cwpcrunt.
982 2586 1104 2619 Quarum

319 2629 512 2657 collationibus
525 2632 695 2659 cessantibus
709 2632 801 2666 inopia
816 2631 940 2659 Urselius
953 2631 1055 2666 ingenti
1070 2630 1108 2657 rei

320 2676 482 2703 nummaria:
493 2676 583 2704 labora
589 2685 619 2706 ns
627 2678 683 2713 86
691 2678 834 2705 consilium
848 2678 907 2705 iniit
918 2682 1038 2705 astutum
1050 2676 1111 2712 qni-

321 2721 397 2752 dem,
411 2728 463 2748 non
476 2726 564 2749 tamen
580 2729 677 2750 eventu
693 2723 767 2750 felix.
784 2723 851 2750 Cum
872 2724 944 2750 enim
957 2723 1104 2757 accepisset

323 2768 444 2801 erupisse
459 2767 612 2797 Tulachum
631 2777 645 2797 e
665 2769 774 2797 Perside
788 2769 820 2795 ad
832 2775 920 2796 terras
938 2769 1044 2804 imperii
1059 2777 1106 2796 va-

325 2819 336 2838 ε
353 2812 437 2838 andas
449 2821 510 2839 eum
527 2822 624 2849 magno
644 2814 766 2841 exercitu
787 2813 949 2846 Turcorum,
974 2815 1108 2849 optimum

327 2855 398 2883 iactu
411 2859 515 2892 putavit
526 2859 671 2894 adjungel'c
684 2866 712 2886 se
722 2858 773 2893 ipsi
786 2862 812 2886 ct
832 2859 876 2887 tali
892 2860 965 2887 socio
980 2861 1111 2887 adversus

1191 2357 1242 2382 7.1'.
1256 2354 1350 2382 Ταῦτα
1366 2354 1498 2386 πολλάκις
1521 2355 1653 2390 γινόμενα
1677 2353 1804 2389 μεγάλως
1829 2352 1945 2379 ἐλύπουν

1156 2399 1201 2425 τον
1215 2399 1362 2435 βάρϐαρον·
1376 2400 1433 2426 τῶν
1445 2400 1499 2435 γὰρ
1512 2400 1618 2426 πόλεων
1634 2399 1697 2426 ὅσαι
1710 2400 1854 2434 προσεῖχον
1871 2398 1943 2432 αὐτῷ

1157 2446 1288 2481 πρότερον
1296 2446 1369 2481 φόϐῳ
1379 2446 1395 2482 ἦ
1405 2446 1497 2481 εὐνοία
1508 2446 1594 2481 τούτῳ
1605 2445 1839 2480 δασμοφοροῦσαι,
1853 2444 1944 2479 ἐπειδὴ

1161 2491 1359 2525 ἀπογινώσκειν
1370 2491 1425 2518 τῶν
1449 2490 1508 2517 κατ’
1534 2491 1616 2517 αὑτὸν
1638 2491 1766 2526 ἧρξαντο,
1779 2491 1856 2517 οὐδὲν
1872 2490 1946 2516 οὐδε-

1163 2537 1211 2572 μία
1223 2538 1352 2572 παρεῖχεν
1369 2535 1454 2570 αὐτῷ.
1471 2536 1525 2562 Καὶ
1541 2535 1585 2562 διὰ
1601 2535 1681 2562 τοῦτο
1697 2535 1849 2570 χρημάτων
1877 2542 1946 2561 σπα-

1163 2583 1244 2614 νίζων
1266 2582 1365 2618 βουλὴν
1381 2581 1558 2608 ἐϐουλεύσατο
1581 2581 1691 2616 βαθεῖαν
1705 2581 1766 2616 μὲν,
1778 2581 1808 2607 οὐ
1832 2580 1944 2614 συνετὴν

1161 2627 1189 2653 δὲ
1200 2627 1284 2662 ὅμως,
1298 2627 1335 2658 ὡς
1347 2626 1377 2653 τὺ
1391 2626 1468 2658 τέλος
1483 2626 1634 2659 ἀπέδειξεν.
1649 2627 1730 2662 Ἀρτι
1746 2626 1800 2662 γὰρ
1814 2625 1862 2652 τοῦ
1877 2625 1943 2651 Του-

1163 2673 1215 2708 τὰχ
1228 2675 1260 2700 ὲκ
1273 2673 1402 2707 Περσίδος
1418 2672 1593 2704 κατελθόντος
1619 2673 1665 2699 ἐπὶ
1683 2672 1722 2707 τῷ
1746 2672 1780 2698 τὰ
1803 2670 1944 2706 Ῥωμαίων

1160 2719 1301 2754 ληῗζεσθαι
1309 2719 1355 2751 ξὺν
1365 2718 1595 2754 πλήθειτοῦρκων
1604 2718 1717 2750 πολλῶν,
1729 2718 1782 2744 δεῖν
1790 2717 1861 2751 ἔγνω
1870 2724 1946 2750 προσ-

1163 2765 1286 2801 χωρῆσαι
1316 2764 1402 2799 τούτῳ
1422 2765 1548 2791 κάκεῖνον
1562 2764 1703 2798 ξύμμαχον
1717 2762 1810 2788 λαϐεῖν
1822 2761 1890 2787 κατὰ
1900 2759 1945 2786 τοῦ

1167 2810 1412 2846 στρατοπεδάρχου.
1426 2810 1540 2845 Πέμψας
1553 2810 1642 2836 τοίνυν
1659 2809 1790 2843 πρίτερον
1805 2807 1942 2842 πρέσϐεις,

1168 2857 1282 2891 ὕστερον
1296 2858 1342 2884 καὶ
1359 2857 1440 2889 αὐτὸς
1452 2856 1620 2890 παρεγένετο
1639 2855 1677 2886 είς
1692 2854 1722 2881 τὸ
1739 2853 1792 2880 τῶν
1819 2851 1946 2887 Τούρκιον

1870 152 1934 183 198
