2123 3154
363 222 411 252 13.1

953 219 1161 248 NlCEl‘liUiil
1186 218 1369 247 BRYEXNII
1941 217 1990 248 15,22

361 280 484 308 debebat.
502 278 621 306 Incertus
640 278 719 311 igitur
731 278 836 305 consilii
867 268 1024 304 concionem
1039 278 1149 305 Amase-

1178 282 1190 308 ι
1206 276 1298 302 ὁπόσοι
1318 276 1381 309 παρ’
1395 274 1461 308 ἐμοῦ
1475 274 1615 309 ἐξελέγητε
1633 275 1753 309 σήμερον
1769 274 1808 305 είς
1826 274 1854 300 τι
1873 274 1991 307 βουλευ-

363 334 458 353 norum
473 325 529 359 88
542 325 653 351 advocat
666 329 690 349 et
705 324 838 357 primores
854 323 971 351 civitatis
986 324 1144 350 nominatim

362 376 392 397 ut
420 370 510 396 adsint
538 373 631 402 rogat,
664 368 825 402 cunctisque
865 369 1035 403 congregatis
1065 369 1145 395 talem

359 414 504 450 quamdam
516 420 628 440 exorsus
639 416 681 439 est
695 412 843 440 orationem
856 421 864 439 :
877 422 886 438 ι
899 412 956 440 Viri
970 420 985 440 a
1006 421 1048 440 me
1068 413 1147 440 hodie

359 461 386 487 in
409 458 551 486 consilium
569 458 668 490 vocati,
687 457 779 485 audite
795 459 863 493 quid
878 467 926 486 vos
943 459 1036 486 velim.
1065 458 1146 486 Scitis

359 505 464 539 qualem
481 511 510 530 se
531 503 577 530 hic
602 503 736 532 barbarus
754 504 910 531 Armeniaci
936 505 1030 531 limitis
1053 505 1146 531 civita-

358 551 429 577 tibus
447 550 553 576 cunctis
569 557 708 584 quamque
728 550 858 577 infestum
875 550 1032 585 praebuerit,
1050 555 1146 585 quota

356 595 432 622 vobis
448 595 580 630 pecunias
595 596 752 629 eatorserit,
770 601 838 631 quot
853 596 951 631 oppida
974 596 1144 628 desolaverit.

355 645 422 675 quot
447 641 589 668 hominum
604 648 721 676 corpora
735 641 793 669 dire
807 643 979 673 cruciaverit.
1005 641 1145 677 suppliciis

354 693 385 712 ea
404 686 626 714 intolerabilibus
650 687 763 713 minima
779 686 939 722 plerumque
951 694 1034 714 causa
1057 687 1144 722 subji-

356 733 443 759 eicns.
469 732 606 764 Quoniam
636 732 719 768 igitur
750 732 841 760 illuxit
868 733 974 760 tandem
1007 732 1145 761 fortunata

356 778 426 810 dies,
446 785 507 812 quae
522 785 571 805 vos
587 778 663 805 hisce
679 778 869 806 vexationibus
886 778 914 805 in
931 785 1013 806 omne
1037 783 1145 813 tempus

357 829 528 858 exetnptura,
552 824 575 851 si
591 823 706 857 voletis,
735 829 798 857 est,
821 832 929 859 aequum
952 824 1059 853 videtur
1081 826 1145 852 dare

358 878 407 897 vos
427 877 538 904 operam
563 877 597 896 ne
619 869 747 904 praeclara
765 877 816 898 nec
839 870 919 898 facile
933 870 1053 898 reditura
1066 871 1145 898 vobis

358 915 467 942 excidat
491 915 610 947 Occasio,
638 923 736 942 cavere
757 923 867 950 quoque
894 923 927 943 ne
954 916 1044 943 studio
1077 916 1143 944 fumi

1201 323 1304 355 τήριον,
1319 321 1384 346 ἀκού
1391 329 1453 346 σατε
1470 320 1527 346 τῶν
1540 320 1606 354 πρὸς
1621 321 1692 354 ὑμᾶς
1707 320 1801 353 λᾶγων.
1825 320 1898 346 Ἰστε
1913 321 1990 348 ὅπως

1199 368 1212 393 ὁ
1240 366 1376 402 βάρϐαρος
1399 366 1448 396 τὰς
1472 365 1519 391 τοῦ
1555 365 1735 400 Ἀρμενιακοῦ
1762 365 1865 391 διέθετο
1891 365 1989 396 πόλεις

1200 413 1307 442 ἁπάσας
1322 413 1370 438 καὶ
1383 411 1468 437 ὁπόσα
1485 411 1614 446 χρήματα.
1632 411 1677 444 ἀφ’
1693 411 1773 446 ὑμῶν
1789 410 1989 445 εἰσεπράξατο,

1198 459 1264 489 ὅσας
1280 466 1309 483 τε
1336 457 1508 491 κωμοπόλεις
1522 457 1657 491 ἐπόρθησε
1675 457 1723 482 καὶ
1741 456 1854 490 σώματα
1875 457 1988 491 ἀνθρώ-

1199 512 1257 530 πων
1269 502 1368 539 [Ρ.6θ]
1383 502 1476 533 κακῶς
1490 502 1607 534 διέθετο,
1623 503 1728 533 ποιναῖς
1744 501 1906 528 ὑποϐάλλων
1921 504 1990 536 ἐφο-

1199 551 1292 584 ρήτοις
1308 549 1337 581 ἐξ
1353 548 1479 583 ἀφορμῆς
1496 547 1681 582 βραχυτάτης.
1702 548 1778 574 Ἐπεὶ
1795 545 1842 574 οὖν
1851 543 1905 583 ἦκε
1928 554 1990 574 και-

1199 596 1244 630 ρδς
1271 593 1451 621 ἀπαλλάττων
1478 594 1550 628 ἡμᾶς
1576 594 1624 628 τῆς
1655 594 1687 620 ἐκ
1709 593 1804 619 τοῦτου
1822 593 1989 624 κακώσεως,

1197 641 1255 667 δέον
1268 640 1343 667 ἐστὶν
1354 640 1429 674 ἡμᾶς
1456 639 1494 674 μὴ
1510 638 1644 674 προέσθαι
1664 639 1769 671 τοῦτον,
1788 639 1855 673 μηδέ
1869 639 1919 665 τὸν
1935 647 1986 664 κα-

1199 687 1264 713 πνὺν
1282 685 1432 720 φεύγοντας
1460 686 1500 716 εἰς
1525 685 1640 719 κάμινον
1661 686 1803 719 ἐμπεσεῖν.
1824 685 1904 711 Ἐπεὶ
1934 685 1990 718 γάρ

1197 731 1287 759 νεύσει
1303 731 1371 758 Θεοῦ
1385 732 1433 758 καὶ
1453 731 1557 766 σπουδῇ
1575 731 1698 766 ἡμετέρᾳ
1716 731 1798 765 δρᾶτε
1810 729 1864 763 ξνῦν
1879 727 1991 764 δεσμώ-

1197 785 1246 812 την
1265 777 1311 803 τὸν
1333 776 1482 812 βάρϐαρον,
1497 777 1511 803 ὁ
1535 776 1563 803 δὲ
1584 775 1679 802 τοῦτον
1708 776 1852 810 ζωγρήσας
1872 776 1991 802 ἀπαιτεί

1197 824 1247 858 τὴν
1271 823 1367 857 τιμὴν,
1398 822 1476 849 αὐτοὶ
1500 822 1528 849 δὲ
1556 822 1706 857 χρημάτων
1737 821 1909 856 ἀποροῦμεν,
1926 821 1989 848 δέον

1197 869 1270 896 ἔστὶν
1292 869 1406 896 ἕκαστον
1425 870 1640 902 συνεισενεγκεῖν
1655 868 1689 894 τὰ
1719 867 1787 902 πρὸς
1811 867 1944 902 δύναμιν.
1959 863 1989 894 Εἰ

1199 915 1237 951 μὴ
1268 914 1322 950 γὰρ
1346 914 1441 950 πόρῤω
1465 914 1597 949 βασιλέως
1616 911 1660 949 ἦν,
1678 914 1695 948 ἢ
1719 913 1813 948 καιρὸν
1841 913 1989 947 ἀναμονῆς

360 959 481 995 fugiendi
500 959 638 987 flammam
663 961 692 987 iu
711 961 798 995 ipsam
824 968 856 987 ac
870 960 1028 996 ﬂagrantem
1053 961 1147 989 forna-

1178 957 1297 996 ίάπῄτει
1318 961 1332 986 ό
1352 959 1499 995 βάρϐαρος,
1516 959 1634 986 ἔσπευσα
1651 959 1684 986 ἂν
1699 959 1803 988 ἐκεῖθεν
1819 959 1989 994 κομισθῆναι

357 1013 418 1032 cent
436 1005 564 1032 incidatis
579 1013 587 1032 :
602 1005 712 1037 quando
727 1006 800 1032 enim
817 1005 863 1033 Dei
880 1011 947 1033 nutu
961 1010 987 1033 et
1009 1006 1147 1041 diligentia

1195 1007 1230 1033 τὰ
1244 1007 1293 1040 τῆς
1303 1007 1397 1041 τιμῆς.
1415 1006 1492 1032 Ἐπεὶ
1509 1005 1531 1031 δ’
1552 1005 1589 1036 ὥς
1604 1006 1684 1040 ὁρᾶτε
1700 1005 1776 1032 οὐδέν
1803 1005 1861 1031 ἐστι
1879 1004 1990 1033 τούτων

360 1056 454 1078 nostra
473 1051 570 1078 videtis
600 1058 671 1079 nunc
700 1052 836 1086 captivum
867 1051 1045 1087 vinctumque
1069 1053 1146 1079 illum

1195 1052 1307 1080 δυνατδν
1326 1053 1462 1087 γενέσθαι.
1481 1052 1512 1078 τὸ
1531 1052 1558 1078 δὲ
1580 1052 1709 1087 Τοὺρκων
1733 1051 1834 1086 πλῆθος
1855 1050 1990 1086 μεγάλως

359 1096 519 1128 barbarum,
545 1097 591 1131 qui
608 1103 672 1124 vero
691 1097 766 1124 illum
783 1097 854 1131 cepit
874 1098 992 1132 pretium
1018 1097 1081 1125 facti
1105 1105 1147 1124 re-

1195 1099 1244 1134 τὴν
1256 1099 1348 1135 χώραν
1371 1099 1532 1134 λυμαίνεται
1549 1099 1680 1132 μένοντος
1695 1097 1743 1124 τοῦ
1760 1097 1856 1132 ἀμυρᾶ
1873 1097 1920 1123 διὰ.
1937 1097 1989 1130 τὴν

357 1141 445 1176 petit,
469 1149 520 1176 ego
545 1147 634 1169 autem
657 1143 773 1177 pecunia
796 1149 895 1175 careo,
918 1150 966 1177 par
989 1148 1029 1170 est
1052 1151 1147 1170 unum-

1198 1144 1291 1178 τιμὴν,
1303 1143 1361 1170 δέον
1370 1144 1453 1176 ἐστὶν,
1463 1142 1589 1178 ὠςεςην,
1604 1143 1708 1174 πάντας
1725 1142 1797 1178 ὑμᾶς
1813 1149 1991 1175 συνεισενεγ-

358 1194 496 1222 quemque
512 1193 632 1215 vestrum
654 1187 781 1216 conferre
798 1194 931 1222 quantum
949 1192 1046 1222 potest.
1062 1188 1146 1222 Equi-

1199 1190 1257 1215 κεί-ι
1273 1197 1280 1203 ·
1312 1189 1379 1224 πρὸς
1401 1189 1464 1219 τοὺς
1496 1189 1627 1223 ἄρχοντας
1649 1188 1677 1214 δέ
1708 1196 1752 1222 μοι
1774 1189 1788 1214 ὁ
1811 1187 1910 1221 λόγος·
1943 1187 1990 1213 καὶ

359 1233 420 1259 dem
437 1232 487 1260 nisi
505 1237 558 1260 tam
575 1234 654 1268 longe
668 1233 702 1260 ab
720 1234 884 1267 imperatore
906 1233 1035 1260 distarem
1047 1253 1054 1266 ,
1074 1238 1100 1260 et
1120 1233 1143 1260 si

1197 1234 1316 1268 λήψεσθε
1330 1235 1419 1260 πάντα
1432 1234 1464 1259 ὲκ
1481 1233 1610 1266 βασιλέως
1625 1234 1711 1258 ὁπόσα
1723 1233 1892 1268 παράσχητε.
1921 1242 1932 1258 ι

359 1285 443 1305 morae
465 1279 609 1306 solutionis
636 1278 788 1313 indulgeret
804 1277 959 1308 Tutachus.
991 1276 1149 1305 festinarent
1182 1279 1209 1305 in
1227 1280 1321 1304 urbem
1361 1277 1474 1311 regiam,
1503 1281 1533 1303 ut
1550 1277 1612 1303 inde
1630 1276 1765 1303 auferrem
1785 1278 1953 1311 promissam
1966 1285 1990 1306 ct

358 1328 413 1350 tam
441 1323 515 1357 juste
542 1323 662 1350 debitam
698 1322 850 1350 mercedem
880 1322 1032 1349 utilissime
1065 1321 1143 1349 nobis
1180 1329 1279 1356 operte.
1304 1321 1437 1354 Quoniam
1475 1325 1576 1354 autem,
1602 1325 1631 1348 ut
1652 1321 1766 1354 videtis,
1792 1321 1859 1350 nihil
1885 1323 1988 1350 bonum

359 1371 416 1399 licri
433 1375 531 1406 potest,
551 1375 578 1398 et
594 1370 748 1398 Turcorum
770 1369 906 1397 exercitus
929 1369 1013 1396 multa
1054 1368 1162 1396 interim
1196 1369 1294 1395 damna
1321 1368 1346 1396 ei
1365 1375 1448 1403 quam
1478 1367 1578 1395 insidet
1616 1373 1717 1395 nostra:
1751 1369 1853 1404 regioni
1879 1369 1987 1397 infert.

357 1424 453 1451 amyra
476 1417 513 1444 ibi
527 1423 659 1444 mansuro
675 1415 763 1443 donec
777 1415 941 1449 promissum
958 1422 973 1442 a
987 1415 1064 1442 nobis
1081 1415 1197 1449 pretium
1233 1415 1378 1449 acceperit,
1410 1423 1458 1450 par
1489 1418 1540 1446 est,
1565 1417 1596 1441 ut
1618 1414 1685 1447 dixi,
1706 1413 1763 1442 imo
1798 1416 1987 1442 necessarium

359 1469 454 1490 omnes
471 1469 520 1490 vos
535 1462 569 1490 de
586 1467 677 1490 vestro
696 1461 822 1489 conferre
837 1461 882 1496 (ad
916 1461 1055 1496 principes
1076 1466 1103 1488 et
1136 1460 1269 1495 primores
1294 1460 1420 1495 loquor),
1450 1464 1608 1495 recepturos
1631 1459 1730 1487 deinde
1750 1459 1784 1486 ab
1807 1460 1987 1495 imperatore,

358 1515 421 1542 qua:
441 1507 596 1542 reipublicaa
625 1512 678 1534 tam
695 1507 851 1534 necessario
862 1507 977 1534 articulo
990 1506 1146 1534 communis
1163 1506 1259 1533 salutis
1276 1506 1400 1534 fmnerati
1419 1505 1533 1533 fueritis.
1553 1515 1562 1531 ι

395 1553 504 1587 8925.
513 1551 560 1578 His
568 1552 693 1579 Amaseni
707 1559 831 1586 proceres
842 1553 941 1579 auditis
950 1552 1087 1580 concitare
1096 1553 1149 1586 ple-

1237 1552 1291 1586 κγ’.
1306 1553 1413 1578 Τούτων
1423 1553 1520 1578 ἐκεῖνοι
1532 1551 1697 1583 ἀκούσαντες
1710 1551 1867 1586 ἐπεχείρουν
1878 1551 1986 1586 ταράτ-

362 1599 423 1626 bcm
441 1597 612 1624 conabantur
623 1619 630 1630 ,
649 1598 833 1632 tumultusque
847 1605 879 1625 ac
893 1597 1025 1625 confusus
1046 1598 1147 1625 clamor

1178 1593 1182 1620 ί
1201 1607 1257 1624 τειν
1273 1598 1302 1624 τὸ
1317 1597 1428 1632 πλῆθος,
1444 1597 1493 1623 καὶ
1507 1596 1621 1631 θόρυϐος
1634 1597 1681 1623 καὶ
1696 1597 1802 1632 κραυγὴ
1814 1595 1848 1632 ἦν
1865 1597 1983 1631 μεγίστη

362 1641 466 1668 exstitit
483 1647 613 1675 magnus,
638 1641 802 1675 quibusdam
821 1641 957 1668 incondita
985 1642 1107 1676 qumdam
1123 1645 1150 1668 et

363 1687 471 1713 incertae
486 1686 697 1720 significationis
708 1685 930 1718 vociferantibus,
946 1685 1007 1714 aliis
1023 1685 1150 1713 distincte

365 1731 473 1758 liberari
488 1729 624 1757 Urselium
639 1731 826 1766 poscentibus,
845 1731 912 1758 nihil
927 1731 1000 1758 enim
1017 1739 1048 1758 se
1059 1731 1149 1758 abillo

365 1782 445 1810 grave
464 1781 576 1810 passos;
592 1775 729 1810 simulque
750 1775 907 1802 nitebantur
922 1783 1017 1810 rapere
1031 1776 1119 1810 ipsum
1134 1783 1150 1802 e

364 1820 485 1847 custodia
501 1824 529 1847 et
543 1820 668 1847 emittere
691 1819 819 1847 liberum.
837 1819 916 1847 Alius
940 1820 1033 1854 utique
1059 1820 1149 1854 quivis

365 1866 488 1893 turbatus
504 1865 600 1892 fuisset
618 1869 723 1893 tantum
749 1865 883 1900 populant
899 1864 1036 1893 furentem
1053 1865 1148 1892 videns

361 1914 388 1939 et
410 1911 545 1938 civitatem
572 1911 719 1938 maximam
743 1916 839 1938 contra
867 1918 898 1939 se
923 1911 1146 1938 tumultuantem.

360 1955 457 1986 Noster
477 1963 542 1983 vero
563 1963 712 1991 generosus
734 1955 843 1990 juvenis
859 1955 970 1984 Alexius
995 1955 1147 1990 intrepidus

360 2004 394 2030 ad
409 2003 465 2030 lucc
481 2007 589 2036 pectore
614 2002 780 2029 inconcusso
805 2009 837 2028 ac
861 2001 953 2029 fidenti
970 2002 1044 2028 vultu
1068 2002 1148 2029 silere

350 2048 474 2082 .jubebat
489 2047 596 2074 turbam
613 2051 639 2073 et
656 2054 739 2073 manu
756 2052 884 2080 protenso
903 2047 1068 2074 audientiam
1086 2054 1149 2081 pos-

362 2093 458 2124 cebat,
485 2099 539 2125 qua
567 2095 705 2125 utcunque
718 2091 872 2125 impetrata,
891 2092 962 2118 hanc
986 2092 1020 2118 ad
1043 2092 1148 2126 plebem

366 2138 452 2172 ipsam
479 2136 631 2162 orationem
654 2136 769 2162 babuit:
789 2145 798 2161 ι
817 2135 910 2167 Miror,
937 2136 986 2162 viri
1012 2136 1148 2169 Antaei-ni.

368 2187 422 2208 tam
439 2180 519 2208 facile
533 2180 621 2214 decipi
637 2188 685 2208 vos
706 2180 741 2208 ab
761 2180 797 2208 iis
819 2181 865 2215 qui
879 2181 956 2208 vobis
970 2181 1041 2209 male
1051 2189 1150 2209 consu-

367 2227 426 2252 lunt
439 2229 467 2252 et
484 2226 604 2260 privatas
619 2225 740 2259 ipsorum
764 2226 892 2253 utilitates
907 2230 997 2253 vestro
1019 2227 1150 2261 sanguine

1200 1643 1254 1669 τῶν
1270 1644 1318 1677 μὲν
1333 1643 1446 1677 ἀσήμως
1461 1642 1595 1675 βοώντων,
1610 1642 1663 1668 τῶν
1691 1642 1718 1668 δὲ
1745 1642 1915 1676 βουλομένων
1932 1642 1984 1667 adn

1201 1688 1294 1720 ζεοθαι
1309 1688 1354 1714 τὸν
1380 1688 1542 1721 Οὑρσέλιον·
1565 1688 1686 1713 ἐπεϐόων
1703 1688 1756 1722 γὰρ
1773 1687 1857 1722 μηδέν
1876 1695 1903 1712 τι
1931 1687 1985 1713 δει-

1201 1733 1245 1758 νὸν
1270 1731 1366 1758 παθεῖν
1388 1732 1456 1766 πρὸς
1485 1731 1566 1758 αὑτοῦ
1594 1731 1642 1757 καὶ
1667 1732 1818 1766 ἐπειρῶντο
1847 1732 1984 1767 ἁρπάζειν

1200 1777 1293 1804 τοῦτον
1309 1778 1340 1803 ὲκ
1355 1777 1404 1811 τῆς
1429 1777 1517 1808 οἰκίας
1535 1777 1582 1803 καὶ
1610 1776 1738 1804 ἀπολύειν
1755 1777 1908 1812 ἐλεύθερον.
1930 1778 1984 1804 Καὶ

1200 1824 1268 1857 τάχα
1287 1823 1320 1849 ἂν
1335 1823 1428 1858 ἕτερος
1456 1822 1493 1849 ὢν
1512 1822 1649 1858 ἐταράχθη
1670 1823 1754 1857 δῆμον
1774 1823 1844 1858 ὁρῶν
1857 1823 1984 1849 τοσοῦτον

1202 1868 1364 1903 μαινόμενον
1378 1868 1425 1894 καὶ
1444 1867 1649 1903 θορυϐουμένην
1660 1868 1737 1894 πόλιν
1752 1868 1894 1903 μεγίστην,
1912 1869 1943 1894 '0
1957 1868 1984 1894 δὲ

1200 1914 1323 1946 γενναῖος
1334 1913 1453 1944 νεανίας,
1467 1914 1481 1939 ὁ
1506 1913 1744 1948 στρατοπεδάρχης
1759 1914 1873 1945 ἐκεῖνος,
1900 1914 1981 1948 φημὶ,

1201 1958 1286 1993 μηδέν
1303 1966 1330 1984 τι
1346 1958 1438 1989 δείσας
1455 1958 1485 1984 τὸ
1499 1957 1606 1984 σύνολον
1625 1959 1818 1991 κατασιγάζει-ι
1832 1959 1936 1993 ἤρξατο
1950 1959 1982 1993 τῇ

1200 2003 1271 2039 χειρὶ
1300 2003 1345 2030 τὸν
1370 2003 1494 2038 θόρυϐον.
1526 2004 1590 2038 Ὀψὲ
1615 2004 1643 2030 δὲ
1659 2005 1706 2030 καὶ
1729 2004 1806 2039 μόλις
1832 2004 1982 2038 γενομένης

1199 2050 1313 2085 ἡσυχίας
1339 2049 1426 2083 λόγων
1450 2050 1548 2084 ῆρχετο
1572 2051 1642 2084 πρὸς
1657 2050 1687 2076 τὸ
1707 2049 1810 2084 πλῆθος
1839 2050 1979 2076 τοιούτων·

1204 2100 1213 2116 ι
1230 2092 1385 2127 Θαυμάζειν
1409 2092 1497 2118 ἔπεισί
1515 2100 1571 2126 μοι,
1589 2092 1683 2127 ἄνδρες
1711 2093 1894 2127 Ἀμασειανοὶ,
1910 2094 1980 2123 ὅπως

1202 2135 1301 2170 ῥᾳδίως
1327 2135 1414 2166 οὕτως
1437 2135 1609 2166 ἐξαπατᾶσθε
1630 2137 1682 2162 ὑπὸ
1697 2137 1750 2162 τῶν
1763 2137 1979 2172 κατασοφιζομέ-

1201 2188 1254 2205 νων
1270 2180 1343 2215 ὑμᾶς
1358 2179 1406 2205 καὶ
1419 2179 1467 2214 τὴν
1487 2180 1562 2214 σφῶν
1581 2180 1631 2215 μὲν
1647 2180 1737 2207 αὐτῶν
1751 2181 1884 2215 ὠφέλειαν
1899 2181 1980 2207 ὠνου-

1202 2225 1291 2260 μένων
1320 2224 1359 2260 τῷ
1387 2224 1513 2259 ὑμετέρῳ
1541 2225 1648 2260 αἵματι,
1675 2225 1807 2260 μεγίστης
1827 2225 1856 2251 δὲ
1881 2225 1980 2260 βλάϐης

367 2274 524 2298 tuercantur
539 2278 589 2298 nec
603 2270 751 2305 quidquam
765 2271 841 2306 pensi
859 2271 974 2304 habent,
992 2278 1074 2306 quam
1087 2279 1147 2306 gra-

1178 2271 1264 2304 )ὑμῖν
1289 2271 1428 2306 προξένων
1453 2271 1614 2305 γινομένων.
1632 2271 1700 2297 Ποία
1726 2271 1780 2306 γὰρ
1805 2271 1869 2306 ὑμῖν
1890 2271 1978 2305 mss;

366 2317 435 2344 viter
452 2316 530 2344 vobis
543 2320 670 2348 noceant,
685 2315 750 2343 dum
773 2316 823 2343 sibi
849 2316 890 2343 vel
916 2315 1011 2343 leviter
1033 2317 1148 2350 prosint.

364 2362 431 2395 Quis
446 2361 520 2388 enim
542 2360 618 2388 vobis
641 2360 745 2388 fructus
770 2361 961 2388 invalescentis
978 2359 1084 2388 Urselio
1098 2361 1148 2389 do-

362 2409 483 2435 minante
506 2411 533 2434 et
560 2407 621 2434 istis
642 2407 667 2434 ei
687 2407 900 2442 obsequentibus
921 2407 1073 2441 tyrannidis
1096 2407 1148 2434 fuit

362 2457 457 2488 praeter
471 2452 572 2485 caedes,
587 2452 769 2486 captivitates,
784 2451 980 2484 mutilationes,
999 2456 1148 2479 truncatto-

363 2506 463 2532 nesque
478 2497 686 2525 membrorum?
700 2496 734 2523 Et
752 2497 779 2524 in
803 2504 851 2524 vos
872 2497 982 2531 quidem
999 2498 1048 2524 ista
1062 2497 1148 2525 desae-

364 2543 487 2574 vierunt;
505 2542 550 2576 qui
571 2550 635 2570 Vcro
656 2549 731 2570 nunc
757 2541 787 2569 in
812 2542 879 2570 iram
895 2546 922 2569 et
937 2542 1082 2569 tumultum
1100 2550 1148 2570 vos

365 2587 506 2614 coricitant
519 2585 620 2614 intacta
633 2586 793 2621 illibataque
809 2591 955 2614 servarunt
972 2587 1147 2621 patrimonia,

363 2637 443 2665 tecta,
460 2630 614 2666 praediaque
628 2633 747 2666 propria,
764 2639 881 2666 quarum
895 2640 986 2660 rerum
1003 2633 1148 2660 incolumi-

363 2682 444 2704 tatem
461 2676 602 2704 concessis
615 2677 691 2704 vobis
707 2678 734 2704 in
749 2679 873 2713 rapinam
898 2678 1015 2705 barbaro
1039 2678 1090 2705 sibi
1114 2678 1148 2704 ab

362 2730 395 2749 co
411 2721 629 2756 paciscebantur.
646 2721 786 2758 iidemque
811 2724 894 2751 etiam
919 2728 1013 2758 pestes
1037 2724 1148 2759 praemia

365 2768 426 2794 lidci
437 2771 534 2795 vestra:
547 2768 582 2795 ab
595 2761 757 2803 imperatore
769 2769 880 2805 largiter
893 2770 981 2797 soluta
997 2770 1149 2797 diviserunt

366 2818 434 2840 inter
448 2820 478 2841 se
493 2813 628 2848 jactantes
644 2821 693 2842 sua
708 2821 790 2849 opera
809 2814 909 2841 factum
925 2822 958 2842 nc
975 2815 1025 2842 bac
1039 2815 1149 2842 civitate

368 2858 487 2888 Urselius
510 2860 654 2896 potiretur.
680 2860 813 2895 neglectis
839 2859 962 2888 funditus
985 2861 1061 2888 vobis
1087 2868 1147 2890 nec.

364 2912 425 2933 cum
441 2906 467 2932 in
484 2911 558 2933 tanta
583 2910 659 2940 parte
679 2905 841 2933 damnorum
866 2907 981 2938 fueritis,
1006 2907 1039 2933 ad
1066 2907 1146 2934 ullam

1200 2316 1311 2349 ἐγένετο
1326 2317 1374 2350 τῆς
1392 2317 1547 2351 τυραννίδος
1564 2317 1763 2352 συνισταμένης
1778 2318 1820 2343 ὅτι
1833 2317 1870 2352 μὴ
1880 2316 1979 2351 σφαγαὶ

1199 2361 1247 2388 καὶ
1262 2361 1446 2396 αίχμαλωσῐαι
1464 2362 1512 2387 καὶ
1535 2361 1675 2396 πηρώσεις
1690 2362 1735 2388 καὶ
1755 2360 1978 2397 ἀκρωτηριασμοὶ

1202 2407 1307 2441 μελῶν;
1323 2407 1380 2433 ἀλλ’
1398 2407 1478 2441 ὑμεῖς
1493 2408 1543 2441 μὲν
1559 2407 1632 2434 οὕτω
1648 2407 1741 2438 κακῶς
1756 2408 1902 2442 ἐπάσχετε,
1918 2407 1941 2434 οἱ
1952 2405 1978 2432 δὲ

1199 2450 1246 2476 νῦν
1268 2451 1340 2485 ὑμᾶς
1365 2451 1433 2486 πρὸς
1462 2450 1548 2486 θυμὸν
1580 2452 1627 2477 καὶ
1654 2451 1770 2486 θόρυϐον
1795 2453 1978 2487 ἀνεγείροντες

1198 2495 1340 2531 διετήρουν
1367 2497 1415 2531 μὲν
1430 2496 1510 2530 ἀσινῆ
1523 2496 1558 2522 τὰ
1582 2498 1670 2523 οἰκεῖα
1687 2497 1731 2523 τὸν
1752 2497 1889 2533 βάρϐαρον
1903 2497 1977 2532 0:94-

1200 2541 1338 2573 πεύοντες,
1370 2541 1564 2576 ἀπελάμϐανον
1592 2542 1620 2568 δὲ
1645 2543 1692 2568 καὶ
1716 2542 1821 2569 τῶν-εκ
1850 2542 1976 2578 βασιλέως

1199 2586 1317 2620 δωρεῶν,
1337 2587 1378 2613 ὅτι
1394 2587 1430 2622 μὴ
1451 2588 1520 2621 σφᾶς
1539 2595 1569 2613 τε
1590 2589 1639 2614 καὶ
1653 2588 1702 2621 τὴν
1718 2588 1796 2614 πόλιν
1811 2588 1976 2623 ἐνεχείρισαν

1199 2632 1238 2667 τῷ
1254 2632 1394 2667 βαρϐάρῳ.
1412 2632 1505 2666 ’Υμῶν
1516 2632 1558 2667 [Ρ.
1569 2632 1649 2667 6ηδὲ
1663 2633 1723 2660 οὐδὲ
1735 2633 1782 2660 ἕνα
1795 2633 1873 2667 λόγον
1888 2632 1975 2666 ἐποιή-

1200 2685 1280 2704 σαντο
1293 2677 1413 2704 πώποτε.
1427 2679 1476 2704 Διά
1485 2686 1525 2704 τοι
1538 2678 1615 2704 τοῦτο
1627 2680 1673 2704 καὶ
1689 2679 1766 2710 αὖθις
1780 2679 1919 2714 βούλονται
1933 2678 1977 2711 τὴν

1178 2725 1183 2729 “
1199 2726 1345 2760 τυραννίδα
1356 2725 1543 2757 συνίστασθαι,
1557 2725 1599 2751 ἵνα
1612 2724 1650 2759 τῷ
1663 2725 1786 2759 τυράννῳ
1802 2723 1851 2758 μὲν
1861 2723 1976 2758 χρηστὰς

1201 2771 1394 2802 ὑποσαίνοντες
1419 2770 1529 2801 ἐλπίδας
1543 2770 1622 2805 ἀσινῆ
1640 2770 1673 2795 τά
1694 2770 1782 2795 οίκεῖα
1805 2769 1974 2804 διατηρῶσιν,

1200 2817 1231 2842 ἐκ
1248 2817 1380 2851 βασιλέως
1393 2817 1422 2842 δὲ
1443 2816 1596 2842 ἀπαιτῶσιν
1620 2815 1697 2847 αὖθις
1725 2815 1807 2850 τιμάς
1823 2823 1852 2840 τε
1870 2815 1917 2841 καὶ
1930 2813 1976 2839 δω-

1201 2863 1274 2897 ρεάς.
1292 2863 1378 2889 Ἢνδέ
1395 2871 1420 2888 τι
1433 2863 1480 2889 καὶ
1494 2861 1697 2897 νεωτερισθείη,
1714 2862 1790 2888 αὐτοὶ
1807 2860 1856 2895 μὶν
1873 2859 1976 2895 πόρρω·

1200 2909 1246 2934 θεν
1271 2908 1384 2939 ἑαυτοὺς
1406 2908 1453 2934 τοῦ
1473 2908 1610 2943 δράματος
1626 2907 1772 2941 ἐξαγαγεῖν
1795 2905 1973 2941 πειράσονται,
