2123 3154
187 216 232 248 133
479 204 482 207 λ
779 216 1054 247 rnsronmnuu
1074 217 1148 246 LIB.
1167 218 1212 246 ll.
1750 218 1793 249 tu

183 271 224 297 τὸν
241 271 266 297 δὲ
295 271 425 306 βασιλέως
447 272 514 304 ὅλως
530 273 615 307 Ουμὸν
642 273 771 306 sidere-act
791 272 853 298 καθ’
869 272 957 306 ὐμῶν.
974 275 995 303 Α
1010 279 1021 298 c

974 275 995 303 Α
1010 272 1217 298 commodorum
1234 271 1393 306 particulam
1410 271 1548 303 admissis,
1564 275 1657 306 utpote
1671 271 1716 306 qui
1739 274 1794 299 llttl-

190 317 252 343 Ἀλλ’
267 318 293 343 εἴ
310 317 336 344 τί
355 326 401 353 μοι
428 318 564 351 πείθεσθε,
584 318 646 349 τοὺς
671 317 722 353 μὲν
741 318 813 352 ὑμᾶς
833 316 900 352 πρὸς
916 318 960 343 θό-

183 362 256 397 ρυϐον
268 362 456 398 διεγείραντας
470 363 561 399 ἑρῤειν
575 364 683 395 ἐάσατε,
697 363 787 390 ἀπίτω
804 363 832 389 δὲ
844 362 960 394 ἕκαστος

183 409 218 439 εἰς
243 408 291 444 τὴν
316 409 405 436 οἰκίαν
425 409 506 436 αὐτοῦ
528 410 574 436 καὶ
594 409 627 436 τὰ
651 408 784 443 λεχθέντα
811 408 958 441 σκοπείτω,

182 455 225 481 καὶ
237 455 342 482 εἴσεσθε
357 457 448 487 ὁποῖος
463 456 526 491 ὑμῖν
537 455 693 490 βουλεύεται
702 455 736 481 τὰ
747 454 934 489 ξυμφέροντα.
947 463 957 480 ι

182 500 284 527 Τούτων
304 501 423 528 ἀκοῦσαν
438 501 489 527 τῶν
508 501 639 535 ῥημάτων
654 500 684 526 to
695 499 796 535 πλῆθος
809 499 906 534 ἐπῄνει
919 498 954 525 τὰ

1014 316 1068 343 lam
1087 323 1207 350 unquam
1224 324 1313 343 rerum
1329 323 1361 343 ac
1376 317 1511 343 rationum
1529 321 1682 344 vestrarum
1704 324 1796 344 curam

1014 366 1063 388 aut
1084 361 1279 395 cogitationem
1303 362 1481 395 sumpserint.
1505 360 1598 396 Itaque
1622 361 1678 396 jatn
1705 369 1794 389 rursus

1013 405 1130 440 cupiunt
1156 407 1300 434 restituere
1325 406 1496 441 tyrannidem
1509 406 1577 441 ipsis
1599 411 1794 442 quaestuosam,

1013 451 1092 479 vobis
1106 459 1174 486 quos
1189 451 1245 486 90
1258 453 1324 479 viles
1338 452 1437 479 habent
1450 451 1604 480 exitialem:
1619 458 1648 479 ut
1662 460 1724 480 cum
1739 460 1794 480 ruri

1012 505 1060 526 sus
1074 497 1173 525 vestris
1182 498 1280 532 prtedis
1288 504 1402 533 tyranno
1413 506 1459 532 per
1468 504 1585 525 vestrum
1594 506 1714 526 errorem
1728 499 1794 534 ipso.

180 545 302 578 λεχθέντα
318 547 365 574 καὶ
382 547 501 578 ἅπαντες
517 546 687 581 ὑπεχώρουν.
1013 552 1018 570 1

1013 551 1073 570 rum
1093 543 1189 570 fraude
1204 544 1238 571 ab
1255 549 1377 571 extremo
1399 545 1519 578 periculo
1532 546 1558 572 in
1570 553 1645 579 spem
1660 546 1793 572 meliori-tr

180 596 305 620 revocato
326 592 439 619 blanditi
464 592 577 625 fuerint,
595 592 621 618 in
635 598 755 626 prmsens
775 588 979 617 indemnitatem
1000 596 1112 616 suarum
1133 588 1297 616 familiarum
1312 589 1346 616 ab
1361 596 1394 616 eo
1415 590 1512 617 vestris
1526 590 1628 624 rapinis
1641 591 1792 617 exsatiandt

180 638 360 671 paciscantur,
384 636 557 672 postmodum
589 642 654 662 vero
668 638 804 662 ostentata
835 632 993 668 imperatori
1013 631 1082 660 falsa
1099 632 1237 665 fidelitate,
1251 632 1330 667 quasi
1345 639 1393 667 per
1413 632 1485 666 ipsos
1509 633 1614 660 steterit
1629 641 1662 660 ne
1674 633 1794 661 Urseliur

179 688 264 710 vestra
282 691 364 718 opera
381 687 517 718 regnaret,
539 681 591 709 sibi
614 680 724 716 quidem
749 679 816 714 ipsis
842 679 960 706 honores
978 677 1013 705 ah
1027 685 1060 704 eo
1075 681 1102 705 et
1116 677 1285 713 largitiones,
1301 677 1379 706 vobis
1407 683 1498 705 autem
1533 678 1724 706 seditiosorum
1740 687 1794 714 pte-

179 735 224 755 nas
240 732 268 755 et
283 732 404 755 extrema
431 726 564 761 supplicia
587 729 744 761 procurent.
779 723 847 752 Nam
870 723 915 750 ubi
953 722 1088 752 tumultus
1117 730 1204 757 usque
1217 722 1250 750 ad
1284 722 1391 758 tyranni
1407 723 1505 757 captivi
1521 722 1707 751 liberationem
1723 725 1791 752 inva-

179 774 265 806 lucrit,
283 774 361 801 facile
377 773 427 808 ipsi
441 774 593 808 purgabunt
607 772 643 805 id,
659 779 688 800 se
705 771 796 799 invitis
813 778 844 799 ac
861 771 962 798 frustra
978 770 1212 805 repugnantibus,
1228 771 1252 798 vi
1287 778 1319 798 ac
1334 770 1426 798 furore
1455 770 1542 806 plebis
1555 777 1686 798 novarum
1704 777 1797 797 rerum

178 820 304 847 studiosa:
319 819 420 846 factum
437 828 443 845 :
460 818 531 845 unde
566 817 681 851 gratiam
702 817 811 852 qttidcm
843 815 1016 851 imperatoris
1041 815 1067 842 in
1090 822 1134 847 se.
1172 815 1199 842 in
1222 822 1270 842 vos
1296 820 1387 843 autem
1414 816 1481 843 iram
1503 820 1530 842 et
1555 820 1638 842 totam
1670 814 1798 842 invidiam

177 864 261 892 odiosi
281 864 409 892 facinoris
425 867 557 890 avertent.
574 862 680 894 Atros,
698 862 722 889 sl
754 861 819 897 quid
850 861 916 887 mihi
953 860 1080 892 Creditis,
1104 859 1171 887 istos
1198 859 1342 887 insidiosos
1368 859 1510 888 seditionis
1551 859 1616 895 ipsis
1639 864 1798 894 qutestuosac

177 910 251 938 vobis
276 909 436 945 perniciosae
460 915 588 936 suasorcs
611 908 712 935 missos
739 907 828 934 facile.
844 907 884 934 lte
901 914 966 934 vero
985 907 1102 940 quisque
1121 905 1148 933 itt
1185 906 1280 934 domos
1309 911 1415 934 vestras
1442 911 1469 934 et
1493 914 1554 942 qua:
1577 907 1692 935 audistis
1714 907 1799 934 otiose

177 960 309 991 reputate.
326 954 372 982 Sic
385 955 458 982 enim
482 953 563 981 facile
578 953 736 989 intelligetis
750 952 805 980 utri
833 952 910 979 vobis
925 951 1001 978 utilia
1037 951 1200 984 consulant,
1234 951 1309 978 illine
1325 952 1369 986 qui
1404 959 1452 978 vos
1468 951 1576 986 tyranni
1595 951 1697 986 rapinis
1709 956 1736 978 et
1751 952 1795 978 im-

176 1001 307 1036 peratoris
320 999 460 1035 suppliciis
473 998 665 1034 objiciunt,an
680 1006 730 1032 ego
745 998 790 1032 qui
822 996 910 1032 capita
935 996 1113 1030 fortunasque
1146 1001 1252 1023 vestras
1276 995 1398 1023 omnium
1425 1004 1474 1030 pro
1498 996 1649 1023 commodis
1684 996 1798 1031 spebus-

175 1053 226 1079 que
253 1044 383 1080 improbis
411 1051 558 1078 paucorum
584 1043 611 1070 in
636 1042 783 1070 discrimen
811 1041 873 1068 nolo
896 1041 1024 1076 projici.»
1058 1041 1157 1068 Audita
1189 1041 1264 1075 plebs
1299 1041 1349 1068 hac
1379 1042 1501 1069 oratione
1519 1041 1637 1069 laudavit
1651 1050 1711 1077 quas
1730 1042 1800 1069 dice-

175 1094 272 1120 bantur
288 1096 314 1119 et
334 1091 463 1130 paulatim
480 1094 649 1118 recesserunt
665 1091 691 1116 iu
709 1090 820 1116 domum
839 1088 955 1123 quisque
975 1096 1064 1117 suam.

209 1140 258 1166 κδ’.
284 1138 314 1165 ’0
338 1139 366 1165 δὲ
388 1137 628 1172 στρατοπεδάρχης
648 1137 740 1168 δείσας
759 1136 796 1171 μὴ
816 1136 863 1163 καὶ
881 1135 958 1168 αὖθις
974 1141 995 1169 Β
1043 1138 1047 1163 ε

951 1144 958 1168 ;
974 1141 995 1169 Β
1043 1136 1088 1164 24.
1109 1135 1140 1163 At
1151 1135 1264 1163 Alexius
1281 1140 1404 1164 metuens
1421 1144 1453 1163 ne
1469 1137 1565 1164 iterum
1581 1144 1706 1171 proceres
1722 1137 1789 1164 civi-

175 1186 199 1212 οἱ
212 1185 322 1212 δυνατοὶ
341 1184 370 1211 τὸ
385 1183 486 1218 πλῆῡος
512 1183 666 1217 διεγείρωσι
683 1183 731 1210 καὶ
746 1183 792 1208 τδν
815 1181 960 1216 Οὐρσέλιον

1013 1182 1076 1209 tatis
1091 1182 1196 1218 plebem
1212 1183 1381 1210 concitarent
1396 1187 1422 1210 et
1435 1182 1570 1210 Urselium
1585 1188 1720 1217 raperent,
1733 1190 1800 1210 con-

175 1229 359 1265 διαρπάσωσι,
389 1228 488 1263 βουλὴν
511 1228 668 1262 βουλεύεται
684 1228 755 1254 πάνυ
770 1227 821 1261 μιν
836 1227 960 1262 συνετὴν,
1012 1239 1013 1254 ς

1012 1227 1102 1255 silium
1127 1228 1190 1256 iniit
1216 1229 1294 1256 valde
1322 1228 1440 1262 prudens
1464 1236 1513 1256 nec
1532 1228 1623 1255 minus
1639 1230 1798 1255 humanum.

176 1276 246 1302 πάνυ
262 1275 290 1301 δὲ
302 1275 349 1301 καὶ
361 1273 563 1309 φιλάνθρωπον.
578 1273 626 1304 Τίς
641 1273 663 1299 δ’
683 1272 700 1308 ἢ
721 1272 819 1308 pauidi];
838 1272 962 1308 Προσκα·
1012 1279 1014 1293 ε

959 1286 962 1292 -
1012 1272 1096 1306 Quale
1113 1273 1139 1300 id
1154 1277 1244 1300 autem
1256 1273 1267 1300 2
1281 1273 1401 1301 Advocat
1415 1274 1585 1306 carniﬁcem,
1595 1274 1705 1302 accendi
1719 1274 1797 1307 jubet

175 1321 262 1347 λεῖται
285 1320 332 1346 τὸν
356 1319 464 1354 δήμιον.
491 1318 653 1345 Ἀνὰπτεται
680 1317 746 1352 πῦρ.
776 1317 961 1352 Ἐκπυροῦται

177 1365 294 1400 σέδηρος.
330 1364 469 1391 Ῥίπτεται
497 1364 568 1389 κατὰ
596 1365 648 1398 γῆς
661 1363 675 1389 δ
691 1362 848 1398 Οὑρσέλιος.
861 1362 961 1388 Φωνεῖν

177 1410 223 1436 Γ(αἱ
240 1409 343 1436 στένειν
363 1409 459 1444 γοερὸν
490 1408 710 1443 παραγγέλλεται
741 1408 779 1439 ὡς
801 1407 882 1440 δῆθεν
906 1407 962 1434 τῶν

174 1455 307 1489 ὀμμάτων
322 1454 512 1489 στερούμενος.
531 1454 560 1480 ὀ
576 1454 605 1480 δὲ
616 1454 739 1480 πείθεται
754 1454 801 1480 καὶ
812 1454 862 1488 τὴν
871 1453 961 1480 οίκίαν

175 1500 295 1534 ἐπλήρου
323 1500 420 1532 φωνῶν
439 1508 470 1525 τε
489 1499 537 1526 καὶ
557 1499 728 1533 στεναγμῶν.
743 1496 810 1525 Εἶτα
826 1499 882 1530 τοῖς
900 1498 962 1524 τού-

174 1554 222 1572 του
240 1545 384 1580 βλεφάροις
399 1545 550 1571 ὲπιτίθεται
566 1544 713 1579 φάρμακον
730 1544 900 1571 ὰκεσὼδυνον
915 1543 962 1570 καὶ

174 1592 220 1618 ἰπὶ
229 1591 267 1626 τῷ
278 1591 417 1626 φαρμάκῳ
426 1591 569 1626 κάλυμμα.
583 1589 687 1616 ’Έωθεν
698 1590 726 1616 δὲ
740 1590 808 1625 πρὸς
819 1590 848 1616 τὸ
858 1589 961 1624 πλῆθος

176 1637 306 1671 ἐξάγεται
325 1637 372 1663 καὶ
385 1637 481 1672 δρᾶται
495 1637 569 1672 παρὰ
584 1637 692 1663 πάντων
703 1635 739 1667 ὡς
752 1635 832 1670 δῆθεν
848 1635 959 1669 τυφλός.

175 1684 262 1709 Τοῦτο
282 1682 313 1709 τδ
335 1682 426 1718 δρᾶμα
441 1683 558 1717 πάμπαν
575 1682 621 1708 τὸν
643 1681 756 1718 θόρυϐον
770 1681 959 1715 κατεσίγασεν.

180 1729 212 1754 '0
229 1729 279 1762 μὲν
291 1727 338 1754 οὖν
353 1727 594 1778 cepa-condition;
610 1727 702 1757 ἁδείας
718 1726 867 1760 λαϐόμενος
881 1726 960 1752 ἐσχό-

176 1782 223 1800 aut
251 1774 325 1805 ὅπως
342 1774 391 1800 καὶ
413 1773 443 1799 τὸ
471 1772 602 1807 περ’ἴτδν
632 1772 778 1807 Οὺρσέλιον
804 1772 960 1807 στράτευμα

175 1819 299 1845 καθελὼν
315 1819 370 1844 τῶν
389 1818 688 1854 παρακατασχεθέντων
700 1819 839 1853 φρουρίων
851 1819 958 1852 γένοιτο

178 1865 319 1900 ἐγκρατής
330 1873 337 1879 ·
346 1865 370 1891 oi
379 1864 400 1890 δ’
413 1865 444 1891 ἐκ
456 1864 586 1898 βασιλέως
597 1864 768 1899 πεμφθέντες
781 1864 835 1890 τῶν
850 1863 959 1890 οἰκείων

174 1911 251 1942 εντες
265 1910 305 1946 τῷ
333 1911 439 1945 βασιλεῖ
460 1909 613 1945 ἠνάγκαζον
639 1910 734 1936 τοῦτον
753 1910 799 1936 τὸν
815 1908 960 1944 Οὑρσέλιον

174 1957 292 1984 λαϐόντα
303 1957 343 1988 είς
358 1956 408 1991 τὴν
423 1956 546 1991 βασιλίδα
564 1955 737 1983 ἐπανελθεῖν.
760 1955 790 1982 '0
803 1955 832 1982 δὲ
849 1954 960 1989 αἰσχρὸν

175 2002 268 2036 ἔλεγεν
281 2000 352 2028 εἶναι
366 2002 398 2027 Ei
408 2001 515 2028 πολλῶν
526 2001 580 2027 τῶν
596 2001 648 2027 ὑπὸ
668 2001 714 2026 τὸν
728 2001 859 2035 τύραννον
876 1999 960 2026 δντων

165 2038 236 2078 ’ἑνὸς
249 2048 395 2081 ἐγκρατεῖς
415 2046 558 2079 γεγονότες
577 2045 662 2072 αὐτοῦ
678 2045 726 2072 τοῦ
745 2045 879 2080 τυράννου
896 2044 960 2076 τοὺς

176 2092 275 2124 ἄλλους
287 2091 483 2122 καταλιπόντες
508 2091 676 2126 οἰχησόμεθα
687 2098 695 2106 ·
713 2091 821 2125 ἀνάγκη
848 2091 901 2126 γὰρ
912 2091 961 2117 ἕνα

174 2138 231 2165 τῶν
248 2137 418 2173 λειπομένων
431 2138 473 2169 εις
483 2137 616 2172 τύραννον
630 2137 798 2172 καταστῆναι
813 2137 860 2163 καὶ
882 2136 960 2168 αὖθις

175 2183 226 2214 τὰς
244 2182 338 2214 πόλεις
349 2182 448 2217 κυκᾷν.
468 2182 538 2209 Ἀλλ’
559 2182 621 2218 ἐμοὶ
634 2181 709 2208 δοκεῖ
723 2179 797 2208 εἶναι
813 2181 899 2208 ταῦτα
912 2181 960 2208 καὶ

173 2227 316 2260 τοῦτον...,
330 2227 520 2263 ἀποπειρᾶσαι
535 2227 564 2253 δὲ
580 2227 693 2254 καὶτῶν
704 2227 841 2262 φρουρίων
856 2226 899 2262 [Ρ.
913 2226 958 2263 8‘2]

173 2275 238 2301 ὅσον
252 2271 308 2301 οἷόν
324 2282 365 2300 τε.
378 2274 461 2301 Ταῦτ’
473 2273 560 2301 εῑπὼν
575 2274 657 2309 ἔργον
670 2275 768 2308 εἴχετο,
788 2275 835 2301 καὶ
852 2274 960 2310 πρῶτον

177 2320 227 2354 μὲν
241 2319 290 2351 τὰς
303 2320 380 2351 ὀδοὺς
394 2319 535 2355 ἐφρούρει.
553 2319 598 2350 Ὣς
608 2320 690 2354 μηδέν
700 2329 727 2346 τι
737 2320 792 2346 τῶν
803 2320 960 2353 ἀναγκαίων

175 2364 268 2390 λαϐεῖν
283 2365 323 2395 είς
336 2365 370 2390 τᾰ
388 2365 507 2400 φρούρια
520 2364 693 2399 εἰσαχθῆναι,
707 2365 753 2391 καὶ
767 2364 815 2391 ἐπὶ
829 2364 961 2400 συλλογὴν

177 2409 250 2436 σίτου
267 2410 378 2437 καὶτῶν
395 2410 483 2437 ἄλλων
510 2411 668 2444 ἀναγκαίων
697 2411 817 2443 ὶξιόντας
835 2411 960 2446 μεγάλως

177 2456 292 2486 ἐσίνετο,
311 2455 408 2482 ἔπειτα
423 2455 514 2491 μέντοι
526 2455 637 2490 ἐνέδρας
657 2455 751 2482 ὲνίστα
767 2455 814 2482 καί
825 2464 902 2489 τινας
920 2457 959 2488 είς

178 2499 320 2534 προνομὴν
335 2499 471 2526 ἔστελλεν.
486 2500 518 2526 Ol.
529 2499 556 2526 δὲ
571 2501 600 2526 ὲν
616 2500 673 2531 τοῖς
691 2500 830 2535 φρουρίοις
846 2499 964 2533 ιξιόντες

178 2545 224 2570 καὶ
247 2544 310 2574 τοὺς
343 2545 562 2579 προνομεύοντας
585 2545 730 2578 διώκοντες
757 2546 817 2577 ταϊς
841 2545 964 2581 ἐνέδραις

178 2589 392 2624 περιπίπτοντες
408 2590 560 2624 ἡλίσκοντο.
587 2591 673 2618 Τοῦτο
692 2591 821 2623 πολλάκις
843 2591 963 2618 ποικιλο-

177 2635 285 2670 τρόπως
303 2634 446 2670 γινόμενον
465 2637 504 2668 εἰς
519 2637 636 2672 ἀπορίαν
660 2637 723 2668 τοὺς
746 2637 888 2672 Φράγγους
904 2637 962 2664 ἐνέ-

177 2680 292 2707 ΰαλλεν·
309 2680 354 2707 ὁτὲ
380 2681 430 2715 μὲν
445 2681 498 2716 γὰρ
530 2683 599 2717 μετὰ
629 2683 763 2717 τετάρτην
792 2682 808 2718 ἤ
831 2683 959 2717 πέμπτην

179 2726 286 2762 ἡμέραν
299 2727 387 2753 ἐποίει
403 2727 451 2758 τὰς
468 2728 621 2762 προκομὰς,
641 2729 687 2755 ore
697 2728 727 2755 δὲ
749 2729 821 2764 μετὰ
837 2729 900 2764 μίαν
913 2726 962 2755 αὖ·

176 2773 218 2805 θις
232 2774 341 2810 ἡμέραν
357 2775 374 2809 ἢ
399 2775 446 2800 καὶ
471 2774 610 2810 δευτέραν.
639 2776 856 2812 Ἀμηχανοῦντες
877 2773 922 2802 οὖν
936 2777 961 2802 οἱ

176 2819 249 2846 ἔνδον
262 2821 286 2846 οἱ
303 2821 353 2856 μὲν
386 2821 456 2856 σφᾶς
483 2829 512 2846 τε
535 2821 633 2852 αὐτοὺς
652 2824 699 2848 καὶ
730 2822 764 2849 τὰ
793 2821 909 2857 φρούρια
924 2822 962 2856 τῷ

180 2866 411 2903 στρατοπεδάρχῃ
428 2865 593 2902 παρέδοσαν,
607 2867 632 2893 οἱ
644 2867 672 2893 δὲ
692 2868 758 2894 κενὰ
773 2867 859 2895 ταῦτα
877 2876 961 2894 κατα·

177 2910 300 2944 λιπόντες
317 2911 430 2948 ᾤχοντο.
445 2912 501 2940 Καὶ
516 2911 588 2939 οὕτω
609 2913 716 2941 πάντων
727 2913 838 2947 γέγονεν
855 2914 958 2948 ἐγκρα-

1013 1317 1102 1352 ignem
1117 1324 1143 1345 et
1156 1319 1183 1346 in
1199 1326 1232 1346 eo
1244 1319 1390 1346 candelieri
1405 1319 1517 1346 ferrum.
1530 1319 1608 1346 llumi
1618 1319 1695 1354 juxta
1705 1325 1801 1347 exten-

1012 1362 1086 1390 ditur
1101 1362 1226 1391 Urselius
1243 1364 1395 1392 vociferans
1409 1369 1435 1391 et
1452 1364 1558 1398 cjulans
1578 1364 1655 1399 plane
1669 1369 1698 1392 ut
1713 1365 1737 1392 si
1753 1373 1797 1393 re-

1013 1416 1074 1435 vera
1091 1408 1116 1436 ei
1135 1409 1207 1436 oculi
1228 1409 1301 1436 ferro
1327 1409 1412 1444 ἱειιίιο
1437 1415 1626 1441 exurerentur,
1641 1409 1714 1444 quod
1731 1418 1794 1438 mox

1013 1455 1134 1481 futttrum
1151 1462 1182 1481 ex
1201 1461 1234 1481 eo
1248 1459 1378 1489 apparatu
1397 1454 1517 1482 rebatur.
1530 1455 1619 1487 Quare
1633 1455 1729 1483 domus
1743 1460 1799 1484 tota

1012 1500 1174 1534 personabat
1187 1500 1291 1527 insanis
1315 1499 1374 1534 ejus
1398 1500 1533 1527 latuentis.
1550 1500 1627 1533 Quod
1644 1501 1676 1527 ad
1694 1500 1794 1528 famam

1013 1546 1051 1572 rei
1069 1545 1146 1572 facta:
1164 1546 1190 1572 in
1208 1545 1335 1572 viciniam
1362 1550 1390 1572 et
1409 1553 1469 1572 mox
1497 1553 1544 1580 per
1561 1546 1653 1572 urbem
1669 1553 1799 1581 spargen-

1011 1592 1073 1618 dam
1092 1591 1157 1618 utile
1171 1597 1240 1618 erat.
1254 1591 1354 1618 Deinde
1368 1591 1426 1625 ejus
1437 1591 1524 1618 oculis
1537 1597 1702 1626 unguentum
1712 1593 1799 1626 quod-

1011 1637 1073 1663 dam
1101 1637 1242 1664 iunoxium
1262 1637 1392 1671 imposuit
1415 1642 1441 1663 et
1465 1645 1546 1671 supra
1568 1641 1735 1672 unguentum
1757 1636 1799 1663 fa-

1012 1682 1109 1709 sciam.
1136 1681 1270 1709 Postridie
1293 1689 1402 1717 quoqtte
1423 1682 1449 1708 in
1475 1682 1610 1715 publicam
1637 1683 1798 1709 concinnem

1014 1728 1050 1754 ita
1067 1727 1210 1755 fasciatum
1228 1728 1317 1755 oculis
1331 1727 1434 1762 opertis
1451 1727 1648 1764 Urselium91
1663 1729 1800 1763 producit.

1014 1779 1043 1800 ut
1059 1773 1189 1801 omnibus
1204 1781 1235 1801 ea
1250 1773 1341 1807 specie
1358 1773 1424 1800 lidcs
1439 1773 1514 1801 lierct
1532 1781 1594 1801 vere
1611 1774 1699 1809 ipsutn
1715 1782 1801 1802 eme-

1013 1823 1104 1846 catum
1133 1819 1228 1847 fuisse.
1249 1819 1287 1846 Ea
1313 1819 1386 1846 fictio
1411 1819 1557 1846 tumultum
1580 1819 1658 1853 plane
1684 1820 1798 1847 sedavit.

1013 1864 1125 1891 Alesius
1141 1872 1205 1892 vero
1231 1871 1296 1891 cura
1325 1864 1374 1890 ista
1402 1863 1506 1890 solutus
1530 1863 1729 1896 considerabat,
1746 1871 1798 1898 qua

1014 1910 1119 1938 ratione
1134 1914 1228 1945 posset
1245 1909 1343 1937 Ursclii
1368 1909 1480 1943 reliquis
1495 1908 1583 1935 adhuc
1598 1909 1685 1942 copiis
1702 1909 1798 1936 deletis

1013 1963 1090 1983 arces
1103 1963 1172 1990 quas
1193 1956 1328 1982 invaserat
1355 1958 1382 1980 et
1410 1953 1498 1980 adhuc
1524 1959 1572 1987 per
1597 1959 1663 1979 suos
1689 1953 1799 1979 tenebat

1013 2001 1144 2036 recipere.
1162 2000 1213 2034 Qui
1241 2005 1332 2027 autem
1354 1999 1388 2026 ab
1412 1998 1575 2033 imperatore
1599 1998 1676 2025 missi
1703 1998 1798 2024 Alexio

1014 2048 1128 2075 aderant
1144 2047 1321 2074 consiliorum
1346 2050 1471 2072 auctores
1487 2052 1520 2071 ex
1538 2043 1642 2071 intimis
1666 2044 1798 2078 principis

1015 2094 1166 2121 suadebant
1180 2098 1208 2120 ut
1225 2091 1333 2120 Urselio
1349 2099 1441 2120 secum
1465 2090 1547 2118 ducto
1563 2089 1706 2118 confestim
1729 2089 1798 2117 Cou-

1014 2139 1218 2174 stantiuopolim
1234 2142 1425 2165 reverteretttr.
1441 2135 1546 2169 Quibus
1568 2136 1611 2164 ille
1637 2140 1716 2171 turpe
1742 2136 1799 2163 fore

1014 2185 1201 2216 dieebat,cum
1215 2183 1292 2210 tnulti
1307 2183 1358 2210 sub
1376 2190 1430 2209 uno
1446 2187 1562 2218 tyranno
1573 2183 1680 2217 tyranni
1695 2187 1798 2214 essent,

1013 2232 1035 2258 si
1051 2237 1105 2258 uno
1121 2230 1166 2256 illo
1184 2228 1314 2264 primario
1334 2228 1441 2255 sublato
1455 2228 1576 2255 minores
1596 2228 1703 2255 illos-in
1725 2228 1798 2254 illius

1015 2277 1103 2303 locum
1119 2274 1199 2302 facile
1213 2281 1392 2309 processuros
1408 2273 1593 2308 relinquerent
1607 2277 1634 2300 ct
1645 2273 1684 2300 sic
1693 2273 1800 2300 abirent

1013 2321 1092 2356 quasi
1112 2328 1142 2348 re
1164 2319 1300 2350 confecta.
1323 2319 1416 2346 statim
1440 2318 1560 2346 audituri
1577 2319 1723 2346 excitatum
1737 2326 1799 2345 esse

1013 2370 1092 2399 capto
1118 2371 1322 2396 successorem,
1346 2357 1393 2398 qui
1418 2371 1472 2390 non
1501 2363 1594 2389 mititts
1617 2368 1697 2397 quam
1723 2362 1798 2396 prior

1015 2410 1116 2445 paratis
1131 2409 1165 2436 ad
1180 2416 1290 2436 mannm
1306 2409 1391 2443 cepiis
1404 2410 1485 2436 urbes
1500 2409 1633 2446 incurset.
1647 2407 1709 2434 Mihi
1720 2415 1796 2441 ergo,

978 2474 1003 2504 υ
1017 2455 1116 2490 inquit,
1141 2454 1274 2490 optimum
1289 2454 1405 2486 .videtur
1432 2461 1486 2480 non
1513 2457 1616 2479 tantum
1638 2457 1796 2487 tyrannum,

1015 2501 1062 2529 sed
1077 2501 1159 2527 etiam
1176 2499 1347 2535 tyrannidem
1364 2500 1468 2532 tollere,
1494 2498 1653 2533 conarique.
1673 2498 1697 2525 si
1720 2505 1798 2526 arces

1013 2552 1041 2574 et
1068 2546 1193 2581 prtesidia
1210 2546 1269 2580 ejus
1284 2546 1426 2573 restituere
1451 2544 1564 2579 imperio
1590 2544 1739 2579 possimus.
1764 2543 1798 2571 Et

1013 2591 1056 2619 his
1081 2591 1163 2619 dictis
1183 2591 1329 2625 capessivit
1343 2590 1492 2624 negotium.
1511 2590 1550 2617 Ac
1563 2591 1681 2625 primum
1700 2590 1796 2617 itinera

1013 2637 1131 2668 obsedit.
1152 2644 1185 2664 ne
1201 2637 1267 2671 quid
1283 2636 1309 2662 in
1325 2642 1402 2662 arces
1425 2643 1458 2662 ac
1481 2639 1570 2662 castra
1590 2635 1795 2663 Urselianorum

1013 2683 1107 2711 inferri
1122 2687 1292 2710 commeatus
1306 2685 1406 2715 posset.
1424 2681 1453 2708 Si
1468 2680 1514 2715 qui
1533 2688 1595 2707 vero
1609 2680 1670 2707 inde
1684 2679 1796 2715 pabula-

1014 2735 1072 2757 tum
1097 2734 1145 2757 aut
1171 2729 1208 2756 rei
1234 2727 1345 2755 alterius
1360 2727 1521 2755 necessariae
1540 2726 1692 2761 quterendze
1712 2732 1796 2752 causa

1011 2776 1143 2808 exissent,
1172 2782 1219 2802 eos
1242 2774 1311 2802 male
1337 2774 1465 2800 multatos
1491 2771 1648 2807 repellebat.
1676 2770 1796 2798 Ponebat

1011 2823 1093 2849 etiam
1109 2821 1224 2848 insidias
1248 2820 1315 2847 locis
1340 2819 1463 2850 idoneis,
1490 2825 1607 2852 moxque
1633 2817 1724 2844 missis
1748 2817 1795 2851 qui

1011 2867 1099 2901 palam
1124 2865 1272 2901 praedando
1287 2864 1471 2900 presidiarios
1489 2863 1667 2894 lacesserent,
1682 2869 1730 2889 eos
1745 2862 1796 2888 hae

1010 2917 1068 2941 arte
1084 2917 1173 2940 castro
1188 2911 1293 2940 elicitos
1308 2911 1334 2938 itt
1352 2909 1465 2938 insidias
1479 2908 1665 2944 pertrahebat,
1686 2908 1713 2935 in
1733 2907 1798 2943 qui-
