2123 3154
354 195 407 230 135

354 255 407 282 bus
424 252 610 288 capiebantur.
637 249 692 277 lioe
718 255 789 284 saepe
813 248 896 276 variis
924 249 1013 276 modis
1032 254 1139 281 semper
1154 250 1179 279 Α
1193 256 1203 272 τ

1196 247 1252 281 τῆς.
1272 245 1395 280 Ἡμέρας
1411 244 1440 270 δὲ

357 299 472 326 feliciter
490 303 620 326 tentatum
637 296 755 322 Francos
770 295 796 322 in
814 302 939 330 magnam
956 302 1008 321 non
1024 300 1139 320 annona!

358 343 445 377 magis
460 350 542 378 quam
557 341 662 369 consilii
683 340 802 375 inopiam
816 340 944 374 coniecit,
959 343 1052 366 uoster
1066 338 1138 365 enim

357 388 401 415 his
417 389 443 414 in
457 395 504 414 eos
517 386 734 422 grassatiouibus
749 385 858 412 incertis
882 389 910 412 et
935 383 1141 411 inobservabili-

357 433 406 459 bus
422 432 567 459 momentis
581 431 718 463 utebatur,
740 430 886 464 aliquando
903 429 1015 456 alternis
1033 428 1140 458 diebUS,

357 485 551 512 nonnunquam
582 477 626 504 die
651 477 747 508 tertio,
780 475 916 503 interdum
948 480 1065 508 quatuor
1095 477 1142 499 aut

953 191 1161 223 NiCEPHORI
1182 190 1367 220 BRYENNH

1469 243 1614 277 διατρίιζας
1643 246 1671 269 ἐν
1688 244 1831 279 Ἀμαςείᾳ,
1858 243 1910 269 καὶ
1938 243 1990 273 τὰς

1193 293 1285 324 πόλεις
1310 292 1420 321 ἁπάσας
1446 291 1633 323 καταστήσας,
1649 290 1696 317 καὶ
1721 290 1833 324 εἰρήνην
1869 289 1990 324 βαθεῖαν

1193 337 1362 368 καταλιπὼν,
1387 337 1435 363 καὶ
1457 338 1512 367 τοῖς
1538 337 1605 362 πᾶσι
1620 337 1736 371 δειχθεὶς
1759 335 1988 371 ἐρασμιώτατος,

1195 383 1306 418 ἐξῆλθεν
1333 382 1440 408 ἐκεῖθεν
1467 382 1536 416 μετὰ
1565 382 1664 416 κρότου
1696 382 1743 407 καὶ
1766 381 1915 416 εὐφημιῶν
1949 379 1990 405 ὅτι

1196 428 1328 454 πλείστων
1352 426 1522 461 ἐπαγόμενος
1548 425 1608 461 μεθ’
1633 426 1730 452 ἑαυτοῦ
1751 426 1798 452 καὶ
1820 427 1865 451 τὸν
1879 425 1986 458 0596i-

1195 473 1262 500 λιον.

356 524 478 558 quinque
505 523 602 550 diehus
630 522 800 557 interpositis
817 529 865 549 eos
891 522 1046 548 incursans.
1064 519 1155 546 Pressi
1175 525 1240 553 ergo
1269 517 1358 552 inopia
1373 517 1427 552 92
1440 523 1466 545 et
1480 525 1535 552 quo
1549 525 1579 545 se
1606 523 1740 545 verterent
1766 518 1861 544 incerti
1883 517 1936 552 qui
1964 516 1992 543 in

355 569 491 604 praesidiis
508 573 586 595 erant
611 575 640 595 se
665 572 693 594 et
717 575 793 595 arces
817 574 882 594 suas
908 567 1002 594 Alexio
1026 565 1142 593 Romani
1162 565 1301 591 exercitus
1337 563 1444 590 ductori
1477 563 1638 590 dediderunt
1663 564 1801 598 plerique;
1819 564 1865 591 alii
1880 565 1995 590 exhau-

355 621 412 642 stas
439 615 522 641 rebus
546 614 674 640 omnibus
696 621 773 640 arces
800 613 982 648 relinquentes
1007 611 1142 645 fugerunt.
1167 610 1242 638 Unde
1274 609 1390 643 contigit
1403 609 1527 635 omnium
1563 617 1656 636 earum
1685 615 1822 644 potentem
1846 609 1905 636 iieri
1927 609 1992 635 Ale-

355 663 444 689 xinm.
461 661 511 694 Qui
528 668 632 695 paucos
651 661 714 687 inde
727 660 785 687 dies
819 661 942 688 Amasea:
955 664 1088 691 moratus,
1117 658 1273 686 constitutis
1290 657 1372 684 rebus
1401 656 1541 683 civitatum
1574 656 1743 687 vicinarum,
1767 659 1794 682 et
1821 656 1990 690 profundam

355 710 384 736 in
415 707 468 734 ilIis
496 706 619 741 partibus
650 713 742 740 pacem
773 706 928 740 relinquens
963 706 1141 746 omniumque
1169 711 1276 731 amores
1302 710 1395 730 secum
1415 702 1505 729 ferens
1528 702 1594 729 ahiit
1627 702 1722 736 plausu
1738 706 1763 728 et
1779 701 1992 728 acclamationi-

356 756 408 782 bus
426 753 548 780 omnium
566 753 716 784 deductus,
733 753 838 780 ducens
859 761 923 780 vero
948 760 1043 780 secum
1056 752 1203 780 Ursei'zum.

392 821 438 847 25.
461 820 610 847 Trausieus
634 825 725 847 autem
752 828 799 854 per
813 819 1026 855 Paphlagoniam
1043 820 1088 847 ubi
1103 820 1146 847 vi-

355 869 436 895 cinus
457 866 509 893 fuit
523 866 615 893 domui
632 865 750 893 Doceani
765 865 901 893 Theodori
921 866 973 893 viri
998 866 1097 893 nobilis
1120 870 1146 892 et

359 912 500 947 locupletis
521 911 707 946 sanguineque
724 911 818 938 Alexio
837 911 989 946 conjuncti.
1014 919 1076 938 nam
1103 911 1146 938 hic

358 959 430 986 lilius
450 963 507 985 erat
529 957 632 984 sororis
649 958 733 992 patris
758 957 852 984 ilzius:
879 962 908 985 ut
932 965 996 993 ergo
1019 958 1146 992 cognorit

361 1003 504 1030 Doceauus
528 1001 654 1029 Alexium
679 1001 835 1034 adventare,
852 1002 972 1028 occurrit
987 1002 1024 1028 illi
1038 1002 1144 1028 obviam

360 1047 441 1080 longe
454 1054 486 1073 ac
502 1054 562 1073 eum
578 1053 675 1081 magna
687 1045 818 1072 eharitate
832 1045 991 1080 complexus
1008 1044 1145 1071 salutaxit.

360 1093 429 1119 Cum
445 1097 535 1119 autem
553 1092 718 1127 respexisset
732 1089 881 1123 Urselium,
904 1096 930 1118 et
955 1090 1067 1117 fasciam
1088 1089 1147 1123 ejus

359 1139 447 1166 oculis
467 1138 621 1173 impositam
642 1138 763 1169 vidisset,
789 1138 883 1164 dolore
909 1144 1008 1172 magno
1034 1136 1148 1162 aﬂ'ectus

361 1190 405 1212 est
431 1191 480 1211 nec
504 1189 594 1211 tenere
610 1192 639 1211 se
659 1184 745 1218 potuit
761 1183 827 1218 quin
847 1182 974 1209 Alexium
998 1181 1145 1212 incusaret,

361 1230 436 1265 quod
449 1230 537 1256 virum
551 1230 618 1256 adeo
635 1229 733 1256 fortem
757 1233 785 1255 et
805 1229 851 1262 qui
873 1229 1006 1263 potuisset
1030 1229 1146 1254 multum

365 1276 494 1310 prodesse
510 1276 548 1301 rei
565 1273 696 1301 Romamn
719 1274 805 1301 oculis
826 1274 969 1309 privasset.
995 1274 1040 1300 ille
1059 1279 1149 1300 autem

364 1321 484 1356 prudens
498 1320 567 1347 alias
581 1323 608 1346 et
623 1319 780 1346 moderatus
797 1319 824 1346 in
840 1326 967 1345 sermone
991 1319 1087 1353 suique
1102 1326 1152 1353 po-

365 1372 426 1394 tens
445 1367 471 1392 in
487 1364 705 1397 dissimulando,
730 1364 802 1398 quod
828 1365 948 1390 nondum
966 1369 1074 1399 putaret
1091 1371 1151 1391 esse

365 1417 502 1439 maturum
518 1409 644 1444 prodere,
667 1409 707 1435 sic
723 1413 865 1435 mansuete
880 1417 912 1436 ac
926 1409 1060 1436 renidenti
1075 1410 1151 1437 vultu

361 1458 389 1483 ei
409 1454 549 1489 respondit
564 1462 571 1481 :
600 1461 610 1478 ι
626 1452 733 1480 Causas
756 1452 876 1487 quidem,
894 1454 1036 1480 matruelis
1053 1455 1101 1486 mi,
1117 1453 1153 1480 ob

363 1509 433 1536 quas
448 1501 491 1527 hic
506 1499 593 1526 oculis
619 1498 742 1533 priVatus
765 1501 817 1528 est,
836 1499 988 1531 exponendi
1007 1507 1078 1525 nunc
1097 1506 1151 1525 non

364 1550 409 1574 est
423 1551 542 1578 tempus,
554 1544 599 1570 ubi
618 1548 707 1569 tamen
723 1542 834 1570 domum
850 1544 1054 1577 pervenerimus
1065 1549 1092 1571 et
1103 1545 1151 1572 soli

365 1598 420 1618 una
432 1591 549 1621 erimus,
565 1595 661 1615 omnes
675 1587 770 1615 audies
781 1595 878 1622 meque
893 1592 923 1615 ut
939 1596 1019 1623 spero
1033 1590 1085 1616 isto
1097 1590 1152 1616 eri-

365 1637 440 1664 mine
455 1635 590 1662 absolves.
606 1643 616 1661 ›
633 1634 700 1661 Cum
716 1641 780 1669 ergo
800 1634 880 1668 paulo
903 1640 965 1668 post
980 1635 1089 1662 domum
1107 1642 1154 1662 ve-

366 1682 471 1708 nissent
486 1681 564 1715 cquis
578 1679 717 1707 exscensis
729 1683 756 1707 et
768 1687 885 1707 excusso
895 1680 1005 1714 pulvore
1017 1680 1072 1716 93
1088 1681 1153 1707 lauti

369 1725 567 1753 accubuerunt.
598 1724 698 1759 Epulas
726 1729 817 1751 autem
844 1724 985 1751 Doceanus
1011 1725 1156 1759 magniﬁce

368 1775 557 1806 apparaverat.
574 1770 638 1797 Post
654 1769 798 1804 prandium
815 1777 897 1796 manu
913 1770 1077 1804 prehensum
1094 1771 1156 1796 Ale-

367 1818 428 1844 xius
447 1816 599 1843 Doceanum
616 1816 642 1842 in
658 1815 787 1842 conclave
806 1815 884 1842 duxit
901 1822 956 1850 quo
970 1816 1081 1842 clausus
1097 1815 1156 1842 fuc-

364 1867 407 1890 rat
423 1861 555 1892 Urseiius,
571 1868 651 1895 quem
675 1861 758 1895 jussit
779 1861 888 1887 demere
903 1861 956 1887 sibi
974 1860 1087 1888 fasciam
1105 1870 1156 1887 uu~

363 1907 485 1940 dareque
497 1905 603 1932 oculos.
616 1904 662 1931 Ille
673 1909 766 1932 autem
781 1905 873 1931 subito
885 1912 1036 1939 exsurgens
1049 1912 1155 1932 remmo

363 1953 423 1979 velo
433 1951 598 1978 cernebatur
612 1950 742 1984 praiclare
756 1950 851 1976 videns
866 1956 892 1976 et
908 1950 1066 1977 Doceauum
1082 1952 1155 1977 salu-

364 1999 449 2030 tabat,
473 1999 521 2031 qui
548 2004 578 2023 re
602 1996 867 2030 inexspectatissima
891 1996 1046 2030 perculsus,
1059 1997 1155 2030 plenus

363 2043 454 2078 gaudii
470 2042 635 2068 exclama.“
656 2048 688 2066 ac
708 2040 839 2074 inchlum
858 2042 1018 2075 complexus
1030 2042 1155 2068 Alexium

366 2088 443 2113 labra
470 2091 497 2112 et
522 2093 605 2120 genus
621 2085 805 2119 amabilesque
826 2086 884 2120 ejus
904 2087 998 2113 oculos
1019 2087 1157 2114 osculatus

366 2135 422 2163 est,
436 2131 522 2156 Macte
534 2149 541 2160 ,
557 2129 685 2162 inquiens
703 2134 730 2155 et
744 2137 810 2156 voce
825 2138 920 2164 magna
936 2131 1058 2158 iterans:
1072 2131 1159 2158 Mat-te

369 2174 421 2200 ista
440 2174 539 2200 \irtute
558 2173 702 2207 iudoleque
714 2174 796 2208 digna
810 2174 893 2208 gloria
910 2181 1054 2209 parentum
1071 2177 1116 2211 qui
1133 2184 1159 2203 te

370 2220 530 2246 eduxerunt.
550 2219 605 2245 Nec
628 2219 711 2245 ullum
737 2221 816 2246 linem
833 2221 949 2247 iaciebat
962 2222 1155 2249 commendau-

369 2267 409 2291 (ιω
424 2264 601 2290 humanitatis
618 2264 712 2298 lepida:
728 2265 845 2293 ﬁcliunis
863 2266 972 2301 ingenio
988 2267 1085 2294 mistte.

403 2329 449 2356 26.
472 2329 574 2356 Triduo
600 2330 635 2357 ibi
663 2331 834 2365 hospitaliter
848 2333 956 2360 habitus
971 2332 1082 2362 ulterius
1098 2342 1160 2369 per-

366 2377 437 2402 rexit
456 2383 551 2403 versus
568 2384 643 2403 mare
658 2376 800 2404 Ponticum
826 2379 1003 2407 descendens.
1020 2379 1088 2407 Cum
1109 2389 1160 2407 au-

367 2428 419 2448 tem
439 2423 510 2449 circa
534 2418 727 2449 Castanionem
746 2425 931 2458 pervenisset,
956 2426 1058 2460 cupivit
1074 2428 1161 2454 visere

367 2467 410 2494 avi
437 2468 559 2494 domum.
581 2467 671 2496 Jussis
698 2469 782 2502 igitur
809 2477 890 2504 porro
916 2479 1028 2506 pergere
1054 2473 1161 2499 cunctis

368 2513 425 2546 ipse
447 2520 509 2538 cum
535 2514 630 2547 paucis
646 2514 796 2541 declinavit
819 2522 834 2541 e
859 2516 913 2542 via.
937 2516 1081 2550 Ingressus
1099 2525 1162 2543 vero

369 2558 492 2589 domum,
507 2566 568 2584 cum
595 2559 669 2586 illam
694 2560 896 2588 habitatoribus
911 2569 1024 2588 vacuam
1041 2564 1161 2595 vidisset,

369 2603 466 2637 plenus
483 2603 611 2637 lacrymis
627 2609 654 2631 et
671 2606 799 2639 suspiriis
816 2612 875 2633 erat
891 2607 1051 2634 memoriam
1066 2616 1162 2643 proge-

369 2649 489 2674 uitorum
506 2656 620 2675 suorum
637 2651 760 2678 recolens
774 2660 781 2678 :
799 2660 849 2679 nec
863 2653 916 2679 nisi
928 2652 953 2679 vi
968 2654 1085 2687 quadam
1103 2655 1164 2680 inde

370 2703 384 2718 :i
402 2695 550 2720 comitibus
565 2695 676 2721 avulsus
692 2698 819 2729 recessit,
834 2698 945 2731 quando
960 2703 987 2725 et
1003 2706 1098 2732 parum
1117 2702 1165 2725 ah-

372 2738 422 2764 iuit
439 2739 504 2771 quin
522 2739 653 2767 incideret
679 2742 705 2768 in
736 2743 853 2769 insidias
868 2743 1031 2770 Turcorum.
1049 2744 1102 2771 Sed
1119 2745 1164 2779 qui

373 2790 445 2808 circa
463 2784 550 2817 ipsum
568 2793 645 2812 erant
662 2787 698 2814 ita
715 2795 865 2823 properare
878 2794 1034 2823 coegerunt.
1054 2795 1084 2815 ut
1101 2791 1167 2817 satis

377 2832 482 2854 mature
508 2838 619 2858 suorum
646 2834 749 2867 agmini
776 2842 805 2861 se
833 2836 967 2861 misceret.
984 2835 1168 2869 Transgresso

376 2881 456 2907 llL‘l'rO
471 2878 611 2910 angustias
633 2884 660 2906 et
680 2880 753 2907 circa
779 2889 853 2907 mare
878 2880 1054 2908 descendenti
1071 2890 1167 2909 versus

1229 819 1279 846 κε’.
1305 817 1387 844 Διιὼν
1412 817 1440 844 δὲ
1461 817 1505 843 διὰ
1536 816 1725 851 Παφλαγονίας
1742 817 1837 852 ἐπειδὴ
1872 817 1994 851 ἔγγιστα

1199 866 1296 898 γέγονε
1314 864 1364 899 τῆς
1375 864 1463 895 οἰκίας
1479 863 1527 889 τοῦ
1552 863 1698 889 Δοκειανοῦ
1718 863 1869 898 Θεοδώρου,
1889 865 1994 899 ἀνδρὸς

1197 912 1252 937 τῶν
1271 908 1301 937 εὖ
1323 910 1475 944 γεγονότων
1491 910 1538 935 καὶ
1564 909 1670 943 πλούτῳ
1698 909 1845 943 κομώντων
1861 911 1914 936 καὶ
1931 910 1994 937 καθ’

1197 954 1268 991 αἷμα
1296 955 1336 991 τῷ
1377 954 1603 989 στρατοπεδάρχῃ
1633 956 1817 988 προσήκοντος
1847 956 1913 991 (τῆς
1940 958 1994 990 γὰρ

1197 1000 1315 1036 ἀδελξῆς
1336 999 1382 1027 τοῦ
1397 999 1500 1035 πατρὸς
1517 999 1622 1025 ἐκείνου
1637 1000 1701 1030 παῖς
1718 997 1751 1033 ἦν
1771 996 1871 1034 οὗτος),
1885 1001 1929 1031 ὼς
1945 1009 1994 1027 κα-

1197 1047 1406 1082 ταλαμϐάνοντα
1417 1045 1511 1072 τοῦτον
1528 1045 1680 1079 ἐμάνθανεν
1691 1047 1704 1072 ὁ
1717 1047 1859 1078 Δοκειανὺς
1874 1048 1937 1082 ἀπή
1947 1056 1992 1072 ιτα

1200 1093 1338 1129 μακρόθεν
1362 1093 1410 1119 καὶ
1426 1091 1627 1127 κατησπάζετο.
1643 1091 1799 1123 Ἐκτενίσᾶς
1814 1092 1842 1119 δὲ
1854 1094 1903 1118 καὶ
1921 1093 1994 1128 πρὸς

1198 1139 1244 1165 τὸν
1258 1139 1405 1172 Οὺρσέλιον
1421 1141 1468 1166 καὶ
1488 1139 1519 1164 τὸ
1533 1138 1666 1173 κάλυμμα
1697 1139 1864 1173 θεασάμενος
1883 1139 1918 1165 τὸ
1936 1141 1994 1170 τοῖς

1199 1184 1348 1219 ὀφθαλμοῖς
1365 1184 1448 1211 αὑτοῦ
1462 1185 1637 1218 ἐπικείμενον
1650 1183 1738 1218 λύπης
1758 1185 1930 1219 πεπλήρωτο
1947 1183 1994 1210 καὶ

1200 1231 1292 1256 οὐκέτι
1318 1230 1453 1260 καθεκτὸς
1477 1227 1522 1263 ἦν,
1563 1229 1632 1254 ἀλλὰ
1668 1229 1713 1255 τὸν
1747 1231 1994 1264 στρατοπεδάρχην

1202 1275 1338 1306 ὠνείδιζεν
1350 1275 1387 1305 ὡς
1401 1274 1486 1308 ἄνδρα
1499 1275 1623 1306 γενναῖον
1635 1273 1709 1299 οὕτω
1725 1275 1771 1299 καὶ
1788 1276 1894 1308 μεγάλα
1913 1276 1994 1302 δυνά-

1204 1328 1284 1353 μενον
1299 1319 1334 1345 τὰ
1354 1319 1497 1353 Ῥωμαίων
1507 1319 1650 1353 ὠφελῆσαι
1664 1319 1815 1354 πράγματα
1830 1321 1883 1346 τῶν
1899 1322 1992 1356 ὀμμά-

1202 1372 1256 1390 των
1275 1365 1513 1399 ἀποστερήσαντα.
1551 1363 1579 1389 '0
1600 1363 1627 1389 δὲ
1653 1364 1780 1398 ἐπιεικής
1795 1373 1824 1390 τε
1843 1365 1937 1396 ἄλλως
1959 1365 1994 1391 ὢν

1203 1410 1251 1435 καὶ
1265 1409 1351 1440 δεινὸς
1368 1409 1514 1435 συσκιάσαι
1527 1410 1643 1443 πρᾶγμα
1655 1410 1702 1435 καὶ
1719 1410 1756 1443 μὴ
1767 1410 1871 1444 ταχέως
1889 1412 1993 1444 ἐκφαῖ-

1204 1463 1270 1488 νειν,
1289 1455 1383 1490 πρᾴως
1410 1455 1480 1480 οὕτω
1501 1454 1549 1481 καὶ
1565 1454 1689 1489 γαληνῶς
1713 1455 1781 1489 πρὸς
1798 1455 1903 1481 ἐκεῖνον
1915 1456 1995 1482 ἀντέ-

1205 1508 1286 1535 φησε,
1304 1509 1313 1526 ε
1331 1500 1385 1531 Τὰς
1402 1501 1451 1534 μὲν
1471 1500 1574 1530 αἰτίας,
1590 1498 1729 1533 ἐξάδελφε,
1751 1501 1784 1526 δι’
1796 1500 1828 1531 ἃς
1841 1499 1922 1532 οὗτος
1941 1501 1994 1527 τῶν

1204 1545 1338 1581 ὀμμάτων
1356 1546 1511 1580 ἐστέρηται,
1520 1545 1550 1571 οὐ
1562 1545 1608 1571 νῦν
1619 1546 1677 1571 ἐστι
1690 1546 1785 1579 καιρὸς
1795 1545 1992 1579 ἀπαγγέλλειν·

1205 1590 1317 1617 ἐπειδὰν
1330 1591 1359 1617 δὲ
1373 1590 1500 1621 ἀπιόντες
1519 1589 1613 1616 οἴκαδε
1640 1591 1710 1616 κατὰ
1734 1591 1817 1625 μόνας
1832 1591 1992 1625 γενοίμεθα,

1205 1637 1267 1673 εῐσῃ
1275 1637 1375 1668 πάσας,
1392 1637 1438 1662 καί
1451 1645 1484 1671 με
1493 1636 1596 1669 ταχέως
1603 1635 1749 1667 ἀπολύσεις
1761 1637 1811 1670 τῆς
1824 1637 1970 1671 μέμψεως.
1984 1645 1992 1660 ι

1205 1682 1360 1713 Φοὰσαντες
1372 1682 1418 1708 οὖν
1435 1681 1484 1716 τὴν
1498 1682 1589 1707 οὶκίαν
1602 1682 1650 1708 καὶ
1662 1682 1715 1707 τῶν
1730 1682 1821 1708 ἵππων
1838 1682 1995 1712 ἁποὸάντες

1206 1729 1252 1754 καὶ
1267 1728 1313 1754 τὸν
1328 1728 1467 1762 κονιορτὸν
1481 1726 1672 1759 ὲκτινάξςντες
1685 1728 1826 1763 ἠρίστουν,
1839 1727 1887 1753 τοῦ
1902 1727 1994 1753 ἑστιά-

1206 1783 1284 1809 τορος
1297 1775 1327 1800 τὸ
1339 1775 1446 1801 δεῖπνον
1457 1774 1606 1809 φιλοτίμως
1621 1775 1899 1810 προευτρεπισαντος.
1919 1775 1995 1802 Μετὰ

1205 1820 1233 1846 δὲ
1249 1821 1278 1846 τὸ
1296 1821 1407 1856 ἄριστον
1432 1821 1482 1855 τῆς
1500 1821 1591 1855 χειρὸς
1618 1820 1767 1855 λαῦόμενος
1784 1820 1830 1847 τοῦ
1848 1818 1994 1847 Δοκειανοῦ

1205 1867 1219 1893 ό
1237 1867 1478 1902 στρατοπεδάρχης
1500 1868 1540 1897 εἰς
1562 1868 1592 1892 τὸ
1608 1866 1746 1900 δωμάτιον
1762 1867 1876 1893 εἷσεισιν
1894 1869 1924 1892 εν
1941 1862 1963 1899 ᾧ
1981 1869 1993 1890 ο

1207 1912 1353 1947 Οὑρσέλιος
1364 1912 1564 1944 ἔνεκέκλειττο,
1574 1913 1620 1939 καὶ
1630 1913 1772 1939 ἐκέλευσεν
1783 1911 1995 1938 ἀναπεταννύειν

1206 1958 1236 1983 τὸ
1250 1958 1394 1992 κάλυμμα.
1431 1958 1461 1984 '0
1474 1958 1502 1984 δὲ
1518 1959 1598 1989 εὐθὺς
1623 1959 1747 1993 ἀνεπήδα
1760 1960 1806 1985 καὶ
1821 1959 1850 1984 τὸ
1864 1959 1992 1993 κάλυμμα

1207 2002 1396 2033 ἁναπεταννῦς
1412 2003 1502 2038 ώρᾶτο
1518 2003 1624 2038 βλέπων
1642 2004 1689 2029 καὶ
1707 2003 1753 2030 τὸν
1769 2005 1913 2030 Δοκειανὸν
1929 2011 1991 2029 κατ-

1207 2048 1356 2082 ησπάζετο.
1384 2048 1414 2074 '0
1446 2048 1474 2074 δὲ
1503 2049 1541 2083 τῷ
1565 2049 1691 2084 αἰφνιδίῳ
1716 2049 1927 2083 κατεπέπληκτο
1952 2050 1992 2075 ναὶ

1210 2094 1317 2128 πλήρης
1342 2095 1482 2129 χαρμονῆς
1501 2095 1635 2129 ἐγεγόνει,
1648 2096 1695 2122 καὶ
1722 2096 1768 2122 τὸν
1792 2096 1897 2122 κλεινὸν
1919 2104 1993 2130 περι-

1211 2138 1323 2169 πλακεὶς
1336 2138 1381 2173 [Ρ.
1393 2138 1440 2173 65]
1459 2139 1577 2170 ’Δλὲξιον
1589 2139 1812 2174 κατεφίλειχείλη
1823 2142 1870 2167 καὶ
1883 2141 1994 2176 παρειὰς

1212 2183 1260 2208 καὶ
1276 2183 1338 2214 τοὺς
1357 2193 1384 2217 χε
1395 2183 1500 2218 ρίεντας
1515 2184 1684 2218 ὀφθαλμοὺς,
1699 2186 1746 2211 καὶ
1763 2186 1833 2220 μέγα
1845 2186 1910 2212 Mea
1926 2185 1993 2217 ἄξιον

1212 2227 1284 2255 εἶναι
1298 2229 1352 2255 τῶν
1370 2229 1546 2264 προαγόντων
1567 2230 1613 2256 τοῦ
1629 2231 1689 2257 νέου
1709 2231 1740 2257 τὸ
1756 2232 1896 2266 φρόνημα,
1913 2231 1993 2258 καὶτὸ

1213 2271 1305 2308 δρᾶμα
1323 2273 1430 2309 ἐπῄνει,
1450 2274 1498 2300 καὶ
1510 2275 1559 2310 τὴν
1577 2276 1680 2310 σκηνὴν
1701 2276 1851 2311 ἐθαύμαζε.

1247 2342 1306 2370 κς¹.
1331 2340 1427 2374 Τρισὶν
1458 2339 1504 2366 οὖν
1535 2341 1653 2375 ἡμέραις
1681 2342 1724 2367 ἐπ’
1745 2341 1821 2377 αὑτῷ
1837 2341 1959 2374 ξενωθεὶς
1979 2341 1991 2366 6

1215 2386 1457 2420 στρατοπεδάρχης
1481 2386 1553 2420 ἐξῄει
1582 2389 1629 2412 καὶ
1646 2386 1740 2421 κατῄει
1759 2387 1796 2418 ὠς
1825 2388 1872 2413 ἐπὶ
1890 2389 1938 2422 τὴν
1951 2386 1991 2412 τεῦ

1214 2430 1316 2455 Πόντου
1333 2431 1482 2457 θάλασσαν.
1501 2431 1569 2466 Περὶ
1591 2432 1619 2457 δὲ
1633 2432 1682 2466 τὴν
1699 2433 1867 2467 Κασταμόνα
1887 2433 1991 2466 γενόμει

1215 2484 1269 2508 νος,
1285 2477 1443 2511 ἐπεθύμησε
1458 2477 1507 2511 τὴν
1524 2477 1570 2503 τοῦ
1589 2478 1700 2504 πάππου
1717 2478 1805 2505 οἰκίαν
1819 2479 1892 2505 ἰδεῖν.
1910 2480 1992 2513 [lapa-

1215 2522 1403 2556 καλεσάμενος
1417 2522 1462 2548 οὗν
1483 2523 1592 2548 ἀπιέναι
1613 2524 1714 2554 πάντας
1735 2525 1816 2555 αὐτὸς
1835 2525 1894 2558 μετ’
1905 2524 1991 2556 ὀλίγων

1215 2568 1350 2593 ἁπένευσε
1364 2569 1414 2602 τῆς
1429 2567 1500 2593 ὀδοῦ.
1524 2568 1613 2600 Ἐντὸς
1630 2569 1659 2595 δὲ
1678 2569 1780 2603 ταύτης
1797 2571 1940 2604 γενόμενος
1954 2566 1992 2593 καὶ

1217 2611 1321 2645 ἔρημον
1340 2612 1442 2646 ταύτην
1462 2612 1516 2638 τῶν
1540 2613 1686 2640 οἰκούντων
1705 2613 1767 2640 ἰδὼν
1780 2615 1905 2650 δακρύων
1922 2613 1992 2646 ἐπλη-

1219 2658 1298 2692 ροῦτο
1326 2659 1374 2684 καὶ
1396 2660 1567 2694 στεναγμῶν,
1590 2661 1618 2686 ἐν
1651 2662 1744 2697 μνήμῃ
1775 2663 1920 2695 γενόμενος
1947 2659 1992 2686 τῶν

1219 2703 1301 2729 αὑτοῦ
1314 2705 1497 2739 γεννητόρων.
1512 2705 1562 2740 Βίᾳ
1577 2707 1600 2732 δ’
1616 2707 1722 2733 ἐκεῖθεν
1735 2708 1925 2738 ἀποεπασθεὶς
1935 2704 1991 2739 πρὸς

1219 2748 1272 2773 τῶν
1291 2749 1431 2783 ἑπομένων
1459 2751 1553 2784 ἀπῄει,
1570 2751 1614 2776 ὅτε
1643 2752 1741 2785 μικροῦ
1770 2752 1824 2778 δεῖν
1854 2748 1991 2786 meum

1219 2794 1296 2827 παρὰ
1311 2794 1365 2820 τῶν
1394 2795 1535 2830 Τούρκων,
1563 2797 1586 2822 εἰ
1614 2797 1651 2832 μὴ
1680 2798 1782 2831 ταχέως
1799 2798 1879 2823 αὑτὸν
1901 2798 1925 2823 οἱ
1940 2794 1993 2828 περὶ

1220 2839 1302 2865 αὑτὸν
1320 2841 1530 2874 ἀποσπάσαντες
1555 2843 1702 2878 συνεμιξαν
1718 2845 1773 2873 τοῖς
1799 2844 1914 2874 λοιποξ.
1931 2840 1993 2868 Διελ-

1221 2886 1293 2912 θόντι
1317 2887 1345 2913 δὲ
1369 2889 1432 2919 τοὺς
1458 2890 1612 2921 στενωποὺς
1626 2891 1672 2917 καὶ
1698 2891 1771 2924 παρὰ
1795 2891 1845 2926 τὴν
1870 2890 1993 2917 θάλασσαν
