2123 3154
195 201 244 235 131

791 200 1066 233 HISTORIARUM
1086 201 1158 232 LIB.
1180 202 1222 232 II.

1776 201 1827 234 138

196 254 317 282 κατιόντι
331 254 398 290 πρὸς
415 255 464 290 τὴν
485 255 649 291 Ἡράκλειαν
659 255 674 282 ὁ
689 255 809 292 Μαύρηξ
823 257 879 292 (3.5)
895 257 982 292 ἁπήν-
995 257 1022 287 Α

995 255 1193 287 Alleracleam
1207 255 1319 283 Maurcx
1342 256 1481 290 occurrit,
1508 256 1550 284 vir
1576 264 1631 284 non
1658 257 1704 284 ille
1716 257 1829 292 quidem

195 310 240 335 τα,
254 301 324 337 ἀνὴρ
340 301 370 328 οὐ
387 301 443 328 τῶν
461 300 491 329 εὖ
513 303 676 337 γεγονότων,
695 302 825 338 ἐντρεχὴς
850 303 879 330 δέ
894 302 983 335 ἄλλως

195 347 242 374 καὶ
255 348 354 383 πεῖραν
372 347 427 374 τῶν
438 348 510 375 κατὰ
522 348 658 376 θάλατταν
678 348 751 384 ἔχων
773 349 814 376 ὅτι
841 349 981 385 πλείστην.

194 393 240 420 Διὸ
253 393 284 428 δὴ
298 393 345 420 καὶ
372 393 514 429 βασιλεῦσι
550 395 696 430 Ῥωμαίων
724 395 874 429 ἀναγκαῖος
892 395 982 422 ἐδόκει

195 439 241 466 καὶ
257 438 364 466 πολλῶν
379 439 504 474 ἀπήλαυε
519 439 573 466 τῶν
589 439 618 472 ἐξ
643 439 734 466 αὐτῶν
749 440 932 475 δωρημάτων,
947 441 984 472 ῶς

196 484 244 512 καὶ
262 485 378 512 πλοῦτον
389 485 543 522 κτήσασθαι
560 486 686 514 πλεῖστον
700 487 746 514 καὶ
760 486 862 514 δούλων
882 487 985 522 πλῆθος

196 531 243 558 καὶ
259 531 314 557 τῶν
328 531 416 558 ἄλλων
434 531 645 567 ὑπηρετούντων
663 534 728 569 περὶ
749 533 783 561 τὰ
798 533 986 569 στρατιωτικὰ

198 578 245 604 καὶ
259 577 348 604 οἰκίαν
364 578 505 613 ἀνεγεῖραι
521 578 664 615 λαμπράν.
681 579 855 615 ’Δπαντήσας
870 579 893 605 δ’
907 576 986 611 οὗτος

196 623 272 658 ἠξίου
290 622 489 659 ἐπιξενωθῆναί
503 625 540 658 οἱ,
557 625 570 652 ὁ
592 625 614 651 δ’
628 625 761 654 ἐπείθετο,
792 625 868 653 Ἐπεὶ
879 625 908 651 δὲ
921 624 986 660 περὶ

196 669 245 705 τὴν
269 669 435 706 Ἡράκλειαν
453 671 589 705 ἐγένοντο,
608 671 687 708 ἐπῄει
719 673 852 708 πρότερον
873 680 987 706 στρατο-

197 716 335 752 πεδάρχης
354 717 400 744 ἐπὶ
426 717 471 744 τδν
495 718 705 754 ἀχειροποίητον
733 719 783 753 τῆς
809 719 986 755 Θεομήτορος

196 761 270 794 ναδν,
293 762 323 788 ἐν
338 759 359 795 ᾧ
374 763 408 789 τὰ.
428 765 595 799 χαριστήρια
608 763 732 800 ἐτεθύκει
747 764 786 800 τῷ
805 765 914 792 πάντων
931 765 988 791 Σω-

197 807 259 843 τῆρι
277 809 324 835 καὶ
338 809 436 836 τούτου
459 809 576 845 Μητέρι.
599 808 656 837 Εἶτ’
674 811 834 846 ἐπεξενίσθη
853 811 892 847 τῷ
906 813 986 840 Μαύ-

199 863 274 889 ρηκι.

234 899 286 932 κζ’.
310 900 355 927 Ἐν
369 901 423 936 ὅσῳ
434 900 462 927 δέ
477 900 552 935 αὐτῷ
568 900 601 928 τὰ
619 901 687 936 πρὸς
702 901 751 936 τὴν
766 901 854 934 ἔξοδον
871 903 986 939 ἡτοιμά-

1036 301 1147 334 nobilis,
1158 309 1264 337 gnavus
1281 307 1372 330 tamen
1389 306 1416 330 et
1429 307 1560 331 strenuus
1577 310 1714 338 usumque
1726 302 1831 331 habens

1035 348 1187 375 maximum
1201 348 1258 384 94
1271 349 1416 376 maritima:
1432 349 1488 382 rei;
1505 356 1591 384 quare
1614 349 1830 383 imperatoribus

1036 394 1169 422 Romanis
1185 395 1360 423 necessarius
1374 395 1529 428 videbatur,
1540 396 1634 423 multis
1654 402 1749 422 eorum
1768 394 1830 422 ideo

1036 440 1116 468 douis
1132 445 1228 468 auctus
1241 461 1250 474 ,
1266 441 1339 468 unde
1355 441 1465 469 diiitias
1491 445 1666 476 compararat
1685 440 1829 476 plurimas,

1037 490 1064 513 ct
1080 486 1282 513 multitudinem
1306 494 1449 514 servorum
1475 487 1650 522 aliorumque
1665 487 1690 515 ei
1704 487 1730 514 in
1746 487 1830 515 rebus

1037 531 1143 559 bellicis
1153 532 1375 566 obsequentium,
1384 537 1411 560 et
1421 533 1532 560 domum
1542 533 1713 568 splendidam
1724 538 1831 560 exstru-

1037 581 1125 605 xerat.
1140 577 1189 605 llic
1211 578 1320 605 obviam
1346 586 1508 614 progressus
1528 579 1641 614 rogabat
1655 580 1783 610 Alexiutu
1800 584 1830 606 ut

1037 624 1109 658 apud
1129 631 1159 652 se
1176 624 1311 652 diversari
1335 625 1505 659 dignaretur,
1533 626 1606 659 quod
1633 625 1679 652 ille
1706 625 1828 656 admisit.

1040 667 1091 696 Ubi
1104 676 1170 696 vero
1185 668 1343 697 Heracleam
1362 674 1474 697 ventum
1497 674 1553 703 est,
1571 675 1634 698 ante
1657 672 1748 698 omnia
1764 672 1829 698 Ale-

1038 715 1100 742 xius
1121 715 1155 742 ad
1181 716 1311 750 templum
1331 716 1453 750 Deiparte
1480 723 1536 743 non
1564 724 1647 744 manu
1673 717 1775 744 factum
1800 725 1830 745 se

1039 761 1153 789 contulit
1169 761 1260 796 ibique
1280 761 1381 797 gratias
1397 762 1451 796 egit
1466 760 1602 788 Salvatori
1624 767 1786 789 cunctorutn
1804 768 1831 790 et

1037 807 1097 842 ejus
1113 807 1192 835 Matri
1205 817 1213 842 ς
1230 813 1286 836 tum
1301 813 1430 844 exceptus
1446 812 1490 836 est
1504 808 1624 843 hospitio
1640 807 1786 837 Maurecis.

1074 896 1118 924 27.
1135 896 1176 924 llli
1191 896 1287 924 deinde
1301 896 1365 924 inde
1378 896 1454 924 abire
1470 895 1579 932 paranti
1591 896 1749 924 nuntiatum
1760 895 1834 923 'l‘ur—

196 945 270 979 ζετο,
285 947 443 981 ἀπήγγελτο
469 946 610 982 Τούρκους
636 947 763 975 κατιέναι
779 949 820 981 εις
834 951 985 985 προνομήν,
1003 944 1024 974 Β

1003 944 1024 974 Β
1039 950 1086 971 cos
1103 944 1136 971 ad
1151 943 1257 979 prmdas
1277 944 1397 979 agendas
1419 943 1606 972 descendisse.
1623 943 1683 977 Qua
1704 951 1771 972 voce
1792 945 1833 972 sic

194 992 251 1020 Τὸν
269 993 293 1019 δ’
309 992 390 1024 εὐθὺς
404 993 418 1019 ὁ
432 993 511 1027 λόγος
525 993 594 1028 πρὸς
609 993 644 1020 τὰ
657 993 727 1020 ὅπλα
748 994 859 1030 ἐκίνησε
886 996 986 1030 μᾶλλον

195 1037 212 1072 ἦ
249 1038 296 1065 τὸν
326 1038 514 1074 Ἀλέξανδρον,
541 1039 579 1071 ὥς
606 1048 684 1074 φασι,
710 1040 795 1067 πάλαι
813 1041 830 1076 ἡ
854 1041 987 1076 Τιμοθέου

197 1085 323 1122 αὔλησις.
355 1086 555 1121 Ὀπλισάμενος
578 1086 628 1114 οὖν
654 1086 768 1120 καὶτοῦ
792 1087 875 1114 ἵππου
890 1088 989 1120 ἐπιϐὰς

197 1131 270 1166 ἐξῄει
289 1132 338 1158 σὺν
353 1133 409 1163 τοῖς
435 1133 501 1167 περὶ
522 1132 616 1159 αὐτόν.
638 1131 800 1159 Ξυνείποντο
814 1133 844 1159 δέ
865 1134 890 1159 οἱ
906 1135 951 1160 καὶ
964 1134 989 1161 οἰ

198 1175 243 1202 τοῦ
253 1176 278 1202 Μ
283 1175 314 1202 αὑ
319 1184 402 1211 ρηκο;
411 1176 506 1211 ἄνδρες
517 1176 749 1211 ἐμπειροπόλεμοι
758 1177 805 1204 καὶ
812 1179 944 1212 γενναῖοι,
952 1175 990 1206 ὧν

199 1222 344 1256 κατάρχων
353 1219 386 1255 ἦν
396 1223 410 1248 ὁ
418 1222 604 1257 Βουτουμίτης
611 1223 731 1258 Μιχαὴλ,
741 1223 812 1259 ἀνὴρ
821 1225 919 1260 μικρὸς
929 1225 988 1260 μὲν,

200 1267 237 1298 ὥς
251 1276 333 1302 φησιν
352 1267 487 1303 Ὅμηρος,
508 1267 592 1303 δέμας
615 1268 685 1296 ἀλλὰ
707 1270 845 1305 μαχήτης.
867 1271 937 1298 Ἀλλ’
963 1272 990 1299 oi

200 1312 316 1348 Τοῦρκοι
333 1313 474 1349 πόρρωθεν
486 1314 597 1346 τούτους
614 1315 714 1347 team;
727 1317 775 1343 καὶ
786 1317 836 1352 τὴν
846 1317 990 1353 ἀστραπὴν

198 1358 254 1384 τῶν
271 1358 361 1385 ὃπλων
376 1359 423 1386 καὶ
442 1360 530 1395 τὸτῆς
541 1360 646 1394 τάξεως
669 1361 807 1397 εὔρυθμον
818 1364 866 1390 καὶ
891 1364 922 1390 τδ
940 1365 991 1398 τῆς

199 1405 288 1440 ὁρμῆς
305 1405 492 1433 ἀνυποστατσν
508 1407 546 1442 μὴ
560 1407 758 1441 ὑπενεγκόντες
772 1408 888 1444 ἔφευγον
903 1410 991 1445 ἀκρα-

198 1451 265 1481 τῶς.
287 1451 318 1477 Οἱ
330 1451 358 1478 δὲ
377 1452 472 1486 πόρρω
482 1451 594 1484 τούτους
604 1452 658 1479 τῶν
673 1453 754 1488 ὁρίων
769 1453 879 1480 ἐκείνων
888 1454 992 1482 ἀπελά-

201 1506 298 1528 σαντες
322 1499 369 1525 καὶ
395 1498 595 1530 καταϐαλόντες
610 1499 697 1532 ἐνίους
718 1500 883 1535 ἐπανῄεσαν.
901 1500 992 1535 Ἤτοι-ι

200 1543 240 1578 τῷ
260 1543 391 1578 παρέργῳ
405 1543 455 1579 τῆς
472 1544 544 1571 κατὰ
566 1544 682 1580 πάροδον
702 1545 780 1579 νίκης
796 1546 810 1572 ὁ
826 1545 992 1581 στρατοπεδ-

201 1590 290 1625 άρχης
314 1589 361 1616 καὶ
386 1589 513 1616 ἐϐούλετο
536 1591 681 1626 καρτερεῖν
699 1590 729 1616 ἐν
751 1592 807 1622 τοῖς
834 1591 884 1626 τῆς
908 1591 993 1626 Ἦρα-

203 1635 296 1666 κλείας
306 1635 402 1670 ὁρίοις,
413 1635 439 1661 εί
447 1643 499 1661 που
517 1635 639 1670 ἐντυχεῖν
663 1635 791 1670 δυνηθείη
806 1636 938 1670 Τούρκοις
952 1637 992 1668 εἰς

202 1680 343 1714 προνομὴν
359 1679 535 1706 κατελθοῦσιν
549 1688 556 1695 ·
582 1679 708 1706 ἐϐούλετο
735 1680 790 1715 γὰρ
819 1681 937 1715 αὐξῆσαι
958 1681 992 1708 τὰ

202 1726 323 1761 τρόπαια
349 1726 396 1752 καὶ
419 1725 506 1757 οὓτως
535 1726 574 1757 είς
599 1725 648 1761 τὴν
675 1726 779 1762 ιΡ.64]
810 1727 992 1761 μεγαλόπολιν

203 1770 353 1802 πένταθλος
371 1769 504 1797 εἰσελθεῖν
517 1771 692 1805 στεφανίτης.
717 1771 788 1798 Ἀλλ’
807 1772 839 1798 ἐκ
859 1771 992 1806 βασιλέως

204 1815 365 1850 πεμφθέντα
386 1816 537 1852 γράμματα
566 1817 615 1843 καὶ
631 1817 698 1848 ναῦς
715 1817 764 1843 σὺν
783 1818 892 1852 ἐρέταις
907 1818 992 1853 μονή-

205 1871 255 1897 ρης
284 1861 426 1889 ἐκώλυσαν
451 1862 533 1890 αὑτὸν
557 1862 607 1898 τῆς
622 1863 721 1898 ὁρμῆς·
744 1863 869 1890 ἐκέλευον
886 1864 940 1899 γὰρ
958 1863 993 1891 τὰ

203 1908 357 1944 γράμματα
370 1908 501 1935 είσελοεῖν
511 1908 552 1939 είς
569 1908 619 1943 τὴν
644 1908 712 1935 ναῦν
732 1909 781 1935 σὺν
797 1908 836 1942 τῷ
852 1909 992 1944 Οὐρσελίῳ

203 1955 250 1980 καὶ
264 1955 368 1989 ταχέως
383 1954 432 1990 τὴν
445 1955 570 1989 βασιλίδα
586 1955 765 1987 καταλαϐεῖν,
781 1955 819 1986 ὡς
837 1955 992 1990 ἐνεδρευόν-

203 2008 258 2026 των
274 2001 339 2035 περὶ
364 2000 413 2032 τὰς
443 2001 547 2032 διόδους
572 2000 627 2027 τῶν
654 1999 794 2035 Τούρκων.
821 2000 852 2027 '0
876 2001 925 2036 μὲν
947 1999 994 2029 οῦν

204 2046 291 2072 ἐποίει
307 2046 338 2071 τὸ
350 2046 494 2072 κελευσθὲν
514 2045 562 2072 καὶ
575 2045 620 2072 διὰ
634 2046 684 2081 τῆς
703 2046 767 2080 νηὸς
778 2046 910 2081 ἠπείγετο
926 2048 992 2082 πρὸς

204 2092 255 2126 τὴν
280 2091 459 2126 Προποντίδα,
473 2091 611 2126 Θρασκίου
629 2091 658 2118 δὲ
682 2091 849 2124 πνεύσαντος
863 2093 993 2129 ἐξαίφνης

207 2136 322 2172 σφοδροῦ
340 2137 442 2172 μικροῦ
456 2137 489 2164 ἂν
506 2137 662 2165 ἐκινδύνευε
677 2138 801 2174 ναυαγίῳ
818 2141 991 2174 περιπεσεῖν,

205 2183 230 2209 εί
249 2183 286 2218 μὴ
300 2182 447 2218 προφανῶς
464 2182 559 2210 τοῦτον
574 2184 752 2220 ἡΘεομήτωρ
762 2185 897 2220 ἐρρύσατο
910 2193 917 2201 ⁸
934 2186 993 2220 ἅμα

203 2235 234 2253 τε
247 2228 301 2262 γὰρ
321 2227 505 2255 ἐπεκαλέσατο
524 2228 574 2264 τὴν
588 2229 690 2264 ταύτης
710 2229 838 2265 βοήθειαν
853 2230 900 2256 καὶ
912 2231 992 2262 εὐθὺς

205 2275 222 2310 η
243 2274 366 2302 θάλασσα
383 2274 582 2309 κατηυνάζετο,
611 2276 660 2302 καὶ
681 2275 753 2302 οὕτω
769 2276 864 2310 γέγονε
882 2276 994 2312 διαδρᾶ-

204 2329 249 2348 ναι
262 2320 358 2348 τοῦτον
371 2321 417 2348 τὸν
432 2320 568 2347 κλύδωνα.

245 2453 297 2488 κη’.
317 2453 515 2481 Καταλαδόντα
532 2453 560 2480 δὲ
574 2454 669 2481 τοῦτον
697 2455 747 2490 τὴν
773 2455 898 2490 βασιλίδα
916 2457 993 2490 φιλο-

208 2499 314 2533 φρόνως
336 2501 349 2525 ὁ
369 2501 494 2534 βασιλεὺς
519 2501 678 2536 ὑπεδέχετο,
691 2502 830 2536 ἠσπάζετό
847 2510 875 2528 τε
898 2503 992 2537 ἡδέως,

207 2547 255 2573 καὶ
274 2546 316 2573 ἵνα
329 2548 382 2578 τοῖς
402 2548 505 2574 ἐκείνου
527 2549 674 2583 χρήσωμαι
693 2549 808 2584 ῥήμασι,
828 2559 837 2576 ι
854 2551 963 2582 Καλῶς,
982 2560 992 2576 ι

207 2593 322 2628 ἔφησεν,
339 2601 349 2618 ί
363 2590 430 2628 ἦκεν
441 2595 457 2628 ἡ
470 2595 538 2628 μετὰ
547 2595 613 2621 Θεὸν
623 2595 697 2627 δεξιὰ
707 2595 786 2630 ημῶν
795 2596 866 2631 χείρ.
881 2605 890 2622 ›
915 2596 995 2622 Ἀλλὰ

206 2638 309 2673 ταύτην
327 2639 377 2672 μὲν
392 2637 504 2673 πρώτην
521 2639 598 2674 ἔσχεν
612 2641 644 2666 ἐκ
660 2640 794 2676 βασιλέως
809 2641 928 2677 ἀμοιϐὴν
942 2642 995 2669 τῶν

207 2686 308 2717 πόνων,
330 2685 380 2719 τὴν
401 2684 532 2720 βασιλέως
559 2686 747 2720 εὐχαριστίαν,
775 2687 893 2722 πρώτως
913 2688 994 2720 αὐτὸς

208 2731 336 2766 ἐντυχών
355 2731 426 2766 μετὰ
441 2730 469 2757 δὲ
487 2731 565 2757 τοῦτο
581 2732 663 2767 ἐτίμα
682 2733 730 2759 καὶ
740 2732 874 2768 σύμϐολα.
892 2732 954 2770 Εἶχε
968 2735 996 2762 δὲ

208 2777 315 2804 καὶτὸν
335 2777 482 2811 Οὑρσέλιον
502 2776 599 2812 εἱρκτὴ
625 2778 830 2814 φρουρούμενον
855 2779 994 2814 ἀσφαλῶς,

1039 990 1073 1018 ad
1091 998 1166 1018 artua
1180 997 1271 1018 metus
1287 994 1338 1022 est,
1358 994 1388 1017 ut
1403 990 1468 1017 olim
1491 990 1569 1017 aiunt
1583 989 1768 1018 Alexandrum
1784 990 1832 1017 Ti-

1040 1036 1141 1063 mothei
1155 1036 1232 1063 tibia.
1249 1036 1380 1063 Armatus
1395 1036 1478 1071 igitur
1493 1043 1565 1071 equo
1588 1036 1716 1064 inscenso
1733 1037 1834 1072 prodiit

1041 1088 1103 1108 cum
1120 1082 1188 1109 suis.
1206 1081 1397 1116 Sequebantur
1410 1086 1438 1109 et
1450 1081 1585 1110 Maurecis
1603 1083 1706 1111 milites
1719 1083 1768 1110 \iri
1784 1091 1832 1118 pc-

1042 1129 1087 1155 riti
1114 1130 1151 1156 rei
1178 1129 1283 1156 bellica:
1305 1134 1332 1156 et
1359 1128 1455 1156 fortes.
1475 1127 1523 1156 llis
1545 1134 1661 1164 praeerat
1679 1129 1833 1158 Butumites

1041 1173 1168 1208 Michael,
1182 1175 1222 1202 vir
1235 1183 1347 1210 corpore
1359 1176 1404 1204 ille
1419 1178 1529 1211 quidem
1544 1184 1645 1211 parvus
1659 1178 1705 1212 (ut
1723 1177 1761 1205 ait
1776 1177 1834 1205 llo-

1042 1221 1160 1257 merus),
1175 1222 1222 1249 sed
1237 1230 1358 1257 pugnax.
1370 1225 1406 1251 At
1419 1223 1604 1259 Turciproeul
1618 1224 1672 1252 hos
1689 1231 1834 1252 cernentes

1042 1266 1149 1302 fulgore
1173 1274 1313 1296 armorum
1336 1270 1476 1304 perstricti
1492 1275 1549 1298 tum
1569 1270 1674 1298 ordinis
1689 1271 1836 1306 disciplina

1042 1317 1070 1340 et
1083 1314 1128 1340 illo
1144 1314 1236 1348 vigore
1254 1314 1387 1350 impetus,
1414 1324 1495 1351 quem
1522 1317 1593 1345 nihil
1628 1317 1726 1345 sistere
1755 1325 1837 1353 posse

1042 1359 1194 1392 videretur,
1211 1361 1299 1389 territi
1321 1362 1407 1390 elIuse
1433 1362 1571 1398 fugerunt.
1587 1363 1681 1392 Nostri
1705 1372 1769 1392 vero
1788 1373 1836 1393 eos

1044 1407 1160 1434 insecuti
1176 1407 1256 1442 longe
1273 1408 1343 1435 ultra
1369 1408 1454 1442 fines,
1471 1410 1584 1445 dejectis
1599 1411 1681 1439 etiam
1697 1411 1836 1446 aliquibus

1044 1459 1150 1485 eorutn,
1175 1453 1287 1480 domum
1308 1455 1460 1483 redierunt.
1479 1456 1634 1485 Delectatus
1657 1463 1700 1486 est
1721 1459 1836 1487 Alexius

1045 1496 1127 1532 hujus
1141 1498 1228 1525 obiter
1245 1498 1380 1534 decerpr
1393 1500 1515 1528 victoriae
1531 1506 1612 1536 gustu
1627 1502 1666 1530 ita
1684 1507 1714 1530 ut
1729 1504 1836 1538 cupidi-

1044 1547 1128 1570 tatem
1146 1543 1209 1571 inde
1226 1546 1381 1580 conciperet
1406 1547 1442 1574 ibi
1471 1548 1603 1581 bzerendi,
1627 1549 1676 1577 ubi
1700 1549 1834 1577 similium

1044 1588 1098 1624 95
1111 1591 1287 1619 occasionum
1302 1592 1465 1628 confligendi
1479 1602 1541 1622 cum
1558 1594 1656 1623 Turcis
1675 1596 1780 1631 sperari
1793 1596 1837 1623 fa-

1045 1637 1132 1663 cultas
1149 1642 1252 1670 posset,
1265 1638 1396 1672 quoniam
1415 1646 1448 1666 eo
1463 1647 1552 1675 usque
1565 1641 1599 1668 ad
1613 1642 1719 1676 praedas
1736 1650 1837 1670 excur-

1045 1690 1105 1710 rere
1121 1683 1158 1710 illi
1177 1689 1387 1711 consueverant.
1406 1684 1506 1713 Urebat
1521 1687 1595 1714 enim
1609 1694 1671 1714 eum
1687 1695 1837 1722 generosus

1044 1729 1126 1756 ardor
1142 1729 1332 1764 erigendorum
1347 1731 1538 1765 multiplicium
1563 1736 1743 1768 tropaeorum,
1758 1735 1836 1770 pige-

1045 1775 1145 1810 batque
1157 1775 1255 1803 fortem
1269 1776 1399 1811 juvenem
1417 1777 1444 1804 in
1457 1778 1551 1806 urbem
1567 1779 1669 1814 regiam
1683 1780 1772 1808 redire
1784 1781 1837 1808 nisi

1046 1820 1176 1849 victorem
1187 1822 1311 1849 omnium
1327 1823 1508 1850 certaminum
1522 1829 1549 1851 et
1563 1825 1708 1859 quinquies
1718 1833 1839 1853 corona-

1046 1871 1114 1894 tum.
1134 1867 1187 1895 Sed
1211 1869 1246 1896 ab
1263 1869 1430 1904 imperatore
1444 1870 1541 1898 litterae
1566 1871 1657 1898 missae
1680 1879 1742 1898 cutn
1769 1880 1838 1899 nave

1044 1914 1128 1941 unius
1146 1914 1242 1942 scalmi
1267 1915 1418 1950 remigibus
1435 1915 1568 1943 instructa
1582 1918 1618 1943 ab
1633 1917 1667 1943 iis
1682 1925 1746 1944 cum
1760 1918 1836 1951 cogi-

1045 1960 1194 1988 tationibus
1225 1961 1429 1988 abstraxerunt.
1461 1960 1600 1989 Jubebant
1630 1964 1703 1990 enim
1738 1963 1837 1990 litterae

1045 2007 1230 2034 conscendere
1255 2008 1344 2042 ipsntn
1369 2007 1463 2034 statim
1493 2015 1590 2035 navem
1606 2016 1668 2036 cum
1685 2008 1792 2036 Urselio
1809 2015 1837 2037 et

1045 2060 1128 2087 quam
1144 2053 1262 2087 primum
1277 2053 1544 2089 Constantinopolim
1559 2055 1653 2082 venire
1664 2055 1697 2082 ad
1712 2055 1836 2084 vitandas

1045 2098 1161 2127 insidias
1178 2100 1310 2127 transitus
1327 2101 1467 2128 terrestris
1492 2101 1541 2128 \‘ia’.
1565 2102 1747 2129 obtinentium
1766 2102 1836 2130 Tur-

1045 2153 1148 2173 corum.
1165 2145 1241 2173 Fecit
1259 2146 1341 2182 igitur
1355 2146 1400 2174 ille
1413 2147 1485 2182 quod
1510 2147 1656 2182 jubebatur
1669 2153 1697 2176 et
1710 2157 1779 2176 nave
1796 2149 1837 2177 fe-

1045 2192 1163 2220 stinabat
1182 2192 1208 2219 in
1220 2191 1422 2227 Propontidem.
1435 2192 1522 2220 Vento
1536 2202 1600 2222 vero
1610 2193 1740 2222 Thrascia
1758 2196 1838 2222 vehe-

1045 2239 1131 2265 menti
1147 2238 1239 2266 subito
1263 2238 1376 2267 reﬂante
1397 2242 1493 2274 parum
1518 2240 1605 2268 abfuit
1630 2242 1696 2276 quin
1725 2242 1838 2269 naufra-

1047 2284 1122 2317 gium
1142 2284 1254 2318 faceret,
1281 2285 1456 2320 periei-alque
1481 2286 1535 2313 nisi
1561 2287 1648 2322 palam
1676 2288 1765 2322 ipsum
1789 2289 1837 2316 Dei

1009 2325 1032 2353 ι)
1047 2330 1133 2357 Mater
1147 2332 1171 2358 ei
1189 2332 1311 2366 periculo
1325 2333 1468 2360 eximeret.
1483 2332 1571 2360 Simul
1589 2334 1660 2360 cnim
1678 2335 1722 2360 ille
1737 2335 1836 2368 implo-

1048 2377 1118 2404 ravit
1141 2377 1201 2411 ejus
1225 2385 1305 2412 opem
1330 2379 1423 2406 statim
1447 2386 1523 2406 mare
1548 2380 1714 2414 conquieuit,
1742 2383 1838 2415 sicque

1049 2427 1235 2457 tempestatem
1250 2425 1346 2452 evasit.

1082 2468 1128 2496 28.
1148 2468 1207 2496 .Iam
1231 2478 1294 2497 eum
1318 2471 1582 2506 Constantinopolim
1607 2471 1750 2506 appulsam
1775 2479 1835 2506 per-

1047 2519 1172 2542 amanter
1181 2515 1328 2550 imperator
1337 2517 1444 2551 excepit
1458 2516 1652 2552 amplexusque
1663 2518 1783 2544 suaviter
1794 2523 1837 2544 est

1047 2565 1088 2593 et,
1103 2565 1133 2587 ut
1157 2560 1217 2595 ejus
1242 2561 1301 2596 ipsa
1324 2562 1407 2588 verba
1431 2561 1545 2589 referam
1561 2571 1568 2588 :
1588 2571 1597 2588 ι
1613 2563 1694 2595 Bene,
1710 2572 1719 2588 ι
1738 2563 1836 2597 inquit.

1051 2612 1062 2630 ι
1072 2606 1146 2632 venit
1159 2605 1182 2632 is
1195 2607 1241 2640 qui
1257 2613 1317 2640 post
1329 2606 1412 2633 Deum
1424 2607 1536 2634 dextera
1552 2613 1644 2635 nostra
1655 2615 1753 2636 manus
1765 2613 1834 2635 est.»

1049 2647 1102 2674 Sed
1119 2648 1175 2675 luce
1189 2649 1276 2683 prima
1294 2650 1332 2676 illi
1351 2649 1401 2677 fuit
1418 2651 1452 2678 ab
1471 2651 1634 2686 imperatore
1651 2653 1837 2679 remuneratio

1048 2693 1172 2720 laborum
1187 2695 1336 2730 gratiarum
1352 2697 1424 2723 actio
1446 2698 1562 2732 primum
1577 2699 1731 2725 occurrenli
1751 2698 1834 2724 facta.

1045 2738 1113 2766 Post
1127 2739 1161 2767 ab
1175 2740 1222 2767 illo
1241 2742 1323 2769 rebus
1340 2742 1407 2776 ipsis
1430 2747 1457 2770 et
1480 2743 1672 2771 collationibus
1688 2744 1836 2770 honoratus

1047 2787 1100 2811 est.
1116 2783 1239 2812 Urselius
1255 2793 1337 2820 porro
1350 2791 1432 2814 arcta:
1448 2795 1480 2815 ac
1495 2795 1599 2826 secura:
1612 2788 1744 2816 custodiat
1755 2788 1838 2818 datus

724 2851 827 2881 Caroli
847 2852 892 2882 Du
911 2853 1032 2884 Frcsne
1050 2855 1097 2886 Du
1118 2855 1222 2895 Cange
1242 2860 1335 2888 noue.

242 2922 299 2958 (δι)
319 2921 452 2956 Μαύιιηε.
470 2921 506 2949 De
522 2929 576 2956 quo
591 2922 624 2950 ad
641 2923 763 2953 Alexiad.
785 2933 810 2960 p.
830 2926 887 2954 107,

368 2982 503 3012 Ριτιιοι..
525 2981 572 3013 Gn
604 2982 756 3015 CXXVII.
