2123 3154
204 247 248 280 ιι]

787 244 1060 276 HISTORIARUM
1079 245 1152 276 LIB.
1177 245 1218 275 li.

1768 243 1821 276 142

200 303 266 340 πρὸς
288 302 333 338 τὴν
361 300 500 329 θάλασσαν
528 300 651 328 κατιέναι
675 300 713 332 ὼς
740 300 868 336 τάχιστα.
905 301 936 327 '0
950 300 978 327 δὲ
994 304 1038 333 Αι

994 300 1186 333 Ανοηαηᾱυιῐι
1213 306 1345 335 teporem.
1373 298 1511 328 Assensus
1539 298 1649 327 tandem
1674 304 1717 328 est
1743 301 1820 335 quasi

201 349 362 383 ἐδυσχέραινε
380 348 428 384 μὲν
454 347 503 374 καὶ
523 347 630 383 ἠπείλει
653 346 763 382 δράσειν
783 347 932 382 ἀνήκεστα,
946 347 977 373 οὺ

201 394 327 430 μέντοιγε
341 395 389 421 καὶ
417 393 556 428 δεδύνητο.
581 393 661 420 Ἀ).λά
686 394 735 428 τὴν
760 393 916 420 Λαοδικέων
930 393 978 419 καὶ

199 440 269 467 ἄκων
292 439 453 467 καταλαὸὼν
477 440 526 466 καὶ
556 439 652 473 ὀλίγας
674 439 848 474 ὲνδιατρίψας
868 438 976 474 ἡμέρας

201 485 266 515 ὥστε
280 485 351 520 αὐτῷ
363 487 394 512 τὰ
407 485 501 519 ἐφόδια
516 484 681 520 κομισθῆναι
695 485 727 511 ἐκ
738 485 786 520 τῆς
802 485 974 519 ’Λντιοχέων,

201 532 285 567 ἀπῆρε
300 531 367 565 πρὸς
384 531 414 557 τὸ
428 529 586 562 Βυζάντιον.

1029 346 1119 374 victus
1136 346 1298 374 auctoritate
1312 345 1361 373 viri
1380 345 1447 379 dux,
1465 350 1492 373 et
1515 346 1542 373 in
1562 353 1662 380 equum
1678 345 1757 380 quasi
1772 353 1821 381 pa-

1030 400 1090 420 rum
1099 392 1192 420 valens
1205 391 1354 420 ministerio
1363 399 1475 419 suorum
1491 392 1646 427 impositus,
1663 391 1818 427 patriarcha

1030 439 1067 466 ibi
1084 439 1189 471 relicto,
1209 443 1281 466 recta
1306 438 1393 466 fertur
1423 439 1597 467 Antiochiam
1620 439 1759 475 jussisqoe
1776 446 1821 466 re-

1029 489 1109 519 pcnte
1124 484 1215 512 claudi
1230 485 1317 520 portis
1333 485 1461 519 civitatis,
1474 486 1563 522 regias
1577 485 1612 513 ad
1635 485 1819 520 patriarcham

1029 531 1113 558 mittit
1128 531 1235 559 litteras
1253 532 1354 566 quibus
1374 532 1540 560 evocabatur
1551 532 1609 567 98
1623 532 1820 560 Constantino-

200 578 288 613 polim.
302 578 460 613 indignatus
473 577 519 605 ille
532 582 575 606 est
589 577 622 604 iis
634 576 700 605 visis
715 581 742 604 et
756 578 848 614 gravia
862 577 982 605 minatus
1001 582 1054 606 est.
1070 577 1128 605 Non
1161 578 1250 613 potuit
1262 582 1352 606 autem
1382 586 1510 606 recusare
1524 580 1591 614 quin
1605 579 1819 614 obtemperaret,

199 626 242 653 sed
267 627 354 653 statim
375 627 417 654 vel
440 625 543 653 invitus
568 625 668 653 ductus
683 625 863 657 Laodiceam,
878 633 981 661 paucos
1000 626 1036 654 ibi
1054 631 1177 654 moratus
1207 627 1283 659 dies,
1301 627 1365 654 dum
1389 634 1450 662 quae
1470 627 1503 654 ad
1527 627 1577 654 iter
1613 634 1681 662 opus
1701 631 1780 654 erant
1794 626 1820 654 ei

199 670 338 697 Antiochia
355 670 541 703 deferrentur,
557 669 717 705 Byzantium
734 671 926 706 proficiscitur.

231 717 280 744 κθ¹.
298 717 330 744 '0
343 717 372 744 δὲ
392 717 455 749 δοὺξ
476 716 610 748 Ὶσαάκιος
625 716 670 743 τοῦ
689 717 721 743 ὲκ
742 716 790 743 τοῦ
807 718 978 752 πατριάρχου

198 764 270 795 δέους
282 763 452 797 ἀπαλλαγεὶς
473 763 566 798 διῴκει
581 763 614 790 τὰ
630 763 707 790 κοινά
728 763 776 790 καὶ
791 763 840 795 τὰς
855 764 977 798 ἀναφυο-

199 810 278 845 μένας
294 812 353 841 ταῖς
373 810 467 836 πολεσι
484 809 593 840 στάσεις
608 810 738 846 ἐπειρᾶτο
758 809 887 836 διαλύειν.
910 809 980 836 Ἀλλ’

196 857 243 883 οὑκ
257 854 288 892 ἦν
310 857 449 891 ἠρεμῆσαι
471 855 517 882 τὸν
534 855 589 882 τῶν
614 855 785 891 Χριστιανῶν
805 855 918 890 ἀρχαῖον
934 863 980 882 πο-

195 903 282 938 λέμιον
297 912 303 918 ·
325 903 410 939 ταύτῃ
423 911 464 929 τοι
479 902 526 929 καὶ
541 902 571 935 ἐξ
585 902 674 934 αἰτίας
691 901 821 938 βραχείας
836 903 899 934 τοὺς
916 911 980 929 στα-

1067 712 1113 740 29.
1129 712 1187 740 Dux
1201 721 1264 740 vero
1277 713 1408 746 lsaacius,
1424 713 1532 740 solutus
1556 721 1620 741 cura
1635 718 1662 741 et
1679 721 1751 744 metu
1773 725 1821 752 pa-

1033 759 1159 787 triarcha:
1175 763 1249 786 recte
1265 758 1490 786 administrandae
1503 767 1585 794 quant
1607 762 1756 789 curandam
1775 771 1822 791 ae-

1033 812 1142 841 ceperat
1158 804 1261 831 civitati
1278 805 1363 832 libero
1381 805 1473 831 animo
1499 805 1623 838 vacabat,
1643 814 1739 841 resque
1762 808 1822 836 illas

1033 860 1094 887 qua:
1110 851 1275 879 seditionum
1290 859 1379 878 causa:
1398 850 1514 878 urbibus
1530 851 1619 878 solent
1640 859 1711 885 esse,
1732 861 1824 882 remo-

1033 906 1096 925 vere
1107 898 1267 934 conabatur.
1285 897 1338 924 Sed
1352 905 1405 924 non
1417 901 1524 932 poterat
1537 898 1678 932 quiescere
1686 899 1822 927 Christia-

197 948 308 980 σιαστὰς
323 948 401 979 αὖθις
424 948 563 983 κεκίνηκε.
585 947 645 975 Τῶν
663 947 716 983 γὰρ
733 948 797 983 ἄρτι
815 948 980 983 προκόπτειν
997 957 1035 988 ni

997 957 1019 988 Β
1032 952 1131 972 norum
1147 944 1276 979 antiquus
1295 943 1393 971 hostis.
1408 942 1499 976 Quare
1517 944 1539 971 is
1555 951 1587 971 ex
1608 944 1659 972 levi
1677 947 1823 974 occasione

196 993 354 1030 ἀρξαμένων
372 993 444 1025 τινὲς
462 992 640 1025 ὲκκαυθέντες
659 993 712 1020 ὑπὸ
728 992 776 1019 τοῦ
794 992 893 1027 φθόνου
909 992 981 1019 κατά

196 1039 247 1066 τῶν
266 1040 294 1066 ὲν
307 1039 380 1065 τέλει
400 1039 448 1065 καὶ
469 1038 515 1065 τοῦ
536 1038 631 1070 δουκὺς
648 1038 678 1065 τὸ
695 1038 796 1073 πλῆθος
814 1037 979 1072 ἐξώπλισαν.

197 1085 250 1112 Καὶ
275 1085 322 1111 τὸν
353 1084 404 1120 μὲν
433 1085 498 1111 εἵσω
527 1085 577 1119 τῆς
603 1085 779 1120 ἀκροπόλεως
802 1084 980 1118 συγκλείσαν-

196 1140 239 1162 τες
256 1131 298 1167 [Ρ.
321 1130 367 1166 66]
383 1131 430 1162 τὰς
451 1131 571 1162 εἰσόδους
585 1130 736 1166 ἐφρούρουν
749 1151 757 1164 ,
782 1130 853 1157 κατὰ
869 1130 897 1157 δὲ
911 1131 981 1157 eam

197 1175 399 1210 ἐξορμήσαντες
414 1174 491 1207 τινὰς
519 1175 567 1210 μὲν
584 1175 689 1202 ἀνεῖλον
700 1195 707 1208 ,
722 1176 746 1201 οι
761 1175 789 1201 δὲ
806 1175 894 1202 λοιποὶ
915 1175 984 1211 πρὸς

172 1215 177 1224 ’
197 1222 244 1256 τὴν
267 1221 414 1256 ἀκρόπολιν
436 1221 483 1253 τὰς
508 1221 597 1253 οἰκίας
615 1221 670 1247 τῶν
689 1220 830 1256 ἀρχόντων
851 1221 983 1257 πορθοῦν-

197 1276 241 1300 τες
257 1268 303 1294 καὶ
329 1267 363 1294 τὰ
379 1267 509 1303 χρήματα
532 1267 739 1302 διαρπάζοντες.
767 1266 797 1293 ’0
816 1266 878 1301 δοὺξ
894 1267 983 1295 τοίνυν

197 1315 235 1345 εἰς
256 1311 394 1349 προῦπτον
417 1313 558 1344 καταστὰς
584 1313 707 1340 κίνδυνον
729 1313 796 1349 πρὸς
819 1314 867 1345 τὰς
891 1313 984 1350 κύκλῳ

196 1359 286 1391 «ﬂat;
307 1359 445 1395 ἐξέπεμψε
461 1359 524 1391 τοὺς
540 1358 708 1395 στρατιώτας
732 1359 980 1395 μετακαλούμενος.

202 1405 245 1433 Ἐν
272 1405 354 1441 ὀλίγῳ
380 1406 407 1432 δὲ
439 1404 605 1440 ἀποχρώσης
635 1404 816 1440 συνελθούσης
843 1406 983 1441 δυνάμεως

196 1451 412 1486 κατεστρατήγει
425 1450 488 1482 τοὺς
501 1450 675 1482 στασιαστὰς.
689 1450 736 1482 El;
751 1450 836 1477 πολλὰ
846 1451 900 1486 γὰρ
913 1451 983 1487 μέρη

194 1497 223 1524 τὸ
241 1498 400 1532 στράτευμα
415 1496 510 1523 διελὼν
525 1495 652 1523 ἐκέλευσε
671 1496 781 1523 ἀπιέναι
798 1497 866 1532 πρὸς
879 1497 911 1523 τὰ
925 1505 984 1524 στε-

194 1542 272 1569 var/:31
289 1542 336 1569 καὶ
358 1542 422 1573 τοὺς
440 1541 619 1573 ἀπαντῶντας
644 1541 858 1576 ξυλλαμϐάνειν,
882 1541 919 1574 ὡς
947 1542 984 1577 μὴ

190 1590 261 1625 ὁμοῦ
276 1590 415 1626 γενόμενοι
424 1590 545 1626 βοηθοῖεν
559 1588 694 1624 ἀλλήλοις.
709 1586 745 1617 Οὔ
758 1589 905 1625 γενομένου
922 1598 984 1616 συν-

1033 990 1178 1018 seditiosos
1198 997 1293 1017 rursus
1316 989 1474 1016 commovit.
1497 989 1565 1017 Nam
1590 997 1686 1018 eorum
1709 991 1822 1026 quidam

1033 1036 1078 1072 qni
1093 1043 1232 1071 emergere
1248 1036 1274 1062 in
1286 1036 1437 1063 claritatem
1457 1043 1542 1070 nuper
1555 1043 1706 1071 coeperant,
1720 1038 1822 1066 invidia

1038 1082 1163 1110 succensi
1189 1081 1319 1110 adversus
1337 1082 1512 1117 magistratus
1525 1087 1551 1109 et
1571 1082 1691 1121 ducem,’
1714 1084 1820 1118 plebem

1034 1132 1219 1155 armaverunt.
1236 1127 1267 1154 Et
1279 1135 1341 1154 cum
1357 1127 1429 1154 hunc
1441 1127 1548 1163 quidem
1565 1128 1633 1155 intra
1652 1136 1741 1156 arcem
1755 1137 1822 1156 con-

1034 1173 1191 1206 clusisscnl,
1206 1173 1296 1200 aditus
1312 1173 1514 1206 custodiebant,
1531 1173 1556 1201 in
1572 1175 1747 1210 magistratus
1760 1183 1824 1203 vero

1034 1221 1154 1256 reliquos
1175 1220 1277 1256 impetu
1301 1221 1372 1247 facto
1391 1221 1539 1249 nonnullos
1555 1222 1716 1249 occiderunt
1731 1232 1737 1250 :
1752 1223 1823 1251 inte-

1035 1267 1086 1294 rim
1104 1267 1168 1294 dum
1187 1267 1238 1294 alia
1261 1266 1457 1294 seditiosorum
1473 1275 1576 1295 manus
1596 1268 1757 1304 diripiendis
1774 1271 1826 1298 dou

1035 1313 1124 1340 mibus
1133 1312 1298 1348 principum,
1309 1321 1370 1348 qua:
1381 1313 1475 1341 vicina:
1485 1313 1542 1341 arei
1552 1319 1640 1347 erant,
1648 1316 1825 1352 pceuniisque

1035 1357 1224 1394 depradaudis
1241 1358 1426 1391 attendebant,
1440 1358 1494 1386 dux
1511 1359 1538 1386 in
1556 1360 1702 1388 manifesto
1720 1362 1824 1390 consti-

1035 1409 1111 1432 tutus
1143 1404 1265 1440 periculo
1295 1403 1369 1432 misit
1397 1404 1430 1432 ad
1455 1405 1667 1441 circumpositas
1700 1407 1825 1436 civitates

1037 1450 1138 1478 auxilia
1152 1458 1306 1483 accersens,
1321 1458 1353 1478 ac
1375 1450 1450 1478 brevi
1467 1459 1520 1479 non
1538 1452 1646 1480 modica
1662 1461 1744 1481 manu
1760 1462 1826 1482 con-

1036 1502 1146 1532 gregata
1159 1497 1276 1532 sapienti
1292 1496 1398 1524 ratione
1413 1497 1513 1524 bellum
1535 1498 1562 1525 in
1578 1499 1723 1526 seditiosos
1737 1500 1825 1528 admi-

1037 1543 1145 1570 nistrat.
1175 1543 1204 1570 ln
1233 1543 1332 1571 multas
1361 1544 1434 1570 enim
1463 1548 1554 1579 partes
1583 1546 1702 1573 exercitu
1719 1546 1818 1579 diviso,

1035 1589 1161 1624 dispertit
1173 1590 1268 1624 copias
1284 1597 1330 1624 per
1348 1590 1507 1625 angiportus
1520 1591 1611 1626 jussas
1625 1592 1719 1621 obvios
1735 1594 1823 1621 corri-

190 1637 243 1673 έὸη
260 1637 313 1664 τῶν
334 1637 491 1672 Ἀντιοχέων
509 1636 677 1663 στασιαστῶν
693 1637 772 1670 φονον
791 1636 920 1670 γενέσθαι
936 1645 983 1663 πο-
997 1633 1018 1662 C

997 1633 1018 1662 C
1036 1644 1109 1671 pere,
1128 1644 1161 1663 ne
1176 1636 1214 1663 illi
1238 1636 1320 1664 simul
1343 1637 1433 1672 juncti
1459 1645 1538 1672 opem
1567 1638 1685 1667 invicem
1711 1639 1823 1668 ferrent.

190 1683 243 1710 λὺν
271 1683 320 1710 καὶ
348 1682 420 1709 οὕτω
447 1682 524 1718 μόλις
549 1683 599 1717 τὴν
630 1682 724 1709 στάσιν
752 1682 980 1717 κατευνασθῆναι.

193 1729 277 1764 Ἄρτι
303 1728 331 1755 δὲ
357 1728 459 1763 ταύτης
487 1728 716 1764 κατευνασθείσης
740 1729 804 1760 τοὺς
836 1729 984 1764 Ἀντιοχεῖς

192 1774 308 1802 ἔσπευδε
321 1773 494 1810 θεραπεύειν.
507 1772 572 1801 Elea
585 1774 746 1801 διελθουσῶν
761 1774 873 1810 ἡμερῶν
884 1775 983 1809 ὀλίγων

192 1820 316 1856 ἠγγέλθη
338 1819 467 1856 Τούρκων
489 1821 540 1847 οὐκ
563 1820 708 1856 ἐλαχίστην
731 1822 830 1856 μοῖραν
845 1821 918 1848 κατὰ
933 1821 983 1848 Συ-

193 1867 257 1902 piat;
284 1867 393 1903 χωρεῖν.
415 1866 445 1893 '0
470 1866 498 1893 δὲ
525 1866 575 1898 τὰς
589 1867 720 1902 δυνάμεις
738 1866 883 1894 ἀναλαὸὼν
898 1866 982 1903 ἐξῄει.

193 1913 340 1939 Συνείπετο
358 1911 387 1940 δέ
406 1913 430 1939 oi
451 1912 498 1940 καὶ
513 1913 527 1939 ὸ
548 1913 592 1939 ἐπ’
615 1912 716 1948 ἀδελφῇ
736 1912 833 1949 τούτου
858 1913 984 1948 γαμϐρὸς

193 1959 397 1988 Κωνσταντῖνος
407 1959 460 1994 (33)
470 1960 484 1985 ο
492 1958 538 1985 τοῦ
552 1958 684 1993 βασιλέως
695 1959 836 1993 Διογένους
859 1959 906 1995 (m)
916 1960 982 1991 υῑός,

199 2004 336 2040 Ἐντυχὼν
351 2005 379 2031 δὲ
399 2007 455 2036 τοῖς
478 2005 610 2039 Τούρκοις
633 2005 687 2039 καὶξ
703 2005 793 2040 μάχην
817 2006 876 2040 μετ’
893 2005 984 2033 αὐτῶν

194 2050 316 2084 συνάψας
340 2050 463 2085 ἡττήθη,
490 2050 537 2076 καὶ
554 2049 689 2083 γενναίως
714 2050 918 2086 ἀγωνισάμενος
936 2051 984 2078 καὶ

192 2095 339 2131 ’τραύματα
355 2097 434 2122 ἱκανά
449 2095 515 2131 παρ’
527 2095 616 2122 αὐτῶν
633 2095 724 2122 λαῦὼν
741 2096 821 2128 αὐτος
837 2097 885 2130 μὲν
900 2097 981 2130 ἑάλω,

192 2140 313 2177 ἀνῃρέθη
334 2141 362 2168 δὲ
379 2142 425 2168 καὶ
448 2142 462 2168 ὁ
483 2141 624 2177 Διογένης.
653 2142 705 2169 Τὸν
725 2142 775 2177 μὲν
793 2140 839 2170 οὖν
862 2142 942 2175 εὐθὺς
958 2143 982 2170 οἱ

199 2187 345 2222 Ἀντιοχεῖς
374 2188 584 2219 ἀποστείλαντες
612 2188 726 2224 χρυσίου
755 2188 882 2223 χιλιάδων
912 2188 983 2225 ὠνή-

192 2242 274 2260 σαντο
287 2234 373 2260 εἴκοσι
390 2234 436 2260 καὶ
450 2234 483 2261 τὰ
499 2235 531 2261 ὲκ
547 2233 594 2261 τοῦ
609 2234 729 2269 πολέμου
740 2234 887 2270 τραύματα
903 2234 983 2271 θερα-

190 2279 285 2306 πεύειν
306 2278 437 2305 ἔσπευδον
450 2287 457 2293 ·
479 2279 561 2310 αὐτὸς
578 2279 607 2306 δὲ
625 2280 710 2306 εἰσέτι
725 2279 844 2314 γνησίως
868 2279 983 2307 διέκειτο

190 2325 260 2359 πρὸς
282 2326 382 2358 αὐτοὺς
403 2326 451 2354 καὶ
468 2325 518 2357 τὰς
536 2325 653 2361 ἀμοιϐὰς
670 2325 709 2357 ὡς
731 2323 787 2352 οἷον
811 2335 841 2352 τε
869 2327 983 2353 ἔσπευδε

188 2371 296 2403 τούτοις
316 2372 482 2398 ἀποδιδόναι.
505 2371 586 2398 Ἀλλὰ
606 2371 640 2398 τὰ
657 2371 707 2406 μὲν
724 2371 795 2398 κατὰ
809 2371 859 2407 τὴν
881 2371 985 2398 Ἀντιό-

190 2426 267 2451 χειτν
290 2418 319 2443 ἐν
335 2417 442 2450 τούτοις
469 2416 520 2454 ἦν,
538 2418 552 2444 ὁ
567 2417 596 2444 δὲ
622 2417 686 2453 ἑξῆς
709 2417 788 2451 λόγος
803 2417 919 2453 δηλώσει
937 2417 985 2444 καὶ

190 2462 255 2496 περὶ
269 2461 323 2488 τῶν
341 2463 410 2489 κατᾶ
425 2462 474 2498 τὴν
499 2463 648 2498 Ἑσπέραν.

1037 1682 1097 1716 Quo
1127 1682 1198 1710 facto
1230 1682 1345 1718 contigit
1371 1683 1599 1712 Antiochensium
1628 1685 1824 1714 seditiOsorum

1035 1729 1136 1756 caedem
1157 1737 1283 1763 magnam
1300 1729 1368 1762 fieri,
1378 1737 1410 1756 ac
1421 1729 1461 1757 sic
1473 1737 1627 1766 quanquam
1641 1739 1713 1766 mgre
1726 1733 1827 1760 tumul-

1036 1777 1093 1800 tum
1110 1773 1210 1801 sedari.
1226 1772 1267 1800 Eo
1286 1777 1424 1808 utcunque
1440 1780 1537 1809 pacato
1559 1775 1654 1804 sedulo
1670 1776 1744 1804 dedit
1758 1785 1825 1813 ope-

1035 1826 1112 1852 ram,
1144 1823 1174 1846 ut
1201 1819 1339 1846 cititatem
1374 1819 1430 1855 99
1455 1820 1607 1849 benefactis
1639 1822 1825 1851 demereretur

1036 1864 1144 1898 sibique
1159 1865 1316 1899 popularetur
1334 1865 1474 1900 colligeret
1498 1866 1623 1901 gratiam.
1647 1867 1745 1896 Paucis
1764 1874 1824 1903 post

1037 1910 1132 1937 diebus
1143 1910 1296 1937 nuntiatum
1307 1916 1347 1937 est
1363 1918 1416 1938 non
1429 1919 1538 1945 parvam
1548 1911 1698 1940 Turcorum
1712 1922 1823 1943 manum

1036 1955 1063 1982 in
1081 1955 1187 1990 Syriam
1205 1955 1365 1991 irrumpere.
1383 1955 1443 1989 Quo
1459 1957 1552 1984 audito
1577 1958 1630 1985 dux
1649 1966 1711 1987 cum
1737 1961 1824 1996 copiis

1036 2000 1167 2028 adversus
1183 2001 1244 2029 illos
1256 2001 1340 2029 vadit.
1354 2001 1486 2038 Adjunxit
1499 2010 1528 2031 se
1539 2003 1577 2031 illi
1591 2004 1632 2031 vir
1646 2006 1748 2034 sororis
1763 2007 1823 2042 ejus

1036 2047 1244 2080 Constantinus,
1256 2048 1429 2083 imperatoris
1442 2048 1568 2084 Diogenis
1580 2050 1660 2079 filius.
1670 2051 1826 2080 Occurrunt

1035 2092 1130 2121 Turci.
1147 2093 1298 2129 Pugnatur.
1311 2094 1369 2122 Dux
1388 2094 1537 2123 fortissime
1553 2104 1609 2124 rem
1622 2105 1718 2132 gerens
1732 2099 1824 2127 multis

1035 2139 1193 2168 vulneribus
1209 2141 1328 2176 acceptis
1340 2141 1458 2177 capitur.
1475 2141 1675 2171 Constantinus
1691 2143 1825 2180 Diogenes

1034 2185 1179 2213 occiditur.
1191 2186 1223 2213 Et
1235 2187 1330 2214 ducem
1344 2187 1453 2221 quidem
1466 2188 1628 2217 Antiocheni
1644 2191 1727 2218 misso
1739 2193 1826 2226 pretio

1034 2231 1130 2266 viginti
1155 2231 1271 2258 millium
1297 2239 1444 2260 aureorum
1470 2233 1645 2262 redemerunt
1673 2241 1826 2272 ceteraque

1035 2274 1099 2303 belli
1118 2276 1189 2303 mala
1205 2284 1333 2312 reparare
1350 2277 1525 2306 studuerunt.
1545 2279 1606 2315 lpse
1622 2285 1712 2308 autem
1733 2282 1826 2310 hacte-

1038 2329 1090 2349 nus
1107 2326 1230 2349 mutuam
1247 2323 1313 2357 ipsis
1336 2323 1552 2352 benevolentiam
1579 2326 1688 2353 exhibet
1713 2332 1740 2354 et
1765 2336 1825 2362 qua:

1035 2366 1105 2394 bene
1121 2368 1210 2395 meriti
1227 2368 1259 2396 de
1280 2369 1340 2403 ipso
1358 2373 1423 2396 sunt
1440 2369 1538 2397 aﬂ‘cctu
1554 2375 1581 2397 et
1603 2371 1741 2398 beneficiis
1764 2378 1825 2399 stu-

1035 2412 1082 2440 det
1106 2414 1267 2448 rependere.
1290 2413 1347 2442 lloe
1368 2418 1440 2442 statu
1464 2419 1543 2442 erant
1569 2422 1614 2442 res
1637 2415 1823 2445 Antiocheam.

1034 2457 1105 2491 Quid
1134 2459 1243 2486 interim
1272 2466 1402 2496 ageretur
1421 2461 1447 2488 in
1466 2460 1596 2489 Occiduis
1613 2461 1738 2497 partibus
1755 2462 1825 2491 liber

1033 2511 1204 2540 consequens
1216 2506 1334 2534 docebit.

641 2579 747 2612 Laroli
764 2580 813 2611 Du
830 2580 951 2612 Fresne
972 2581 1018 2611 Du
1034 2580 1142 2621 Cange
1159 2586 1256 2613 notae.

226 2667 283 2704 (55)
298 2665 535 2704 Κῳνστιιγτῗνος.
551 2666 768 2704 _(Jonstan_tinom_
792 2665 853 2704 hoe_
872 2664 938 2704 loco
955 2671 983 2693 et

189 2703 209 2730 Ι.
229 2700 248 2737 i,
267 2700 294 2730 ἡ.
319 2702 336 2730 θ
353 2702 483 2738 appellat,
512 2702 558 2736 qui
585 2702 690 2728 eaztcris
716 2700 898 2735 scriptoribus
923 2700 977 2728 Leo

1033 2672 1222 2729 guncupatur.
1241 2668 1272 2696 ν.
1288 2673 1345 2696 not.
1367 2668 1400 2697 ad
1418 2669 1502 2696 Annae
1525 2676 1551 2704 p.
1582 2669 1632 2696 “2
1656 2674 1683 2698 et
1706 2673 1822 2697 stemma

1056 2711 1167 2729 omncn.

1056 2711 1167 2730 OlllllCil.

822 2770 907 2801 Petri
927 2769 1053 2801 Possini
1073 2775 1166 2802 noue.

223 2851 271 2888 (ut)
284 2849 513 2883 Κωνσταντῖνος
533 2850 549 2876 ὁ
562 2848 730 2884 Διογένους,
743 2853 796 2876 etc.
813 2847 890 2876 liuuc
901 2847 980 2874 Anna
994 2848 1042 2875 lib.

994 2848 1042 2875 lib.
1079 2856 1096 2875 κ
1118 2848 1255 2880 Αιθπὶαόη
1270 2855 1331 2883 pag.
1353 2848 1416 2881 27!,
1437 2848 1569 2876 memoria
1593 2849 1680 2884 lapsa.
1708 2848 1820 2877 Leonem

187 2892 276 2914 Vocat.

220 2972 229 2979 '
243 2969 312 2995 Κατὰ
324 2969 349 2994 δὲ
363 2970 419 2994 τῶν.
434 2971 553 3001 Apertum
565 2971 603 2994 est
617 2967 640 2992 in
651 2967 690 2992 his
702 2969 727 2992 et
739 2967 850 2998 proxime
860 2965 1024 2998 sequentibus
1043 2966 1113 2997 plura
1126 2965 1221 2995 turbata
1238 2971 1292 2990 esse
1310 2967 1337 2990 et
1351 2968 1475 2997 corrupta.
1492 2966 1588 2998 (Editur
1601 2967 1758 3000 Bormensir.)
