2123 3154
205 243 254 276 iii

800 241 1074 273 HISTORIARUM
1092 243 1166 273 LIB.
1190 243 1231 273 ll.

1781 241 1834 275 142

201 299 273 336 πρὸς
297 299 346 334 τὴν
374 297 514 326 θάλασσαν
541 298 664 325 κατιέναι
688 298 726 329 ὡς
753 297 882 333 τάχιστα.
918 298 949 324 '0
963 297 992 324 δὲ
1007 301 1031 330 Α

1007 298 1200 330 Avcnandum
1227 303 1359 333 teporem.
1387 297 1525 325 Assensus
1551 297 1662 325 tandcm
1687 302 1730 326 est
1756 299 1833 333 quasi

204 345 376 380 ἐδυσχέραινε
393 345 441 380 μὲν
467 345 516 371 καὶ
536 344 643 380 ἠπείλει
666 344 776 379 δράσειν
796 344 945 379 ἀνήκεστα,
960 344 990 370 οὗ

204 391 340 426 μέντοιγε
354 392 402 418 καὶ
430 391 569 426 δεδύνητο.
593 390 674 417 Ἀλλὰ
698 391 748 425 τὴν
774 390 930 417 Λαοδικέων
943 390 991 416 καὶ

202 436 278 463 ἄκων
303 436 467 464 καταλαϐὼν
491 437 539 463 καὶ
569 436 664 470 ὀλίγας
687 436 861 472 ἐνδιατρίψας
881 436 990 472 ἡμέρας

204 481 274 510 ὥστε
290 482 365 516 αὐτῷ
375 484 407 509 τὰ
420 483 513 516 ἐφόδια
529 481 694 518 κομισθῆναι
708 483 740 508 ὲκ
751 482 798 518 τῆς
815 482 988 517 Ἀντιοχέων,

205 528 296 563 ἀπῆρε
312 528 380 562 πρὸς
396 528 427 554 τὸ
441 526 598 560 Βυζάντιον.

1043 344 1132 372 victus
1149 343 1311 372 auctoritate
1325 343 1375 370 viri
1393 343 1460 377 dux,
1478 348 1506 371 et
1529 343 1555 370 in
1575 351 1675 378 equutn
1691 343 1770 378 quasi
1786 352 1834 379 pa-

1043 398 1104 417 rum
1113 389 1206 418 valens
1217 389 1367 417 ministerio
1377 397 1489 417 suorum
1504 390 1659 425 impositus,
1676 390 1832 425 patriarcha

1043 437 1080 464 ibi
1097 436 1202 469 relicto,
1222 441 1294 464 recta
1320 436 1406 464 fertur
1436 437 1610 465 Antiochiam
1633 437 1772 473 iussisque
1789 444 1834 465 re-

1043 487 1122 517 pente
1137 482 1228 510 claudi
1243 483 1330 518 portis
1346 483 1474 517 civitatis,
1487 484 1576 520 regias
1588 484 1625 511 ad
1648 483 1832 518 patriarcltam

1042 529 1126 556 mittit
1141 529 1248 557 litteras
1266 529 1367 564 quibus
1387 530 1553 558 evocabatur
1565 530 1622 565 98
1637 530 1833 558 Constantino-

205 575 299 609 polim.
314 575 473 610 Indignatus
486 575 532 602 ille
545 579 588 603 cst
602 575 635 602 iis
647 573 713 603 visis
728 579 755 602 et
769 575 861 611 gravia
875 575 996 603 minatus
1014 580 1067 604 est.
1083 575 1141 603 Non
1174 576 1263 611 potuit
1275 580 1365 603 autent
1395 584 1524 604 recusare
1538 578 1604 612 quin
1619 577 1832 612 obtemperaret,

204 623 250 649 sed
277 624 367 650 statim
388 624 430 650 vel
454 623 556 650 invitus
581 622 681 651 ductus
696 623 876 656 Laodiceam,
890 631 993 658 paucos
1013 624 1050 652 ibi
1067 629 1190 652 moratus
1220 625 1296 657 dies,
1314 625 1378 652 dum
1402 632 1463 660 quae
1483 625 1516 652 ad
1540 625 1589 652 iter
1626 632 1694 660 opus
1714 629 1793 652 crant
1807 624 1833 652 ei

204 667 351 694 Antiochia
369 667 554 700 deferrentur,
571 667 730 703 Byzantium
747 668 939 704 proficiscitur.

239 714 291 741 κδ’.
311 713 342 741 ’0
356 714 386 741 δὲ
405 714 468 746 δοὺξ
488 714 622 746 Ἰσαὰκιος
638 714 683 741 τοῦ
702 715 734 740 ἐκ
755 714 802 741 τοῦ
820 715 991 750 πατριάρχου

203 761 280 791 δέους
293 760 465 794 ἀπαλλαγεὶς
486 760 579 796 διῴκει
594 761 627 787 τὰ
643 760 720 788 κοινὰ
741 760 788 788 καὶ
803 761 853 793 τὰς
868 762 990 796 ἀναφυο-

207 807 290 842 μένας
306 809 366 839 ταῖς
387 807 480 834 πόλεσι
497 807 606 838 στάσεις
622 807 751 843 ἐπειρᾶτο
771 806 900 834 διαλύειν.
923 807 992 834 Ἀλλ’

205 854 256 880 οὑκ
270 851 303 888 ἦν
323 854 462 889 ἠρεμῆσαι
484 853 530 879 τδν
547 852 602 879 τῶν
627 852 798 888 Χριστιανῶν
817 853 930 888 ἀρχαῖον
947 861 993 880 πο-

203 900 297 934 λέμιον
310 908 316 915 ·
338 899 423 936 ταύτῃ
436 908 477 926 τοι
492 900 540 926 καὶ
554 899 584 932 ὲξ
598 899 687 931 αίτίας
705 899 833 936 βραχείας
849 901 911 932 τοὺς
928 909 992 927 στα-

203 945 321 977 σιαστὰς
336 945 414 977 αὖθις
437 946 576 980 κεκίνηκε.
598 945 658 972 Τῶν
675 945 729 981 γὰρ
746 946 809 981 ἄρτι
827 946 993 981 προκόπτειν
1009 956 1032 986 Β

201 991 367 1026 ἀρξαμένων
385 990 457 1022 τινὲς
474 989 653 1023 ὲκκαυοέντες
672 991 725 1017 ὑπὸ
741 990 788 1017 τοῦ
807 990 906 1025 φθόνον
922 990 994 1017 κατὰ

202 1037 256 1063 τῶν
276 1037 307 1063 ὲν
319 1036 393 1062 τέλει
413 1036 461 1063 καὶ
481 1035 528 1062 τοῦ
549 1035 643 1068 δουκδς
661 1035 691 1062 τὸ
707 1035 809 1070 πλῆθος
827 1035 992 1069 ὲξώπλισαν.

204 1082 260 1109 Καὶ
287 1082 335 1109 τὸν
367 1081 416 1117 μὲν
445 1082 511 1108 εἴσω
540 1082 590 1116 τῆς
616 1082 792 1117 ἀκροπόλεως
814 1081 993 1116 συγκλείσαν-

204 1137 249 1160 τες
267 1128 310 1164 [Ρ.
334 1127 380 1164 66]
395 1128 442 1159 τὰς
464 1128 584 1159 εἰσόδους
598 1127 749 1164 ἐφρούρουν
762 1149 769 1162 ,
794 1128 866 1154 κατὰ
881 1128 909 1155 δὲ
925 1128 994 1154 τῶν⁶

205 1172 411 1208 ἐξορμήσαντες
426 1172 504 1204 τινὰς
531 1173 580 1207 μὲν
597 1173 702 1199 ἀνεῖλον
713 1192 720 1206 ,
734 1173 758 1199 οἱ
774 1172 802 1199 δὲ
819 1173 907 1200 λοιποὶ
929 1173 996 1209 πρὸς

179 1212 184 1222 ³
206 1219 256 1253 τὴν
279 1218 427 1254 ἀκρόπολιν
448 1219 496 1251 τὰς
520 1218 610 1250 οἰκίας
628 1218 683 1245 τῶν
702 1218 842 1254 ἀρχόντων
864 1219 996 1254 ποροοῦνο

205 1273 252 1297 τες
269 1265 316 1291 καὶ
342 1265 376 1291 τὰ
392 1265 522 1300 χρήματα
545 1264 752 1299 διαρπάζοντες.
779 1263 810 1291 Ὀ
829 1264 891 1298 δοὺξ
906 1265 996 1292 τοίνυν

205 1312 247 1342 εἰς
268 1308 406 1346 προῦπτον
430 1310 571 1342 καταστὰς
597 1310 720 1337 κίνδυνον
741 1310 808 1346 πρὸς
832 1312 880 1342 τὰς
904 1310 996 1347 κύκλῳ

205 1357 299 1388 πᾶλεις
320 1356 457 1392 ἐξέπεμψε
474 1357 536 1388 τοὺς
553 1356 721 1392 στρατιώτας
744 1357 993 1393 μετακαλούμενος.

211 1403 256 1430 Ἐν
285 1402 367 1438 ὀλίγῳ
392 1403 420 1428 δὲ
452 1401 618 1438 ἀποχρώσης
648 1402 829 1438 συνελθούσης
855 1403 996 1439 δυνάμεως

205 1448 425 1483 κατεστρατήγει
437 1448 500 1479 τοὺς
513 1448 688 1479 στασιαστὰςΔ
701 1448 749 1480 El;
763 1448 848 1475 πολλὰ
859 1449 912 1484 γὰρ
925 1449 996 1484 μέρη

203 1494 234 1521 τὸ
252 1495 412 1530 στράτευμα
427 1493 522 1520 διελὼν
538 1493 665 1520 ἐκέλευσε
684 1494 793 1520 ἀπιέναι
810 1495 878 1530 πρὶς
892 1495 924 1520 τὰ
937 1503 997 1522 στε-

203 1539 284 1566 νωπὰ
301 1539 348 1566 καὶ
371 1539 434 1570 τοὺς
453 1539 632 1570 ἀπαντῶντας
657 1538 870 1573 ξυλλαμϐάνειν,
894 1539 933 1572 ὡς
959 1539 996 1575 μὴ

201 1587 274 1623 ὁμοῦ
288 1587 427 1623 γενόμενοι
437 1587 558 1623 βοηθοῖεν
571 1585 706 1622 ἀλλήλοις.
721 1583 758 1614 οὗ
770 1587 917 1622 γενομένου
934 1595 996 1614 συν-

1080 710 1126 738 29.
1141 710 1200 738 Dux
1214 719 1277 738 vero
1290 711 1421 744 lsaacius,
1438 711 1546 738 solutus
1569 719 1633 739 cura
1648 717 1675 739 et
1692 719 1765 742 metu
1786 723 1834 750 pa-

1046 757 1172 785 triarchm
1188 761 1262 785 recte
1278 756 1503 785 administrandae
1516 765 1598 792 quant
1620 760 1769 787 curandam
1788 769 1834 789 ac-

1046 810 1155 839 ceperat
1171 802 1274 830 civitati
1291 803 1377 830 libero
1394 803 1486 829 animo
1512 804 1636 836 vacabat,
1656 812 1752 840 resque
1775 806 1835 834 illas

1046 858 1107 885 qua:
1123 849 1288 877 seditionum
1303 857 1393 876 causa:
1411 848 1526 876 urbibus
1543 849 1632 877 solent
1652 857 1724 883 esse,
1745 859 1837 880 rcmo-

1047 903 1109 923 vere
1120 895 1280 933 conabatur.
1298 895 1351 922 Sed
1365 903 1418 922 non
1430 899 1536 930 poterat
1549 896 1691 930 quiescere
1699 897 1835 926 Christia-

1045 950 1144 970 norum
1159 942 1288 977 antiquus
1307 942 1406 968 hostis.
1421 940 1512 975 Quare
1530 942 1552 969 is
1568 949 1600 969 ex
1620 943 1672 970 levi
1690 945 1837 972 occasione

1045 987 1190 1016 seditiosos
1210 995 1306 1015 rursus
1329 987 1487 1014 commovit.
1510 987 1578 1015 Nam
1603 995 1699 1016 eorum
1722 989 1835 1025 quidam

1045 1034 1090 1070 qui
1106 1041 1244 1070 cmergere
1260 1034 1286 1061 in
1299 1034 1450 1061 claritatem
1470 1041 1554 1068 nuper
1568 1041 1719 1069 coeperant,
1733 1037 1835 1064 invidia

1050 1080 1175 1108 succensi
1201 1079 1332 1108 adversus
1350 1080 1525 1115 magistratus
1537 1085 1564 1107 et
1584 1080 1704 1120 ducem,’
1726 1082 1833 1117 plebem

1047 1130 1232 1153 armaverunt.
1249 1125 1280 1152 Et
1291 1133 1354 1152 eum
1369 1125 1442 1152 hunc
1454 1125 1561 1161 quidem
1578 1127 1646 1154 intra
1665 1135 1754 1154 arcem
1768 1135 1835 1155 con-

1047 1171 1204 1204 clusissem,
1219 1171 1308 1198 aditus
1325 1171 1526 1204 custodiebant,
1543 1172 1569 1199 in
1585 1173 1760 1208 magistratus
1772 1182 1836 1202 vero

1047 1219 1167 1254 reliquos
1187 1218 1290 1253 impetu
1314 1219 1385 1245 facto
1404 1219 1552 1247 nonnullos
1567 1220 1750 1248 occiderunt:
1765 1221 1836 1250 intc-

1047 1264 1098 1292 rim
1117 1265 1180 1291 dum
1199 1265 1251 1291 alia
1273 1264 1469 1293 seditiosorum
1486 1273 1588 1293 manus
1609 1267 1770 1302 diripiendis
1787 1269 1838 1296 ilo--

1048 1311 1138 1338 mibus
1146 1311 1311 1346 principum,
1322 1319 1382 1346 quae
1393 1312 1488 1339 vicina:
1497 1312 1554 1340 arei
1565 1318 1652 1346 erant,
1661 1315 1837 1350 pecuniisqnc

1047 1356 1237 1391 depraedandis
1253 1356 1439 1389 attendebant,
1452 1357 1506 1384 dux
1524 1358 1550 1385 in
1569 1358 1714 1387 manifesto
1732 1361 1837 1388 consti-

1048 1407 1124 1430 tutus
1155 1403 1278 1437 periculo
1307 1402 1382 1430 misit
1409 1402 1443 1430 ad
1468 1404 1680 1439 circumpositas
1713 1406 1837 1435 civitates

1049 1448 1151 1475 auxilia
1165 1456 1319 1481 accersens,
1334 1456 1366 1476 ac
1388 1448 1463 1476 brevi
1479 1458 1532 1477 non
1551 1450 1658 1479 modica
1674 1459 1757 1480 manu
1773 1461 1838 1481 con-

1049 1500 1158 1530 gregata
1172 1494 1288 1530 sapienti
1305 1494 1411 1522 ratione
1425 1495 1526 1522 bellum
1547 1496 1574 1523 in
1591 1497 1735 1524 seditiosos
1750 1498 1837 1526 admi-

1050 1541 1158 1568 nistrat.
1188 1540 1216 1568 ln
1246 1540 1345 1568 multas
1374 1542 1447 1568 enim
1475 1546 1566 1577 partes
1595 1544 1714 1571 exercitu
1732 1544 1831 1577 diviso,

1048 1587 1173 1622 dispcrtit
1186 1587 1280 1622 copias
1296 1595 1343 1622 per
1360 1588 1520 1623 angiportus
1532 1589 1623 1624 jussas
1638 1589 1731 1618 obvios
1747 1592 1835 1619 corri-

201 1634 254 1670 έϐη
272 1634 326 1661 τῶν
346 1634 503 1669 Ἀντιοχέων
521 1633 690 1661 στασιαστῶν
705 1634 785 1668 φόνον
803 1633 932 1668 γενέσθαι
948 1643 995 1660 πο-
1009 1631 1031 1660 C

1009 1631 1031 1660 C
1048 1641 1121 1669 pere,
1140 1641 1174 1661 ne
1189 1634 1226 1662 illi
1251 1634 1332 1662 simul
1356 1634 1446 1669 juncti
1471 1643 1550 1670 opem
1579 1636 1697 1665 invicem
1723 1637 1835 1666 ferrent.

200 1680 254 1706 λὺν
283 1680 331 1707 καὶ
360 1679 433 1706 οὕτω
459 1678 537 1715 μόλις
562 1680 611 1714 τὴν
642 1679 737 1706 στάσιν
765 1679 993 1714 κατευνασθῆναι.

200 1726 289 1760 ⁸’Διρτι
315 1725 343 1752 δὲ
369 1725 472 1761 ταύτης
500 1725 729 1761 κατευνασοείσης
752 1726 816 1757 τοὺς
848 1726 996 1761 Ἀντιοχεῖς

201 1771 320 1799 ἔσπευδε
333 1771 506 1807 θεραπεύειν.
520 1769 585 1798 Εῐτα
597 1771 759 1798 διελθουσῶν
773 1771 885 1808 ἡμερῶν
896 1772 995 1806 ὀλίγων

201 1817 327 1854 ἠγγέλθη
350 1817 479 1854 Τούρκων
502 1818 552 1844 οὐκ
575 1817 720 1853 ἐλαχίστην
743 1819 842 1854 μοῖραν
858 1818 930 1846 κατὰ
945 1819 996 1845 Συ-

203 1865 269 1900 ρίας
296 1864 405 1900 χωρεῖν.
428 1864 458 1890 ’0
483 1863 511 1890 δὲ
537 1864 587 1896 τὰς
601 1863 732 1899 δυνάμεις
751 1864 895 1891 ἀναλαϐὼν
910 1864 994 1900 ἐξῄει.

203 1910 351 1937 Συνείπετο
371 1909 399 1937 δέ
419 1910 442 1936 oi
463 1910 510 1937 καὶ
525 1911 539 1937 ὁ
560 1910 604 1936 ἐπ’
627 1910 728 1946 ἀδελφῇ
749 1910 845 1937 τούτου
871 1911 996 1946 γαμδρὸς

203 1957 409 1986 Κωνσταντῖνος
419 1956 473 1991 (35)
482 1957 496 1982 ὁ
504 1955 550 1982 τοῦ
564 1956 696 1991 βασιλέως
707 1956 848 1990 Διογένους
871 1957 918 1992 (nt)
928 1957 994 1988 υίὸς.

211 2002 348 2037 Ἐντυχὼν
363 2002 391 2028 δὲ
411 2003 468 2034 τοῖς
490 2002 622 2036 Τούρκοις
645 2002 699 2036 καὶξ
715 2002 805 2038 μάχην
829 2003 888 2038 μετ’
905 2003 995 2030 αὐτῶν

206 2047 328 2081 συνάψας
352 2048 476 2082 ἡττήθη,
501 2047 549 2073 καὶ
567 2047 701 2080 γενναὶως
726 2048 930 2083 ἀγωνισάμενος
949 2048 996 2076 καὶ

204 2092 350 2128 τραύματα
366 2094 446 2119 ἱκανὰ
461 2092 526 2128 παρ’
539 2092 628 2119 αὐτῶν
645 2093 736 2120 λαϐὼν
753 2093 833 2126 αὐτὸς
848 2095 896 2128 μὲν
912 2095 993 2127 ἑάλω,

204 2138 324 2174 ἀνῃρέθη
345 2138 374 2165 δὲ
391 2140 437 2165 χαὶ
459 2139 474 2165 ὁ
495 2138 636 2174 Διογένης.
664 2139 717 2166 Τὸν
737 2139 787 2175 μὲν
805 2137 850 2167 οὖν
873 2140 954 2172 εὐθὺς
969 2141 994 2167 οἱ

210 2185 357 2220 Ἀντιοχεῖς
385 2185 596 2217 ἀποστείλαντες
624 2185 738 2221 χρυσίου
767 2186 893 2221 χιλιάδων
924 2186 994 2222 ὡνή-

203 2239 285 2257 σαντο
298 2231 384 2257 εἴκοσι
402 2232 448 2257 καὶ
461 2231 495 2258 τὰ
511 2232 543 2258 ἐκ
559 2231 605 2258 τοῦ
621 2231 741 2267 πολέμου
752 2231 899 2267 τραύματα
914 2231 995 2268 θερα-

201 2275 296 2303 πεύειν
317 2276 468 2303 ἔσπευδον·
491 2277 572 2308 αὐτὸς
590 2276 618 2303 δὲ
637 2277 722 2304 είσέτι
736 2277 856 2311 γνησίως
879 2277 995 2304 διέκειτο

201 2323 272 2356 πρὸς
293 2323 393 2354 αὐτοὺς
415 2324 463 2351 καὶ
480 2323 530 2354 τὰς
548 2323 665 2358 ἀμοιϐὰς
682 2322 721 2355 ὡς
743 2321 798 2349 οἷόν
823 2332 853 2350 τε
880 2324 994 2351 ἔσπευδε

200 2368 307 2400 τούτοις
327 2369 493 2396 ἀποδιδόναι.
516 2368 598 2395 Ἀλλὰ
617 2369 651 2395 τὰ
668 2368 719 2403 μὲν
735 2368 806 2395 κατὰ
821 2369 871 2405 τὴν
893 2369 996 2396 Ἀντιὸο

201 2423 279 2448 χειαν
301 2415 330 2440 ἐν
346 2415 454 2447 τούτοις
481 2413 532 2451 ἦν,
549 2415 563 2441 ὀ
578 2414 607 2441 δὲ
633 2414 698 2451 ἑξῆς
720 2414 799 2449 λόγος
814 2415 930 2450 δηλώσει
949 2415 996 2442 καὶ

202 2459 267 2492 περὶ
281 2458 335 2485 τῶν
352 2460 421 2486 κατὰ
437 2459 486 2495 τὴν
510 2460 659 2495 Ἑσπέραν.

1049 1680 1110 1713 Quo
1139 1679 1211 1707 facto
1243 1680 1357 1716 contigit
1384 1681 1611 1710 Antiochensium
1640 1683 1836 1712 seditiosorum

1047 1727 1148 1754 caadem
1170 1734 1296 1761 magnam
1313 1727 1381 1760 ﬂeri,
1391 1734 1422 1754 ac
1433 1727 1473 1755 sic
1485 1735 1639 1763 quanquam
1653 1737 1724 1764 {egre
1738 1731 1839 1758 tumul-

1049 1775 1106 1798 tum
1122 1771 1223 1798 sedari.
1239 1769 1279 1798 Eo
1299 1774 1436 1806 utcunque
1452 1777 1549 1807 pacato
1571 1773 1666 1802 sedulo
1682 1774 1756 1802 dedit
1770 1783 1837 1810 ope-

1047 1823 1125 1849 ram,
1156 1821 1186 1843 ut
1214 1816 1351 1844 civitatem
1386 1817 1443 1853 99
1467 1818 1620 1846 benefactis
1651 1819 1837 1849 demereretur

1048 1861 1156 1896 sibique
1171 1862 1328 1896 popularem
1345 1863 1485 1898 colligeret
1510 1863 1635 1899 gratiam.
1659 1865 1756 1894 Paucis
1776 1872 1837 1901 post

1049 1907 1144 1935 diebus
1156 1907 1308 1934 nuntiatum
1319 1914 1360 1935 est
1375 1916 1428 1935 non
1441 1916 1550 1942 parvam
1560 1908 1710 1937 Turcorum
1723 1920 1835 1941 manum

1047 1952 1075 1980 in
1093 1952 1200 1988 Syriam
1217 1953 1377 1989 irrumpere.
1395 1953 1455 1987 Quo
1471 1955 1564 1982 audito
1588 1955 1642 1983 dux
1661 1964 1723 1984 cum
1750 1959 1837 1994 copiis

1048 1998 1180 2026 adversus
1196 1999 1256 2026 illos
1268 1999 1352 2027 vadit.
1366 1999 1497 2035 Adjunxit
1511 2008 1540 2028 se
1551 2001 1588 2029 illi
1603 2001 1643 2029 vir
1658 2004 1760 2032 sororis
1775 2004 1835 2040 ejus

1048 2044 1256 2078 Constantinus,
1267 2045 1441 2081 imperatoris
1454 2046 1579 2082 Diogenis
1591 2048 1672 2077 (ilius.
1682 2048 1838 2078 Occurrunt

1047 2089 1142 2118 Turci.
1159 2091 1310 2126 Pugnatur.
1323 2092 1381 2119 Dux
1399 2092 1549 2121 fortissime
1564 2102 1620 2121 rem
1633 2102 1730 2130 gerens
1744 2097 1836 2125 multis

1047 2137 1205 2165 vulneribus
1221 2138 1339 2173 acceptis
1352 2138 1470 2174 capitur.
1487 2139 1687 2169 Constantinus
1703 2141 1837 2178 Diogenes

1046 2183 1191 2211 occiditur.
1203 2183 1234 2210 Et
1246 2184 1342 2212 ducetn
1356 2185 1464 2218 quidem
1478 2186 1639 2214 Antiocheni
1655 2188 1739 2216 misso
1751 2190 1838 2224 pretio

1045 2228 1143 2264 viginti
1167 2229 1283 2256 millium
1308 2237 1456 2258 aureorum
1482 2231 1657 2260 redemerunt
1684 2239 1838 2270 ceteraque

1047 2272 1111 2300 belli
1130 2274 1200 2301 mala
1216 2281 1344 2310 reparare
1361 2275 1536 2304 studuerunt.
1556 2277 1617 2312 Ipse
1633 2283 1724 2306 autem
1745 2279 1838 2308 hacte-

1049 2326 1101 2346 nus
1119 2323 1241 2346 mutuam
1258 2320 1324 2355 ipsis
1347 2321 1564 2349 benevolentiam
1590 2324 1700 2352 exhibet
1725 2330 1752 2352 ct
1777 2334 1837 2360 qua:

1046 2364 1116 2392 bene
1132 2365 1221 2392 meriti
1238 2366 1271 2393 de
1291 2366 1352 2401 ipso
1369 2371 1434 2394 sunt
1452 2367 1549 2394 aﬂ‘cctu
1566 2372 1593 2395 et
1614 2369 1752 2397 beneﬁciis
1776 2376 1836 2398 stu-

1046 2409 1094 2437 det
1117 2411 1278 2446 rependere.
1301 2411 1358 2439 lloc
1380 2416 1451 2440 statu
1475 2417 1555 2439 erant
1581 2420 1625 2440 res
1649 2413 1835 2444 Antiocltenm.

1045 2455 1116 2489 Quid
1145 2456 1254 2484 interim
1283 2464 1413 2493 ageretur
1432 2459 1458 2486 in
1477 2458 1608 2487 Occiduis
1625 2460 1750 2495 partibus
1767 2461 1837 2490 liber

1045 2509 1215 2537 consequens
1227 2504 1346 2532 docebit.

652 2577 759 2609 Laroli
775 2577 825 2609 Du
842 2578 962 2610 Fresne
983 2579 1028 2609 Du
1045 2578 1153 2618 Cange
1170 2583 1266 2611 notua.

238 2664 295 2700 (55)
310 2662 546 2700 Κωνσταντῖνος.
563 2663 779 2700 Constantinum
805 2662 865 2700 hoc»
884 2662 949 2700 loco
966 2668 994 2690 et

201 2700 220 2727 l.
241 2698 259 2734 i,
278 2698 306 2728 n.
331 2699 347 2727 6
365 2699 494 2734 appellat,
523 2699 569 2733 qui
596 2699 701 2725 caeteris
728 2698 910 2732 scriptoribus
934 2698 988 2725 Leo

1044 2670 1234 2727 Bttncupatur.
1252 2665 1284 2694 ν.
1299 2671 1356 2694 not.
1379 2666 1412 2695 ad
1429 2667 1514 2695 Annae
1537 2675 1563 2703 p.
1593 2667 1644 2694 “2
1667 2672 1694 2695 et
1718 2671 1834 2695 stemma

1067 2709 1178 2727 omnca.

1067 2709 1178 2728 οιιιιιρίι.

833 2767 918 2798 Petri
937 2767 1064 2798 Possini
1084 2773 1178 2800 noue.

236 2848 282 2885 (νη)
296 2845 524 2880 Κωνστανιῖνος
543 2847 560 2873 ό
573 2845 741 2880 Διογένους,
755 2850 808 2874 etc.
825 2845 901 2873 Hunc
912 2844 991 2872 Anna
1005 2845 1054 2873 lib.

1005 2845 1054 2873 lib.
1089 2853 1106 2872 ιι
1129 2845 1266 2878 Alcziad.,
1281 2853 1342 2881 pag.
1364 2845 1427 2879 271,
1449 2846 1580 2874 memoria
1605 2847 1691 2882 lapsa,
1720 2846 1832 2875 Leonem

198 2889 287 2911 vocat.

232 2968 241 2975 '
255 2965 323 2992 Κατὰ
336 2966 360 2991 δὲ
374 2966 430 2990 τῶν.
444 2967 564 2997 Apertum
575 2968 614 2991 est
627 2964 651 2990 iu
662 2963 701 2988 bis
713 2966 738 2988 et
751 2965 861 2996 proxime
871 2962 1035 2995 sequentibus
1054 2963 1123 2994 plura
1137 2962 1232 2990 turbata
1249 2969 1304 2988 esse
1321 2965 1348 2988 et
1362 2966 1486 2996 corrupta.
1503 2964 1600 2996 (Edilor
1613 2966 1768 2998 Romanis.)
