2123 3154
226 179 274 212 145

802 173 1073 204 IllSTORlARUM
1094 175 1166 205 LIB.
1190 175 1247 204 lli.

1792 175 1843 207 146

226 238 272 268 Ὠς
291 236 318 262 δὲ
342 236 425 262 πᾶσιν
452 234 537 261 ἐδόκει
556 233 611 264 τοῖς
632 232 695 268 περὶ
716 232 799 259 αὐτὸν
820 231 867 258 καὶ
883 231 957 266 αὖτῴ
972 231 1011 265 τῷ

1068 232 1136 262 silia,
1152 239 1218 258 ttntn
1238 237 1319 265 quem
1345 230 1474 264 reperiret
1492 229 1658 264 experientia
1675 237 1765 256 rerum
1782 238 1846 264 pru-

220 282 350 317 λογοοέτῃ
374 281 495 312 τοιοῦτος
511 278 580 307 εἶναι
601 281 614 307 ὁ
635 280 778 315 Βρυέννιοέ
795 279 961 314 Νικηφόρος,
977 275 1008 306 οὗ

222 329 338 364 πρόσθεν
349 329 366 363 ἡ
378 328 482 362 ἱστορία
495 327 628 362 ἐμνήσθη,
640 326 675 353 τὰ
685 326 752 360 πρὸς
764 325 809 352 τὸν
821 325 888 352 Θεὸν
899 326 1006 357 πιστὸς,

221 373 256 399 τὰ
282 373 350 407 πρὸς
367 372 461 407 φιλίαν
482 371 601 407 βέϐαιος.
624 371 710 402 δεινός
725 379 755 398 τε
777 369 958 397 ὑπαισοέσθαι
979 369 1010 396 τὸ

225 418 320 447 μέλλον
346 418 393 444 καὶ
419 416 645 452 προφυλάξασϐαι
671 415 863 451 στρατηγῆσαι
892 424 920 442 τε
949 415 1010 441 κατ’

223 464 328 499 ἐχθρῶν
341 464 536 499 δοκιμώτατος,
556 463 637 494 εὐθὺς
652 463 797 498 γράμμασι
820 462 968 497 βασιλικοῖς
982 460 1012 493 ἐξ

223 510 361 545 Ὀδρυσῶν
385 510 587 544 μετεπέμπετο.
607 509 664 544 Πρὸ
684 508 731 535 τοῦ
748 508 777 534 δὲ
797 508 891 535 τοῆτον
904 507 951 535 τὸν
966 507 1014 534 ἄν-

222 555 272 589 δρα
290 555 330 587 εἰς
351 555 400 590 τὴν
418 554 542 590 βασιλίδα
565 554 725 581 ἐπανελθεῖν
744 553 881 580 κοινοῦται
906 554 920 580 ὸ
936 553 1013 588 βασι·

225 601 287 632 λεὺς
305 601 351 628 τὸν
366 601 445 635 λόγον
458 601 512 627 τινὶ
528 600 581 627 τῶν
595 601 644 635 τῆς
660 600 812 634 συγκλήτου
828 599 936 634 βουλῆς,
951 599 1013 626 καθ’

224 644 294 680 αἷμα
309 646 397 680 τούτῳ
416 636 746 680 μητρόθενπροσήιιοντι.
782 644 810 670 '0
832 643 1015 679 δρουγγάριος

226 690 304 723 οὗτος
320 689 354 727 ἦν
369 692 589 723 Κωνσταντίνος,
604 692 618 717 ὁ
637 690 684 717 τοῦ
703 690 753 724 τῆς
767 691 949 724 πατριαρχίας
970 689 1016 716 τὸν

227 738 323 770 ορόνον
340 737 480 767 ῐοὺναντος
497 736 580 762 πάλαι
595 735 705 770 Μιχαὴλ
718 735 889 768 ἀδελφιδοῦς,
907 735 937 766 ὃς
953 736 1016 761 ἐπε-

228 783 347 817 κέκλητο
373 782 562 817 Κηρολλάριος
580 781 648 817 (37).
673 780 702 807 ὐ
723 780 746 807 δ’
766 780 887 812 ἀκούσας
909 779 1016 815 βαρέως

228 829 308 864 ἔφερε
324 828 358 854 τὰ
380 827 509 862 λεχθέντα
522 835 529 843 ο
545 826 629 853 πάλαι
649 825 703 861 γὰρ
721 823 756 861 ἦν
771 825 952 860 ὀνειροπολῶν
967 824 1016 859 τὴν

230 874 380 908 βασιλείαν.
414 872 627 907 ’Δπαιτούμενος
650 869 697 899 οὖν
719 871 833 906 γνώμην
858 871 1017 904 εἰσαγαγεῖν

229 919 315 954 ἔφησε
327 919 373 946 τὸν
394 919 442 954 μὲν
457 919 542 953 ἄνδρα
553 918 700 952 γινώσκειν
715 917 761 943 καὶ
779 917 914 948 ἐπαινεῖν,
927 915 976 950 τὴν
989 915 1018 942 δὲ

229 964 295 999 περὶ
316 963 398 990 αὐτοῦ
416 963 512 998 σκέψιν
526 971 555 989 τε
577 963 624 989 καὶ
643 960 742 997 βουλὴν
759 961 788 987 οὐ
807 961 878 987 πάνυ
895 968 923 986 τι
940 961 1017 986 ἐπαι-

229 1012 294 1037 νεῖν.
317 1009 388 1036 Ἀλλ’
415 1010 486 1045 ἢτοι,
512 1009 589 1043 φησι,
612 1008 660 1034 καὶ
683 1007 734 1042 τῆς
761 1006 902 1041 βασιλικῆς
928 1005 1015 1040 ἀρχῆς

229 1055 396 1090 ὑπεκστῆναι
410 1063 440 1082 σε
456 1055 587 1086 ἑκουσίως
601 1054 690 1089 τούτῳ
704 1052 768 1088 χρὴ,
785 1052 863 1086 ἀνδρὶ
879 1052 937 1078 ὄντι
952 1059 1016 1085 γεν-

229 1102 296 1136 ναίῳ
317 1101 363 1128 καὶ
381 1099 538 1136 δραστηρίῳ
558 1099 606 1125 καὶ
621 1099 717 1134 seu“,
733 1098 787 1132 ἢεί
806 1098 843 1133 μὴ
864 1097 938 1125 ἄκων
953 1096 1017 1131 βού-

230 1145 287 1172 λοιο
299 1145 379 1172 τοῦτο
400 1145 509 1176 παθεῖν,
525 1144 572 1171 τοῦ
589 1144 620 1170 τδ
632 1142 761 1170 κοινωνὸν
782 1143 864 1169 αὑτὸν
886 1142 1018 1169 λαϐέσθαι

232 1192 391 1226 σκέμματος
414 1190 576 1225 ἀποστῆναι.
605 1188 688 1216 Ταῦτ’
714 1189 809 1224 είρηκε
832 1187 879 1216 καὶ
897 1189 937 1220 εἰς
959 1188 1019 1219 δέος

233 1237 304 1271 μέγα
319 1236 364 1262 τὸν
382 1235 494 1270 βασιλέα
507 1233 618 1262 ἐνέϐαλε
637 1235 683 1261 καὶ
699 1234 792 1265 ἄλλους’
802 1232 888 1260 δειλόν
905 1241 934 1260 τε
954 1233 1019 1260 ὄντα

233 1282 279 1309 καὶ
290 1282 339 1317 τὴν
349 1281 446 1308 ἑαυτοῦ
459 1281 538 1308 σκιὰν
554 1280 774 1315 ὑποπτήσσοντα,
788 1279 802 1305 δ
817 1287 912 1313 φασιν.

1062 277 1151 304 dcntia
1165 281 1192 304 ct
1205 278 1304 303 virtute
1319 284 1401 311 supra
1417 281 1532 304 cteleros
1552 276 1728 303 eminentem.
1744 275 1778 302 Ut
1799 283 1848 302 au-

1062 328 1115 350 tem
1134 322 1263 350 omnibus
1278 323 1324 357 qui
1346 323 1418 350 circa
1440 323 1528 357 ipsum
1553 327 1630 349 erant
1653 327 1679 348 et
1699 323 1749 356 ipsi
1775 322 1849 356 logo-

1062 369 1143 396 tltcta:
1159 369 1234 396 visus
1251 373 1294 395 est
1321 369 1382 395 talis
1401 367 1553 403 Brycnnius
1571 368 1848 402 Niccpltorus,~cujus

1063 415 1122 442 haec
1139 415 1252 442 historia
1281 414 1358 449 prius
1383 415 1516 447 meminit,
1534 415 1666 449 religione
1687 415 1847 449 prmclarus,

1064 462 1090 488 in
1106 461 1225 488 amicitia
1240 461 1345 490 firmus.
1356 461 1483 495 providus
1495 461 1521 487 in
1533 461 1731 496 prmscntientlo
1746 462 1848 494 futuro,

1065 515 1128 534 acer
1141 507 1166 534 in
1181 507 1369 542 prmcavcudo.
1379 507 1417 534 rei
1430 515 1540 541 quoque
1551 507 1652 534 bellicm
1667 503 1850 542 peritissimus

1060 557 1092 580 ret
1107 552 1251 580 ductaudis
1271 552 1299 578 in
1314 552 1407 579 hostes
1420 553 1586 580 exercitibus
1605 553 1672 580 artis
1691 560 1722 579 ac
1743 553 1852 580 fortitu-

1064 597 1136 624 diuis
1151 597 1286 631 probatur,
1305 596 1328 623 is
1351 596 1442 623 statitn
1463 597 1545 632 regiis
1571 597 1668 625 litteris
1690 606 1722 625 ex
1738 598 1850 634 Odrysis

1065 646 1194 669 evocatus
1213 646 1265 669 est.
1283 641 1362 669 Prius
1380 649 1444 668 vero
1459 649 1537 676 quant
1555 642 1616 670 talis
1634 643 1674 669 vir
1695 643 1852 670 Constanti-

1066 687 1186 721 nopolitn
1209 691 1402 720 reverteretur,
1421 687 1603 714 communicat
1627 687 1770 722 imperator
1791 686 1851 722 ejus

1067 733 1100 760 ad
1116 741 1160 761 rcs
1177 733 1322 760 adhibendi
1344 733 1487 760 consilium
1511 733 1618 760 cttidam
1643 740 1658 759 e
1683 734 1852 761 senatoribus

1067 783 1190 806 matertto
1203 786 1302 814 genere
1319 778 1371 806 sibi
1386 779 1544 811 coniuncto.
1558 778 1608 806 Hic
1619 783 1679 805 crat
1691 779 1853 813 drtmgarius

1067 824 1272 856 Constantinus,
1280 824 1419 852 Michaelis
1427 824 1528 851 dudum
1542 824 1702 860 patriarcha:
1713 826 1852 859 patruelis.

1068 871 1112 899 cui
1128 875 1188 898 erat
1210 878 1362 906 cognomen
1378 871 1553 898 Cerollarius.
1574 870 1602 897 ld
1629 871 1679 898 iste
1703 875 1733 898 ιιι
1751 871 1855 898 audivit

1068 916 1186 952 graviter
1205 916 1319 950 accepit,
1334 920 1428 951 utpote
1446 916 1492 951 qui
1510 916 1561 943 sibi
1577 916 1679 951 pridem
1697 917 1748 952 ipsi
1770 918 1855 951 impc-

1067 963 1139 989 rium
1154 962 1352 996 despondisset.
1370 961 1490 996 Rogatus
1503 962 1583 997 igitur
1591 962 1624 989 de
1637 970 1667 990 re
1681 963 1852 994 sententiam,

1067 1007 1137 1035 dixit
1152 1016 1159 1034 :
1179 1006 1273 1034 Virum
1294 1008 1404 1042 quidem
1421 1008 1503 1035 istum
1528 1008 1580 1037 sibi
1596 1012 1691 1035 notum
1707 1012 1732 1035 et
1754 1008 1854 1043 proba-

1068 1057 1137 1086 tum,
1169 1054 1314 1082 consilium
1349 1058 1438 1081 tamen
1471 1054 1531 1088 ejus
1556 1055 1670 1088 imperio
1694 1055 1854 1081 admovendi
1895 1076 1904 1084 .

1068 1099 1226 1134 neutiquam
1244 1099 1364 1133 probari.
1381 1099 1437 1126 Nisi
1453 1099 1532 1131 forte,
1556 1100 1652 1134 inquit,
1676 1100 1740 1127 wlis
1757 1106 1853 1134 sponte

1068 1144 1185 1179 imperio
1203 1144 1330 1172 universo
1347 1144 1442 1172 Cedere
1455 1145 1517 1172 huic
1535 1145 1638 1172 ltomitti
1662 1149 1773 1172 strt-nuo
1787 1153 1855 1178 gua-

1067 1197 1165 1224 voque.
1191 1197 1241 1224 pro
1263 1195 1360 1217 caetera
1387 1197 1436 1218 sua
1460 1190 1592 1217 industria
1608 1189 1805 1218 elfortitudiue
1827 1190 1854 1216 in

1069 1236 1130 1263 loco
1149 1236 1270 1263 secundo
1291 1243 1345 1263 non
1363 1236 1500 1271 quieturo.
1517 1236 1593 1269 Quod
1617 1237 1639 1264 si
1662 1237 1714 1263 hoc
1738 1244 1790 1262 non
1810 1235 1856 1261 dc-

1069 1281 1189 1314 crevisti,
1213 1286 1239 1308 et
1258 1281 1343 1309 vitare
1359 1282 1399 1310 vis
1413 1289 1447 1309 ne
1463 1282 1564 1310 invitus
1584 1283 1662 1317 102
1686 1282 1804 1316 alligaris
1822 1281 1855 1307 ad

232 1330 258 1357 id
274 1329 346 1364 quod
362 1329 468 1360 horres,
484 1328 623 1365 revocasis
647 1327 717 1354 male
732 1327 880 1354 formatum
896 1330 924 1354 et
937 1326 1019 1354 nimis
1036 1327 1222 1362 periculosum
1259 1329 1406 1356 consilium
1425 1329 1476 1356 viri
1507 1329 1570 1357 talis
1583 1329 1609 1356 in
1626 1329 1731 1364 imperii
1745 1335 1858 1355 consor-

233 1375 300 1402 tium
314 1374 482 1402 assumendi.
501 1373 548 1401 llis
573 1373 654 1400 dictis
676 1372 849 1400 vehementer
870 1374 1024 1401 conterruit
1043 1373 1248 1409 imperatorem,
1279 1375 1405 1410 pavidum
1433 1375 1534 1412 alioqui
1549 1380 1576 1403 et
1588 1383 1664 1403 suam
1676 1375 1771 1411 ipsius,
1786 1374 1859 1409 quod

232 1422 286 1450 dici
306 1422 385 1453 solet,
404 1421 529 1449 umbram
549 1420 646 1448 timere
659 1420 784 1448 solitum.

268 1473 303 1503 γ’.
325 1468 506 1504 ’Δφικομὲνου
527 1467 618 1494 τοίνυν
630 1467 676 1494 τοῦ
693 1467 838 1502 Βρυεννίου
853 1468 868 1495 ό
894 1468 1021 1502 βασιλεὺς

233 1514 343 1550 Μιχαὴλ
367 1513 413 1541 τὸν
438 1513 540 1540 σκοτὼν
567 1513 750 1548 μεταθέμενος
776 1513 901 1540 ἐϐούλετο
926 1513 1020 1541 τοῦτον

1111 1470 1137 1497 ὅ.
1156 1470 1224 1498 Cum
1250 1469 1332 1505 igitur
1354 1470 1508 1498 advenisset
1530 1470 1690 1506 Bryennius.
1711 1471 1858 1506 imperator

1075 1516 1198 1548 Michael,
1219 1520 1321 1543 nmtata
1332 1517 1414 1551 priori
1429 1516 1576 1548 voluntate,
1593 1516 1689 1543 ducem
1707 1517 1795 1551 ipsum
1811 1518 1858 1544 de-

232 1561 318 1588 δοῦκα
330 1560 381 1594 τῆς
400 1559 455 1586 τῶν
471 1559 634 1594 Βουλγάρων
647 1559 840 1592 ἀποδείξασθαι
861 1559 951 1594 πάσης
966 1559 1020 1595 χὼ-

1072 1562 1184 1590 claravit
1201 1562 1334 1588 universas
1359 1561 1538 1596 Bulgarorum
1561 1561 1690 1596 regionis,
1709 1567 1738 1589 ttt
1754 1570 1856 1597 pracva-

236 1616 286 1643 ρας
304 1607 376 1642 (58).
401 1606 472 1633 ὥστε
495 1605 529 1632 δι’
550 1605 634 1632 αὐτοῦ
653 1606 701 1632 καὶ
721 1606 752 1632 τὸ
768 1605 923 1632 Σϐλαὸίνων
945 1605 1021 1638 ἔθνος

235 1651 456 1687 κατικυριεῦσαν
490 1651 688 1686 ἁνασταλῆναι.
726 1651 782 1678 Καὶ
812 1651 845 1686 δὴ
877 1652 905 1677 ἐν
938 1651 1021 1678 Βουλ-

236 1699 322 1734 γαρίᾳ
344 1698 490 1733 γενόμενος
516 1697 545 1724 ἐν
561 1698 657 1733 βραχεῖ
677 1697 767 1733 καιρῷ
789 1698 818 1728 ἐς
841 1697 968 1725 τοσοῦτον
992 1697 1023 1724 τὸ

236 1745 393 1773 Σθλαϐίνων
406 1745 590 1772 ἐταπείνωσεν
613 1744 701 1776 ἔθνος,
718 1744 756 1776 ὡς
779 1744 832 1771 ὑπὸ
849 1744 930 1778 ζυγδν
955 1745 1023 1771 Ῥω-

237 1791 327 1826 μαίων
346 1790 424 1821 αὖθις
436 1790 516 1817 τοῦτο
531 1790 641 1824 ποιῆσαι
660 1790 708 1817 καὶ
723 1790 834 1825 ἀγαπᾷν
850 1790 897 1817 ὑπ’
917 1790 1022 1817 ἐκείνου

237 1837 292 1864 τῶν
307 1837 336 1863 ὲν
353 1836 508 1873 Βουλγαρια
521 1835 692 1872 πραγμάτων
707 1835 892 1869 κυριεύεσθαι.
905 1836 982 1862 Ἐπεὶ
995 1835 1024 1862 δὲ

237 1883 397 1919 Χωροϐάτοι
413 1883 460 1911 καὶ
478 1882 600 1914 Διοκλεῖς
617 1883 667 1918 τὴν
685 1882 818 1918 Ἰλλυρίδα
834 1882 928 1914 κακῶς
943 1882 1024 1909 διετί-

239 1929 313 1960 θουν.
333 1929 379 1956 καὶ
399 1929 429 1956 τὸ
442 1930 577 1964 Φρᾶγγων
591 1928 636 1964 [Ρ.
651 1928 698 1964 70]
712 1929 787 1960 ἔθνος
804 1928 1025 1964 κατακυριεῦσαν

222 1975 290 2010 ττῆς
325 1975 440 2006 Ἰταλίας
465 1976 514 2002 καὶ
540 1974 665 2006 Σικελίας
689 1973 764 2000 δεινὰ
784 1974 855 2002 κατὰ
881 1974 1026 2009 Ῥωμαίων

239 2021 386 2056 ἐμελέτων,
398 2020 557 2047 ἐϐουλεύετο
569 2019 664 2046 τοῦτον
676 2020 691 2046 δ
706 2020 818 2055 Μιχαὴλ
831 2021 863 2047 ἐκ
876 2020 926 2055 τῆς
947 2020 1027 2047 Βουλ-

240 2065 341 2101 γαρίας
356 2066 402 2091 ἐπὶ
418 2065 449 2091 τδ
465 2065 617 2100 Δυρράχιον
634 2064 816 2099 μεταϐαίνειν,
831 2065 845 2092 ὃ
861 2066 1026 2103 μητρόπολίς

241 2112 301 2138 ἐστι
329 2111 376 2137 τοῦ
410 2110 570 2146 Ἰλλυρικοῦ.
598 2111 686 2142 Εὐθὺς
714 2109 761 2138 οὖν
784 2111 934 2147 γράμματα
958 2113 1026 2148 προς

240 2157 345 2184 ἐκεῖνον
366 2157 504 2192 ἐπέμπετο
525 2157 557 2184 οὗ
580 2157 725 2185 κελεύοντα
741 2158 841 2192 μᾶλλον
866 2159 883 2194 ἢ
898 2158 1027 2191 ἀξιοῦντα

239 2203 290 2237 τὴν
304 2202 344 2234 εἰς
360 2203 391 2229 τὸ
412 2203 558 2238 Ἰλλυρικὸν
574 2204 737 2239 μεταὸἦναι.
759 2204 885 2239 ’Δφίκετο
904 2204 961 2237 οὖν,
978 2206 1026 2231 καὶ

239 2248 340 2279 πάντες
355 2248 479 2283 ἀσμένως
501 2248 582 2276 αὑτὸν
601 2249 762 2284 ὑπεδέχοντο
780 2250 805 2276 οι
828 2250 973 2285 ἐγχώριοι·
991 2247 1026 2286 ἦν

239 2294 296 2329 γὰρ
316 2295 330 2320 ό
347 2294 416 2329 ἀνὴρ
441 2293 621 2329 χαριέστατος
633 2294 682 2321 καὶ
697 2293 934 2329 ἐλευθεριώτατος.
953 2295 1026 2330 Βρα-

240 2340 291 2374 χὺν
303 2339 330 2365 δέ
344 2347 405 2366 τινα
416 2339 512 2375 χρόνον
527 2340 617 2366 ἐκεῖσε
631 2339 804 2375 ἐνδιατρίψας
820 2340 891 2367 ὥστε
911 2341 946 2368 τὰ
960 2341 1029 2376 πρὸς

241 2385 287 2411 τδν
310 2385 428 2420 πόλεμον
449 2384 607 2420 ὲξαρτῦσαι,
627 2385 792 2420 ἐστράτευσε
807 2386 878 2412 κατὰ
893 2385 1027 2413 Διοκλέων

243 2430 291 2456 καὶ
305 2430 485 2466 Χωροὸἀτων.
503 2431 548 2457 Ἐν
559 2430 744 2466 ὀχυρωτάτοις
760 2430 788 2457 δὲ
801 2430 903 2457 τούτων
916 2431 1027 2466 χωρίοις

245 2476 542 2512 στρατοπεδευομένων,
558 2476 608 2508 τὰς
619 2475 774 2512 δυσχωρίας
789 2475 870 2506 αὐτὸς
884 2475 1027 2512 καθαίρειν

1073 1608 1171 1636 lentem
1195 1608 1250 1635 illic
1279 1608 1453 1636 Slavinorum
1478 1612 1584 1643 gentem
1611 1609 1811 1644 comprimeret.
1830 1609 1859 1636 lu

1073 1662 1128 1689 quo
1151 1662 1204 1681 n'tn
1229 1661 1295 1682 sane
1319 1662 1383 1689 spes
1406 1653 1512 1681 fefellit.
1531 1653 1597 1682 Illuc
1616 1655 1687 1682 enim
1721 1655 1860 1690 profectus

1073 1699 1149 1728 brevi
1178 1704 1302 1734 tempore
1327 1700 1435 1727 anintos
1459 1700 1604 1727 audacium
1629 1699 1773 1727 Slavorum
1799 1700 1859 1728 belli

1073 1745 1249 1772 successibus
1266 1744 1373 1779 dejecit,
1389 1749 1416 1771 ut
1434 1744 1498 1779 iugo
1515 1743 1645 1772 Romana:
1659 1746 1784 1780 potentia:
1798 1754 1861 1773 rur-

1074 1797 1122 1818 sus
1136 1790 1204 1818 colla
1221 1790 1411 1818 submitterent
1421 1796 1448 1817 et
1465 1790 1544 1818 facile
1559 1795 1717 1825 paterentur
1737 1791 1782 1818 tali
1798 1791 1863 1817 Bul-

1074 1837 1156 1871 garia:
1172 1837 1233 1864 duci
1250 1837 1364 1871 obscqtti
1384 1844 1417 1863 ac
1431 1837 1533 1864 servire
1549 1844 1618 1864 sese.
1641 1836 1774 1869 Quoniam
1798 1845 1861 1863 νει-ιι

1075 1882 1225 1910 Chorobati
1245 1886 1272 1910 et
1291 1882 1447 1910 Dioclenscs
1463 1881 1597 1917 Illyricum
1623 1882 1798 1910 incursabant
1810 1902 1817 1914 ,
1834 1887 1861 1909 et

1076 1935 1141 1963 gens
1156 1928 1331 1961 Francorum,
1349 1928 1420 1955 Italia
1437 1927 1582 1962 Siciliaque
1597 1928 1736 1962 orcupalis
1746 1947 1754 1960 ,
1769 1929 1863 1962 gravia

1076 1973 1103 2000 in
1119 1972 1258 2001 Romanos
1272 1974 1466 2007 meditabatur,
1483 1974 1588 2008 putavit
1603 1981 1618 2002 ο
1634 1981 1662 2002 re
1676 1973 1734 2001 fore
1747 1973 1868 2002 Michael

1076 2019 1215 2053 Augustus
1243 2020 1266 2047 si
1292 2019 1457 2055 Bryennium
1481 2027 1496 2047 e
1525 2019 1652 2054 Bulgaria
1682 2020 1860 2055 Dyrrachium

1077 2064 1246 2097 transferret,
1258 2073 1319 2100 qua:
1334 2065 1399 2093 urbs
1414 2069 1456 2093 est
1468 2065 1628 2100 metropolis
1640 2065 1747 2101 Illyrici.
1763 2065 1866 2093 Statim.

1076 2117 1141 2146 ergo
1160 2111 1192 2138 ad
1209 2119 1272 2139 eum
1289 2111 1383 2139 littera:
1399 2111 1544 2139 mittuntur
1559 2119 1612 2139 non
1636 2111 1760 2146 iubentes
1775 2112 1862 2147 magis

1076 2164 1158 2192 quam
1176 2161 1303 2191 togames
1317 2161 1346 2184 ιιι
1363 2158 1389 2184 in
1401 2156 1536 2193 lllyricunt
1549 2157 1689 2185 transiret.
1706 2156 1755 2184 lvit
1769 2157 1861 2193 igitur.

1077 2207 1105 2230 et
1117 2203 1205 2230 cuncti
1222 2210 1284 2230 eum
1305 2203 1420 2231 libenter
1439 2203 1574 2238 indigenze
1598 2209 1789 2238 susceperunt,
1805 2209 1864 2231 erat

1079 2249 1151 2276 enim
1173 2250 1255 2276 homo
1269 2249 1484 2284 gratiosissimus
1503 2254 1530 2277 et
1545 2249 1763 2278 liberalissimus.
1781 2249 1862 2276 Sum-

1079 2299 1125 2330 pto
1143 2301 1231 2322 autem
1247 2295 1284 2322 ibi
1299 2296 1391 2331 aliqtto
1406 2304 1462 2323 non
1474 2304 1572 2331 magno
1584 2297 1713 2333 temporis
1729 2296 1816 2331 spatio
1828 2296 1862 2322 ad

1077 2342 1278 2376 expeditionem
1289 2343 1499 2377 comparandam
1513 2342 1590 2369 duxit
1602 2342 1751 2369 exercitum
1766 2345 1862 2367 contra

1077 2385 1235 2415 Diocleuscs
1249 2392 1276 2415 et
1298 2387 1480 2415 Chorohatos.
1495 2387 1563 2414 Cum
1585 2391 1676 2414 autem
1693 2386 1730 2412 illi
1750 2385 1776 2412 in
1792 2393 1870 2428 prata

1078 2432 1165 2467 rttptis
1182 2439 1207 2459 ct
1223 2440 1334 2461 accessu
1348 2433 1502 2460 dillicilibus
1515 2436 1604 2459 castra
1619 2431 1769 2458 tuuttisscnt
1783 2430 1861 2460 lor~i<.

1076 2476 1147 2504 hanc
1163 2477 1321 2511 expediendi
1341 2477 1418 2512 103
1434 2476 1621 2511 purgandiqttc
1635 2475 1707 2504 uuod
1720 2474 1753 2502 ad
1770 2474 1862 2502 hostes

759 2543 861 2575 Caroli
879 2545 928 2576 Du
946 2545 1066 2576 Fresne
1083 2545 1130 2576 Du
1145 2546 1249 2585 (lange
1265 2549 1358 2576 notat.

280 2607 337 2641 (57)
363 2607 485 2641 Μιχαὴλ
500 2609 738 2643 Κηρουλλὰριος.
764 2607 816 2641 Qui
842 2609 1026 2643 patriarchatn

244 2643 301 2677 egit
315 2647 374 2677 post
388 2643 521 2674 Alexium,
535 2644 731 2677 imperantibus
741 2643 930 2677 lllonomaclto,
940 2644 1029 2671 Theo-

244 2676 323 2709 dora,
336 2676 494 2713 Stratiotico
508 2681 535 2704 et
550 2676 652 2705 lsaacio
665 2679 816 2710 (lomncno,
832 2679 864 2706 de
877 2676 930 2713 quo
942 2679 1027 2706 multa

204 2741 208 2752 λ
245 2712 392 2752 c_a_rdinalis
408 2712 580 2752 garoniusjn
596 2714 694 2752 fluitat.
710 2713 773 2740 eccl.
792 2718 825 2752 et
842 2712 894 2741 Leo
909 2714 1025 2752 dilatius

239 2747 358 2774 Φείδων.
377 2755 394 2774 ιι
409 2747 447 2774 Dc
460 2747 522 2774 libr.
539 2746 718 2781 Eccl.(.'razc.,
738 2753 765 2775 et
791 2748 836 2775 lib.
858 2756 877 2775 tt
903 2749 939 2776 De
953 2749 1026 2777 Eccl.

245 2781 334 2810 Occ’d.
351 2786 374 2808 et
392 2782 493 2809 Ot'ient.
509 2790 625 2810 consents.
645 2790 668 2810 c.
685 2783 711 2810 9.

283 2817 337 2849 (38)
352 2817 449 2853 ᾼοῦκα
469 2816 524 2850 τῆς
542 2817 704 2850 Βουλάρων·
727 2818 834 2853 χώρας.
857 2819 993 2846 chcllata
1013 2828 1028 2847 a

248 2850 347 2886 Basilio
357 2852 530 2886 imperatore,
548 2856 574 2878 et
586 2853 612 2878 in
629 2850 776 2885 provincia}.
788 2850 902 2881 formam
919 2855 1026 2881 redacta

246 2885 372 2919 Bulgaria
394 2885 408 2914 ἐι
429 2887 562 2916 praefectis
585 2887 682 2919 ducum
709 2888 784 2916 titulo
799 2895 824 2917 et
841 2890 969 2921 tl'gtltlttle
986 2890 1027 2917 in-

1081 2612 1192 2638 structis
1210 2611 1293 2644 empit.
1310 2609 1506 2636 administrari.
1526 2609 1581 2636 llos
1595 2610 1665 2636 inter
1680 2606 1866 2644 Nicephorum’

1081 2643 1265 2672 Curetttrntttn
1291 2648 1318 2670 ct
1340 2645 1499 2672 Damianum
1524 2645 1710 2676 lialassenum,
1731 2643 1864 2670 Micltacle

1083 2680 1155 2708 Duea
1193 2681 1362 2714 imperante.
1394 2683 1528 2706 memorat
1563 2679 1704 2714 Scylitzes.
1741 2678 1867 2714 Ni‘cham‘

1081 2716 1176 2742 eodem
1199 2712 1564 2751 pt-i‘functttmrmagistratu,
1582 2712 1643 2740 cum
1667 2714 1751 2740 neslri
1767 2712 1867 2751 llicrovg

1082 2750 1272 2785 solymitanam
1289 2749 1487 2785 expeditionem
1509 2749 1627 2785 priurum
1650 2748 1868 2785 snttLaggrcssi.‘

1083 2782 1216 2812 testantur
1249 2782 1376 2811 Allterlus
1410 2783 1483 2817 Aq.,
1518 2783 1670 2810 thlelutus
1707 2782 1806 2818 Tyrius
1837 2786 1864 2808 et

1081 2819 1267 2846 Thwroczius.
1279 2819 1379 2846 Nic.-ta:
1390 2826 1573 2845 successorem
1590 2818 1666 2845 (illus
1676 2819 1768 2846 nescio
1781 2825 1864 2853 quem

1083 2857 1200 2883 nominat
1219 2855 1287 2882 idem
1304 2854 1428 2882 Albertus
1443 2854 1460 2880 Ι.
1478 2861 1534 2886 vttt,
1547 2862 1570 2880 ς.
1588 2854 1631 2881 5i.
1700 2858 1702 2860 '
