2123 3154
293 216 345 251 ibi

893 210 1103 244 NICEPHORI
1122 210 1309 242 BRYENNII

1875 209 1932 242 152

295 275 504 310 primogenitaut
522 274 705 303 communium
720 273 836 302 ﬁliarum
856 279 911 300 non
937 272 975 299 illi
991 271 1079 298 solum
1095 280 1104 299 Α

1136 268 1162 295 δὲ
1173 269 1232 295 ταῖν
1249 267 1342 294 ἄλλων
1368 267 1535 304 ἐφρόντιζον,
1553 267 1600 295 καὶ
1617 267 1718 303 μᾶλλον
1735 267 1783 303 τῆς
1805 269 1855 304 ήδη
1873 270 1930 303 ρη-

297 321 344 348 uni
361 319 465 355 puellm,
478 321 523 347 scd
535 319 664 347 fratribus
676 323 805 354 praeterea
814 318 874 353 ejus
885 316 1082 350 sororibusque

297 367 482 394 consulerent.
500 365 566 393 'l'res
579 373 660 400 porro
674 365 743 392 tilias
759 368 950 399 susceperant,
964 370 1082 398 quarum

300 411 437 438 minimam
457 415 519 444 patu
534 409 706 436 Theodoram
724 409 758 436 ab
775 409 832 444 ipsa
853 408 941 443 prima
969 406 1084 434 infantia

300 457 354 483 Duo
365 460 498 483 sacratam
510 455 689 488 virginalibus
698 455 799 490 nuptiis
812 454 988 481 immaculato
998 454 1086 488 Spon-

299 511 328 528 so
354 502 561 535 coniunxerant.
588 500 625 528 De
649 502 712 529 aliis
738 501 848 528 duabus
869 500 947 535 107
977 499 1085 527 solliciti

297 552 384 580 erant,
411 547 528 574 maxime
548 552 640 575 autem
669 549 703 575 de
727 547 809 574 modo
826 552 976 574 memorata
1001 546 1085 573 lrenc.

296 592 362 619 Erat
373 592 446 619 enim
460 593 665 620 adolescentula
683 593 780 627 gratiis
794 592 919 624 afﬂuens,
940 591 1026 618 forma
1041 599 1089 626 pa-

296 638 363 665 riter
389 639 515 674 corporis
543 645 570 666 et
595 638 742 674 splendore
770 646 877 665 morum
908 637 1025 673 fulgens.
1054 637 1089 664 Ut

297 689 389 712 autem
418 685 501 720 hujus
525 685 647 720 conjugii
677 685 842 712 mentionem
873 689 958 711 tnatcr
987 685 1088 716 intulit,

298 735 501 758 concurrerunt
523 732 646 758 certatim
670 731 697 757 in
719 738 750 758 ea
775 730 974 764 comprobanda
999 729 1090 756 Caesar

301 781 328 804 et
348 776 577 812 protovestiarius
592 778 661 812 ipse,
674 777 804 813 inclytus,
816 777 937 811 inquam,
953 774 1090 802 Androni-

303 831 370 856 cus;
385 823 431 858 qui
451 823 562 858 quidem
582 830 614 850 ea
639 823 825 858 propositione
843 826 948 850 tantum
977 825 1019 848 est
1044 828 1091 853 ga-

305 870 381 898 visus
401 874 430 897 ut
447 877 516 905 pene
541 870 629 897 morbi
654 870 870 897 oblivisceretur.
896 869 987 902 Quare
1003 867 1092 895 venti-

305 919 407 942 tautcm
435 915 468 942 ad
495 922 524 942 se
548 914 628 942 cilicii
656 923 738 942 causa
766 914 935 942 Comnenutn
966 913 1091 941 Alexium

305 968 368 988 eum
386 961 512 996 privatim
528 962 889 996 aggressusinlerrogasset.
906 959 1002 995 ecquid
1014 959 1094 987 vellet

307 1015 420 1034 uxorem
452 1007 551 1034 ducere
576 1007 649 1043 (nam
673 1007 756 1042 paulo
781 1011 842 1034 ante
861 1007 950 1034 vivere
976 1005 1094 1033 desierat

292 1047 387 1087 quam
404 1053 427 1081 is
441 1053 491 1080 sibi
507 1060 593 1087 nuper
613 1052 795 1087 desponderat
817 1052 872 1079 ﬁlia
897 1052 993 1087 Argyri
1021 1051 1095 1077 illius

305 1098 357 1126 viri
381 1099 482 1127 nobilis
510 1104 537 1127 et
564 1099 679 1134 pecunia
706 1098 980 1133 possessionibusque
1005 1096 1094 1124 omnis

304 1146 412 1181 generis
426 1145 624 1180 abundantis);
643 1151 671 1172 ut
686 1150 776 1172 autem
799 1144 994 1172 assentientem
1019 1143 1096 1170 inve-

305 1192 356 1223 nit.
385 1192 530 1228 cogitatam
558 1191 715 1219 affinitatem
740 1191 858 1226 aperuit.
883 1189 933 1218 llic
963 1189 1008 1216 ille
1037 1196 1096 1215 om—

308 1239 383 1266 nium
397 1237 626 1273 prudentissimus
640 1237 749 1272 juvenis
775 1244 830 1264 rem
846 1235 955 1271 quidem
973 1235 1097 1270 probavit

309 1289 336 1311 et
350 1284 536 1318 propositione
549 1283 699 1310 delectatus
714 1287 768 1313 est,
783 1281 947 1315 signiﬁcavit
961 1285 1051 1307 tamen
1069 1287 1098 1306 se

311 1329 429 1364 pendere
456 1329 483 1355 in
507 1328 560 1356 hoc
580 1336 615 1355 ex
639 1328 780 1354 voluntate
805 1327 912 1354 matris.
941 1325 1037 1359 Magna
1054 1325 1099 1352 hic

311 1373 457 1408 occupatio
469 1372 540 1400 facta
559 1377 600 1400 est
616 1372 752 1400 universa:
765 1371 882 1400 Caesaris
906 1371 1010 1402 domui,
1040 1370 1100 1405 pul-

311 1418 447 1449 cherrima
461 1418 607 1445 Androuiei
622 1418 739 1453 coajuge
753 1417 901 1445 familiares
917 1423 1013 1444 omnes
1023 1415 1100 1442 adhi-

310 1464 402 1492 bente
415 1468 583 1500 urgenteque
600 1467 631 1491 ut
650 1471 700 1498 pro
719 1471 748 1491 se
773 1463 890 1499 quisque
905 1462 1102 1490 contenderent

306 1503 338 1539 'in
363 1510 531 1546 expediendo
556 1510 666 1545 negotio
683 1517 736 1537 non
757 1509 872 1537 modicis
898 1507 1102 1536 ditl‘tcultatibus

310 1557 452 1592 impedito.
466 1555 536 1583 Nam
555 1563 643 1591 neque
660 1555 817 1590 imperatori
830 1555 955 1589 placebat
968 1555 992 1582 ei
1008 1555 1100 1590 generi

311 1603 442 1638 conjungi
461 1602 576 1638 nuptiali
597 1603 799 1630 necessitudine
812 1602 995 1635 Comnenum,
1015 1609 1102 1637 neque

313 1650 343 1676 in
358 1649 410 1676 hoc
431 1649 618 1684 propendebat
632 1649 720 1684 ipsius
733 1649 865 1676 Comneni
893 1653 979 1676 mater
992 1649 1104 1684 antiqua

315 1695 466 1723 offensione
477 1703 492 1722 a
508 1694 615 1723 Caesare
629 1703 662 1723 ae
677 1695 779 1723 familia
802 1695 918 1724 Caesaris
939 1695 1018 1723 abho:
1028 1703 1102 1723 rens.

314 1739 451 1768 Praeterea
473 1740 559 1768 frater
573 1740 747 1776 imperatoris
766 1741 1018 1778 Perphyrogenitus
1030 1741 1104 1769 Con-

315 1788 453 1815 stantinus
466 1787 643 1816 vehementer
667 1795 764 1815 amans
790 1795 954 1823 generosum
978 1787 1103 1816 Aletium

314 1841 369 1861 non
386 1833 559 1868 permittebat
573 1833 624 1868 ipsi
639 1838 668 1861 ut
681 1833 709 1861 in
729 1834 838 1869 nuptias
861 1841 923 1861 cum
949 1833 1041 1861 fratris
1062 1833 1105 1861 sui

275 1885 280 1889 λ
314 1880 432 1907 Caesaris
456 1884 536 1915 nepte
558 1880 747 1908 consentiret:
765 1885 824 1907 erat
848 1880 921 1907 enim
949 1880 999 1915 ipsi
1025 1887 1105 1907 soror

313 1932 380 1954 natu
399 1926 529 1960 grandior
542 1925 597 1954 Zoe
619 1926 739 1959 nomine,
767 1934 850 1962 quam
874 1926 971 1955 Alexio
997 1926 1105 1953 volebat

312 1980 426 2000 uxorem
440 1972 516 2000 dare.
543 1971 595 2000 Tot
611 1973 762 2001 obstaculis
776 1973 928 2001 destinatas
943 1973 1031 2000 Alcxii
1042 1981 1105 2000 cum

313 2018 393 2045 {rene
415 2018 524 2053 nuptias
541 2018 621 2053 108
638 2019 810 2046 morantibus
828 2026 882 2046 non
906 2019 1013 2046 remisit
1040 2026 1108 2046 con-

314 2064 465 2091 tentionem
480 2064 694 2100 prudentissima
713 2065 813 2093 mulier
828 2064 920 2093 lrenes
935 2070 1032 2097 mater,
1057 2072 1108 2092 nec

317 2109 391 2136 dedit
407 2116 533 2137 somnum
548 2110 646 2143 oculis,
658 2117 710 2138 nec
723 2110 946 2139 dormitationem
959 2111 1107 2146 palpebris,

317 2163 369 2183 nec
385 2156 503 2192 denique
520 2156 645 2191 pecuniis
669 2157 790 2192 pepercit
807 2157 898 2192 quoad
922 2157 1110 2192 pulcherrimo

316 2202 447 2235 juvenum
460 2203 676 2238 pulcherrimam
689 2203 828 2238 virginum
845 2203 992 2238 copulavit,
1010 2203 1110 2231 Alexio

318 2248 435 2277 lrenem.
460 2249 501 2277 Ac
522 2255 597 2286 pater
619 2250 731 2286 quidem
751 2250 864 2285 virginis
885 2254 948 2285 pest
973 2250 1110 2278 celebrata

1135 315 1228 356 ϐείσης
1240 317 1359 350 Εἰρήνης
1370 323 1376 330 ·
1393 316 1441 342 καὶ
1455 316 1509 351 γὰρ
1523 313 1557 351 ἦν
1570 316 1692 351 χαρίτων
1713 317 1731 352 ἡ
1748 317 1838 348 νεᾶνις
1856 317 1931 343 ἀνά-

1135 361 1235 393 πλεως,
1255 361 1314 397 ὥρᾳ
1341 369 1370 387 τε
1402 361 1530 396 σώματος
1556 361 1750 396 διαλάμπουσα
1775 362 1822 389 καί
1850 362 1933 395 ὴῡῶν

1135 407 1272 440 ἁγλαῖαις.
1304 407 1347 438 Ὡς
1373 406 1439 440 γοῦν
1460 407 1593 442 ήταύτης
1619 407 1712 442 μήτηρ
1736 407 1786 442 τήν
1811 407 1932 442 γνώμην

1137 453 1306 487 εἰσήνεγκεν,
1325 453 1339 479 ὃ
1355 461 1384 479 τε
1400 454 1509 488 Καισαρ
1525 453 1620 488 ἐπῄνει
1635 453 1706 480 καὶό
1721 453 1933 488 πρωτοϐεστιά-

1139 508 1205 535 ριος,
1221 500 1234 526 ὁ
1245 499 1358 531 κλεινὸς,
1371 500 1454 534 φημῖ,
1476 499 1738 534 Ἀνδρόνικος,ήσϐη
1753 499 1800 526 καὶ
1814 500 1932 534 μονονοὺ

1138 547 1245 581 καὶτῆς
1261 546 1338 573 νόσου
1360 545 1568 573 ἐπελανθάνετο.
1594 547 1649 572 Καὶ
1670 546 1836 581 φοιτήσαντα
1861 555 1934 572 ποτε

1139 593 1208 628 πρὸς
1221 592 1302 619 αὑτὸν
1316 593 1361 619 τὸν
1388 592 1531 628 Κομνηνὸν
1555 592 1674 624 ’Λλέξιον
1691 592 1746 628 ἰδία
1758 591 1935 626 παραλαδὼν

1139 639 1305 667 ἐπυνθάνετο
1335 641 1358 666 εἰ
1391 639 1512 673 βούλοιτο
1534 638 1645 671 γυναικὶ
1669 638 1861 672 συναφοήναι·
1879 638 1936 664 καὶ

1139 687 1194 721 γὰρ
1210 686 1279 721 ἔῳοη
1291 685 1442 712 ἀποϐιοῦσα
1466 686 1483 720 ἡ
1501 684 1598 720 πρώην
1613 684 1699 719 τούτῳ
1711 684 1937 720 συναρμοσθείσα

1141 732 1264 767 θυγάτηρ
1279 731 1326 758 τοῦ
1345 731 1480 766 Ἀργυροῦ
1502 730 1556 766 (Η)
1572 730 1676 757 ἐκείνου
1691 729 1788 765 ἀνδρὸς
1801 730 1937 764 εὐγενοῦς

1142 779 1188 804 καὶ
1203 778 1310 812 πλούτῳ
1323 778 1462 813 κομῶντος
1473 777 1521 804 καὶ
1529 777 1651 812 κτήσεως
1663 777 1704 803 ὅτι
1713 776 1842 810 πλείστης
1854 776 1937 807 ὄντος

1141 823 1284 850 δεσπότου.
1313 823 1358 855 Ὦς
1381 823 1410 850 δὲ
1427 823 1619 857 συντιθέμενον
1635 821 1731 849 τοῦτον
1743 818 1834 856 εὗρεν,
1850 822 1938 853 εὐθὺς

1143 869 1266 903 περὶτοῦ
1284 869 1382 904 κήδους
1398 868 1580 903 ἀπήγγελλεν.
1603 868 1632 895 '0
1641 868 1670 895 δὲ
1695 868 1879 900 ξυνετὼτατος
1893 868 1938 894 ὧν

1144 914 1224 950 εἴπερ
1245 923 1287 945 τις
1303 914 1381 946 ἄλλος
1395 914 1450 940 τῶν
1470 914 1539 941 νέων
1555 914 1626 949 ἥσθη
1647 914 1696 948 μὲν
1712 914 1752 949 τῷ
1766 913 1938 948 ἀκούσματι,

1109 948 1130 976 Β
1145 948 1250 995 ἀνήρτα
1262 960 1285 986 δ’
1299 960 1374 995 ὅμως
1406 960 1440 987 τὰ
1462 960 1528 995 περὶ
1551 948 1648 986 τούτου
1670 959 1709 994 τῷ
1728 948 1862 993 θελήματι
1883 959 1940 993 τῆς

1147 1006 1260 1042 μητρός.
1283 1007 1328 1032 Ἐν
1347 1006 1452 1040 ἀγῶσιν
1476 1004 1523 1033 οὖν
1547 1005 1628 1037 εὐθὺς
1653 1006 1727 1037 ἄπας
1753 1007 1767 1032 ό
1791 1002 1865 1037 οἶκος
1886 1004 1940 1031 τοῦ

1146 1053 1296 1086 Καίσαρος,
1307 1053 1357 1086 τῆς
1372 1052 1519 1087 καλλίστης
1538 1051 1632 1078 πασῶν
1647 1051 1786 1086 γυναικῶν
1799 1051 1941 1087 διεγειρά-

1147 1108 1197 1135 σης
1225 1099 1268 1135 [Ρ.
1287 1099 1332 1135 73]
1356 1099 1430 1126 ἅπαν
1456 1099 1487 1125 τὺ
1516 1098 1718 1134 Θεραπεντικὸν
1743 1099 1791 1124 καὶ
1813 1098 1941 1125 οίκίδιον.

1147 1145 1217 1172 οὔτε
1237 1146 1291 1181 γὰρ
1305 1145 1344 1181 τῷ
1370 1145 1478 1180 βασιλεῖ
1508 1145 1647 1181 πρόθυμον
1674 1143 1708 1180 ἦν
1730 1144 1759 1171 τὸ
1775 1144 1820 1170 διὰ
1839 1144 1943 1178 κήδους

1149 1191 1318 1225 συναφθῆναι
1337 1191 1375 1226 τῷ
1400 1191 1495 1218 τούτου
1521 1191 1597 1225 γένει
1610 1192 1656 1217 τὸν
1681 1189 1834 1225 Κομνηνὺν,
1850 1189 1906 1215 οὔθ’
1922 1190 1943 1223 ὴ

1151 1238 1244 1272 μήτηρ
1265 1237 1361 1274 τορτου
1388 1237 1528 1273 πρόθυμος
1559 1234 1593 1271 ἦν
1622 1236 1740 1272 ἀρχαίαν
1765 1235 1864 1270 ἔχουσα
1889 1235 1944 1269 τὴν

1149 1281 1311 1316 δυσμένειαν
1322 1282 1388 1317 πρὸς
1402 1282 1531 1318 Καίσαρά
1544 1291 1573 1308 τε
1583 1282 1629 1308 καὶ
1644 1281 1693 1317 τὴν
1707 1281 1795 1307 οἰκίαν
1808 1281 1856 1306 τοῦ
1872 1281 1945 1308 Καί-

1152 1336 1245 1363 σαρος,
1265 1328 1279 1354 ὁ
1297 1337 1327 1354 τε
1345 1327 1397 1362 μὴν
1411 1327 1458 1354 τοῦ
1471 1327 1635 1364 κρατοῦντος
1653 1327 1818 1361 αὑτάδελφος
1836 1327 1851 1352 ὁ
1866 1327 1946 1361 Πορο

1152 1374 1352 1408 φυρογέννητος
1374 1374 1577 1406 Κωνσταντῖνος
1589 1374 1691 1409 σφόδρα
1712 1373 1798 1408 φιλῶν
1818 1372 1863 1399 τὸν
1879 1380 1948 1406 γεν-

1153 1421 1227 1446 ναῖον
1244 1419 1362 1452 Ἀλέξιον
1379 1419 1409 1446 οὐ
1422 1419 1570 1455 συνεχώρει
1583 1419 1669 1453 τούτῳ
1686 1420 1732 1446 τὸν
1748 1419 1837 1454 γάμον
1851 1418 1947 1445 ἀσπά-

1154 1466 1253 1492 σασθαι
1268 1466 1314 1492 τὸν
1329 1467 1377 1501 τῆς
1391 1466 1496 1492 ἐκείνου
1512 1466 1622 1500 ἀνεψιᾶς
1634 1474 1639 1481 ·
1651 1463 1684 1501 ἦν
1693 1465 1746 1501 γὰρ
1755 1465 1830 1500 αὐτῷ
1841 1464 1948 1499 ἀδελφὴ

1154 1511 1340 1547 πρεσϐυτέρα,
1358 1512 1420 1546 Ζωὴ
1434 1511 1465 1538 τὸ
1486 1511 1581 1547 ὄνομα,
1598 1511 1631 1547 ἢν
1654 1511 1782 1538 ὲῦοὐλετο
1792 1511 1878 1545 τούτῳ
1896 1519 1947 1536 σν-

1155 1557 1259 1590 ζεῦξαι.
1276 1557 1420 1584 Τοσούτων
1448 1557 1538 1584 τοίνυν
1551 1557 1636 1585 ὄντων
1666 1558 1720 1584 τῶν
1735 1557 1871 1592 ὲμποδίων
1893 1557 1948 1585 οὐκ

1116 1614 1138 1645 C
1155 1605 1256 1641 ἀνῆκεν
1267 1606 1284 1641 ὴ
1305 1605 1478 1642 συνετωτάτη
1502 1605 1598 1632 πασῶν
1611 1605 1761 1639 γυναικῶν,
1776 1604 1831 1631 οὐδ’
1844 1604 1947 1630 ἔδωκεν

1156 1651 1241 1679 ὕπνον
1256 1653 1312 1684 τοῖς
1327 1651 1477 1686 ὀφθαλμοῖς
1487 1651 1547 1678 οὐδὲ
1555 1651 1711 1686 νυσταγμδν
1720 1651 1776 1682 τοῖς
1786 1650 1947 1686 βλεφάροις,

1155 1699 1216 1726 οὐδὲ
1234 1699 1384 1734 χρημάτων
1410 1698 1541 1732 ἐφείσατο
1558 1697 1613 1724 ἔστ’
1632 1698 1665 1724 ἂν
1689 1697 1728 1732 τῷ
1744 1697 1880 1731 καλλίστῳ
1891 1695 1948 1722 τῶν

1156 1745 1271 1772 νεανιῶν
1297 1745 1346 1780 τὴν
1372 1744 1520 1779 καλλίστην
1540 1743 1754 1780 ἐμνηστεύσατο.
1778 1743 1807 1769 ὐ
1828 1742 1878 1778 μὶν
1900 1741 1949 1769 οὖν

1158 1791 1250 1826 πατὴρ
1266 1790 1336 1825 μετὰ
1350 1790 1400 1825 τὴν
1413 1790 1562 1825 μνηστείαν
1585 1789 1688 1825 βραχύν
1703 1798 1763 1816 τινα
1778 1789 1874 1824 χρόνον
1885 1789 1951 1814 ἑπι-

1158 1837 1234 1869 6ιοὺς
1253 1836 1380 1863 ἐτελεύτα
1395 1836 1439 1861 ἐπ’
1450 1836 1567 1870 ἀγαθαῖς
1582 1837 1641 1868 ταῖς
1653 1835 1743 1863 ἐλπίσι
1751 1835 1801 1870 τὴν
1816 1834 1950 1869 φιλτάτην

1160 1885 1244 1912 παῖδα
1260 1883 1429 1910 καταλιπών.
1451 1883 1520 1909 Ἀλλ’
1537 1881 1614 1915 astitit;
1627 1884 1708 1918 νικᾷν
1729 1882 1839 1908 ἐδόκουν
1857 1882 1880 1908 οί
1898 1889 1950 1907 πο-

1159 1929 1249 1964 νηροὶ,
1271 1930 1319 1955 καὶ
1342 1929 1356 1956 ὸ
1380 1928 1467 1964 γάμος
1489 1927 1519 1954 εὗ
1546 1927 1718 1963 παρετίθετο,
1748 1927 1803 1953 τῶν
1829 1925 1952 1960 ἀρχῆῦεν

1159 1975 1254 2003 κακῶν
1272 1975 1510 2010 ὲπεισερχομένων
1523 1975 1574 2009 τήν
1587 1973 1634 2000 τοῦ
1645 1973 1776 2008 βασιλέως
1788 1971 1930 2006 ἁπλότητα
1940 1979 1949 1986 ’

1158 2021 1230 2048 οὕτω
1241 2021 1296 2057 γὰρ
1312 2021 1369 2055 ἐγὼ
1395 2019 1471 2047 καλῶ
1490 2019 1541 2054 τὴν
1562 2019 1668 2045 ἐκείνου
1692 2017 1859 2051 κουφότητα.
1878 2014 1950 2040 Ἀλλ’

1162 2068 1311 2104 ὑπερενίκα
1324 2068 1406 2095 πάλιν
1425 2067 1459 2093 τὰ
1483 2066 1534 2101 τῆς
1551 2065 1693 2100 Προνοίας,
1707 2063 1755 2090 καὶ
1775 2063 1810 2090 τὰ
1823 2061 1869 2089 τοῦ
1885 2060 1951 2095 φθό-

1161 2123 1208 2141 νου
1223 2114 1260 2146 ὡς
1281 2113 1385 2149 σμῆνος
1409 2113 1441 2139 ὲκ
1457 2112 1562 2139 καπνοῦ
1591 2110 1729 2145 ὑπεχώρει
1747 2109 1795 2135 καὶ
1817 2107 1950 2137 διελύετο,

1162 2159 1209 2186 καὶ
1223 2159 1247 2186 ot
1263 2158 1354 2190 καλῶς
1380 2157 1592 2193 μνηστευθέντες
1607 2157 1666 2192 μετ’
1679 2155 1709 2182 οὺ
1726 2154 1793 2181 πολὺ
1820 2153 1870 2180 καὶ
1882 2161 1953 2187 voti.—

1162 2205 1218 2240 φίοι
1231 2204 1432 2239 ἀπεδείχθησαν
1446 2203 1593 2230 κάλλιστοι.
1606 2202 1657 2228 Τὸν
1677 2201 1705 2228 δὲ
1717 2201 1818 2236 τρόπον
1833 2198 1953 2234 ἐροῦμεν

1162 2252 1210 2279 ἐπὶ
1230 2251 1280 2287 τὴν
1304 2251 1424 2286 ἀρχῆθεν
1463 2249 1626 2278 ἀκολουθίαν
1663 2247 1867 2282 ἀναδραμόντες
1902 2244 1951 2271 τοῦ

317 2295 457 2331 sponsalia
473 2297 548 2324 brevi
570 2301 714 2332 superstes
733 2297 823 2332 spatio
842 2297 961 2325 decessit
978 2297 1006 2324 in
1030 2298 1109 2326 bouis
1121 2293 1149 2323 D
1162 2299 1254 2333 λόγου.

317 2343 420 2379 spebus
434 2343 628 2371 charissimam
644 2342 727 2369 ﬁliam
745 2342 915 2377 relinquens.
944 2341 997 2370 Sed
1028 2351 1126 2371 rursus
1163 2345 1273 2372 vincere
1298 2343 1461 2371 videbantur
1487 2343 1569 2370 mali:
1584 2346 1611 2370 et
1639 2348 1791 2369 consensus
1816 2341 1844 2368 in
1871 2339 1954 2366 hasce

317 2391 427 2427 nuptias
455 2394 530 2418 recta
557 2390 751 2422 recusabatur,
777 2390 868 2424 pravis
894 2389 1051 2419 hominibus
1078 2396 1109 2418 ut
1141 2391 1244 2420 dudum
1274 2391 1397 2420 solebant
1417 2390 1592 2426 imperatoris
1626 2388 1795 2424 simplicitati
1820 2387 1909 2414 denuo
1926 2387 1953 2414 in

318 2448 401 2467 suum
417 2444 552 2475 quaestum
578 2437 787 2473 obrepentibus.
817 2435 1028 2472 Simplicitatem
1059 2445 1126 2466 voco
1140 2446 1201 2474 qua:
1227 2439 1325 2466 levitas
1345 2438 1416 2466 forte
1435 2438 1535 2466 melius
1566 2437 1716 2465 diceretur.
1741 2435 1841 2462 Verum
1859 2435 1892 2462 ad
1906 2442 1954 2461 ex-

320 2492 439 2513 tremum
469 2484 612 2520 superavit
636 2483 819 2519 providentia,
846 2488 872 2511 et
894 2491 989 2512 omnes
1013 2484 1052 2512 illi
1075 2489 1109 2512 ab
1127 2485 1229 2514 invidia
1252 2487 1348 2514 structi
1376 2491 1525 2522 apparatus
1541 2486 1582 2513 sic
1612 2488 1796 2516 evanuerunt,
1821 2487 1850 2509 ut
1866 2481 1955 2508 solent

321 2534 432 2560 admoto
445 2532 521 2559 fumo
531 2539 595 2567 apes
610 2531 716 2566 fugere.
733 2531 763 2558 Ei
779 2531 826 2566 qui
841 2531 978 2567 sponsalia
1008 2533 1211 2560 eelebraverant
1239 2534 1413 2568 postmodum
1439 2533 1566 2568 legitimis
1586 2533 1637 2560 rite
1672 2531 1774 2566 nuptiis
1806 2535 1871 2557 sunt
1887 2536 1954 2557 con-

319 2581 418 2616 juncti.
435 2579 577 2613 Quomodo
596 2580 623 2607 id
643 2579 787 2614 contigerit
814 2583 906 2614 postea
923 2580 1039 2613 dicetur,
1067 2580 1114 2607 ubi
1134 2580 1208 2608 bunc
1225 2588 1379 2608 sermOnem
1393 2588 1576 2608 resttmcmus.

359 2629 384 2656 7.
415 2628 537 2657 Joannes
567 2629 731 2664 Bryennius.
764 2629 844 2664 cujus
878 2628 961 2663 paulo
989 2628 1116 2664 superius

306 2677 393 2706 tacta
404 2681 447 2705 est
474 2676 589 2709 mentio,
613 2677 709 2705 videns
738 2675 852 2703 fratrem
880 2680 1056 2703 cunctantem
1087 2679 1116 2702 et

320 2726 548 2761 tergiversantem
566 2731 598 2751 ac
612 2723 687 2750 omni
701 2730 752 2759 ope
763 2723 850 2750 vitare
865 2723 1021 2758 cupientem
1038 2730 1072 2749 ne
1087 2722 1114 2749 in

321 2771 503 2800 defectionem
523 2775 551 2799 et
567 2770 742 2799 rebellionem
770 2769 968 2805 implicaretur,
994 2768 1116 2796 decrevit

1205 2629 1238 2661 ζ’.
1256 2629 1285 2655 '0
1299 2629 1443 2664 Βρυὲννιος
1463 2628 1600 2663 Ἰωάννης,
1615 2623 1646 2654 οὗ
1664 2627 1716 2661 πρὸ
1728 2627 1843 2662 βραχέος
1853 2626 1867 2651 ὁ
1879 2625 1956 2659 λόγος

1169 2674 1304 2711 ἐμνήσθη,
1315 2675 1386 2710 ὁρῶν
1401 2673 1571 2709 τδνάδελφδν
1587 2675 1627 2700 ἑτι
1640 2672 1772 2708 μέλλοντα
1781 2673 1829 2698 καὶ
1842 2669 1956 2697 ἀναδυό-

1172 2730 1253 2758 μενον
1269 2722 1317 2749 καὶ
1329 2721 1470 2756 διαδρᾶναι
1485 2721 1522 2752 ὡ;
1533 2719 1588 2748 οἷόν
1602 2729 1632 2746 τε
1650 2716 1799 2746 σπεύδοντα
1811 2718 1827 2752 ἢ
1843 2718 1882 2748 εἰς
1892 2717 1957 2742 ἀποο

1172 2769 1286 2795 στατίαν
1303 2767 1439 2804 χωρῆσαι,
1453 2767 1508 2794 δεῖν
1533 2766 1611 2802 ᾠήθη
1639 2764 1849 2801 παρασκευάσαι
1865 2761 1957 2789 τοῦτον

845 2839 945 2871 Caroli
961 2840 1007 2871 Du
1024 2839 1141 2870 Fresne
1155 2838 1202 2869 Du
1216 2839 1318 2878 Cange
1333 2840 1438 2873 notae“

361 2911 418 2951 (41)
439 2909 596 2951 ’ᾼρτυροί
615 2908 684 2943 Quis
712 2908 756 2936 ille
779 2907 908 2943 Argyrus,
944 2906 1070 2942 pluribtts
1091 2905 1276 2941 disceptamus
1314 2905 1345 2948 in
1381 2904 1508 2933 Familit‘s
1544 2902 1713 2939 Byzantinis,
1731 2900 1778 2929 ubi
1793 2899 1827 2928 de
1840 2897 1960 2933 Argyn-

324 2946 386 2977 I‘ntn
401 2946 516 2975 familia.
