2123 3154
245 207 298 239 {KQ

828 207 1102 238 HISTORHRUM
1122 209 1195 239 LIB.
1216 209 1276 240 Ῑῐῐ.

1826 211 1877 243 154

247 263 295 286 καὶ
317 261 418 288 ἄκοντα
441 259 489 287 τοῦ
513 259 594 294 ἔργου
621 258 751 294 ἅψασθαι.
775 259 844 291 Τοὺς
865 258 1035 294 προῦχοντας
1051 265 1066 293 Α

1105 261 1139 288 ibi
1156 261 1326 289 t-lliciendum
1343 266 1372 289 ttt
1387 263 1499 290 omnino
1519 263 1540 290 is
1553 262 1709 298 adigeretur
1734 269 1880 299 quantum-

247 305 337 331 τοίνυν
361 311 466 334 παντας
491 302 542 337 τῆς
572 301 674 333 πόλεως
705 301 867 336 κοινωνῆσαι
895 302 969 336 αὐτῷ
990 302 1038 328 τοῦ

248 351 406 384 σκέμματος
437 349 535 379 πείσας
547 348 592 374 καὶ
609 348 659 383 τὴν
682 347 905 382 Ἀδριανούπολιν
928 347 1038 374 ἃπασαν

249 396 319 428 ὑπὲρ
345 393 432 421 αὑτοῦ
455 393 640 428 ποιησάμενος
670 393 775 428 συχνῶς
793 393 969 428 μετεκαλεῖτο
994 394 1039 418 τὸν

248 440 373 474 ἀδελφόν.
394 440 473 467 Ἐπεὶ
496 439 518 466 δ’
536 439 682 466 ἀνθίστατο
708 440 769 470 ταῖς
789 438 884 465 τούτου
909 439 1039 473 πράξεσιν

248 485 520 520 ὁΤαραχανειὼτης,
551 485 620 520 ἀνὴρ
635 485 696 516 νέος
721 484 771 519 μὲν
795 484 835 510 ἔτι
858 484 1039 515 συνετώτατος

249 533 271 559 δ’
291 533 371 568 εἴπερ
387 541 428 564 τις
444 532 522 564 ἄλλος
544 533 592 558 καὶ
618 531 835 567 φρονιμώτατος,
849 531 897 556 καὶ
912 531 980 566 πρὸς
994 531 1040 556 τιν

251 579 364 614 βασιλέα
379 580 426 606 καὶ
440 578 485 605 τὸν
503 577 651 612 λογοθὲτην
675 577 818 604 ἐπέστελλε
832 576 921 612 ζητῶν
931 577 1042 602 ἐπικου-

253 618 334 660 ρῆσαι
346 625 389 652 διὰ
401 624 617 659 στρατεύματος,
631 624 667 655 ὡς
680 623 828 658 δυνηθῆναι
841 623 888 658 τὴν
900 622 1043 657 ἁνὰψασαν

251 670 302 705 ἤδη
318 671 489 697 ἀποστασίαν
503 670 639 697 καθελεῖν.
658 666 737 696 Οὗτοι
751 669 780 696 δὲ
802 668 853 697 εἴτ’
873 669 1042 704 ἀποροῦντες

252 717 428 752 στρατιωτῶν
442 717 492 743 εἴτ’
513 716 623 751 ἀμελῶς
639 716 707 748 πρὸς
723 715 752 742 τὺ
767 715 848 749 ἔργον
860 714 1042 748 διατιθέμενοι

252 763 380 797 οὐδεμίαν
393 762 467 797 αὑτῷ
481 762 607 797 βοήθειαν
623 761 843 796 ἐκπεπόμφασιν.
868 760 925 794 Ἐφ’
946 759 1043 790 ἱκανὰς

252 809 359 843 ἡμέρας
391 808 438 835 οὖν
479 809 613 843 ἀντισχὼν
638 808 676 839 ὼς
704 807 778 842 ἑώρα
801 805 1043 841 ὁμοφρονήσαντας

252 854 376 885 ἅπαντας
391 854 436 880 καὶ
455 853 550 880 ἑαυτὸν
568 853 610 890 [Ρ.
629 852 675 888 74]
691 853 731 883 είς
755 851 877 878 κίνδυνον
901 849 1043 886 προῦπτον

252 898 435 931 καταστάντα,
453 899 550 934 μικρὸν
562 898 679 924 ἐνεδίδου
697 897 747 932 τῆς
761 896 863 931 πολλῆς
878 896 1042 928 ὲνστάσεως,

252 945 298 971 καὶ
326 945 376 978 τῆς
408 944 563 979 Βρυεννίων
590 944 692 979 μητρὸς
708 944 757 978 τῆς
786 942 1043 978 κουροπαλατίσσης
1059 935 1080 962 Β

253 990 354 1024 ’Δννης
369 989 412 1016 διὰ
432 990 531 1025 κήδους
546 989 664 1023 συνάψαι
684 988 780 1015 τοῦτον
796 989 851 1019 τοῖς
866 988 944 1014 παισὶ
963 996 1045 1023 μηνυ-

252 1035 336 1069 σασης
349 1035 568 1069 ξυγκατετίθετο,
596 1035 643 1061 καὶ
656 1034 705 1069 τὴν
720 1034 816 1060 τούτου
832 1033 951 1068 ἀδελφὴν
968 1033 1045 1060 Ἐλέκ

251 1089 300 1115 νην
319 1081 414 1107 κάλλει
445 1089 474 1108 τε
501 1081 710 1116 διαλάμπουσαν
734 1081 781 1107 καὶ
810 1081 972 1116 κοσμιότητι
989 1081 1046 1107 τῶν

252 1126 354 1162 ἡλίκων
378 1127 473 1154 πασῶν
501 1127 710 1162 ὑπερφέρουσαν
735 1127 922 1160 κατεγγυᾶται
943 1126 982 1161 τῷ
995 1127 1042 1154 τοῦ

250 1166 552 1208 ’ἀδελφοῦΝικηφόρου
584 1172 645 1208 υἱῷ,
674 1173 722 1200 καὶ
757 1172 828 1198 οὓτω
851 1173 954 1204 τούτοις
981 1181 1042 1199 συν-

252 1217 380 1244 άπτεται.

251 1263 382 1290 allinitate
396 1268 546 1292 recusaret.
566 1264 661 1299 Itaque
694 1264 740 1292 ille
765 1272 843 1291 suam
882 1271 1005 1292 sororem
1025 1264 1153 1292 llclenam
1183 1266 1397 1301 pttlchritudine,

1090 307 1132 334 vis
1151 308 1253 335 invitus
1268 316 1324 334 rem
1351 317 1504 343 capessere.
1532 310 1600 336 Cum
1628 310 1710 344 igitur
1724 311 1798 338 cives
1813 318 1879 338 suos

1089 352 1473 387 Adriauopolitasuniversos
1514 356 1682 390 primoribus
1714 357 1790 390 prius
1827 357 1879 384 sibi

1090 398 1224 426 devinctis
1251 399 1277 425 in
1305 407 1382 426 suam
1413 401 1576 428 sententiam
1613 402 1750 432 traxisset.
1783 403 1879 429 crebro

1090 444 1221 472 invitabat
1235 450 1260 471 et
1275 447 1431 473 accersebat
1443 446 1567 478 fratrem,
1595 447 1754 481 interposito
1767 448 1880 475 nomine

1091 489 1186 524 patrite
1210 491 1365 518 communis
1395 490 1482 525 ipsltm
1512 492 1544 518 all
1574 501 1713 519 summum
1746 493 1878 520 honorem

1091 535 1261 562 concorditer
1287 536 1419 562 vocantis.
1450 536 1582 563 Obstabat
1609 545 1672 564 vero
1711 538 1753 564 Itis
1782 545 1878 565 eorum

1091 580 1188 614 emptis
1203 579 1429 612 Tarachaniotes,
1443 580 1552 615 juvenis
1570 582 1614 609 ille
1628 583 1736 616 quidem
1754 583 1800 610 sed
1815 591 1880 618 pru-

1092 625 1158 652 dcus
1175 625 1197 652 si
1213 625 1359 660 quisquam
1378 626 1449 653 alius
1473 631 1499 654 et
1523 627 1610 654 solers
1627 627 1755 654 maxime.
1781 627 1830 656 Hic
1847 629 1880 656 ad

1093 670 1284 704 imperatorem
1318 677 1400 706 atque
1426 671 1459 698 ad
1489 672 1654 706 lngothetam
1685 674 1782 700 litteris
1808 675 1879 702 datis

1096 715 1175 751 109
1199 717 1300 751 saepius
1323 717 1447 752 exposuit
1465 725 1520 745 rem
1548 725 1672 750 omnem,
1691 719 1759 746 mitti
1789 720 1882 754 copias

1093 769 1257 796 exposcens,
1273 771 1333 798 qttze
1352 768 1548 791 tumescentem
1569 763 1625 798 jam
1638 768 1665 791 et
1688 772 1750 791 mox
1771 771 1883 800 eruptu-

1093 814 1152 834 ram
1170 812 1276 835 mature
1290 807 1508 842 coniurationem
1520 808 1718 843 opprimerent.
1735 809 1774 836 llli
1789 814 1879 836 autem

1094 852 1151 880 sive
1173 853 1272 881 milites
1288 853 1321 880 ad
1349 861 1459 880 manutn
1487 861 1540 880 nott
1568 853 1710 885 haberent,
1740 854 1797 881 sive
1825 861 1882 880 rem

1095 897 1277 932 negligerent,
1294 898 1399 926 nullum
1416 899 1466 933 ipsi
1483 898 1614 925 auxilium
1629 899 1773 926 miserunt.
1794 898 1886 926 Perse-

1094 944 1198 970 verarit
1213 948 1302 971 tamen
1321 944 1348 971 in
1376 944 1428 971 ﬁde
1453 945 1492 972 sic
1511 944 1637 972 desertus
1655 944 1753 972 diebus
1769 945 1883 979 aliquot.

1095 988 1147 1016 Sed
1177 994 1269 1024 postea
1298 997 1360 1016 cum
1394 990 1514 1025 denique
1545 990 1648 1018 videret
1680 991 1884 1018 consentientes

1093 1038 1187 1062 contra
1206 1035 1350 1062 universos
1365 1043 1447 1070 seque
1463 1035 1489 1062 in
1507 1037 1633 1070 prreseuti
1659 1036 1779 1070 periculo
1803 1041 1877 1063 stare

1093 1081 1204 1116 paulum
1222 1082 1326 1109 remisit
1344 1083 1377 1109 de
1390 1083 1558 1110 vehementia
1578 1083 1676 1118 prioris
1694 1083 1776 1110 studii
1794 1083 1882 1110 adeo-

1095 1134 1149 1161 que
1162 1127 1205 1162 agi
1218 1135 1310 1155 secum
1323 1128 1356 1155 de
1373 1129 1571 1164 compositione
1585 1137 1684 1164 passus
1694 1133 1746 1160 est,
1763 1135 1790 1155 nt
1801 1130 1882 1156 etiam

1096 1172 1204 1200 audiret
1246 1172 1443 1208 Bryenuiorum
1498 1179 1610 1201 matrem
1659 1174 1883 1208 eurupalatissatn

1097 1217 1202 1245 Annam
1222 1224 1409 1253 annucrelque
1423 1220 1522 1254 petenti
1539 1227 1572 1247 tte
1596 1219 1659 1247 ﬁliis
1675 1221 1734 1247 stris
1751 1219 1884 1253 conjungi

1437 1267 1582 1301 modestia,
1616 1268 1782 1302 virtutisque
1812 1266 1886 1293 fama

218 1330 223 1338 ,
251 1310 402 1345 ειιυςιιίιιιιδ
430 1311 540 1338 cunctis
567 1310 744 1338 autistatttcm
772 1310 923 1346 despondet
952 1310 1044 1338 fratris
1059 1311 1205 1346 Nicephori
1248 1313 1314 1346 lilio,
1345 1317 1372 1340 et
1402 1314 1486 1341 sicin
1534 1314 1632 1341 horum
1666 1320 1756 1349 partes
1790 1313 1878 1348 palam

253 1357 361 1384 transit.

286 1405 323 1437 η’.
345 1401 374 1428 Ὁ
391 1402 419 1429 δὲ
442 1401 568 1437 βασιλεὺς
599 1401 705 1437 Μιχαὴλ
720 1403 868 1437 ἀγνοήσας,
883 1399 975 1437 οἶμαι,
995 1402 1044 1434 τὰς

254 1449 356 1484 μεταξὺ
374 1448 421 1474 τοῦ
437 1448 582 1483 Βρυεννίου
595 1449 644 1474 καὶ
659 1447 705 1474 τοῦ
718 1448 856 1483 Βασιλάκη
866 1448 1046 1482 συμὸιὸἀσεις

253 1496 299 1521 καὶ
314 1495 349 1520 τὰ
363 1494 454 1528 ὅρκια,
470 1493 555 1520 δοῦκα
585 1493 630 1520 τὸν
654 1493 810 1529 Βασιλάκην
825 1494 879 1521 τῶν
905 1494 1045 1530 Ἰλλυριῶν

254 1540 441 1574 ἑξαπέστειλε,
452 1539 640 1574 παραγγείλας
651 1539 726 1574 αὐτῷ
739 1540 764 1566 ει
780 1538 836 1566 οἷόν
855 1548 884 1565 τε
898 1541 1044 1575 κατασχεῖν

253 1587 299 1613 τὸν
313 1585 457 1622 Βρυέννιον
470 1585 517 1611 καὶ
530 1584 672 1620 δεσμώτην
691 1584 786 1611 τοῦτον
806 1585 960 1620 ἐκπέμπειν
976 1585 1045 1620 πρὸς

254 1632 305 1667 τὴν
332 1631 628 1658 Κωνσταντινοὺπολιν.
648 1631 881 1670 ’Δπαγγελθέντος
902 1631 930 1658 δὲ
949 1630 1044 1657 τούτου

254 1678 294 1713 τῷ
305 1677 451 1713 Βηυεννίῳ,
480 1678 535 1705 δεῖν
553 1677 629 1713 ᾠήθη
653 1678 750 1713 μηκέτι
768 1678 872 1712 μένειν,
890 1677 948 1704 ἀλλ’
967 1677 1046 1713 ἔξορ-

257 1724 312 1759 μᾷν
325 1724 373 1750 καὶ
386 1723 477 1750 οἴκαδε
493 1724 614 1751 ἀπιέναι.
639 1724 727 1759 Ἐξῄει
740 1722 788 1751 οὖν
802 1724 896 1759 ὀλίγην
909 1724 969 1751 τινὰ
986 1723 1045 1759 μεθ’

257 1769 353 1796 ἑαυτοῦ
366 1770 565 1804 ἐπιφερόμενος
586 1769 712 1804 δύναμιν.
735 1770 811 1796 Ἐπεὶ
823 1770 852 1797 δὲ
875 1771 922 1797 καὶ
935 1770 948 1796 ὁ
964 1770 1047 1796 Βασι-

257 1815 342 1851 λάκης
360 1816 429 1850 πρὸς
447 1816 477 1842 τὸ
489 1816 642 1851 Δυρράχιον
659 1816 836 1850 ἐπειγόμενος
853 1816 912 1842 ἐκεῖ
927 1815 1047 1843 καταλα-

255 1861 314 1888 ϐεῖν
331 1862 376 1888 τὸν
385 1861 528 1897 Βρυέννιον
540 1861 665 1895 ἔσπευδε,
679 1861 780 1897 συνέϐη
792 1862 903 1893 τούτους
924 1861 1048 1896 ἀπαντῆ-

257 1916 301 1935 σαι
319 1908 383 1943 περὶ
408 1908 608 1944 Θεσσαλονίκην
628 1908 675 1935 τοῦ
692 1908 834 1944 Βασιλάκη
860 1907 1047 1942 προκατειλη-

257 1954 337 1987 φότος
346 1954 376 1980 τὸ
390 1955 468 1982 ἄστυ.
483 1955 532 1986 Ὃς
551 1954 614 1981 ἰδὼν
625 1954 671 1981 τὸν
681 1954 826 1990 Βρυέννιον
846 1953 975 1990 βραχεῖαν
989 1955 1048 1980 ἑπι-

260 2000 412 2035 φερόμενον
428 2000 544 2034 δύναμιν
559 2001 606 2026 καὶ
623 2000 695 2026 κατὰ
712 1999 836 2034 πολὺτῆς
848 1999 953 2026 ἐκείνου
968 1999 1048 2026 ὲλάτ-

257 2053 333 2076 τονα,
347 2045 402 2071 τῶν
421 2044 521 2080 ὁρκίων
534 2044 628 2080 ὥσπερ
640 2044 838 2080 ἐπιλαθόμενος
850 2045 897 2071 καὶ
909 2044 964 2071 τῶν
979 2044 1048 2080 πρὸς

258 2091 304 2117 τδν
314 2091 420 2117 ἐκείνου
433 2090 601 2126 αὐτάδελφον
613 2090 756 2126 συνθηκῶν
770 2091 914 2126 ἐξώρμησε
924 2092 984 2117 κατ’
999 2091 1050 2117 αὐ-

258 2135 316 2164 τοῦ.
336 2136 470 2167 Γενναίως
486 2136 515 2163 δὲ
531 2137 581 2172 τὴν
595 2136 691 2164 τούτου
708 2138 796 2173 ὁρμὴν
811 2138 979 2170 ὑποστάντος
999 2137 1047 2164 τοῦ

258 2182 403 2218 Βρυεννίου
414 2184 461 2209 καὶ
483 2183 598 2215 πολλοὺς
623 2183 678 2210 τῶν
692 2184 774 2210 αὐτοῦ
791 2184 992 2216 καταὸαλόντος
1007 2186 1048 2216 είς

257 2229 347 2264 φιγὴν
367 2229 503 2264 τέτραπτο
520 2230 568 2255 καλ⁸
579 2231 626 2265 τῆς
646 2229 751 2261 πόλεως
766 2230 842 2261 ἐντὸς
864 2230 1045 2257 συνεκλείετο.

1131 1401 1158 1429 8.
1176 1402 1211 1429 At
1226 1402 1373 1437 imperator
1390 1402 1517 1435 Michael,
1539 1403 1679 1438 ignorans,
1697 1403 1803 1438 opinor,
1821 1411 1888 1432 con-

1097 1450 1238 1477 ventiones
1252 1458 1312 1485 qua:
1328 1450 1400 1478 inter
1413 1451 1576 1485 Bryennium
1591 1456 1618 1478 et
1635 1451 1782 1478 Basilacem
1799 1452 1886 1479 inter-

1097 1495 1242 1528 cedebant,
1263 1495 1360 1522 ducem
1373 1495 1526 1530 lllyriorunt
1542 1495 1689 1522 Basilacetn
1702 1496 1793 1527 mittit,
1809 1505 1888 1523 tnan-

1096 1539 1165 1566 dans
1179 1539 1204 1566 ei
1222 1544 1250 1565 ιιι
1267 1540 1289 1566 si
1314 1539 1370 1566 lieri
1401 1543 1504 1574 posset,
1534 1539 1699 1574 Bryenniutn
1726 1543 1835 1573 caperet
1860 1545 1888 1566 et

1096 1585 1216 1612 vinctum
1247 1585 1511 1619 Constantinopolim
1543 1584 1732 1613 deducendum
1764 1589 1885 1612 curaret.

1096 1630 1173 1663 Quod
1188 1638 1249 1658 cum
1266 1631 1400 1666 Bryeuttio
1428 1631 1575 1657 indicatum
1591 1635 1675 1663 esset,
1709 1638 1763 1658 non
1781 1631 1886 1665 putavit

1099 1678 1124 1704 is
1154 1676 1206 1704 sibi
1237 1678 1356 1712 amplius
1390 1677 1586 1708 cunctandum,
1617 1677 1663 1703 sed
1683 1677 1888 1711 .crumpeudum

1097 1725 1188 1752 statim
1208 1728 1235 1751 et
1265 1724 1406 1758 petendam
1432 1724 1561 1758 patriam.
1594 1724 1650 1750 Ibat
1671 1723 1753 1758 igitur
1782 1723 1888 1759 exiguis

1097 1770 1291 1798 comitantibus
1308 1769 1403 1804 copiis.
1418 1769 1487 1796 Cum
1511 1774 1599 1795 autem
1628 1768 1763 1796 Basilaees
1781 1768 1882 1804 Dyrra-

1097 1816 1188 1844 chium
1207 1815 1340 1843 festinans
1364 1816 1400 1842 ibi
1428 1815 1547 1849 reperire
1570 1814 1734 1849 Bryeuniunt
1760 1819 1885 1848 cuperet.

1099 1863 1211 1898 contigit
1224 1870 1257 1890 eo
1273 1863 1327 1897 jam
1341 1869 1451 1897 egresso
1467 1861 1562 1888 ambos
1585 1860 1636 1887 sibi
1653 1862 1685 1887 ad
1711 1860 1887 1888 Thessaloni-

1098 1916 1157 1936 cam
1173 1915 1330 1940 occurrere,
1354 1907 1707 1942 Basilace'prteoccupante
1733 1906 1884 1939 civitatem.

1099 1954 1146 1989 qui
1175 1959 1204 1981 ut
1234 1953 1426 1981 animadvertit
1456 1961 1556 1987 paucas
1586 1953 1764 1988 inlirmasque
1791 1954 1886 1988 copias

1099 2000 1234 2036 Bryeunio
1255 2001 1352 2028 adesse
1368 2001 1509 2034 multoque
1536 1999 1593 2027 suis
1620 1999 1777 2032 inferiores,
1806 1998 1885 2034 110

1100 2046 1200 2074 oblitus
1223 2044 1503 2081 sitbitojurisjurandi
1529 2050 1557 2072 et
1587 2043 1720 2072 fcederum
1739 2052 1800 2071 cum
1825 2045 1884 2078 ejus

1099 2100 1230 2128 germano
1245 2093 1360 2120 ictorum
1377 2092 1514 2120 hostiliter
1528 2092 1554 2118 in
1571 2099 1634 2118 eum
1652 2091 1783 2125 impetum
1808 2090 1883 2118 fecit.

1099 2139 1151 2167 Sed
1169 2139 1304 2174 Brycnuio
1330 2138 1435 2165 fortiter
1450 2139 1595 2166 resistente
1620 2142 1647 2165 et
1663 2138 1763 2166 multos
1780 2145 1795 2165 e
1811 2137 1887 2165 Basi-

1099 2186 1220 2213 laceauis
1238 2185 1389 2218 occidente,
1403 2185 1436 2212 ad
1452 2190 1606 2212 extremum
1619 2185 1677 2218 ipse
1697 2183 1834 2212 Basilaces
1858 2184 1886 2211 in

1098 2231 1190 2268 fugam
1203 2231 1316 2258 vertitur
1325 2235 1353 2258 et
1363 2231 1433 2258 intra
1446 2231 1539 2258 urbem
1555 2230 1790 2258 circumcluditur.
1809 2229 1887 2257 Unde

263 2275 385 2302 Ἐκεῖθεν
395 2274 442 2301 οὖν
464 2275 594 2310 πρέσὸεις
614 2276 758 2311 ἐκπέμψας
777 2276 837 2311 ᾔτει
859 2276 1044 2310 ὰνανεωθῆναί
1062 2285 1066 2312 ι

1101 2278 1193 2313 legatis
1210 2277 1303 2304 missis
1321 2285 1414 2312 pacem
1432 2281 1492 2304 orat
1515 2278 1688 2311 veniamque,
1708 2276 1888 2310 renovarique

259 2329 334 2355 σφισι
351 2321 401 2352 τὰς
425 2320 472 2347 τοῦ
500 2321 615 2355 ἀδελφοῦ
632 2322 771 2356 συνθήκας
790 2330 819 2348 τε
836 2322 883 2348 καὶ
905 2323 939 2349 τὰ
953 2324 1045 2358 ὅρκια.

260 2367 394 2399 Κάκεῖνος
412 2367 494 2393 αὑτὸν
512 2367 674 2402 ὑποδέχεται
699 2368 772 2402 μάλα
788 2368 915 2402 ἀσμένως
930 2368 978 2395 καὶ
996 2369 1046 2399 τὰς

261 2415 408 2448 ξυμϐάσεις
426 2414 538 2450 ἐκύρου.
561 2415 631 2442 Ἀλλ’
652 2416 667 2442 ὁ
694 2415 744 2450 μὲν
768 2415 871 2450 ἥπτετο
901 2415 951 2450 τῆς
977 2415 1046 2450 πρὸς

268 2459 495 2494 ’Δδριανούπολιν,
510 2460 523 2486 ὁ
539 2459 653 2494 ἁδελφὸς
669 2460 697 2486 δὲ
711 2460 819 2494 ἀπήντα
833 2460 902 2494 μετὰ.
918 2459 1047 2494 πλείστης

260 2505 301 2531 ὃτι
330 2505 480 2540 δυνάμεως.
508 2506 672 2533 Μακεδόνων
687 2514 717 2532 τε
730 2506 784 2540 γὰρ
802 2506 850 2532 καὶ.
868 2505 983 2540 Θρᾳκῶν
996 2506 1046 2537 τὰς

260 2550 351 2582 τάξεις
368 2551 474 2583 ἁπάσας
499 2550 554 2586 εἶχε
576 2552 636 2587 μεθ’
648 2551 746 2578 ἑαυτοῦ
773 2551 831 2586 ἅμα
853 2551 978 2586 λοχαγοῖς
1000 2551 1047 2578 καὶ

261 2598 471 2632 φαλαγγάρχαις
489 2599 536 2625 καὶ
562 2599 654 2630 αὐτοῖς
672 2599 705 2634 δὴ
723 2600 781 2630 τοῖς
802 2600 976 2633 στρατηγοῖς.
991 2598 1047 2625 Καὶ

261 2645 286 2670 οἱ
302 2644 431 2679 ἄρχοντες
446 2644 475 2670 δὲ
495 2645 548 2670 τῶν
560 2645 664 2671 πόλεων
685 2646 804 2680 ξυνῆσαν
821 2644 894 2679 αὐτῷ
914 2644 1047 2677 ἅπαντες,

261 2692 387 2722 κᾶκεῖνος
404 2690 526 2721 ἅπαντας
541 2690 688 2726 χαριέντως
701 2690 863 2725 ὑπεδέχετο·
882 2690 930 2716 καὶ
944 2690 998 2724 γὰρ
1013 2687 1047 2724 ἦν

260 2736 398 2771 προσηνὴς
410 2736 424 2762 ὁ
441 2736 510 2771 ἀνὴρ
523 2736 570 2762 καὶ
586 2736 712 2771 εὐόμιλος
725 2737 806 2770 εἴπερ
823 2744 865 2767 τις
879 2735 968 2766 ἄλλος.
981 2735 1047 2762 Τότε

242 2791 243 2794 η
263 2782 313 2817 μὲν
327 2780 373 2809 οὖν
387 2782 686 2817 στρατοπεδευσάμενοι
705 2782 866 2818 ἀριστεῦσαι
879 2782 1049 2816 παρεσκευά-

261 2827 348 2858 ζοντο.
372 2828 454 2855 Ἀλλὰ
482 2828 521 2864 τῷ
544 2828 680 2863 Βρυεννὶῳ
707 2828 817 2864 Ἰωάννῃ
847 2829 960 2863 ἠρεμεῖν
989 2822 1069 2854 obu-

259 2874 319 2902 δέον
334 2875 487 2902 ὲδῦκειοὺδ’
502 2875 686 2902 ἀναϐαλέσθαι
708 2875 753 2901 τὸν
776 2874 881 2910 καιρόν.
901 2874 1047 2908 Ἐπιφερζ-

261 2929 341 2961 μενος
355 2921 401 2949 οὖν
418 2922 477 2958 μεθ’
499 2921 595 2949 ἑαυτοῦ
624 2921 656 2947 τὰ
673 2921 718 2956 τῆς
741 2921 877 2956 βασιλείας
895 2921 1046 2956 παράσημα

1098 2324 1169 2351 inter
1185 2323 1258 2357 ipsos
1271 2323 1392 2358 postulat
1404 2323 1600 2350 conventiones
1616 2321 1700 2356 pacis,
1722 2328 1791 2356 quas
1812 2321 1888 2354 prius

1098 2370 1155 2405 ipse
1178 2377 1239 2399 cum
1254 2369 1314 2404 ejus
1330 2370 1412 2396 lratre
1426 2368 1583 2403 juramento
1601 2367 1766 2394 firmaverat.
1781 2365 1886 2392 Annuit

1097 2415 1175 2442 valde
1191 2414 1304 2441 libenter
1326 2413 1479 2448 Bryennius
1506 2417 1532 2440 et
1560 2412 1648 2439 ftedus
1674 2418 1736 2438 cum
1762 2410 1886 2438 Basilace

1097 2460 1194 2489 sancit.
1217 2459 1317 2495 Sicque
1344 2459 1392 2486 iter
1415 2459 1533 2493 capessit
1555 2457 1755 2491 Adrianopolim
1771 2463 1886 2484 versus:

1097 2516 1152 2543 quo
1179 2508 1275 2535 itinere
1288 2507 1399 2534 fratrem
1428 2505 1523 2533 habuit
1542 2504 1653 2532 obvium
1678 2510 1740 2530 cum
1769 2503 1887 2530 maximo

1097 2554 1230 2582 exercitu.
1248 2552 1427 2580 Macedonum
1453 2551 1526 2578 enim
1550 2554 1577 2576 et
1602 2549 1740 2576 Thracum
1765 2547 1887 2583 legiones

1098 2606 1194 2626 omnes
1216 2597 1333 2626 habebat
1348 2603 1440 2624 secum
1453 2603 1515 2623 cum
1535 2595 1742 2622 centurionibus
1757 2599 1783 2620 et
1798 2594 1886 2620 tribu-

1099 2645 1140 2672 nis
1158 2645 1279 2680 ipsisque
1305 2643 1433 2673 ducibus.
1461 2642 1601 2676 Principes
1618 2648 1726 2675 quoque
1744 2639 1886 2666 civitatum

1099 2699 1151 2718 una
1166 2697 1262 2718 omnes
1276 2689 1475 2724 aderantzipse
1498 2695 1578 2723 porro
1604 2687 1748 2713 universos
1772 2683 1886 2711 comiter

1098 2734 1259 2769 excipiebat,
1275 2738 1333 2761 erat
1348 2733 1421 2761 enim
1439 2739 1590 2768 congressu
1618 2731 1755 2758 humanus
1781 2729 1803 2755 si
1824 2728 1886 2762 quis

1100 2782 1180 2808 alius.
1211 2779 1312 2807 Omnes
1341 2779 1380 2806 illi
1411 2782 1502 2806 autem
1531 2782 1596 2805 tunc
1614 2775 1712 2803 armati
1737 2779 1764 2803 et
1794 2773 1887 2809 pransi

1100 2826 1186 2862 parati
1204 2825 1236 2852 ad
1251 2833 1307 2852 rem
1325 2825 1394 2852 bene
1411 2824 1557 2860 gerendam
1579 2827 1667 2850 erant.
1685 2822 1773 2855 Quare
1786 2819 1887 2847 Joanni

1102 2872 1237 2907 Bryennio
1257 2879 1430 2906 nequaquam
1451 2871 1538 2897 visutn
1557 2877 1616 2897 esse
1630 2869 1814 2895 cunctandum
1843 2869 1891 2891 aut

1101 2918 1288 2954 negligentem
1305 2917 1483 2946 occasionem.
1502 2917 1570 2944 Adiit
1588 2924 1652 2950 ergo
1669 2916 1780 2944 fratrem
1798 2912 1946 2940 ferens-9"
