2123 3154
207 186 258 219 157

793 189 1067 223 BISTORIARUM
1088 191 1161 223 LIB.
1184 193 1242 224 III.

1785 196 1843 229 l58

206 242 240 267 τὰ
255 240 319 276 ξίςη
339 240 532 275 γυμνώσαντες
558 241 744 277 περιέστησαν
763 243 856 276 αὐτοῖς
871 244 994 280 ἀφύπνις

1027 246 1135 281 ιῙυεετιε
1152 255 1167 274 a
1182 247 1331 275 comitibus
1347 254 1426 275 muro
1439 247 1557 276 civitatis
1574 248 1700 276 admovet
1714 251 1835 285 primus-

206 285 252 318 ζόν
267 295 295 312 τε
314 287 360 312 καὶ
374 286 487 321 βασιλέα
514 287 659 322 Ῥωμαίων
677 288 722 314 τὸν
739 288 899 324 Νικηφόρον
911 291 995 325 εὐφη-

207 335 267 367 μεῖν
294 333 429 360 ἐκέλευον.
450 333 496 368 Τῷ
527 334 592 367 γοῦν
619 334 745 369 αἰφνιδίῳ
773 336 996 368 καταπλαγέντες

205 377 276 407 οὗτοι
295 380 341 405 καὶ
358 377 384 405 οἷ
412 379 506 406 κακῶν
526 380 579 406 εἰσι
596 379 804 414 συναισθόμενοι
822 381 850 406 οἱ
879 381 928 415 μὲν
942 380 997 407 ἀπὸ

205 427 258 453 τῶν
273 427 370 461 τειχῶν
387 427 457 461 σφᾶς
469 427 569 458 αὐτοὺς
598 425 831 460 κατεκρήμνιζον,
862 427 888 451 οἱ
916 425 943 451 δὲ
965 426 997 452 τὸ

205 472 350 500 κελευσθὲν
369 472 478 498 ἐποίουν
496 471 611 507 βραχείᾳ
623 472 670 497 καὶ
684 471 892 506 διακεκομμένῃ
900 471 976 506 φωνῇ
987 477 994 484 ·

204 519 332 545 διέκοπτε
357 518 410 553 γὰρ
433 518 526 549 αὐτοῖς
549 517 597 549 τὰς
615 517 733 550 φωνὰςὸ
745 517 838 552 φόϐος.
859 518 890 543 0!
905 517 933 543 δὲ
947 517 996 551 τῆς

180 561 183 564 ”
205 565 311 597 πόλεως
331 565 473 599 οἰκήτορες
486 564 645 598 αἰσθόμενοι
667 563 698 590 τὸ
713 563 832 598 συμϐὰν,
848 563 996 598 ὑπειληφό-

205 619 249 639 τες
265 611 315 646 τὴν
331 610 408 637 πόλιν
421 610 472 645 ἤδη
487 610 581 636 πᾶσαν
596 609 757 641 ἑαλωκέναι,
773 608 898 635 συνέθεον
911 608 997 634 arratu-

204 665 250 687 τες
266 656 296 682 οὐ
312 656 380 691 πρὸς
391 657 462 682 ὅπλα
476 655 630 690 χωροῦντες
646 654 707 681 οὐδὲ
734 654 848 689 ἀμύνειν
868 654 997 680 σπεύδον-

203 710 249 732 τες
266 702 328 737 (ἤδη
340 702 394 737 γὰρ
423 700 656 734 ἅπεγνώκεισαν),
674 700 743 727 ἀλλὰ
766 700 832 735 μίαν
847 700 996 735 ἡγούμενοι

205 747 344 783 σωτηρίας
376 746 506 772 ὑπόθεσιν
528 745 558 772 τὸ
586 745 700 780 βασιλέα
721 745 868 780 Ῥωμαίων
891 746 997 778 ἀναγο-

206 792 302 827 primat
318 792 365 818 τὸν
384 792 540 827 Βρυέννιον.
556 791 643 823 Εὐθὺς
661 789 706 818 οὖν
719 791 797 818 τοῦτο
818 791 936 824 ἐγένετο,
949 790 996 817 καὶ

205 840 308 870 πάντες
325 839 500 873 ἀνευφήμουν
519 839 567 864 καὶ
594 837 661 872 πρὸς
675 837 739 868 τοὺς
760 837 816 864 ἅνω
831 836 884 863 τῶν
897 837 996 872 τειχῶν

203 886 253 916 τὰς
269 887 363 921 χεῖρας
377 885 545 915 ἐκτείνοντες
562 884 686 910 ἱκέτευον
711 883 809 915 σώζειν
834 883 884 919 τὴν
906 883 994 911 πόλιν.

1046 301 1100 328 que
1115 293 1173 328 ipse
1184 294 1344 321 conscendit
1356 295 1536 329 sequentibus
1548 296 1672 331 reliquis.
1682 297 1749 323 Cum
1764 298 1835 323 muri

1046 339 1189 374 superiora
1205 339 1375 371 tenuissent,
1394 341 1533 375 reperiunt
1549 342 1685 376 profunde
1697 342 1836 368 dormien-

1047 388 1087 412 tes
1102 385 1218 417 milites,
1234 392 1269 413 ne
1285 390 1350 413 tunc
1363 385 1474 421 quidem
1490 386 1641 421 quidquam
1665 395 1759 414 eorum
1775 395 1837 421 qua;

1047 431 1144 458 tierent
1166 432 1334 463 sentientes.
1361 439 1430 466 quos
1456 433 1701 459 circumsteterunt
1724 433 1836 459 ensibus

1046 476 1149 504 strictis
1165 480 1192 503 et.
1205 481 1314 511 repente
1328 478 1461 504 excitatos
1474 476 1656 512 Nicephorum
1671 478 1835 513 Bryennium

1047 522 1203 550 Romanum
1220 523 1413 556 imperatorem
1430 523 1583 551 acclatnare
1604 524 1757 558 jusserunt.
1774 523 1836 550 Cir-

1046 569 1184 595 (‘umventi
1201 569 1237 596 illi
1255 576 1305 596 nec
1319 569 1432 602 opinato
1452 577 1517 596 casu
1532 574 1559 596 ct
1579 570 1622 596 ubi
1640 570 1773 596 malorum
1790 576 1836 596 es-

1047 619 1107 641 sent
1123 614 1274 641 sentientes
1290 613 1388 647 partim
1404 621 1419 639 ο
1435 621 1514 639 muro
1532 614 1686 648 praecipites
1705 622 1734 640 sc
1750 613 1836 640 demi-

1047 661 1159 689 serunt,
1176 657 1274 691 partim
1291 656 1363 691 quod
1388 656 1555 689 jubebantur
1579 657 1701 684 iecerunt
1724 657 1786 684 exili
1809 661 1837 684 et

1048 702 1133 730 tracta
1152 710 1234 735 vot-e;
1251 709 1305 728 neu
1329 702 1402 728 enim
1427 706 1583 729 constanter
1605 710 1653 730 eos
1678 707 1704 730 ct
1730 703 1836 730 fortiter

1047 752 1136 774 metus
1163 755 1217 782 quo
1248 746 1430 774 turbabantur
1455 746 1569 773 sinebat.
1598 747 1632 773 At
1659 747 1732 774 cives
1761 747 1836 774 urbis

1047 792 1178 819 admoniti
1207 792 1321 826 strepitu
1352 792 1440 828 primo
1471 796 1498 819 et
1526 792 1664 819 civitatem
1689 793 1746 827 jam
1776 793 1838 819 uni-

1047 846 1153 866 versam
1175 842 1282 873 captam
1302 838 1490 865 existimantes
1509 842 1710 864 concurrerunt
1729 845 1837 870 omnes,

1048 892 1100 912 non
1121 884 1154 911 ad
1176 891 1266 914 arma,
1289 891 1377 918 neque
1403 884 1562 911 detensandi
1591 883 1699 916 studio,
1721 890 1836 918 quarum

204 932 260 966 τῆς
270 916 343 966 ’χοῇν
356 916 486 966 κραυγῆς
512 931 626 965 ἰσχυρᾶς
655 929 805 964 γενομένης
819 929 850 956 τὸ
862 916 996 965 στρατιω-

1027 917 1139 955 ιι-οτιιιιι
1160 932 1267 962 tempus
1287 928 1450 962 prwteriisse
1470 928 1686 960 arbitrabantur,
1709 936 1758 955 nec
1778 928 1835 962 spei

202 978 280 1003 τικδν
292 978 364 1004 ἆπαν
381 977 507 1004 συνέθεον
517 977 584 1012 πρδς
599 976 648 1011 τὴν
663 976 750 1009 π’ἲλιν,
769 976 995 1011 προσεπειρῶντο

202 1022 230 1048 δὲ
244 1022 297 1048 τῶν
311 1022 451 1056 κλιμάκων
476 1021 635 1048 ἀναῦαίνειν
661 1021 708 1047 ἐπὶ
721 1021 757 1047 τὰ
775 1021 864 1056 τείχη.
889 1021 960 1048 Ἀλλ’
980 1021 995 1047 ὁ

202 1068 250 1094 τοῦ
282 1067 430 1102 Βρυεννίου
463 1067 520 1098 UP);
547 1067 682 1102 κατέσχεν
703 1067 803 1098 αὐτοὺς
826 1067 878 1101 τῆς
894 1067 995 1102 ὁρμῆς,

203 1113 335 1145 ’κελεύσας
353 1113 477 1140 κάτωθεν
500 1112 664 1147 ἱσταμένους
692 1112 913 1147 συνεφάπτεσθαι
937 1113 995 1144 τοῖς

203 1158 279 1189 ἐντὸς
292 1158 342 1193 τῆς
359 1157 510 1194 εὐφημίας.

202 1203 427 1238 protendentium
452 1211 548 1231 muros
570 1211 666 1231 versus
692 1203 726 1230 ad
753 1203 941 1240 Bryenniauos
965 1207 996 1232 ut

1048 974 1127 1010 113
1142 975 1289 1009 quidquam
1306 981 1451 1010 superesse
1465 982 1473 1000 ι
1491 973 1537 1001 sed
1554 981 1637 1000 unam
1653 973 1750 1000 salutis
1764 973 1836 999 riam

1045 1028 1188 1055 superesse
1203 1025 1394 1051 autumantes,
1417 1020 1440 1046 si
1457 1019 1622 1054 Bryeunium
1649 1019 1835 1045 Romanorum

1046 1067 1239 1102 imperatorem
1264 1067 1428 1094 salutarent.
1446 1064 1502 1092 Hoc
1523 1065 1607 1099 igitur
1623 1065 1714 1092 statim
1734 1063 1836 1090 factum

1046 1117 1098 1145 est,
1116 1117 1143 1140 et
1167 1121 1216 1148 per
1232 1112 1369 1140 civitatem
1387 1111 1626 1139 increbrescebaut
1639 1118 1720 1138 voces
1736 1109 1837 1144 Bryen-

1048 1159 1123 1186 nium
1142 1159 1335 1194 imperatorem
1361 1158 1587 1193 ingeminantium
1605 1163 1723 1191 moxque
1737 1161 1836 1182 manus

1027 1204 1162 1239 putabant
1177 1204 1277 1232 milites
1292 1209 1390 1231 cuneta
1423 1203 1577 1230 obtinentes
1597 1207 1624 1229 et
1647 1200 1752 1228 servari
1766 1199 1835 1228 civi-

204 1253 288 1276 tatem
306 1250 437 1285 parcique
453 1250 579 1278 obnoxiis
593 1251 740 1278 orantium.
753 1250 828 1277 Talia
856 1250 1067 1278 vociferantium
1096 1251 1200 1279 clamor
1230 1251 1263 1278 ad
1293 1255 1383 1278 castra
1408 1249 1531 1285 pervenit
1550 1248 1703 1283 excivitque
1720 1247 1832 1278 milites,

202 1297 249 1330 qui
264 1303 362 1330 magno
381 1296 482 1331 impetu
501 1296 527 1323 in
544 1297 681 1324 civitatem
697 1300 808 1324 ruentes
823 1297 905 1324 scalis
935 1297 1094 1325 nitebantur
1121 1304 1252 1332 superare
1292 1304 1386 1324 muros
1405 1305 1412 1323 :
1448 1296 1494 1323 sed
1510 1303 1556 1322 eos
1570 1295 1597 1322 id
1629 1294 1719 1322 tacere
1745 1292 1832 1320 vetuit

203 1341 330 1378 Bryeunii
354 1343 437 1374 titius,
467 1343 600 1371 mandans
624 1347 652 1371 ut
677 1343 768 1377 potius
795 1343 866 1370 intra
892 1347 997 1372 stantes
1016 1344 1213 1380 coniungerent
1246 1351 1329 1372 voces
1349 1351 1413 1371 cum
1446 1342 1551 1371 cii-ibus
1577 1341 1652 1370 intus
1667 1341 1834 1376 Bzyennium

202 1388 402 1424 imperatorem
412 1389 640 1417 acclamantibus.

239 1436 266 1462 ι’.
281 1434 381 1461 Τοῦτον
399 1435 448 1468 μὲν
470 1433 517 1461 οὗν
543 1435 588 1461 τὸν
611 1437 711 1470 τρόπον
734 1436 751 1471 ή
772 1435 990 1471 Τραϊανούπολις

200 1481 298 1516 πρώτη
324 1481 370 1507 τὸν
390 1480 533 1516 Βρυέννιον
549 1480 658 1516 βασιλέα
681 1481 824 1517 Ῥωμαίων
852 1482 992 1517 ἀνευφήμ-

1081 1435 1126 1463 to.
1145 1434 1198 1462 Per
1215 1435 1287 1462 hunc
1301 1435 1412 1462 modum
1428 1435 1617 1469 Trajanopolis
1633 1434 1720 1469 prima
1736 1433 1834 1461 civita-

1045 1486 1102 1509 tum
1135 1481 1326 1516 imperatorem
1358 1481 1518 1508 aeelamarit
1548 1481 1724 1516 Brycnnium.
1754 1479 1832 1508 Mane

200 1535 278 1562 ησεν.
295 1526 400 1554 Ἐωθεν
417 1527 445 1553 δὲ.
454 1527 485 1553 τὸ
498 1528 692 1562 στρατιωτικὸν
712 1528 784 1554 ᾶπαν
799 1527 857 1563 ἅμα
876 1535 991 1563 στρατη-

1045 1536 1110 1556 Vero
1127 1529 1251 1563 proximo
1265 1533 1359 1555 secuto
1386 1529 1531 1555 universus
1555 1528 1691 1555 exercitus
1705 1535 1767 1554 cum
1782 1527 1832 1554 tri-

201 1575 260 1607 γοῐς
272 1581 302 1599 τε
322 1573 368 1599 καὶ
387 1572 512 1607 λοχαγοῖς
529 1573 723 1608 συναθροισθὲν
739 1573 804 1608 περὶ
825 1573 875 1609 τὴν
893 1573 990 1600 τούτου

202 1619 304 1654 σκηνὴν
323 1618 463 1650 ἐϐιάζοντο
479 1619 574 1646 τοῦτον
594 1621 643 1655 τήν
663 1629 692 1646 τε
710 1620 856 1654 ἁλουργίδα
877 1619 989 1655 περιθέ-

201 1665 264 1692 σθαι
279 1664 325 1691 καὶ
345 1666 378 1691 τὰ
401 1665 560 1699 κοκκοϐαφῆ
575 1665 766 1700 ὑποδήσασθαι
787 1665 893 1692 πέδιλα.
914 1665 942 1691 'O
967 1664 990 1691 δ’

199 1710 249 1745 ὀψὲ
264 1711 312 1737 καὶ
324 1711 400 1746 μόλις
419 1711 494 1743 alia;
515 1713 547 1747 τῇ
563 1712 665 1738 τούτων
681 1711 726 1747 βίᾳ
741 1711 827 1738 ταῦτα
845 1711 992 1748 περιεϐάλ-

199 1755 261 1782 λετο
273 1756 319 1782 καὶ
332 1756 458 1791 βασιλεὺς
478 1757 623 1792 Ῥωμαῖων
638 1758 688 1792 ἤδη
707 1758 886 1793 ἀνηγόρευτο.
902 1759 990 1794 ’Λρας

199 1799 247 1828 οὖν
262 1802 366 1829 ἐκεῖθεν
383 1803 428 1829 ἐπὶ
444 1803 494 1838 τὴν
513 1804 734 1840 Ἀδριανούπολιν
751 1805 861 1840 ἐχώρει,
880 1805 927 1832 καὶ
938 1814 990 1832 πα-

200 1849 293 1885 ριόντα
307 1848 400 1875 τοῦτον
414 1849 442 1876 αἱ
459 1849 550 1881 πόλεις
571 1851 617 1876 καὶ
633 1851 660 1877 αἱ
678 1850 771 1886 κῶμαι
786 1851 891 1878 ἅπασαι
908 1852 989 1878 ἀνευ-

199 1895 318 1929 φήμουν.
335 1895 489 1926 Φθάσαντες
509 1895 537 1922 δὲ
553 1896 601 1931 τὴν
624 1897 702 1923 πόλιν
721 1897 878 1932 περιχιρῶς
895 1897 920 1923 o!
940 1898 990 1932 τῆς

201 1940 305 1972 πόλεως
320 1940 479 1976 ὑπεδέχοντο
497 1942 626 1973 ἅπαντες.
647 1941 677 1968 '0
691 1941 719 1968 δὲ
734 1943 780 1968 ἐπὶ
794 1942 841 1968 τὸν
851 1942 916 1968 ναὸν
933 1951 990 1976 σοι-

199 1986 286 2021 τήσας
297 1986 348 2020 τῆς
361 1987 532 2022 Θεομήτορος
544 1987 592 2013 καὶ
606 1989 639 2022 τῇ
652 1988 745 2022 Μητρὶ
760 1987 807 2014 τοῦ
818 1988 886 2014 Θεοῦ
896 1988 930 2015 τὰ
940 1997 990 2023 χα-

201 2031 328 2065 ριστήρια
341 2030 426 2062 θύσας
440 2031 531 2057 οἴκαδε
545 2032 707 2064 ὲπανέζευξε
721 2033 768 2060 καὶ
785 2034 848 2069 περὶ
863 2034 918 2060 τῶν
927 2035 990 2070 ἑξῆς

200 2076 369 2106 ἐϐουλεύετο,
388 2077 435 2103 καὶ
456 2078 628 2112 στρατηγοὺς
647 2079 695 2105 καὶ
717 2079 852 2114 ἄρχοντας
866 2079 990 2112 ἅπαντας

200 2122 241 2153 εἰς
258 2122 406 2157 ἐκκλησίαν
421 2123 513 2151 ἐκάλει
533 2123 578 2150 καὶ
600 2123 700 2158 βουλὴν
718 2124 872 2159 προύτίθει,
891 2127 916 2152 εί
931 2125 990 2152 δέον

198 2169 273 2196 ἐστὶν
283 2169 486 2204 ἀποπειρᾶσθαι
496 2170 558 2201 τοὺς
573 2170 621 2205 τῆς
639 2171 859 2204 μεγαλοπόλεως.
878 2172 988 2199 Ἐδόκει

1044 1573 1125 1601 buuis
1154 1578 1336 1608 congregatus
1368 1573 1440 1600 circa
1469 1573 1597 1608 Bryennii
1625 1572 1831 1600 tabernaculum

1042 1620 1175 1653 cogebant
1192 1619 1280 1653 ipsum
1295 1625 1323 1646 et
1339 1627 1486 1654 purpuram
1504 1619 1617 1646 induere
1631 1623 1656 1646 et
1673 1618 1754 1645 rubra
1773 1618 1831 1646 cal-

1043 1670 1194 1696 eeameuta.
1209 1665 1377 1700 principatus
1394 1665 1507 1698 insigne,
1527 1673 1635 1692 sumere
1651 1674 1659 1693 :
1679 1665 1723 1692 ille
1742 1670 1832 1692 autem

1043 1711 1120 1739 tarde
1141 1715 1168 1738 et
1190 1718 1261 1745 aegro
1283 1711 1391 1738 tandem
1408 1711 1497 1737 victus
1515 1711 1642 1738 instantia
1659 1711 1768 1738 illorum
1787 1717 1834 1737 ac-

1043 1758 1146 1792 quievit
1157 1763 1183 1785 et
1199 1757 1313 1785 salutari
1339 1764 1368 1784 se
1391 1757 1585 1791 imperatorem
1604 1764 1702 1791 passus
1719 1763 1768 1790 pro
1786 1756 1833 1783 tali

1042 1811 1072 1830 se
1101 1804 1195 1838 gessit.
1224 1802 1277 1830 lter
1303 1803 1367 1830 hinc
1396 1804 1477 1838 igitur
1504 1803 1709 1837 Adrianopolim
1737 1809 1833 1829 versus

1042 1849 1239 1882 pronuntiavit.
1258 1848 1317 1882 Quo
1344 1849 1440 1876 itinere
1466 1849 1548 1876 urbes
1575 1853 1603 1874 et
1629 1848 1728 1883 oppida
1752 1847 1832 1875 obvia

1041 1901 1103 1921 eum
1122 1899 1150 1921 ut
1166 1895 1358 1928 imperatorem
1376 1894 1518 1921 alacritate
1534 1901 1631 1928 ntagna
1655 1894 1831 1927 recipit-bant.

1041 1941 1216 1975 Adrianopoli
1234 1940 1401 1975 praesertim,
1420 1940 1464 1966 ubi
1479 1948 1511 1966 eo
1533 1939 1672 1974 pervenit,
1696 1944 1829 1974 exceptus

1042 1991 1083 2014 est
1099 1987 1133 2014 ab
1149 1987 1277 2014 omnibus
1292 1986 1473 2022 gratulatione
1489 1994 1520 2013 ac
1536 1986 1635 2020 gaudio
1653 1985 1766 2019 ingenti.
1785 1984 1830 2012 Ille

1040 2037 1130 2060 autem
1145 2037 1220 2060 recta
1239 2033 1352 2060 tetendit
1374 2033 1401 2059 in
1429 2032 1558 2066 templum
1577 2031 1697 2064 Deiparm
1711 2038 1760 2058 nec
1777 2030 1830 2058 nisi

1040 2079 1136 2114 gratiis
1159 2078 1195 2106 ibi
1221 2079 1325 2113 prolixe
1349 2079 1416 2106 actis
1441 2078 1521 2106 Matri
1547 2078 1604 2111 Dei,
1621 2079 1732 2105 domum
1751 2077 1828 2110 abiit,

1041 2126 1086 2152 ubi
1113 2126 1225 2153 consilia
1252 2125 1370 2153 habebat
1394 2126 1549 2153 deliberans
1574 2126 1609 2153 de
1635 2126 1677 2153 bis
1699 2122 1760 2159 quas
1777 2124 1829 2152 sibi

1040 2172 1167 2206 deinceps
1191 2172 1294 2207 agenda
1318 2176 1419 2198 essent.
1444 2171 1550 2199 Interea
1575 2171 1628 2199 hoc
1650 2171 1828 2206 praecipuum,

196 2215 226 2242 δὲ
248 2215 314 2242 πᾶσι
327 2216 363 2250 μὴ
380 2215 481 2243 αὐτίκα
502 2217 601 2250 χωρεῖν
623 2217 706 2244 αὐτὸν
726 2217 795 2252 μετὰ
821 2219 923 2249 παντὸς
939 2217 987 2244 τοῦ

1040 2217 1113 2253 quod
1125 2217 1240 2244 ducibus
1255 2225 1287 2244 ac
1298 2217 1467 2252 principibus
1479 2218 1607 2245 omnibus
1624 2218 1726 2244 vocatis
1740 2217 1830 2244 disce-

197 2262 402 2297 στρατεύματος
419 2261 465 2287 ἐπὶ
476 2261 506 2288 τὸ
517 2260 676 2294 Βυζάντιον,
689 2263 747 2289 ἀλλ’
758 2263 912 2298 ἐκπέμπειν
927 2263 988 2290 τινὰ

198 2308 252 2334 τῶν
268 2308 430 2343 στρατηγῶν
446 2309 515 2343 μετὰ
529 2308 672 2343 δυνάμεως
694 2308 871 2344 ἀποχρώσης,
883 2309 942 2344 ἅμα
957 2318 987 2336 τε

198 2354 245 2378 καὶ
259 2354 389 2387 πρέσδεις
403 2353 471 2389 πρὸς
494 2353 541 2380 τδν
562 2354 715 2390 κρατοῦντα
734 2355 799 2390 περὶ
823 2356 936 2390 εἰρήνης
957 2364 987 2382 τε

199 2398 246 2425 καὶ
257 2398 479 2434 δικαιοπραγίας.
503 2400 674 2435 Ἐκπέμπειν
687 2400 729 2436 [Ρ.
749 2400 795 2437 77]
811 2401 839 2428 δὲ
855 2402 903 2428 καὶ
916 2401 987 2436 πρὸς

199 2443 261 2475 τοὺς
273 2444 301 2470 ὲν
318 2445 391 2471 τέλει
409 2446 512 2477 πάντας
529 2446 772 2481 χρυσοσημάντους
787 2446 896 2481 γραφὰς
912 2447 984 2482 πλή-

201 2496 259 2522 ρεις
271 2487 353 2520 οὔσας
377 2490 549 2525 ὑποσχέσεων
564 2490 653 2525 τιμῶν
671 2499 699 2517 τε
720 2491 766 2518 καὶ
777 2491 887 2525 δωρεῶν
904 2492 984 2526 μεγί-

200 2541 281 2566 στων,
295 2533 342 2560 καὶ
359 2534 431 2562 οὕτω
448 2536 497 2570 τῆς
515 2536 630 2572 γνώμης
646 2537 751 2564 τούτων
768 2537 982 2572 ἀποπειρᾶσθαι.

1037 2264 1168 2299 ptandum
1188 2263 1270 2299 114
1285 2264 1426 2298 proposuit
1442 2272 1448 2290 :
1465 2264 1564 2299 ecquid
1579 2264 1716 2299 expediret
1730 2262 1827 2290 tentari

1038 2309 1122 2337 armis
1138 2309 1240 2344 regiam
1259 2310 1407 2337 civitatem.
1425 2309 1519 2338 Visum
1544 2315 1635 2337 autem
1660 2309 1765 2337 eunetis
1785 2313 1828 2336 est

1037 2363 1092 2383 non
1109 2357 1256 2383 convenire
1272 2357 1361 2390 ipsum
1377 2356 1467 2384 statim
1484 2364 1545 2383 cum
1563 2356 1683 2382 exercitu
1698 2356 1826 2382 universo

1036 2402 1076 2429 ire
1100 2401 1232 2429 adversus
1249 2400 1426 2436 Byzantium,
1453 2401 1500 2429 sed
1524 2401 1633 2428 mittere
1658 2400 1704 2427 illo
1728 2401 1824 2427 ducem

1036 2446 1154 2481 aliquem
1170 2454 1231 2474 cum
1248 2446 1345 2473 idonea
1364 2452 1440 2482 parte
1454 2446 1607 2480 copiarum,
1619 2451 1645 2472 et
1660 2445 1740 2473 simul
1754 2446 1826 2480 Μείλ-

1035 2496 1077 2519 tos
1091 2491 1125 2518 de
1139 2499 1204 2526 pace
1219 2495 1246 2519 et
1262 2500 1339 2526 :cqua
1359 2493 1557 2527 compositione
1579 2495 1744 2519 tractaturos
1761 2499 1824 2519 cum

1032 2542 1143 2572 potente
1172 2545 1280 2569 rerum.
1318 2539 1442 2573 aliasque.
1470 2543 1655 2565 conventuros
1686 2538 1824 2572 sigillatim

198 2586 294 2608 omnes
315 2580 377 2608 illos
402 2582 448 2616 qui
476 2584 652 2617 magistratus
677 2588 785 2619 gerunt,
809 2589 858 2612 aut
880 2585 982 2620 alioqui
1015 2585 1145 2621 dignitate
1161 2586 1292 2618 eminent,
1324 2590 1536 2620 ostensurosque
1563 2585 1630 2621 ipsis
1673 2586 1822 2620 diplomata

198 2625 279 2653 bullis
296 2627 386 2654 aureis
403 2627 518 2659 munita,
534 2630 729 2662 promissioncs
763 2630 899 2658 honorum
924 2631 1114 2667 donorumque
1140 2631 1323 2658 maximorum
1347 2633 1533 2664 continentia,
1549 2640 1604 2668 quo
1630 2632 1670 2660 sic
1685 2636 1824 2659 tentaren-

197 2679 250 2705 tur,
264 2672 360 2706 ecquid
375 2674 402 2700 in
418 2678 508 2707 partes
523 2674 592 2701 trahi
608 2680 731 2710 possent.

232 2717 276 2747 ια’.
294 2719 395 2746 Τούτου
417 2719 483 2754 γοῦν
497 2720 621 2754 δόξαντος
633 2723 647 2748 ὸ
667 2722 810 2759 Βρυέννιος
823 2723 869 2750 τὸν
881 2724 981 2751 οἰκεῖον

195 2765 334 2801 ὁμαίμονα
359 2765 405 2792 τδν
441 2766 590 2801 μάγιστρον
619 2767 745 2804 Ἰωάννην
773 2768 980 2804 κουροπαλάτην

195 2811 313 2846 τιμήσας
328 2811 376 2837 καὶ
392 2811 552 2846 δομέστικον
566 2811 620 2839 τῶν
635 2813 737 2847 σχολῶν
751 2814 895 2847 ἀποδείξας
910 2815 980 2849 μετὰ

194 2857 334 2891 δυνάμεως
348 2857 513 2892 ἀποχρώσης
532 2857 682 2893 ἐξέπεμπε,
698 2859 759 2891 δοὺς
776 2859 851 2894 αὐτῷ
865 2860 912 2886 καὶ
926 2860 979 2886 τῶν

195 2903 334 2938 ἀρχόντων
351 2904 448 2939 μοῖραν
463 2903 512 2931 οὐκ
528 2903 682 2939 ἐλαχίστην.
704 2904 732 2931 '0
747 2905 775 2932 δὲ
788 2904 837 2937 τὰς
849 2906 978 2941 δυνάμεις

1069 2722 1113 2750 Η.
1135 2721 1182 2749 His
1198 2721 1235 2749 ita
1249 2721 1376 2754 decretis,
1391 2721 1543 2757 Bryennius
1561 2722 1685 2749 intimum
1702 2729 1822 2749 consan—

1035 2770 1162 2804 guineum
1188 2777 1268 2796 suum
1296 2769 1457 2803 magistrum
1479 2768 1611 2795 Joannem
1637 2768 1822 2803 europalatetn

1034 2816 1135 2842 honore
1148 2819 1258 2842 auctum
1281 2819 1307 2842 et
1323 2814 1502 2842 domesticum
1521 2814 1676 2841 scholarum
1697 2814 1822 2841 declara-

1031 2865 1088 2888 tum
1103 2862 1184 2889 mittit
1199 2869 1260 2888 cum
1277 2869 1309 2888 co
1325 2868 1438 2888 numero
1453 2860 1569 2887 militum
1583 2860 1629 2894 qui
1647 2859 1770 2887 sulliecrc
1786 2860 1820 2889 ad

1029 2913 1141 2942 scopum
1161 2913 1251 2942 pouset
1278 2906 1437 2941 addiditque
1454 2913 1508 2933 nou
1529 2906 1657 2940 exiguam
1673 2906 1771 2935 ducum
1788 2913 1820 2933 tu;
