2123 3154
286 191 338 224 159

883 187 1088 220 NICEPHORI
1112 184 1294 216 BRYENNH

1863 175 1929 207 ΠΟ

285 248 443 283 principum
471 256 593 276 manum.
611 248 715 282 Quibus
738 248 782 275 ille
805 248 893 283 copiis
911 247 1071 281 assumptis.

1129 243 1266 271 ἀναλαϐὼν
1278 241 1362 276 ἀπῄει
1372 240 1439 275 πρὸς
1452 239 1500 274 τὴν
1512 235 1809 264 Κωνσταντινούπολιν.
1822 234 1888 260 Ξυνε
1895 234 1926 259 ξ-

287 298 363 321 recta
387 294 648 329 Constantinopolim
679 294 821 326 tendebat,
847 298 977 328 sequente
1005 299 1073 326 prm-

289 343 363 366 terea
388 339 476 374 ipsum
492 339 652 375 Scytharum
669 347 722 367 non
741 347 824 374 parvo
839 339 972 369 exercitu,
991 345 1044 365 non
1059 344 1076 363 e

293 392 404 419 peregre
428 384 555 418 profectis
582 389 609 411 et
633 385 834 419 stipendiariis,
849 385 895 412 sed
920 392 952 411 ev
977 383 1010 410 iis
1028 382 1075 417 qui

292 438 346 457 non
362 431 448 457 multo
469 435 532 457 ante
549 438 563 456 τι
591 431 769 465 popularibus
786 431 844 458 suis
868 430 901 457 ad
925 429 1076 457 Romanam

272 498 276 510 ξ
293 474 503 501 dominationem
521 481 617 508 sponte
631 475 843 510 transfugerant.
857 474 926 502 Cum
940 481 1004 508 ergo
1019 481 1078 507 pcr-

267 508 276 543 I‘
295 519 410 545 venisset
427 519 593 546 dontesticus
609 508 767 547 scholarum
780 527 866 554 prope
880 518 1075 546 Constantino-

290 563 389 597 polim,
406 568 496 591 castra
523 565 641 592 munivit
666 570 695 592 et
719 564 840 591 teutabat
858 564 996 591 civitatem
1023 570 1076 589 non

291 609 405 636 multum
422 610 615 637 abhorrentem
631 611 665 637 ab
681 617 715 637 eo
729 610 894 644 recipiendo.
913 609 979 636 Nam
1002 612 1029 635 et
1046 608 1072 634 in

288 661 320 680 ea
336 654 459 689 plerique
473 656 575 682 civium
594 655 658 683 odio
673 661 700 683 et
719 656 759 682 ira
783 655 962 690 praeuecupati
979 653 1075 680 adver-

290 707 338 727 sus
353 700 547 733 imperatorem
562 706 639 727 erant
655 705 682 728 et
694 700 903 735 generositatem
920 699 971 726 sibi
984 702 1075 725 notam

290 747 530 780 constantiamque
544 746 670 781 Bryeunii
686 750 842 781 reputantes
860 745 1035 772 trahebantur
1049 744 1075 770 in

1125 297 1190 316 πετο
1204 289 1232 315 δὲ
1253 288 1301 314 καὶ
1326 286 1438 312 Σκυοὼν
1462 285 1511 311 οὐκ
1534 283 1664 317 ἐλαχίστη
1678 290 1719 312 τις
1741 280 1870 314 δύναμις,
1885 279 1923 305 οὐ

1124 334 1179 361 τῶν
1196 334 1279 365 ξένων
1295 333 1343 358 καὶ
1361 331 1545 366 μισθοφᾶρων,
1564 329 1632 354 ἀλλὰ
1659 326 1713 353 τῶν
1734 326 1787 361 πρὸ
1817 324 1924 351 πολλοῦ

1126 379 1370 415 αὐτομολησάντων
1388 377 1441 404 ὑπὸ
1450 377 1499 412 τὴν
1516 375 1655 411 βασιλείαν
1672 373 1828 408 Ῥωμαίων.
1843 371 1923 399 90:1-

1128 434 1178 456 σας
1210 423 1256 451 οὗν
1290 425 1303 450 6
1331 423 1492 458 δομὺτικος
1524 421 1580 448 τῶν
1613 419 1716 455 σχολῶν
1747 419 1832 453 ἐγγυς
1868 418 1924 452 τῆς

1129 470 1441 500 Κωνσταντινουπόλεως
1453 467 1666 503 ἑστρατοπέδευε
1682 467 1729 493 καὶ
1744 465 1927 499 ἀπεπειρᾶτο

1130 517 1240 551 ταύτης.
1259 517 1312 543 Καὶ
1327 517 1351 542 οἰ
1368 516 1442 547 ἐντὸς
1456 515 1514 549 ἃμα
1530 514 1579 549 μὲν
1594 514 1628 540 δι’
1646 513 1732 548 ὀργῆς
1745 513 1857 546 ἄγοντες
1869 511 1923 537 τὸν

1132 561 1283 593 κρατοῦντα
1299 561 1345 587 καὶ
1357 560 1388 586 τὺ
1404 560 1528 593 γενναῖον
1540 559 1587 585 καὶ
1603 558 1738 593 σταθηρον
1753 557 1801 584 τοῦ
1816 557 1924 591 Βρυενο

1132 607 1188 632 νὶου
1208 606 1400 640 γινώσκοντες,
1427 606 1461 640 ἢν
1489 605 1566 636 two;
1593 604 1729 639 ἔκρυπτον
1752 604 1793 634 εἰς
1815 603 1924 629 basim

1128 653 1430 680 εὖνοιανάνεκάλυπτον
1441 652 1504 687 ἠδη.
1531 651 1614 678 mu
1643 651 1674 677 το
1700 650 1838 685 δαιμόνιον
1854 650 1922 676 ἀντ-

1129 699 1244 732 ωπῆσαν
1259 699 1308 734 τὴν
1325 699 1432 726 πάντων
1456 697 1562 724 εὔνοιαν
1578 697 1682 731 ταχέως
1698 698 1736 728 εἰς
1750 696 1780 722 τὸ
1805 696 1923 723 δύσνουν

1132 744 1299 778 μετέστρεφε
1315 745 1387 771 κατά
1398 752 1459 770 τινα
1479 743 1626 778 συντυχίαν
1643 742 1760 770 τοιάνδε.

292 797 355 816 eum
369 794 443 817 tanto
458 790 551 817 studio
569 796 598 817 ut
619 791 675 824 jam
694 798 709 817 a
743 790 988 825 significationibus
1019 788 1142 816 externis
1157 789 1256 816 favoris
1270 790 1297 816 in
1312 797 1373 816 cum
1388 790 1431 816 sui
1449 797 1502 816 non
1533 793 1734 823 temperarent;
1764 787 1810 814 sed
1840 787 1926 814 fatale

294 835 430 868 quoddam
445 843 479 862 ne
494 843 539 863 res
554 836 710 870 procederet
724 836 944 871 impedimentum
975 834 1092 866 obstitit,
1119 841 1174 868 quo
1205 834 1392 862 benevolentia
1421 834 1540 862 civitatis
1584 834 1611 861 in
1639 833 1803 868 Brycnuium
1835 835 1924 867 prona

296 879 395 906 acerbo
421 886 532 914 repente
557 880 620 907 odio
643 885 807 908 commutata
833 885 884 907 est.
911 879 1011 907 Casum
1041 879 1078 906 uti
1098 881 1210 915 contigit
1228 880 1353 907 referam.

335 926 413 961 115
432 928 472 954 η.
493 927 646 955 Domestico
668 927 820 955 scholarum
837 935 852 954 ο
867 928 977 961 regione
992 927 1081 961 palatii
1100 931 1119 959 Β

299 972 508 1000 Blacheruarum
534 977 622 1000 castra
649 973 764 1000 habente
787 974 859 1000 circa
883 973 971 999 locum
1000 979 1081 1006 quem

299 1024 398 1045 vocant
415 1015 595 1052 Cdsmidium,
611 1019 655 1046 ubi
671 1023 698 1046 ct
711 1019 840 1052 templum
858 1019 884 1045 in
900 1018 1011 1045 nomine
1024 1025 1086 1044 sau-

299 1067 406 1089 ctorum
421 1063 526 1090 Cosmrc
549 1071 581 1091 ac
601 1063 722 1090 Damiaui
745 1067 868 1090 erectum
882 1067 923 1090 cst
937 1063 1084 1089 maximum

300 1111 381 1142 atque
392 1108 604 1142 pulcherrimum
616 1108 749 1143 juxtaque
764 1115 812 1135 arx
827 1113 960 1139 astructa,
973 1108 1084 1141 quidam

297 1160 313 1179 e
329 1153 419 1180 servili
438 1161 536 1188 genere
556 1154 673 1180 lixarum
697 1158 744 1181 aut
765 1161 780 1181 e
806 1153 938 1189 gregariis
956 1153 1086 1180 militibus

297 1199 368 1226 vallo
380 1204 577 1234 procurrentes
587 1199 752 1234 traiecerunt
767 1204 876 1234 pontem
889 1204 917 1227 et
929 1207 961 1226 ex
972 1199 1086 1226 adverso

300 1246 421 1273 civitatis
437 1253 483 1281 per
495 1254 571 1274 oram
592 1247 788 1281 angustissimo
803 1247 918 1274 divisam
942 1246 1012 1274 freto
1023 1254 1088 1274 cur-

303 1290 404 1318 sabant
416 1291 507 1318 studio
523 1299 554 1319 ac
567 1292 731 1320 necessitate
754 1293 915 1320 corradendi
931 1300 975 1320 res
989 1300 1089 1328 oppor-

302 1342 384 1364 tunas
411 1341 438 1364 et
462 1338 599 1372 rapiendis
621 1339 711 1366 obviis
730 1339 884 1374 quibusque
907 1347 937 1366 se
963 1340 1088 1375 accinge-

304 1382 381 1408 baut.
396 1381 529 1414 QuOuiam
547 1390 611 1410 vero
624 1383 670 1418 qui
686 1383 743 1410 illic
757 1383 914 1410 habitabant
934 1383 989 1418 jam
1010 1390 1088 1412 antea

304 1434 354 1453 sua
369 1427 461 1454 omnia
477 1427 548 1455 intra
571 1430 708 1456 civitatem
731 1429 943 1461 transtulerant.
961 1430 1004 1457 ubi
1022 1431 1088 1458 nihil

304 1473 349 1500 isti
364 1474 498 1501 temerarii
513 1482 643 1503 cursores
658 1475 837 1510 supellectilis
850 1480 897 1503 aut
911 1477 1006 1510 praeda:
1020 1477 1088 1503 intra

297 1519 399 1548 domos
418 1526 596 1556 repererunt,
612 1522 672 1548 irati
689 1521 823 1556 subjicere
837 1522 925 1557 ignem
942 1523 1087 1557 parabant.

304 1565 358 1593 Sed
377 1567 429 1594 hoc
444 1568 565 1594 sentiens
578 1567 748 1595 domesticus
770 1568 926 1595 scholarum
944 1569 1017 1596 misit
1033 1574 1088 1596 sta-

1172 927 1216 962 ιβ’.
1231 927 1285 954 Τοῦ
1305 928 1465 960 δομεστίκου
1479 931 1532 954 τῶν
1556 927 1659 963 σχολῶν
1675 927 1788 961 ἀντικρὺ
1815 925 1868 952 τῶν
1896 926 1927 951 ἐν

1135 973 1300 1007 Βλαχέρναις
1326 974 1464 1000 παλατίων
1480 973 1760 1009 στρατοπεδεύσαντος
1786 973 1849 1006 περῖ
1875 972 1926 997 τῖον

1135 1019 1216 1045 τόπον
1229 1019 1258 1045 ὃν
1277 1019 1390 1046 καλοῦσι
1405 1020 1561 1054 Κοσμὶδιον,
1579 1020 1608 1045 ὲν
1627 1015 1649 1052 ᾧ
1665 1019 1712 1045 καὶ
1725 1018 1787 1049 ναὸς
1802 1018 1844 1044 ἐπ’
1858 1018 1923 1043 6‘16—

1137 1073 1202 1098 ματι
1216 1064 1270 1090 τῶν
1285 1064 1502 1100 θαυματουργιῖη
1520 1064 1696 1099 ’Δναργὺρων
1712 1064 1818 1098 ἵδρυται
1841 1063 1927 1098 μέγι-

1137 1110 1197 1141 στός
1217 1119 1247 1136 τε
1261 1110 1307 1136 καὶ
1324 1111 1467 1142 κάλλιστος
1484 1110 1532 1136 καὶ
1555 1110 1686 1145 φρούριον
1704 1110 1760 1144 (63)
1781 1109 1928 1144 ᾠκοδόμη-

1136 1164 1192 1187 ται,
1207 1156 1279 1186 τινὲς
1290 1155 1343 1182 τῶν
1361 1155 1408 1182 τοῦ
1423 1154 1547 1189 θητικοῦ,
1563 1155 1602 1182 ἔτι
1617 1163 1649 1189 γε
1670 1155 1723 1190 μὴν
1737 1155 1784 1180 καὶ
1800 1154 1854 1180 τῶν
1874 1154 1927 1180 τοῦ

1138 1201 1334 1236 στρατιωτικοῦ
1349 1201 1397 1227 τοῦ
1411 1202 1532 1236 χάρακος
1550 1201 1729 1232 ὑπεκθέοντες
1744 1199 1878 1227 διέϐαινόν
1892 1208 1928 1225 τε

1137 1246 1186 1280 τὴν
1204 1247 1328 1282 γέφυραν
1347 1247 1403 1282 (Η)
1431 1247 1478 1273 καὶ
1507 1247 1673 1283 καταντικρὺ
1688 1247 1738 1280 τῆς
1764 1246 1866 1276 πόλεως
1894 1247 1928 1271 ὲν

1138 1294 1195 1323 τοῖς
1213 1292 1260 1318 τοῦ
1278 1293 1375 1319 Στενοῦ
1395 1293 1543 1327 φοιτῶντες
1563 1293 1674 1327 μέρεσιν
1693 1291 1820 1326 ἀφορμῆς
1840 1290 1928 1325 δῆθεν

1139 1338 1189 1373 τῆς
1203 1339 1257 1365 τῶν
1270 1339 1424 1373 ἀναγκαίων
1441 1339 1607 1374 συγκομιδῆς
1616 1338 1775 1374 δταρπάζειν
1790 1338 1824 1364 τὰ
1834 1345 1928 1372 προσ-

1139 1386 1254 1420 τυχόντα
1275 1386 1426 1413 ἐϐούλοντο.
1461 1387 1521 1413 Τῶν
1544 1387 1567 1413 δ’
1589 1386 1738 1422 οἰκητόρων
1763 1385 1929 1420 φθασάντων

1140 1432 1228 1458 πάντα
1239 1432 1315 1464 ἐντὸς
1329 1433 1493 1467 συγκομίσαι
1508 1433 1556 1467 τῆς
1571 1433 1676 1464 πόλεως
1689 1433 1715 1459 oi
1730 1431 1927 1468 ἐκδραμόντες,

1140 1478 1201 1504 ἐπεὶ
1224 1478 1305 1510 κενὰς
1325 1478 1374 1509 τὰς
1391 1478 1479 1510 οἰκίας
1505 1478 1634 1513 λαφύρων
1660 1477 1765 1512 ἑώρων,
1788 1477 1874 1511 Θυμοῦ
1893 1485 1929 1503 τε

1141 1524 1342 1558 ἐνεπίμπλαντο
1353 1524 1400 1550 καὶ
1411 1524 1559 1558 πυρπολεῖν
1570 1524 1655 1555 αὑτὰς
1664 1523 1833 1558 ἐπεχείρουν.
1842 1522 1927 1548 ’Δλλὰ

1140 1569 1219 1595 τοῦτο
1230 1569 1388 1603 αἰσθόμενος
1398 1570 1411 1596 ὁ
1419 1569 1578 1604 δομέστικος
1591 1569 1645 1595 τῶν
1663 1568 1766 1603 σχολῶν
1782 1567 1927 1594 ἀπέστειλε

304 1611 354 1637 tim
369 1611 415 1645 qui
431 1616 591 1639 revocarent
604 1620 619 1639 a
631 1613 739 1640 vecordi
751 1619 838 1648 coepto
849 1619 874 1641 et
889 1614 975 1649 ignem
988 1615 1085 1642 exstin-

1141 1614 1185 1640 διὰ
1200 1615 1299 1649 τάχους
1307 1615 1369 1646 τοὺς
1378 1614 1516 1649 εἴρξοντας
1527 1614 1625 1645 αὐτοὺς
1639 1613 1689 1647 τῆς
1703 1614 1822 1640 ἀτάκτου
1836 1612 1929 1647 ὁρμῆς

309 1661 434 1691 guerent.
457 1657 491 1684 At
518 1657 545 1684 hi
572 1657 660 1685 serius
687 1658 855 1685 advenerunt
882 1659 1007 1686 incendio
1024 1659 1090 1693 .jam

309 1701 496 1730 invalescente
520 1702 626 1737 alteque
655 1703 761 1731 sublato
788 1708 816 1730 et
844 1703 953 1730 obvium
984 1704 1092 1738 quidvis

309 1754 500 1777 consumente.
517 1750 567 1779 Per
583 1749 656 1778 hunc
678 1758 799 1778 errorem
817 1752 931 1786 contigit
947 1752 1092 1786 speciosis-

309 1795 379 1822 sima
397 1803 511 1830 qureque
533 1796 708 1838 pulcherrimi
733 1797 856 1824 suburbii
871 1796 989 1824 flammis
1003 1797 1093 1824 defor-

308 1841 388 1868 mari.
403 1841 430 1869 ld
447 1849 511 1869 vero
532 1843 638 1870 civibus
650 1842 959 1877 Constantiuopolitanis
975 1843 1093 1877 perindi-

298 1894 390 1921 .gnunt
405 1887 495 1914 visum
509 1895 603 1915 eorum
619 1888 680 1916 odia
704 1889 730 1915 in
753 1888 879 1924 Bryennii
899 1894 990 1924 partes
1009 1889 1093 1917 movit

306 1931 486 1967 favoremque
500 1934 618 1968 priorem
640 1941 748 1961 omnem
764 1942 796 1962 ac
812 1935 1028 1962 benevolentiam
1045 1943 1093 1962 ex-

305 1978 413 2005 stinxit.
425 1978 510 2013 Cujus
525 1987 600 2006 novae
614 1979 723 2007 invidie
737 1980 845 2008 indiciis
862 1980 987 2008 videlicet
999 1989 1093 2008 erum-

306 2023 434 2058 pentibus
449 2024 600 2059 desperans
615 2024 668 2052 dux
682 2025 819 2052 exercitus
841 2026 938 2053 adduci
961 2034 1040 2060 posse
1059 2027 1093 2053 ad

298 2078 372 2097 .suas
397 2075 487 2104 partes
515 2070 703 2105 persuasione,
724 2070 863 2098 civitatem
891 2071 946 2098 vim
975 2071 1094 2106 experiri

306 2116 446 2143 constituit
462 2122 489 2144 et
505 2116 538 2143 ad
557 2117 784 2152 oppugnationem
805 2125 834 2145 se
852 2117 1022 2152 accingebat.

342 2161 386 2188 15.
414 2161 522 2188 Interim
550 2162 697 2196 imperator
722 2163 809 2190 muris
835 2163 868 2190 ad
895 2162 1094 2191 Mediterranea

298 2207 422 2242 .objectis
437 2207 512 2234 ﬁrma
529 2208 652 2242 praesidia
669 2209 809 2242 imposuit,
825 2208 942 2236 ducibus
962 2209 1095 2244 pratfectis

1143 1660 1189 1686 καὶ
1205 1659 1234 1686 τὸ
1249 1659 1306 1695 πῦρ
1315 1660 1548 1691 κατασὸέσοντας.
1560 1660 1607 1690 El;
1620 1659 1696 1686 οὐδὲν
1709 1659 1732 1686 δ’
1747 1658 1821 1693 αὐτῷ
1834 1659 1868 1684 τὰ
1878 1659 1929 1692 τῆς

1142 1706 1230 1741 ὁρμῆς
1245 1705 1387 1741 κατέληξε,
1415 1706 1460 1732 τοῦ
1478 1706 1564 1741 πυρὸς
1581 1707 1621 1737 εἰς
1640 1706 1710 1741 μέγα
1733 1705 1861 1740 ἀρθέντος
1880 1704 1931 1731 καὶ

1143 1752 1197 1778 πᾶν
1215 1751 1246 1778 τὸ
1264 1752 1418 1787 παρατυχδν
1442 1751 1667 1786 καταφλέγοντος.
1688 1750 1791 1785 Ξυνέϐη
1807 1749 1872 1784 γοῦν
1892 1751 1927 1776 ἐκ

1142 1796 1238 1824 τούτου
1255 1797 1338 1823 πολλὰ
1353 1796 1407 1822 τῶν
1422 1795 1574 1822 καλλίστων
1591 1794 1760 1830 προαστείων
1788 1793 1932 1828 πυρπολη‹

1148 1842 1238 1877 θῆναι.
1256 1842 1342 1870 Τοῦτο
1357 1841 1388 1868 τὸ
1407 1842 1486 1876 ἔργον
1513 1842 1552 1873 είς
1570 1841 1654 1876 θυμὸν
1676 1841 1738 1871 τοὺς
1762 1840 1871 1869 πολίτας
1888 1839 1931 1865 δι-

1143 1887 1235 1922 ήγειρε
1250 1887 1298 1914 καὶ
1314 1887 1357 1922 [Ρ.
1374 1887 1418 1922 78]
1437 1887 1484 1921 τὴν
1504 1885 1611 1912 εὔνοιαν
1629 1884 1730 1912 τούτων
1751 1884 1931 1919 μετέστησειμ

1150 1921 1298 1967 ίΛπογνοὺς
1313 1921 1403 1959 τοίνυν
1412 1921 1431 1958 Ῠὸ
1450 1932 1504 1958 τῶν
1518 1930 1666 1966 ταγμάτων
1680 1929 1794 1964 ἔξαρχος
1809 1921 1860 1954 to:
1870 1936 1932 1954 πει-

1144 1977 1186 2004 ῧοϊ
1211 1978 1260 2013 τὴν
1295 1978 1372 2004 πόλιν
1401 1975 1629 2012 παραστήσασθαι
1660 1974 1731 2011 πρὸς
1769 1973 1929 2009 πολιορκίαν

1143 2024 1252 2060 ἐχώρει.

1182 2170 1226 2201 ιγ’.
1249 2167 1280 2193 '0
1295 2166 1324 2193 δὲ
1343 2165 1492 2201 τηνικαῦτα
1508 2164 1616 2200 κρατῶν
1640 2163 1690 2199 τῆς
1709 2163 1763 2190 τῶν
1785 2171 1858 2190 κατα
1880 2163 1931 2195 τὴν

1145 2214 1243 2249 χέρσον
1258 2212 1357 2247 τειχῶν
1371 2213 1493 2247 φρουρᾶς
1504 2212 1638 2247 ἐπέστησε
1652 2211 1775 2245 φύλακας
1790 2209 1835 2236 τόν
1846 2218 1875 2235 τε
1890 2211 1931 2235 οἱ-

302 2254 421 2288 ,pruprio
437 2253 519 2280 fratre
533 2254 712 2281 Constantino
725 2253 960 2288 Porpltyrogenito
976 2259 1002 2281 et
1015 2255 1085 2290 ιιε

1129 2260 1219 2302 ⁵κε’ἰον
1231 2258 1368 2293 ὁμαίμονα
1389 2257 1593 2284 Κωνσταντῖνον
1608 2256 1653 2282 τὸν
1673 2254 1932 2305 Πορφυρογέννητον

310 2300 451 2328 Conineno
462 2300 568 2328 Alexio.
584 2299 636 2333 Qui
655 2301 767 2334 penuria
783 2301 899 2327 militum
915 2300 1046 2335 quosdam
1060 2309 1093 2329 ex

306 2346 395 2374 obviis
413 2350 573 2374 auctoratos
594 2350 622 2373 et
647 2346 824 2373 tumultuarie
838 2350 958 2374 armatos
973 2346 1094 2374 custodi-

306 2394 358 2422 bus
373 2401 514 2422 murorum
539 2393 717 2426 miscuerunt,
734 2393 851 2428 propriis
878 2393 959 2420 etiam
979 2394 1095 2429 quisque

307 2439 420 2467 familiis
434 2440 537 2474 pariter
552 2438 674 2471 armatis,
690 2439 740 2473 ipsi
757 2439 829 2466 ultro
845 2439 967 2474 citroque
980 2446 1094 2467 cursan-

308 2489 351 2513 tes
363 2485 514 2513 defensioni
528 2485 602 2513 urbis
616 2485 801 2513 attendebant.
812 2484 871 2518 Quo
884 2489 1004 2520 tempore
1014 2485 1095 2513 Com-

309 2539 398 2559 nenus
413 2532 523 2559 Alexius
537 2539 598 2559 cum
614 2539 630 2559 e
649 2531 767 2566 speculis
784 2531 954 2559 observasset
966 2539 1063 2559 manus
1079 2540 1094 2560 e

311 2577 489 2612 Bryennianis
504 2577 602 2605 castris
617 2577 649 2604 ad
668 2577 843 2612 praedandum
858 2584 983 2612 egressas
997 2584 1093 2604 versus

309 2631 384 2651 oram
400 2623 564 2650 maritimam
582 2623 754 2651 descendisse
778 2631 943 2658 rursumque
959 2623 1095 2658 plerisque

310 2670 336 2697 iu
363 2675 453 2698 castra
477 2669 654 2698 redeuntibus
670 2670 749 2697 valde
767 2677 868 2704 paucos
892 2674 964 2696 retro
989 2669 1096 2696 relictos

309 2716 433 2750 haesisse,
449 2715 590 2753 patefactis
609 2715 701 2744 subito
727 2715 811 2750 portis
829 2723 890 2742 cum
914 2715 1096 2742 familiaribus

1148 2305 1195 2332 καὶ
1213 2304 1259 2331 τὸν
1274 2303 1417 2339 Κομνηνὸν
1436 2302 1564 2335 Ἀλέξων,
1584 2302 1609 2328 οἶ
1634 2301 1808 2336 στρατιωτῶν
1830 2300 1933 2335 ἀπορίᾳ

1146 2350 1201 2377 τῶν
1214 2351 1420 2385 προστυχόντων
1431 2350 1506 2380 τινὰς
1523 2349 1569 2375 ἐπὶ
1581 2347 1614 2374 τὰ
1626 2347 1704 2382 τείχη
1720 2346 1933 2377 ἀναϐιϐάσαντες

1147 2397 1273 2429 καὶτοὺς
1294 2397 1399 2424 ἑαυτῶν
1420 2395 1635 2425 καθοπλίσαντες
1657 2394 1734 2420 αὐτοὶ
1760 2392 1933 2428 περιθέοντες

1146 2441 1297 2476 ἐφρούρουν
1308 2441 1357 2476 τὴν
1372 2440 1461 2467 πόλιν.
1476 2440 1521 2466 Ἐν
1540 2440 1590 2474 μιᾷ
1602 2438 1630 2464 δὲ
1641 2437 1695 2465 τῶν
1708 2437 1786 2472 ὡρῶν
1800 2444 1933 2472 περισκο-

1147 2485 1205 2511 πῶν
1216 2487 1230 2512 ὁ
1246 2485 1387 2520 Κομνηνδς
1407 2484 1525 2516 Ἀλέξιος
1537 2485 1600 2515 τοὺς
1612 2483 1666 2510 ἀπὸ
1683 2482 1866 2518 στρατοπέδου
1884 2481 1931 2508 τοῦ

1147 2531 1292 2566 Βρυεννίου
1316 2531 1456 2566 προνομῆς
1482 2529 1562 2564 χάριν
1582 2529 1651 2564 πρὸς
1677 2528 1712 2555 τὰ
1738 2527 1858 2562 παράλια
1878 2527 1932 2552 τῶν

1146 2576 1243 2612 χώρων
1262 2577 1404 2606 κατιόντας
1430 2575 1477 2601 καὶ
1500 2575 1577 2606 αὖθις
1602 2574 1670 2609 πρὸς
1696 2573 1725 2600 τὸ
1753 2572 1933 2608 στρατὸπεδον

1147 2622 1375 2657 ὰναστρέφοντας,
1394 2621 1501 2654 ὀλίγους
1524 2621 1552 2646 δὲ
1571 2621 1668 2654 κομιδῇ
1690 2618 1931 2652 καταλειφθέντας,
1961 2627 1965 2632 ι

1146 2668 1195 2699 τὰς
1210 2668 1297 2696 πύλας
1314 2667 1486 2697 ἀναπετάσας
1504 2667 1586 2698 ἔξεισι
1606 2665 1674 2700 μετὰ
1691 2665 1745 2691 τῶν
1760 2664 1827 2698 ἀμφ’
1851 2663 1933 2688 αὑτὸν

1149 2714 1196 2739 καὶ
1209 2712 1370 2747 ἐπιθέμενος
1383 2712 1488 2743 τούτοις
1498 2712 1598 2746 ζωγρεῖ
1612 2711 1710 2746 ἄνδρας
1729 2710 1809 2744 μέχρι
1826 2708 1880 2734 τῶν
1894 2707 1934 2733 εἴ·

822 2797 921 2828 Caroli
941 2797 985 2827 Du
1001 2797 1118 2827 Fresne
1131 2795 1177 2825 Du
1199 2795 1302 2833 Cange
1320 2797 1414 2824 noue.

350 2869 406 2902 us)
421 2870 574 2904 Φρούριον.
593 2869 624 2897 ν.
642 2874 699 2897 not.
719 2870 750 2896 ad
773 2851 905 2897 Vilihard.
924 2878 950 2896 η.
966 2868 1009 2896 86.

351 2903 407 2938 (Μ)
421 2903 573 2932 Διέϐἀινον
589 2905 646 2939 τὴν
661 2905 804 2939 γέφυραν.
833 2905 924 2933 Fontis
946 2905 1023 2933 istius
1041 2912 1098 2932 me-

1153 2867 1231 2894 minit
1243 2867 1393 2893 Cinnamus
1411 2866 1428 2891 l.
1447 2874 1476 2892 ιι.
1493 2865 1574 2893 Plura
1588 2865 1668 2893 etiam
1692 2864 1724 2891 dc
1737 2863 1782 2891 illo
1794 2860 1931 2897 congessi-

1153 2911 1212 2930 tnus
1227 2902 1259 2929 ad
1277 2901 1407 2929 Villltard.
1424 2909 1449 2928 ιι.
1469 2902 1513 2928 85.

2053 1016 2057 1114 1

2055 1196 2057 1240 ι

2056 1542 2057 1607 l
