2123 3154
170 197 238 230 ’181

809 201 1081 232 HISTORIARUM
1103 203 1176 233 LIB.
1199 204 1257 233 Ill.

1802 211 1855 244 162

182 264 266 288 κοσι,
292 257 346 283 καὶ
362 257 435 292 πρὶν
453 258 470 293 ἧ
482 258 544 289 τοὺς
561 257 656 288 ἄλλους
671 256 770 290 γνῶναι
788 257 817 282 τὸ
849 257 940 291 δρᾶμα
965 258 1014 282 ἑπ-

1066 258 1185 292 «τυηψῑι
1201 259 1359 294 impetuque
1377 259 1404 286 in
1420 259 1469 287 hos
1483 260 1554 288 facto
1567 262 1644 289 vivos
1658 263 1730 297 capit
1743 271 1856 292 numero

194 303 294 329 ἁνεισι
309 303 376 337 μετ’
392 304 489 330 αὐτῶν
505 304 544 335 εἰς
558 304 606 338 τὴν
626 303 712 329 πόλιν.
727 303 781 329 Καὶ
794 302 873 332 εὐθὺς
896 302 1009 336 περιλά-

185 349 277 382 λητος
293 347 332 385 ἦν
344 352 408 381 τοῖς
422 351 552 378 ἁπάντων
565 349 722 384 στόμασινή
740 348 788 374 τοῦ
802 348 898 383 ἀνδρὸς
912 348 1009 382 ἀρετή.

194 394 228 420 '0
251 395 288 421 δὲ
313 395 425 429 φθόνος
442 396 571 427 ὑπέκνιςε
599 396 644 421 τὴν
661 395 866 421 Κωνσταντῖνον
883 393 1011 420 τοσοῦτον

187 439 231 471 ὡς
249 441 304 467 καὶ
323 442 406 468 κατὰ
429 442 576 477 πρόσωπον
591 441 629 476 τῷ
646 441 726 476 ἀνδρὶ
742 439 953 475 λοιδορήσασθαι
971 439 1012 466 ὅτι

192 485 235 520 μὴ
253 487 308 512 καὶ
325 487 432 514 τοῦτον
456 487 657 522 συμπράκτορα
673 486 735 521 ἐσχε
750 485 797 512 τοῦ
818 485 912 520 ἔργου.
933 485 963 511 '0
983 484 1012 511 δὲ

191 532 318 566 κρατῶν
334 533 450 568 ἠγάσθη
464 542 493 560 τε
521 533 617 560 τούτου
634 533 684 568 τὴν
707 532 808 568 πρᾶξιν
834 531 882 557 καὶ
899 531 1013 566 χάριτας

194 577 280 612 αὐτῷ
302 578 441 613 φανερῶς
467 578 612 613 ὡμολόγει.
628 577 737 611 Ταύτην
762 577 812 611 τὴν
840 575 941 610 πρᾶξιν
966 575 1012 602 τοῦ

195 623 361 657 Κομνηνοῦ
380 624 508 659 ἀφορμὴν
524 625 538 650 6
552 625 660 659 Καῖσαρ
675 622 763 658 εὑρὼν
776 622 821 648 τὴν
837 622 925 656 γάμον
943 622 1015 654 ἐξαι-

196 669 242 695 τεῖ
256 670 312 704 τῆς
334 669 507 705 θυγατριδῆς
524 669 685 703 τελεσθῆναι
697 667 744 695 τοῦ
760 668 850 703 γάμου
871 666 1012 702 συναφεία-

199 715 264 741 Καὶ
285 715 415 742 τελεῖται
432 715 536 750 ταχέως
555 715 614 750 ἆμα
637 715 676 749 τῷ
695 714 810 749 λυθῆναι
826 714 877 749 τὴν
902 713 1014 748 πολιορο

202 759 274 786 κίαν
297 761 336 795 τῇ
357 761 445 787 πόλει.
464 760 556 787 Ταῦτα
576 760 624 795 μὲν
638 759 732 787 τοῦτον
745 759 807 795 ἔσχε
821 760 867 786 τὸν
882 759 997 794 τρόπον.

247 804 294 832 ιδ’.
319 806 353 832 '0
372 807 400 833 δὲ
413 806 468 832 τῶν
483 805 630 840 ταγμάτων
647 805 791 841 κατάρχων
808 804 855 831 τοῦ
872 803 1015 839 Βρυεννίου

204 851 362 885 mas).th
385 851 455 886 ὁρῶν
471 851 629 886 τριϐόμενον
644 850 690 877 τὸν
710 851 762 886 τῆς
778 849 936 885 πολιορκίας
952 858 1015 876 και-

207 897 273 932 ρδν,
292 897 341 924 ῐνα
358 898 395 933 μὴ
410 897 489 925 πλέον
503 896 646 931 κακοπαθῇ
662 896 686 922 οἰ
702 896 733 922 τὸ
749 896 920 931 στράτευμα,
936 895 1014 921 ἐδού-

1063 301 1156 335 viginti
1173 309 1204 328 ac
1219 303 1376 336 priusquam
1393 304 1439 330 alii
1457 305 1590 332 sentirent
1605 306 1675 333 intra
1692 307 1786 334 urbem
1811 316 1856 335 ra-

1063 347 1111 380 pit.
1130 345 1190 379 Quo
1217 347 1286 374 facto
1313 356 1360 382 per
1384 349 1519 376 civitatem
1538 350 1632 377 statim
1649 351 1720 378 fama
1738 353 1856 387 vulgato,

1063 391 1153 417 onmia
1183 392 1232 418 viri
1265 392 1391 420 laudibus
1425 395 1617 428 personabant.
1647 396 1723 424 Unde
1754 398 1857 426 invidia

1063 438 1134 464 ussit
1149 437 1359 466 Constantinum
1376 439 1402 466 in
1418 444 1521 467 tantum
1539 446 1568 468 nt
1583 449 1674 469 coram
1691 443 1717 470 in
1735 451 1766 471 os
1777 443 1858 471 Com-

1063 489 1135 509 neno
1149 481 1270 517 jurgium
1290 482 1381 515 ferret,
1399 485 1470 519 quod
1489 486 1511 513 is
1528 493 1558 513 se
1574 487 1680 514 socium
1696 488 1729 515 ad
1747 489 1773 516 id
1791 489 1858 516 facis

1063 534 1116 554 nus
1132 535 1186 554 non
1200 527 1381 556 adhibuisset.
1397 528 1547 564 Imperator
1561 536 1651 559 tamen
1669 533 1769 561 factum
1791 542 1856 568 pro-

1064 573 1141 600 bavit
1156 578 1182 600 et
1198 572 1295 600 Alexio
1311 574 1400 608 palam
1416 576 1518 609 gratias
1535 577 1601 611 egit.
1612 577 1650 604 Ex
1664 577 1715 606 ltoc
1725 580 1856 607 Comneni

1064 625 1191 646 successu
1216 617 1332 652 indeque
1348 623 1406 645 orta
1423 619 1572 648 offensione
1588 621 1758 650 Constantini
1776 631 1858 651 occa~

1065 664 1168 691 sionem
1181 663 1273 691 Caesar
1289 665 1409 698 captavit
1424 670 1604 699 opportunam
1621 668 1733 702 urgendi
1747 670 1856 703 nuptias

1053 710 1180 745 .propria:
1202 710 1290 745 neptis
1308 718 1370 738 cum
1387 711 1482 738 Alexio
1494 732 1501 745 ,
1521 720 1581 747 qua:
1595 718 1621 740 et
1637 719 1698 748 post
1713 714 1765 743 sub
1779 716 1856 743 obsi-

1065 755 1154 783 dionis
1169 756 1332 783 solutionem
1350 756 1402 783 rite
1417 757 1559 784 celebratae
1575 764 1649 786 sunt.

1101 801 1145 828 14.
1168 801 1238 828 Inter
1258 801 1316 829 hinc
1335 802 1406 829 enim
1432 802 1595 838 Bryeuniani
1611 804 1708 833 ductor
1721 808 1856 836 exercitus

1067 846 1168 874 frustra
1191 848 1286 876 videns
1310 849 1358 875 teri
1385 849 1528 876 obsidione
1553 855 1676 885 tempus,
1694 860 1729 880 ne
1750 855 1858 882 vexatio

1068 893 1144 920 irrita
1160 895 1297 921 exercitus
1314 900 1462 926 cresceret,
1478 896 1583 923 solvere
1598 896 1767 926 obsidionem
1784 900 1859 934 cogi-

207 930 278 968 λετο
294 941 349 977 μὲν
359 930 414 977 'zﬁv
425 941 583 976 πολιορκίαν
593 930 683 972 λῦσαι,
697 930 831 975 ᾐσχύνετο
843 939 866 966 δ’
879 939 954 973 ὅμως
967 938 1014 964 καὶ

1068 939 1161 971 tabat,
1179 940 1420 974 rctardabaturque
1444 941 1532 968 solntn
1559 943 1662 976 pudore
1687 930 1859 978 quodamuet

210 987 316 1013 ἐδεδίει
335 987 449 1022 μήποτέ
464 996 490 1013 τι
506 986 624 1021 ξυμὸαίη
638 986 740 1020 σχίσμα
755 985 821 1020 περὶ
836 984 885 1019 τὴν
903 983 1016 1011 παλινό-

212 1041 330 1065 στησιν.
355 1033 462 1068 Ἑζήτει
479 1031 525 1059 οὖν
546 1041 606 1059 τινα
635 1032 773 1067 πρόφασιν
793 1031 920 1065 ὲφευρεῖν
945 1029 1015 1056 ὥστε

213 1078 266 1106 καὶ
279 1078 335 1114 τὴν
349 1079 505 1114 πολιορκίαν
522 1078 602 1104 λῦσαι
616 1079 662 1104 καὶ
679 1077 763 1112 μηδέν
778 1085 804 1102 τι
816 1077 848 1102 ὲκ
860 1075 956 1102 τούτου
973 1083 1016 1101 πε-

217 1123 365 1159 ριέσεσθαι
393 1124 535 1159 βλαϐερόν.
561 1124 641 1150 Οὕτω
663 1123 685 1149 δ’
705 1121 787 1148 αὐτοῦ
812 1121 1016 1156 διανοουμένου,

216 1169 427 1203 ἁπαγγέλλεταί
444 1178 470 1195 τι
491 1168 593 1203 πλῆθος
616 1167 728 1194 Σκυθῶν
751 1167 847 1194 suam
860 1167 905 1193 τὸν
930 1163 1017 1201 Αἷμον

217 1216 270 1243 καὶ
286 1216 322 1242 τὰ
338 1215 409 1242 κατὰ
422 1215 469 1250 τὴν
485 1214 659 1251 Χερρόνησον
677 1214 846 1249 κατατρέχον
869 1213 956 1248 χωρία
971 1213 1017 1240 καὶ

218 1261 397 1297 ληϊζόμενον.
419 1261 503 1287 Τοῦτο
516 1259 607 1286 τοίνυν
631 1259 758 1294 ἀφορμὴν
772 1257 860 1293 εὑρὼν
883 1259 896 1284 ὁ
912 1265 1013 1292 στρατ-

219 1308 314 1343 άρχης
330 1306 388 1333 λύει
416 1306 465 1342 τὴν
478 1305 636 1340 πολιορκίαν
650 1304 722 1331 κατὰ
739 1304 794 1330 τῶν
813 1303 926 1330 Σκυθῶν
941 1303 1017 1338 ἐξορ-

219 1355 335 1388 μήσας,
361 1352 409 1379 καὶ
434 1351 552 1386 ἐντυχὼν
576 1351 670 1381 αὐτοῖς
698 1349 857 1376 ἐπανιοῦσιν
884 1348 1018 1384 ἑτρέψιιτο

220 1399 297 1425 κατὰ
311 1397 411 1433 κράτος
422 1397 465 1423 καὶ
481 1396 561 1431 φόνον
572 1396 614 1422 ὃτι
627 1395 751 1422 πλεῖστον
772 1394 930 1429 εἰργάσατο,
944 1401 1018 1428 παμ-

221 1442 343 1474 πόλλους
366 1443 394 1468 δὲ
419 1442 565 1477 ζωγρήσας
586 1441 654 1475 πρὸς
677 1440 722 1467 τὸν
745 1439 859 1474 ἀδελφὺν
884 1439 1015 1473 ἐπανῆκε.

220 1489 350 1516 Γίνονται
363 1487 409 1515 οὖν
429 1488 453 1514 οἱ
469 1487 622 1518 ὲαλωκότες
633 1486 730 1520 ἐκείνῳ
745 1485 856 1520 ἀφορμὴ
872 1485 940 1520 πρὸς
954 1485 1017 1516 τοὺς

221 1534 334 1566 Σκύθας
355 1534 467 1569 εἰρήνης
490 1542 520 1560 τε
546 1534 592 1560 καὶ
616 1532 796 1567 ξυμὸάσεως·
815 1531 938 1566 ὁμήρους
962 1530 1018 1564 γὰρ

222 1577 281 1605 τῶν
301 1577 441 1612 ἐπιφανῶν
456 1577 548 1608 δόντες
562 1576 625 1607 τούς
644 1585 673 1602 τε
688 1576 806 1607 οἰκείους
826 1574 1017 1610 αἰχμαλώτους

223 1623 355 1659 εἰλήφασι
366 1623 414 1650 καὶ
428 1622 569 1658 σύμμαχοι
584 1621 671 1657 τούτῳ
687 1622 872 1657 κατέστησαν.

264 1708 306 1737 ιε’.
334 1708 378 1737 Ἐν
392 1710 447 1742 ὅσῳ
467 1710 495 1736 δὲ
516 1709 604 1736 ταῦτα
618 1709 779 1744 ἐπράττετο,
801 1709 815 1737 6
836 1709 1017 1745 Βοτανειάτης

227 1755 393 1790 Νικηφόρος,
413 1754 455 1792 [Ρ.
481 1755 526 1792 79]
541 1753 580 1788 εἷς
594 1755 632 1782 ὢν
646 1756 700 1782 τῶν
717 1757 749 1782 ὲκ
768 1756 817 1790 τῆς
838 1755 924 1791 Ἐῲας
940 1757 1017 1790 εὐγε-

227 1802 375 1834 νεστάτων,
401 1802 553 1836 στρατηγὸς
567 1801 622 1828 τῶν
641 1800 820 1828 1Δνατολικῶν
842 1802 894 1836 προ
919 1800 1016 1828 πολλοῦ

227 1847 368 1878 καταστὰς
395 1846 472 1882 παρὰ
492 1847 635 1879 ὒασιλέως,
656 1847 689 1883 ἢν
713 1846 807 1873 ὤδινεν
834 1847 1017 1873 ἐπανάστασιν

226 1893 266 1924 si;
285 1893 439 1928 τούμφανὲς
461 1893 592 1928 ἐξήγαγε.
615 1892 719 1919 Μαθὼν
742 1893 795 1927 γὰρ
817 1893 845 1918 ὲν
883 1894 1017 1928 ταραχαῖς

227 1937 296 1966 εἶναι
311 1939 344 1965 τὰ
359 1938 430 1965 κατὰ
445 1938 495 1973 τὴν
514 1938 662 1973 Ἑσπέραν,
676 1938 714 1969 ὡς
723 1938 777 1964 τῶν
786 1937 889 1965 πόλεων
903 1937 1016 1965 άπασῶν

227 1985 279 2012 ὑπὸ
289 1985 335 2012 τὸν
352 1985 496 2020 Βρυέννιον
516 1984 680 2018 γενομένων,
696 1983 759 2014 τοὺς
779 1983 850 2010 κατὰ
866 1983 916 2018 τὴν
937 1983 1016 2010 Ἀνα-

226 2030 308 2065 τολὴν
331 2029 377 2055 καὶ
396 2029 477 2060 αὑτὸς
504 2028 686 2063 συναθροίσας
705 2027 876 2062 στρατιώτας
905 2027 951 2054 καὶ
970 2028 1016 2054 τὸν

227 2075 250 2102 Χ
256 2083 286 2110 ρυ
290 2073 433 2100 σόσκουλον
443 2073 522 2108 ὲπιδη
527 2073 630 2108 μοῦντα
640 2073 790 2108 τηνικαῦτα
801 2074 857 2105 τοῖς
863 2073 912 2109 τῆς
921 2072 1017 2100 Ἑσπέ-

229 2129 279 2154 pa:
297 2120 392 2155 μέρεσι
410 2119 630 2155 προσλαωμενος
648 2119 744 2154 (πάλαι
765 2119 821 2155 γὰρ
837 2119 905 2155 ἔφθη
923 2128 1013 2155 προσ-

226 2167 355 2202 χωρήσας
384 2165 542 2200 Ῥωμαίοις,
580 2165 699 2201 ὁπηνίκα
725 2165 775 2198 τὰς
792 2165 870 2200 ἡνίας
888 2163 940 2201 ἦγε
965 2165 1016 2201 τῆς

227 2212 367 2248 βασιλείας
381 2213 394 2239 ὸ
414 2211 554 2246 Ῥωμανδς
574 2211 715 2246 Διογένης,
731 2211 769 2243 ὡς
786 2212 800 2238 ὁ
813 2211 890 2246 λόγος
909 2211 1015 2246 φθάσας

1069 990 1155 1017 metu,
1171 993 1205 1012 ne
1225 985 1428 1013 dissensionum
1455 987 1557 1022 aliquid
1584 988 1654 1015 inter
1671 989 1742 1017 male
1766 991 1859 1019 cohae-

1070 1037 1161 1059 rentes
1175 1032 1269 1066 copias
1278 1036 1306 1060 et
1318 1032 1434 1059 defectio
1447 1033 1619 1068 secessioque
1634 1036 1813 1068 quorumdam
1828 1037 1856 1064 in

1072 1077 1150 1111 117
1168 1077 1290 1104 discessu
1307 1077 1434 1104 oriretur.
1449 1077 1593 1110 Quaerebat
1610 1079 1691 1114 igitur
1707 1088 1760 1115 quo
1778 1086 1857 1115 pacto

1070 1128 1194 1148 securam
1211 1126 1238 1148 et
1256 1122 1395 1148 innoxiam
1413 1122 1565 1150 obsidionis
1588 1124 1753 1152 solutionem
1771 1125 1856 1153 hahe-

1070 1171 1121 1194 ret.
1159 1167 1220 1194 Ιίωο
1243 1168 1267 1194 ci
1308 1168 1419 1201 agitanti
1460 1169 1572 1196 nuntius
1595 1169 1669 1196 venit
1693 1169 1855 1205 Scytharum

1071 1213 1188 1247 aliquam
1203 1212 1404 1240 multitudinem
1420 1213 1542 1241 Haemum
1560 1219 1758 1250 transgressam
1774 1223 1855 1250 agros

1070 1265 1207 1293 pagosque
1221 1258 1292 1284 circa
1306 1257 1509 1285 Chersonesum
1527 1258 1668 1286 incursare
1685 1264 1855 1294 vastareque.

1072 1305 1139 1332 lline
1151 1311 1229 1340 rapto
1240 1309 1371 1339 praetextu
1384 1305 1487 1332 recedit
1502 1313 1516 1332 a
1531 1306 1639 1332 civitate
1650 1306 1727 1340 quasi
1740 1304 1856 1340 Scythas

1070 1350 1234 1384 reprimendi
1258 1350 1348 1376 studio
1372 1349 1461 1384 iisque
1484 1350 1658 1376 commodum
1674 1357 1688 1376 a
1706 1351 1793 1384 przeda
1812 1357 1855 1376 rc-

1070 1394 1240 1422 vertentibns
1267 1402 1415 1421 occurrens
1448 1402 1565 1428 pugnam
1598 1395 1746 1422 secundatu
1782 1394 1858 1427 fecit,

1072 1440 1140 1468 fusis
1169 1440 1322 1475 fugatisque
1347 1440 1472 1472 eunetis,
1493 1440 1617 1474 plurimis
1636 1440 1788 1468 interfectis
1808 1448 1860 1469 nec

1071 1485 1248 1519 paucioribus
1262 1486 1359 1519 captis.
1374 1493 1444 1519 quos
1460 1485 1492 1512 ad
1510 1485 1620 1512 fratrem
1637 1486 1744 1513 rediens
1763 1485 1786 1512 ei
1807 1486 1858 1512 ob-

1072 1531 1144 1558 tulit.
1157 1530 1207 1563 Qui
1222 1539 1254 1557 ex
1273 1532 1306 1558 iis
1321 1530 1464 1558 occasione
1480 1531 1659 1566 transigenda:
1675 1539 1737 1558 cuttt
1749 1531 1857 1566 Scythia

1072 1577 1147 1612 pacis
1162 1581 1314 1612 opportune
1331 1581 1418 1611 capta,
1434 1577 1546 1604 redditis
1561 1577 1676 1611 captivis
1691 1578 1759 1604 alios
1772 1585 1787 1604 e
1803 1579 1858 1612 pri-

1069 1623 1192 1650 moribus
1208 1623 1370 1658 Scytharum
1387 1623 1497 1650 obsides
1520 1623 1626 1658 acet-pit
1644 1623 1776 1650 societate
1793 1631 1856 1650 cutn

1068 1669 1102 1696 iis
1121 1669 1198 1695 firma
1216 1669 1375 1696 constituta.

1105 1715 1148 1742 15.
1173 1715 1240 1741 Dum
1256 1720 1345 1742 autem
1362 1716 1419 1742 haec
1434 1715 1615 1751 gerebantur,
1641 1715 1796 1743 Botaniales
1810 1716 1858 1744 Ni-

1068 1761 1203 1796 cephorus
1217 1768 1289 1788 unus
1301 1768 1316 1788 e
1328 1761 1507 1788 nobilissimis
1518 1760 1648 1793 Orientis,
1661 1770 1740 1796 quem
1755 1763 1856 1790 dudum

1068 1804 1215 1839 imperator
1243 1804 1379 1831 universis
1397 1803 1544 1831 Orientalis
1571 1810 1674 1832 tractus
1699 1805 1858 1840 praefecerat

1068 1851 1164 1884 copiis,
1181 1857 1262 1884 quam
1288 1849 1392 1884 pridctn
1416 1850 1585 1884 parturiebat
1608 1851 1781 1878 rebellionem
1804 1853 1852 1878 aii-

1067 1896 1178 1930 qnando
1199 1895 1287 1929 palam
1315 1895 1435 1929 protulit.
1456 1895 1611 1929 lntelligens
1635 1895 1708 1922 enim
1733 1896 1856 1922 turbatas

1067 1949 1128 1969 esse
1150 1949 1193 1968 res
1214 1941 1370 1969 Occidentis
1383 1960 1390 1973 ,
1407 1940 1565 1968 civitatibus
1592 1940 1729 1975 plerisque
1752 1940 1855 1976 Brycn-

1068 1987 1143 2014 nium
1163 1988 1358 2022 sequentibus,
1374 1986 1494 2014 collectis
1522 1991 1549 2014 et
1575 1987 1633 2021 ipse
1658 1986 1684 2013 in
1708 1994 1790 2014 unum
1808 1987 1855 2020 qui

1067 2036 1146 2060 erant
1162 2034 1235 2060 varie
1255 2041 1301 2068 per
1318 2032 1471 2060 Orientales
1487 2031 1641 2066 provincias
1656 2032 1741 2066 sparsi
1760 2032 1854 2058 militi—

1067 2078 1118 2106 bus
1133 2083 1160 2106 et
1176 2084 1317 2113 assumpto
1330 2078 1515 2114 Chrysosculo
1534 2078 1579 2113 qui
1601 2082 1664 2105 tunc
1679 2078 1705 2105 in
1719 2077 1854 2105 Occiduas

1067 2129 1159 2159 partes
1185 2124 1381 2159 profectionem
1409 2124 1560 2151 adornabat
1574 2124 1691 2159 (dudum
1705 2124 1776 2151 enim
1793 2129 1855 2150 ante

1067 2169 1118 2197 hoc
1133 2175 1240 2205 tempus
1257 2170 1279 2197 is
1296 2169 1424 2198 Romanis
1441 2176 1605 2202 accesserat,
1618 2171 1671 2205 iam
1687 2175 1744 2197 tum
1755 2178 1788 2197 ex
1800 2178 1855 2205 quo

1067 2215 1210 2250 imperium
1226 2215 1434 2243 administrabat
1448 2215 1589 2244 Romanus
1604 2216 1744 2251 Diogenes.
1762 2221 1792 2243 ut
1808 2224 1839 2242 su

225 2259 370 2294 ἐδήλωσεν)
396 2258 482 2284 ὲπιὼν
508 2258 557 2290 τὰς
581 2258 674 2289 πόλεις
698 2257 743 2292 ὑφ’
768 2258 864 2285 ἑαυτὸν
883 2259 1012 2285 ἐποιεῖτο.

1069 2261 1161 2296 perius
1181 2261 1208 2288 in
1228 2261 1279 2288 hac
1302 2261 1417 2289 historia
1441 2261 1608 2296 docuimus),
1622 2261 1716 2289 obiens
1731 2262 1855 2289 civitates

224 2305 339 2331 Πάντων
362 2303 384 2330 δ’
403 2301 479 2337 αὑτῷ
495 2302 766 2338 προσκεχωρηκότων
803 2303 818 2328 6
845 2302 1015 2338 Μελισσηνδς

225 2349 392 2384 Νικηφόρος.
408 2350 436 2381 ὲς
452 2348 614 2383 Βουρτζίους
628 2357 659 2375 τε
672 2348 720 2376 καὶ
734 2348 922 2384 Μελισσηνοὺς
937 2348 1015 2375 ἀνέλ-

226 2404 282 2421 κων
302 2395 332 2421 τδ
356 2395 442 2429 γένος,
462 2394 501 2429 τῷ
529 2394 675 2430 κρατοῦντι
690 2395 842 2429 τηνικαῦτα
871 2394 1015 2429 Ῥωμαίων

226 2441 316 2466 πίστιν
330 2441 422 2474 τηρῶν
437 2440 566 2475 πολέμιον
581 2439 671 2475 ἐαυτῷ
685 2439 731 2467 τὸν
747 2440 930 2475 Βοτανειάτην
959 2441 1013 2467 άπ-

228 2484 323 2516 έδειξεέ
338 2485 537 2522 Προσεχώρησε
560 2486 589 2512 δὲ
611 2487 711 2520 τούτῳ,
730 2487 777 2512 καὶ
805 2487 820 2513 6
833 2487 1014 2521 Παλαιολόγος

226 2530 373 2565 Γεώργιος,
388 2531 456 2567 ἀνὴρ
466 2531 504 2558 ὡν
520 2533 644 2566 γενναῖος
657 2532 710 2560 κάν
726 2533 783 2564 τοῖς
797 2532 956 2568 πολεμικοῖς
970 2533 1014 2567 ἔρ-

227 2584 286 2610 γοις
301 2575 421 2611 ἄριστος,
436 2578 498 2613 ἄρτι
510 2578 533 2605 δ’
545 2579 576 2605 ὲκ
587 2579 801 2613 Μεσοποταμίας
817 2578 902 2606 ἐλθὼν
921 2579 1013 2614 (ξυνῆν

226 2622 281 2656 γὰρ
295 2622 383 2648 ἐκεῖσε
398 2621 436 2656 τῷ
455 2623 511 2657 ἰδίῳ
530 2625 614 2658 πατρὶ
628 2624 747 2650 διέποντι
763 2624 812 2659 τὴν
824 2626 873 2659 τῆς
886 2625 1012 2651 Μεσοπο-

226 2665 326 2699 ταμίας
337 2665 448 2701 άρχὴν),
463 2666 623 2702 βουλόμενος
641 2669 680 2700 εἰς
698 2669 744 2696 τὸν
758 2669 912 2703 κρατοῦντα
924 2669 1013 2695 πίστιν

225 2713 344 2747 τηρῆσαι
357 2712 536 2747 άκράδαντον.

260 2762 310 2791 ις’.
327 2759 356 2785 ’0
366 2760 431 2794 γοῦν
442 2760 623 2795 Βοτανειάτης
631 2760 685 2787 τῶν
697 2762 784 2788 ἄλλων
797 2762 924 2790 ἁπάντων
936 2763 1012 2798 αὐτῷ

224 2806 494 2841 προσκεχωρηκότων
510 2807 620 2842 ἀπάρας
633 2807 666 2833 ἐκ
682 2807 732 2842 τῆς
745 2808 865 2843 Φρυγίας
879 2810 947 2843 πρὸς
962 2809 1011 2843 τὴν

224 2849 349 2877 Βιθυνίαν
362 2852 501 2886 ἠπείγετο,
516 2852 683 2887 διεπέμπετο
704 2854 732 2879 δὲ
748 2856 795 2880 καὶ
816 2854 884 2889 πρὸς
904 2854 966 2885 τοὺς
982 2854 1011 2881 ὲν

224 2894 257 2930 τῇ
278 2895 354 2923 πόλει
368 2897 467 2932 λάθρα,
490 2896 575 2934 τιμὰς
601 2898 732 2933 μεγίστας
754 2899 801 2926 καὶ
825 2898 929 2934 δωρεὰς
953 2900 1010 2931 τοῖς

1067 2306 1120 2334 sibi
1134 2306 1306 2342 subjiciebat.
1321 2307 1434 2335 Cunctis
1448 2312 1538 2335 autem
1556 2308 1656 2342 passim
1675 2307 1700 2334 in
1716 2307 1776 2342 ejus
1793 2315 1856 2341 pur-

1066 2357 1107 2380 tes
1125 2353 1340 2386 transeuntibus,
1351 2353 1511 2381 Melissenus
1520 2353 1698 2388 Nicephorus,
1713 2360 1727 2379 e
1737 2352 1853 2379 Burtziis

1068 2399 1149 2433 118
1162 2403 1189 2426 et
1203 2399 1353 2427 Melissenis
1368 2407 1455 2435 genus
1471 2400 1584 2431 ducens,
1600 2400 1678 2426 tidem
1695 2399 1852 2432 imperatori

1066 2452 1190 2478 servans,
1203 2445 1229 2472 in
1245 2452 1274 2472 se
1289 2452 1364 2472 arma
1380 2445 1530 2472 Botaniatae
1546 2443 1691 2471 convertit.
1708 2443 1853 2470 Melisseno

1066 2497 1095 2517 se
1114 2490 1238 2525 adiunxit
1253 2491 1310 2525 pari
1329 2490 1466 2517 lidelitatis
1480 2488 1602 2516 Michacli
1619 2488 1780 2523 praestandae
1795 2493 1854 2515 stn-

1064 2537 1110 2563 dio
1127 2535 1294 2571 Palaiologus
1307 2535 1450 2570 Georgius,
1466 2535 1507 2562 vir
1526 2534 1604 2562 fortis
1623 2539 1649 2562 et
1665 2535 1768 2562 bellicis
1784 2534 1851 2561 faci-

1065 2582 1178 2609 noribus
1194 2581 1333 2616 egregius,
1350 2588 1445 2608 recens
1460 2587 1475 2608 e
1490 2580 1702 2614 Mesopotamia,
1718 2581 1763 2609 ubi
1780 2580 1852 2615 patri

1064 2634 1122 2654 eam
1139 2627 1306 2661 provinciam
1322 2625 1522 2653 administranti
1538 2624 1672 2652 adfuerat.

1100 2761 1143 2788 16.
1154 2761 1309 2788 Botaniates
1320 2760 1411 2796 igitur,
1422 2760 1483 2787 aliis
1494 2759 1599 2787 cunctis
1613 2765 1709 2794 praeter
1721 2758 1770 2784 hos
1781 2757 1851 2784 duos

1064 2808 1114 2843 ipsi
1138 2807 1400 2842 obtemperantibus.
1430 2806 1512 2833 motis
1535 2806 1634 2833 castris
1656 2813 1671 2833 e
1689 2804 1804 2840 Phrygia
1823 2804 1850 2831 in

1063 2853 1215 2888 Bithyniam
1233 2853 1379 2880 ferebatur.
1395 2851 1504 2878 Miserat
1521 2856 1612 2878 autem
1627 2851 1654 2878 in
1671 2850 1763 2877 urbem
1780 2849 1851 2876 clam

1063 2900 1107 2935 qui
1133 2906 1183 2927 suo
1197 2899 1307 2926 nomine
1333 2897 1502 2933 principibus
1522 2898 1711 2932 promitterent
1727 2902 1851 2925 summos
