2123 3154
310 189 359 224 167

912 189 1123 221 NICEPHORI
1146 190 1330 220 BllYENNII

1891 191 1939 224 tas

311 249 484 284 potricentes.
501 249 608 282 Quibus
623 249 667 277 ille
687 248 797 281 auditis,
812 248 879 275 nihil
896 254 1043 277 cunctatus
1059 256 1101 276 re-

1156 249 1224 285 μηδὲ
1236 249 1266 275 τὸ
1279 249 1361 284 τυχδν
1383 249 1532 282 ἀναμείνας
1549 248 1684 284 ἁντέφησε
1703 249 1771 285 πρὸς
1790 249 1836 276 τὸν
1859 249 1940 285 ἄνδρα

310 293 381 325 ltuit,
396 294 471 321 aiens
491 295 572 322 nullis
588 302 616 322 se
633 301 751 327 unquam
773 293 976 321 conditionibus
996 301 1029 321 eo
1049 293 1097 321 atl-

313 339 468 367 tlucerrduru
485 345 514 366 ut
530 340 623 366 volens
638 340 831 374 imperatorem
843 338 939 367 fratris
953 340 996 367 sui
1014 339 1098 366 tilium

313 386 450 420 proderet.
466 385 526 413 Mox
545 394 606 413 eum
628 386 675 420 qui
693 386 727 413 ad
746 393 775 414 se
795 391 907 414 venerat
926 386 960 414 ad
977 386 1100 421 logotlre—

314 437 368 458 tam
385 433 483 464 mittit,
505 440 606 467 rogans
630 437 657 459 ut
683 440 746 459 eum
774 433 881 460 audiret
906 433 1052 468 auditaque
1067 433 1101 460 ad

313 478 502 511 ittrperatorem
524 477 655 509 referret,
674 482 700 505 et
723 486 785 514 quae
800 479 827 506 in
842 486 899 506 rem
915 479 962 507 tali
979 483 1101 514 tempore

310 523 399 549 forent
415 528 514 556 ageret.

343 568 386 593 19.
403 568 437 594 At
457 568 478 594 is
496 568 542 602 qui
558 568 591 596 ad
610 569 747 597 Caesarem
766 574 880 598 venerat
904 577 934 598 se
949 570 1100 605 deprehen-

307 621 366 640 surtr
393 619 420 641 et
444 614 589 650 logothetac
625 616 747 644 deditum
786 609 1065 652 videns,‘quemdam
1086 624 1102 644 e

304 659 487 688 familiaribus
509 667 644 689 astantem
674 663 701 690 in
720 671 814 690 aurem
831 663 974 698 alloquens
989 663 1022 690 ad
1034 670 1100 690 con-

303 704 410 739 jtrratos
433 706 513 740 122
539 707 615 734 misit
645 708 806 741 indicatum,
833 716 862 735 se
889 708 1100 743 haudquaquam

305 750 358 777 sibi
374 753 516 778 conscium
535 760 596 780 esse
609 760 702 780 earum
713 754 811 781 virium
826 753 909 781 auiuri
923 759 950 781 et
967 755 1100 788 corporis,

306 803 368 829 quae
385 797 513 824 resistere
541 799 684 825 tormentis
715 802 742 826 et
773 806 868 826 vocem
900 800 927 826 in
951 800 1102 834 qua-stione

306 841 448 868 continere
465 848 587 876 possent.
602 843 692 876 Quare
708 844 748 871 sic
763 844 893 871 baberent
906 852 935 872 sc
963 845 1099 873 iussurum

308 888 400 914 omnia
426 896 486 923 qua:
503 890 596 916 sciret.
626 889 692 917 Esse
719 890 840 924 ipsorum
867 891 1015 924 prudentia:
1044 892 1100 919 cito

306 933 460 967 providere,
473 942 527 968 qtro
543 938 622 969 pacto
649 935 673 961 ei
692 943 836 962 occurrere
853 936 1027 963 incommodo
1039 944 1097 963 ma-
1115 936 1136 964 Β

307 977 398 1004 torius
415 977 520 1011 agendo
534 986 594 1012 qua:
608 979 697 1006 serius
721 979 904 1006 destinassent
922 984 1032 1014 queant.
1044 980 1092 1008 His

306 1021 352 1048 ille
370 1022 460 1054 dictis,
477 1023 611 1050 adductus
636 1025 670 1051 ad
693 1024 858 1059 logotlretatn
876 1033 937 1060 quae
961 1031 1023 1053 nota
1052 1026 1102 1053 ha-

306 1066 388 1094 bebat
413 1073 510 1094 cuncta
533 1069 656 1101 protulit.
679 1069 830 1104 Logotheta
859 1078 922 1097 vero
938 1072 1100 1106 tnoxitnpe-

304 1113 389 1139 ratori
406 1113 497 1140 onruia
517 1114 650 1142 referente
673 1115 759 1142 adfuit
778 1115 848 1143 forte
878 1124 1001 1151 praesens
1015 1117 1099 1145 Corn-

303 1166 400 1186 trerrrus
425 1159 537 1187 Alterius
561 1165 587 1187 et
613 1161 678 1195 quid
701 1162 836 1196 agendum
860 1168 985 1190 censeret
1010 1162 1101 1191 dicere

302 1204 397 1239 jussus
428 1206 532 1240 optime
554 1208 674 1240 censuit,
700 1213 827 1242 oportere
865 1217 947 1244 quarti
982 1210 1099 1244 primttrrt

303 1250 400 1278 missis
428 1251 561 1279 militibus
586 1253 744 1287 coujuratos
770 1254 1009 1292 comprehendere.
1027 1255 1100 1282 idem

305 1303 416 1331 quoque
445 1297 585 1325 videbatur
606 1299 719 1332 Caesari,
738 1305 763 1327 et
793 1301 929 1334 logotlreta
957 1301 1099 1336 probabat.

309 1341 361 1367 Sed
376 1341 531 1376 imperatori
550 1351 603 1370 non
631 1344 736 1378 placuit
757 1345 875 1377 timenti,
893 1350 921 1372 ut
936 1346 1038 1377 aiebat,
1056 1354 1099 1378 ne,

308 1387 332 1413 si
357 1394 406 1421 per
423 1394 528 1416 tractent
558 1397 618 1424 quae
641 1390 698 1424 jam
718 1391 861 1426 ingruebat
887 1392 970 1427 aliqui
990 1392 1101 1419 militari

304 1440 388 1460 manu
418 1440 591 1469 caperentur,
613 1437 748 1464 tumultus
768 1438 794 1463 in
811 1437 921 1465 civitate
953 1438 1039 1465 ﬁeret.
1057 1437 1102 1465 Sic

304 1477 386 1512 igitur
403 1478 494 1506 divina
520 1479 696 1507 Providentia
725 1489 817 1508 errare
851 1483 1024 1517 permittente
1052 1483 1102 1509 itu-

303 1525 439 1557 peratoris
463 1525 600 1559 judicium
627 1531 654 1553 et
681 1534 735 1553 non
756 1528 827 1554 ultra
852 1536 934 1565 quant
965 1528 991 1554 in
1024 1528 1095 1554 diem

303 1571 456 1598 crastinum
471 1572 614 1600 diﬂ‘ercnte
641 1573 702 1608 ejus
718 1578 745 1600 et
759 1573 784 1600 ei
803 1573 1003 1600 arlharreutium
1017 1573 1104 1607 capti-

1149 295 1187 327 ὠς
1201 294 1259 322 οὔτι
1269 295 1340 322 ἑκὼν
1356 297 1467 330 πρόοιτο
1488 295 1522 322 ἂν
1534 295 1617 322 τὸτοῦ
1631 295 1742 330 ἀνεψιοῦ
1752 295 1800 322 καὶ
1811 295 1940 330 βασιλέως

1152 341 1304 377 συμφέρον.
1320 342 1374 368 Καὶ
1390 341 1476 377 χρὴ...
1498 341 1593 368 τοῦτον
1613 342 1731 368 ἀπιόντα
1748 342 1817 376 πρὸς
1841 341 1886 368 τὸν
1898 342 1940 369 λο-

1151 386 1267 422 γοοέτην
1287 387 1454 422 ἐξέπεμπεν,
1484 387 1601 414 ἀκοῦσαι
1621 387 1717 414 τούτου
1748 387 1868 414 κελεύων
1895 387 1941 416 καὶ

1152 433 1307 460 ἀκούσαντα
1324 434 1393 469 πρὸς
1406 433 1520 469 βασιλέα
1533 434 1691 468 ἀνενεγκεῖν
1703 433 1750 461 καὶ
1764 434 1941 469 οἰκονομῆσαι

1151 479 1186 506 τὰ
1198 480 1302 508 δέοντα.

1190 568 1232 595 ιθ’.
1253 568 1282 595 '0
1305 568 1334 595 δὲ
1361 568 1451 595 ἀπιὼν
1477 568 1531 595 τῶν
1556 570 1621 604 περ)⁸
1645 569 1727 596 αὑτὸν
1752 569 1801 596 ένα
1826 571 1942 603 καλέσας

1152 614 1297 642 ἀπέστειλε
1313 614 1381 650 πρὸς
1399 615 1463 647 τοὺς
1484 617 1653 650 συνωμότας,
1671 615 1780 650 μηνύων
1797 616 1889 647 αὐτοῖς
1906 617 1942 648 ὡς

1151 661 1302 696 ἐπειδήπερ
1319 659 1392 696 ἁλῴη
1412 661 1450 696 μὴ
1465 658 1521 692 οἷός
1537 669 1566 687 τε
1587 660 1624 687 ὣν
1650 661 1744 695 φέρειν
1769 662 1905 695 μάστιγας
1925 661 1942 696 ἢ

1152 707 1264 737 καὶτὰς
1290 707 1322 732 ἐκ
1346 705 1471 741 βασάνων
1499 706 1595 738 ποινὰς
1615 706 1725 741 ἱτοιμύς
1751 707 1810 733 ἔστι
1828 707 1943 742 φράζειν

1151 752 1224 787 ἆπερ
1239 752 1338 787 εἰδείης
1351 761 1360 778 t
1371 752 1491 787 Μελήσει
1506 752 1529 779 δ’
1540 753 1615 788 ὑμῖν,
1628 762 1637 778 ι
1656 753 1753 787 φησὶν.
1767 762 1776 779 t
1791 753 1874 786 ὀξέως
1884 753 1945 788 βου-

1151 797 1302 824 λεύσασθαι
1318 798 1382 834 περὶ
1399 797 1446 824 τοῦ
1465 797 1660 833 ξυμφέροντος.
1673 808 1683 826 ι
1703 798 1732 825 ’0
1747 799 1797 834 μὲν
1812 799 1858 826 οὖν
1876 799 1944 826 ταῦ-

1150 852 1183 870 τα
1196 842 1280 870 εἰπὼν
1301 843 1423 877 ἀπήγετο
1442 843 1510 878 πρὸς
1534 843 1580 870 τὺν
1604 843 1753 879 λογοθέτην
1778 845 1825 871 καὶ
1851 845 1940 872 πάντα

1151 888 1269 923 ἔφραζεν
1286 889 1336 914 ὅσα
1352 889 1497 923 ἠπίστατο.
1526 888 1556 914 '0
1578 889 1606 915 δὲ
1625 889 1692 924 πρὸς
1718 889 1763 916 τὸν
1787 890 1944 925 κρατοῦντα

1152 934 1242 962 πάντα
1260 933 1402 968 ἀνέφερεν,
1417 934 1514 968 Ἔτυχε
1531 933 1560 960 δὲ
1574 935 1726 969 τηνικαῦτα
1744 936 1840 971 παρὼν
1857 937 1906 963 καὶ
1928 937 1942 962 ὁ

1151 977 1294 1013 Κομνηνὸς
1322 977 1451 1010 Ἀλέξιος,
1472 978 1520 1004 καὶ
1541 977 1655 1013 γνώμην
1670 980 1837 1014 εἰσενεγκεῖν
1859 982 1944 1008 ἀπαι-

1150 1024 1281 1056 τούμενος
1307 1022 1404 1058 βουλὴν
1429 1024 1544 1059 ἀρίστην
1561 1025 1717 1060 εἰσήνεγκε,
1732 1026 1822 1061 φήσας
1837 1027 1875 1058 ὡς
1892 1026 1946 1062 χρὴ

1151 1068 1257 1104 ταχέως
1281 1067 1452 1104 στρατιώτας
1477 1069 1633 1104 ἐκπέμπειν
1656 1071 1767 1097 καὶτοῦ
1785 1072 1946 1107 σκέμματος

1150 1115 1284 1150 ἄρχοντας
1301 1114 1510 1150 ξυλλαμϐάνειν.
1533 1116 1673 1150 Ἐφαίνετο
1696 1117 1747 1152 μὲν
1762 1119 1809 1144 καὶ
1819 1118 1857 1152 τῷ
1874 1119 1948 1145 Καίο

1154 1170 1218 1196 σαρι
1248 1161 1295 1188 καὶ
1332 1161 1371 1196 τῷ
1402 1161 1532 1198 λογοϐέτῃ
1556 1163 1657 1197 ἀρίστη
1685 1163 1783 1190 πασῶν
1812 1165 1828 1199 ὴ
1864 1165 1949 1200 ptuli;

1152 1207 1240 1242 αῦτη,
1274 1206 1313 1242 τῷ
1337 1207 1365 1233 δὲ
1390 1207 1536 1243 κρατοῦντι
1559 1209 1609 1235 οὐκ
1637 1209 1756 1244 ἤρεσκεν
1781 1218 1788 1225 ·
1812 1209 1864 1245 ἤδη
1895 1211 1950 1246 γὰρ

1151 1254 1230 1288 ὁρίας
1251 1253 1402 1289 οὔσηςντῆς
1426 1253 1501 1289 ὥρας
1523 1254 1610 1280 ἐδόκει
1636 1254 1751 1290 θόρυὸὁν
1776 1263 1805 1282 τε
1828 1256 1876 1282 καὶ
1896 1264 1950 1282 τα-

1153 1300 1238 1335 ραχὴν
1267 1299 1396 1334 γενέσθαι
1428 1301 1462 1335 τῇ
1487 1300 1564 1326 πόλει
1589 1300 1662 1332 τινὰ,
1686 1301 1719 1334 ἣν
1745 1300 1832 1335 ἁλῴέν
1862 1310 1950 1334 τινες.

1153 1345 1208 1380 Τῆς
1226 1345 1292 1379 γοῦν
1320 1345 1452 1380 Προνοίας
1474 1345 1616 1380 σφηὶάσης
1640 1345 1689 1380 τὴν
1709 1345 1755 1372 τοῦ
1781 1346 1948 1381 κρατοῦντος

1151 1391 1265 1426 γνώμην
1291 1392 1338 1418 καὶ
1357 1393 1397 1423 εἰς
1409 1392 1458 1427 τὴν
1475 1391 1570 1427 αῦριον
1586 1392 1746 1427 τηρησάσης
1762 1394 1795 1419 τὰ
1813 1393 1862 1427 τῆς
1882 1394 1948 1420 τοὺ-

1151 1446 1206 1464 των
1223 1437 1400 1472 ζωγργήσεως,
1417 1438 1536 1468 ἅπαντες
1555 1437 1653 1472 ὄρθρου
1669 1438 1765 1473 βαθέος
1781 1439 1810 1464 ὲν
1830 1439 1870 1474 τῷ
1888 1440 1948 1475 ναῷ

1153 1483 1203 1514 τῆς
1220 1483 1266 1508 τοῦ
1280 1483 1349 1509 Θεοῦ
1366 1483 1464 1517 Σοφεας
1488 1483 1727 1519 συναθροισθέντες
1742 1484 1791 1516 τάς
1807 1493 1836 1511 τε
1859 1494 1949 1520 φρου-

1154 1529 1203 1564 ρὰς
1220 1528 1269 1559 τὰς
1287 1530 1315 1555 ὲν
1326 1530 1358 1563 τῇ
1374 1530 1449 1556 πόλει
1466 1530 1621 1562 ἀνοίξαντες
1637 1530 1684 1556 καὶ
1698 1530 1762 1561 τοὺς
1780 1531 1949 1562 καταδίκους

1153 1573 1324 1606 ὁπλίσαντες,
1340 1573 1384 1609 [Ρ.
1401 1574 1447 1610 8'2]
1470 1574 1538 1608 πρὸς
1554 1574 1581 1600 δὲ
1596 1574 1642 1601 καὶ
1661 1575 1722 1601 ὅσον
1740 1572 1813 1609 εἶχεν
1830 1575 1950 1608 ἕκαστος

304 1616 428 1650 \ilatem,
462 1618 547 1645 relicti
581 1619 718 1654 eonjurati
740 1620 830 1646 securi
848 1619 875 1646 in
904 1627 964 1646 eam
994 1624 1100 1646 noctem

1153 1619 1349 1654 θεραπευτικὸν
1374 1621 1420 1646 καὶ
1439 1609 1590 1653 οἰκετικὸν,
1615 1621 1769 1656 ἐξέπεμπον
1798 1621 1867 1656 πρὸς
1885 1622 1951 1654 τοὺς

303 1663 436 1698 postridie
454 1664 524 1692 bene
543 1673 624 1692 matre
644 1665 671 1692 itr
690 1666 791 1700 templo
817 1665 845 1693 S.
862 1665 973 1700 Sophim
989 1673 1102 1701 congre—

305 1709 371 1743 gati,
387 1711 489 1745 apertis
519 1712 596 1738 urbis
615 1712 748 1739 custodiis
762 1717 788 1739 et
803 1712 836 1739 iis
855 1713 901 1746 qui
917 1712 995 1747 prius
1022 1717 1102 1740 erant

306 1755 390 1782 tincti
422 1756 600 1791 damnatique
641 1758 766 1789 armatis,
799 1761 935 1791 praeterea
968 1764 1100 1792 quantrrm

305 1801 422 1836 quisque
442 1802 537 1829 habuit
555 1810 696 1829 servorum
709 1802 959 1830 ctdomesticorum
971 1804 1097 1836 armavit,

304 1856 472 1882 matrumque
487 1857 521 1876 ex
539 1849 579 1876 his
604 1849 721 1875 validam
751 1848 932 1877 (‘il‘cﬂllllllisil
957 1851 990 1877 ad
1003 1856 1097 1885 poten-

301 1898 388 1922 tiores
405 1903 419 1921 a
434 1895 625 1931 conjuratiorre
642 1896 747 1922 alienos
760 1902 822 1922 cum
846 1895 928 1923 trrirris
941 1896 1097 1923 incendicn-

302 1942 329 1968 di
350 1942 446 1969 dorrros
469 1950 574 1974 eorum,
588 1942 613 1968 ni
633 1941 659 1968 itr
675 1943 880 1975 eonjuratorum
900 1947 990 1977 partes
1005 1947 1096 1970 trans-

306 1989 384 2014 irent.
411 1987 519 2015 Littcrae
561 1995 644 2022 porro
672 1995 740 2022 quas
764 1989 891 2016 nrandata
920 1989 976 2016 tunc
1001 1996 1098 2016 eorum

1153 1665 1207 1692 τῶν
1223 1666 1251 1692 ἐν
1264 1666 1336 1692 τέλει
1353 1666 1390 1701 μὴ
1412 1667 1598 1701 μετασχόντας
1615 1667 1705 1693 αὐτῶν
1721 1667 1768 1694 τοῦ
1787 1667 1946 1703 βουλεύμα-

1152 1720 1210 1743 τος,
1225 1713 1270 1739 καὶ
1288 1714 1431 1748 ἔμπιπρᾷν
1447 1713 1497 1745 τὰς
1518 1712 1606 1744 οἰκίας
1621 1713 1750 1748 ἠπείλουν
1773 1714 1798 1740 εἰ
1819 1713 1856 1749 μὴ
1874 1714 1948 1749 πρὸς

1152 1758 1250 1788 αὐτοὺς
1267 1759 1463 1793 παραγένοιντο
1487 1759 1535 1785 καὶ
1559 1759 1606 1786 τοῦ
1633 1759 1791 1794 σκέμματος
1813 1762 1949 1794 κοινωνὴ-

1153 1813 1239 1831 σαιεν.
1255 1805 1404 1839 Γρὰμμασι
1419 1804 1447 1831 δὲ
1465 1805 1660 1840 στελλομένους
1681 1806 1868 1840 ὲφοδιάζοντε;
1899 1807 1950 1832 ἑπ-

1153 1850 1274 1884 έγραφον
1291 1849 1376 1881 οὕτως
1389 1858 1395 1864 ·
1413 1860 1422 1876 t
1441 1851 1472 1877 Οἱ
1489 1850 1635 1884 ἁγιώτατοι
1655 1852 1834 1887 πατριάρχαι,
1849 1853 1865 1887 ἡ
1886 1853 1952 1879 σὺν-

1152 1897 1210 1927 οδος
1226 1897 1272 1922 καὶ
1292 1897 1308 1932 ἡ
1339 1896 1489 1931 σύγκλητος
1515 1897 1697 1931 συγκαλοῦσιν
1721 1899 1791 1933 ὑμᾶς
1816 1901 1882 1934 περὶ
1903 1900 1950 1926 τὸν

1154 1944 1329 1978 περιώνυμον
1341 1944 1390 1978 τῆς
1406 1943 1452 1969 τοῦ
1465 1943 1533 1969 Θεοῦ
1551 1944 1660 1977 Σοφίας.
1677 1953 1687 1970 ι
1705 1945 1760 1971 Καὶ
1779 1946 1802 1971 ct
1815 1945 1863 1979 μὲν
1874 1945 1951 1971 ἑκόνσ

1152 1998 1209 2021 τες,
1223 1990 1247 2016 ot
1260 1990 1289 2016 δὲ
1305 1990 1418 2020 ἄκοντες
1439 1989 1612 2024 συνέτρεχον.

304 2034 470 2061 obeuntibus
485 2033 618 2060 dederunt
641 2034 694 2061 hoc
720 2034 799 2061 titulo
815 2036 980 2070 praescripta:
995 2039 1092 2062 erant:
1113 2044 1123 2061 ι
1159 2035 1333 2063 Sanctissimi
1353 2035 1526 2070 patriarchae,
1540 2035 1662 2070 synodus
1690 2040 1717 2063 et
1739 2040 1851 2063 senatus
1878 2043 1950 2063 con-

304 2085 403 2108 vocant
420 2088 468 2107 vos
489 2080 567 2115 123
579 2081 606 2107 iu
631 2082 737 2109 cxrlebre
753 2082 884 2117 terrrplutn
902 2082 932 2109 S.
949 2083 1067 2117 Sophim.
1084 2092 1093 2108 ι
1109 2082 1151 2110 Ad
1168 2091 1250 2119 quam
1279 2084 1439 2110 citationem
1460 2083 1558 2116 partim
1573 2083 1719 2117 ,volentes,
1752 2085 1851 2119 partim
1868 2083 1948 2111 inviti

301 2129 406 2164 passim
423 2135 478 2162 quo
503 2130 674 2156 vocabantur
694 2131 904 2158 concurrebant.

339 2177 385 2204 20.
422 2175 470 2204 llis
497 2178 613 2212 principi
628 2179 773 2210 nuntiatis,
807 2179 964 2208 Comrrenus
988 2179 1100 2207 Alexius

304 2224 402 2258 raptim
425 2225 582 2256 arcessitur,
595 2230 620 2251 et
643 2225 789 2260 imperator
805 2234 838 2254 ex
856 2234 889 2253 eo
908 2227 1008 2261 quaerit
1034 2227 1100 2261 quid

1193 2182 1227 2205 κ’.
1249 2177 1450 2212 Ἀγγελθέντων
1467 2177 1495 2204 δὲ
1511 2177 1613 2204 τούτων
1634 2177 1674 2212 τῷ
1692 2177 1798 2212 βασιλεῖ
1810 2179 1824 2205 ὁ
1837 2179 1951 2215 Korn";-

1156 2224 1200 2256 νὸς
1223 2223 1341 2256 ’Λλέειος
1366 2223 1570 2258 μετεπέμπετο,
1587 2223 1634 2250 καὶ
1653 2223 1667 2248 ὁ
1683 2223 1810 2258 βασιλεὺς
1827 2224 1950 2252 ἐπυνθά-

304 2277 374 2303 opus
394 2268 466 2296 facto
498 2269 543 2296 tali
565 2269 680 2297 articulo
709 2278 811 2298 rerum.
836 2271 989 2299 Concilium
1018 2272 1100 2307 hujus

1154 2278 1214 2297 νετο
1238 2269 1334 2296 τούτου
1350 2270 1364 2295 ὅ
1376 2278 1401 2295 τι
1416 2270 1470 2304 χρὴ
1488 2270 1619 2304 πράττειν
1643 2269 1691 2296 ἐπὶ
1714 2271 1771 2302 τοῖς
1796 2270 1946 2306 ξυμὸᾱσιν.

303 2314 355 2340 fuit
370 2315 504 2349 optimum
532 2320 558 2342 et
586 2315 775 2345 utilissimum.
793 2316 866 2344 Dixit
882 2318 955 2345 enim
983 2326 1100 2354 congrc~

302 2365 371 2395 gata:
380 2361 448 2396 apud
458 2361 619 2396 conjuratos
628 2362 811 2390 multitudinis
821 2362 981 2398 pfcramque
994 2371 1098 2400 partctn

308 2407 445 2434 imbellem
479 2413 506 2434 et
533 2407 593 2434 vilis
624 2409 789 2436 conditionis
804 2417 887 2437 esse:
918 2418 1002 2445 qtrare
1027 2411 1100 2446 ipsos

302 2451 491 2488 nequaquam'
506 2454 533 2480 in
564 2453 626 2481 loco
650 2455 830 2487 corrstituros,
848 2455 870 2483 si
894 2460 988 2483 contra
1006 2464 1035 2483 se
1055 2465 1101 2484 vc-

303 2500 410 2527 rricutes
433 2500 559 2528 viderent
589 2501 665 2528 viros
689 2501 838 2529 bellicosos
869 2507 945 2529 certo
963 2503 1100 2537 pugnandi

303 2546 432 2573 concilio.
446 2546 579 2581 Oportere
597 2547 680 2583 igitur
695 2549 868 2582 securigcros
881 2549 1011 2576 custodes
1025 2549 1102 2583 prin-

300 2594 393 2628 cipum
421 2593 514 2620 statim
540 2593 567 2620 in
592 2601 639 2620 eos
659 2593 807 2620 immittere
836 2594 888 2620 sub
915 2595 1006 2628 aliquo
1033 2595 1101 2622 duce

300 2633 378 2666 ‘orti.
394 2637 456 2665 Hinc
479 2639 594 2666 audiens
610 2639 759 2673 imperator
782 2639 955 2673 improbavit,
973 2647 1007 2666 an
1024 2641 1100 2675 igua-

299 2685 344 2711 via
359 2689 516 2719 correptus,
551 2692 584 2711 an
601 2684 764 2711 excellrutia
790 2685 901 2712 virtutis
928 2686 1098 2720 superiorem

299 2730 410 2758 casibus
426 2731 553 2758 humanis
572 2731 695 2757 animum
716 2738 813 2766 gerens
839 2732 942 2758 nescio.
953 2732 1019 2759 Illud
1034 2740 1100 2759 cou-

301 2781 356 2803 sttit
374 2777 475 2812 ipsum,
493 2784 554 2804 cum
569 2777 705 2812 potuisset
724 2778 876 2812 opprimere
898 2778 1059 2805 seditionem
1073 2783 1101 2805 et

301 2820 441 2850 ﬂammam
463 2823 597 2850 orientem
627 2823 785 2858 priusquam
811 2824 837 2850 iu
856 2824 1016 2852 incendium
1039 2833 1099 2852 trra-

306 2866 411 2894 trimum
437 2868 617 2896 invalescerrt
629 2870 813 2903 exstinguere,
834 2869 966 2897 uoluisse.

342 2913 388 2940 21.
405 2913 460 2943 Nec
474 2919 566 2944 tatrren
588 2916 631 2944 hic
659 2916 777 2944 ces~av~it
812 2916 969 2945 Corruit-ous
1004 2923 1101 2952 urgere

1158 2317 1188 2343 ‘0
1200 2316 1228 2343 δὲ
1253 2316 1351 2351 βουλὴν
1364 2316 1456 2350 εἰσῆγε
1472 2315 1545 2350 μάλα
1558 2316 1607 2350 μὲν
1621 2316 1748 2351 ἀρίστην,
1766 2316 1837 2351 μάλα
1854 2317 1882 2343 δὲ
1899 2317 1948 2344 λυ-

1153 2361 1474 2396 σιτελεστάτην.¹Εφησε
1497 2362 1550 2396 γὰρ
1567 2361 1606 2393 ὡς
1630 2361 1677 2388 τοῦ
1702 2363 1948 2397 συναθροισθέντος

1152 2408 1272 2443 πλήθους
1284 2409 1314 2434 τὸ
1328 2407 1453 2434 πλεῖστον
1469 2407 1606 2442 ἀπόλεμόν
1619 2407 1648 2434 τέ
1665 2408 1720 2434 ἐστι
1738 2409 1784 2434 καὶ
1796 2408 1946 2443 βάναυσον,

1152 2457 1198 2480 καὶ
1214 2454 1264 2480 οὐκ
1278 2454 1310 2480 ἂν
1330 2454 1476 2480 ὑποσταῖεν
1489 2453 1733 2488 καθωπλισμένους
1749 2455 1850 2489 ἄνδρας
1873 2455 1946 2482 tam-

1151 2507 1196 2530 τες
1211 2499 1258 2526 καὶ
1277 2500 1344 2534 πρὸς
1357 2500 1446 2534 μάχην
1461 2499 1597 2534 ἑτοίμους
1615 2509 1624 2524 t
1639 2500 1698 2534 Χρὴ
1713 2500 1778 2534 γοῦν
1793 2501 1950 2535 πελεκηφό-

1154 2553 1216 2579 ρους
1246 2545 1465 2576 καθοπλίσαντας
1495 2545 1628 2579 βασιλέων
1651 2546 1776 2580 φύλακας
1791 2547 1851 2573 κατ’
1871 2548 1948 2573 ὲκεί-

1152 2600 1204 2617 νων
1219 2592 1387 2626 ἐπιπέμπειν
1402 2592 1451 2617 σὺν
1471 2591 1626 2627 στρατηγῷ.
1642 2601 1650 2617 ι
1676 2592 1705 2618 '0
1719 2591 1747 2618 δὲ
1763 2593 1872 2627 κρατῶν
1890 2593 1948 2619 τῶν

1152 2636 1300 2671 λεχθέντων
1324 2637 1445 2668 ἀκούσας
1471 2639 1521 2672 τὴν
1550 2637 1647 2672 βουλὴν
1663 2638 1860 2673 ἀπεστρέφετο,
1888 2639 1947 2664 εἴτε

1147 2682 1236 2717 δειλίᾳ
1251 2683 1392 2717 συσχεθεὶς
1410 2683 1466 2709 εἴτε
1480 2684 1580 2719 ἀρετῆς
1596 2684 1732 2719 ὑπερόολῇ
1748 2685 1877 2719 ἀνωτέρω
1890 2685 1947 2710 τῶν

1152 2729 1360 2764 ξυμπιπτόντων
1372 2730 1427 2765 ἤδη
1444 2730 1533 2765 τούτῳ
1546 2731 1639 2757 παθῶν
1653 2731 1809 2766 γενόμενος,
1822 2732 1873 2757 οὐκ
1886 2731 1948 2757 ἐπί-

1149 2783 1264 2809 σταμαι.
1277 2775 1353 2806 Τέως
1372 2775 1438 2809 γοῦν
1455 2776 1514 2802 ὲνὺν
1532 2776 1683 2803 καταλῦσαι
1701 2777 1750 2810 τὴν
1776 2776 1872 2803 στάσιν
1896 2777 1948 2803 καὶ

1152 2821 1321 2848 κατασϐέσαι
1337 2821 1367 2847 τὸ
1386 2821 1441 2857 πῦρ
1458 2823 1510 2857 πρὸ
1527 2822 1573 2849 τοῦ
1602 2822 1642 2854 εἰς
1663 2822 1796 2857 μεγίστην
1818 2821 1948 2856 ἀναφθῆ-

1153 2875 1197 2893 ναι
1212 2866 1309 2901 φλύγα,
1325 2867 1338 2893 ὁ
1352 2867 1380 2893 δὲ
1397 2868 1446 2894 οὐκ
1458 2868 1601 2904 manu“.

1189 2912 1245 2942 κα’.
1264 2913 1334 2941 Ἀλλ’
1345 2914 1517 2950 ὁ“Κομνηνὺς
1535 2916 1582 2942 καὶ
1598 2914 1676 2948 αὖθις
1694 2914 1849 2951 ἠνάγκαζεν
1864 2913 1951 2941 «Cum
