2123 3154
164 216 214 248 189

763 221 1036 252 HISTORIARUM
1055 222 1127 251 LIB.
1150 221 1197 252 IV.

1747 219 1796 252 190

160 281 190 299 τε
207 272 376 308 ὑπέστρεφον
394 273 440 299 καὶ
454 274 478 300 οἱ
506 275 554 309 τῆς
571 275 683 310 ἐνέδρας
707 274 791 308 ὀξέως
821 283 951 309 καταπη-
964 275 986 303 Α

964 275 986 303 Α
1002 274 1059 301 suis
1071 279 1097 301 et
1110 274 1160 309 ipsi
1173 274 1235 309 fuga
1248 281 1350 302 ouussa
1367 281 1396 302 se
1410 274 1591 310 arljungeutcs
1604 266 1794 302 innumerabili

160 318 293 354 δήσαντες
307 319 439 346 πάντοθεν
460 319 559 352 αὐτοὺς
575 320 742 355 τοξεύμασιν
759 321 874 347 ἔϐαλλον
904 321 952 347 καὶ

161 363 254 394 κακῶς
272 364 407 391 διετίθουν
421 366 469 392 καὶ
493 366 595 398 ἵππους
616 367 662 393 καὶ
687 367 798 402 ἄνδρας.
823 367 952 393 Ἐκεῖ-,ων

158 408 187 436 δὲ
200 410 269 444 πρὸς
284 411 374 446 φυγὴν
389 411 567 439 ἐκκλινὸντων
581 413 644 448 ήδη,
656 414 670 440 6
696 413 752 440 τῶν
770 412 872 448 σχολῶν
895 413 942 439 δο-

163 455 290 490 μέστικος
299 456 348 483 τοῦ
368 457 416 483 τοῦ
432 458 578 493 Βρυεννίου
596 458 802 494 στρατεύματος
817 461 830 485 6
855 467 952 494 κουρο-

163 502 286 538 παλάτης
321 503 461 538 Ἰωάννης,
487 504 517 530 ὃν
539 505 646 531 ἐκείνου
663 505 801 540 ὁμαίμονα
831 506 845 531 ὁ
874 505 951 539 λόγος

161 547 269 581 φθάσας
285 548 433 583 ἐγνώρισεν
455 549 570 581 ἄνωἿεν,
589 549 697 586 ἐϐοήθει
724 550 772 583 ξὺν
790 552 870 584 τάχει
887 551 952 577 πολ-

160 592 211 626 λῷ.
232 594 281 619 ⁸ον
298 594 396 626 ἰδόντες
413 595 438 622 οἱ
458 597 524 630 περὶ
551 596 596 623 τὸν
621 596 767 632 Βρυέννιον
793 596 963 632 θαρῤαλεώυ⁸

160 647 240 672 τερον
252 640 324 667 κατὰ
338 641 394 667 τῶν
403 641 533 676 Τούρκων
546 641 679 678 ἐχώρουν.
697 643 729 669 Ol
748 643 771 669 δ’
795 641 873 675 αὖθις
899 643 951 670 ὑπ-

164 685 299 720 έστρεφον
316 687 362 713 καὶ
375 687 489 721 φεύγειν
502 689 531 714 οὐ
553 688 618 722 πρὶν
639 688 745 724 ἀνῆκαν
759 689 812 721 ἕως
837 685 867 716 οὗ
891 689 951 720 ταῖς

161 730 285 766 ἐνέδραις
304 734 464 767 περιπεσεῖν
478 733 543 765 τοὺς
566 733 714 766 διώκοντας
730 735 949 769 παρεσκεύασαν.

161 773 199 803 Οὗ
231 777 263 812 δὴ
289 779 439 813 γενομένου
469 780 517 806 καὶ
544 780 612 814 πρὸς
651 781 740 815 φυγὴν
766 781 951 808 ἐκκλινάντων

161 820 291 848 ἁπάντων
309 822 371 856 ἤδη,
392 824 484 858 συχνοὶ
504 823 558 850 τῶν
585 825 650 860 περὶ
666 825 712 851 τὸν
728 825 873 860 Βρυέννιον
889 826 949 852 ἐόν-

161 874 216 892 των
227 866 351 894 ἔπιπτον.
372 869 405 894 Ὃ
434 869 550 896 κατιδὼν
566 871 668 902 ἐκεῖνος
683 870 792 906 βοηθεῖν
810 872 950 907 ἐπεχείρει

160 911 267 944 ταχέως
280 920 286 926 ·
303 912 417 944 πολλοὺς
431 914 486 948 γὰρ
502 915 556 940 τῶν
569 914 723 941 διωκόντων
754 916 893 943 συναντῶν
903 919 950 943 άν-

166 955 230 992 ῄρει
248 958 295 984 καὶ
308 959 370 989 τοὺς
384 960 535 994 φεύγοντας
547 961 696 996 παρεκάλει
710 961 811 996 μένειν.
822 962 891 988 Ἀλλ’
911 963 950 994 εἰς

161 1003 240 1028 κενὸν
271 1004 346 1039 αὐτῷ
376 1005 544 1041 καθεστήκει
571 1008 606 1033 τὰ
634 1007 682 1034 τοῦ
721 1007 949 1042 σπουδάσματος·

160 1049 261 1081 πάντες
278 1051 331 1085 γὰρ
349 1051 474 1083 λιπόντες
487 1052 568 1078 αὑτὸν
584 1053 631 1085 ξὺν
645 1053 685 1088 τῷ
701 1053 750 1088 υἱῷ
765 1054 862 1087 καὶτῷ
874 1054 952 1080 6.65).—

162 1095 205 1130 φῷ
221 1096 392 1132 ὑπεχώρουν.
419 1098 502 1124 Αὐτοὶ
529 1098 557 1124 δὲ
587 1099 723 1134 λαμπρῶς
747 1100 951 1134 ἀγωνισάμενοι

160 1142 210 1168 καὶ
235 1143 349 1176 συχνοὺς
378 1143 432 1169 τῶν
459 1144 592 1178 Τούρκων
621 1145 832 1177 καταϐαλόντες,
855 1145 952 1181 ἐπειδὴ

158 1187 209 1222 τὴν
226 1188 355 1221 φάλαγγα
380 1189 471 1215 πᾶσαν
488 1189 727 1216 διασκεδασθεῖσαν
741 1189 845 1225 ἑώρων,
867 1190 952 1226 ἐξώρ-

161 1240 220 1266 μων
252 1233 299 1258 καὶ
330 1233 408 1259 αὐτοὶ
429 1234 496 1268 πρὸς
533 1236 564 1260 τὸ
584 1235 708 1269 φεύγειν,
734 1237 759 1262 οι
783 1236 812 1262 δὲ
834 1237 951 1272 Τοῦρκοι

161 1278 312 1306 ἐπέκειντο.
329 1280 437 1315 Συχνῶς
449 1279 496 1307 οὖν
513 1282 741 1316 ἐπιστρεφόμενοι
756 1282 868 1314 τούτους
901 1284 950 1309 ἀν-

162 1322 281 1350 έκοπτον
293 1324 342 1358 τῆς
353 1326 451 1359 ὁρμῆς,
467 1325 518 1355 ἓως
532 1327 546 1351 6
555 1326 650 1358 ἵππος,
659 1325 688 1352 ὃν
701 1327 805 1358 ἐκεῖνος
817 1327 950 1361 ἐπωχεῖτο

161 1369 269 1404 καμὼν,
284 1371 451 1405 προσωτέρω
469 1373 568 1406 χωρεῖν
584 1373 633 1398 οὑκ
648 1371 774 1407 ἠδύνατο.
785 1373 888 1399 Τούτου
904 1371 951 1400 οὖν

160 1415 306 1450 γινομένου
324 1416 406 1448 αὐτὸς
419 1416 469 1452 μὲν
484 1417 567 1452 βάδην
581 1417 678 1453 ἀπῄει,
693 1419 708 1444 ὸ
721 1419 749 1445 δὲ
759 1419 855 1446 τούτου
868 1420 951 1454 ὁμαί-

163 1474 223 1500 μων
235 1465 282 1493 καὶ
294 1467 308 1492 ὁ
322 1466 380 1498 υίὸς
397 1468 526 1501 συχνάκις
542 1469 770 1504 ἐπιστρεφόμενοι
784 1470 849 1501 τοὺς
864 1469 951 1506 Τούρ-

163 1519 228 1543 κους
240 1511 402 1540 ἀνέκοπτον.

196 1601 240 1636 ιγ’.
264 1602 354 1638 Μέχρι
375 1603 425 1637 μὲν
447 1600 494 1630 οὖν
518 1603 548 1630 οὐ
572 1603 638 1630 πολύ
660 1611 688 1630 τι
714 1605 817 1639 πλῆθος
835 1603 907 1640 ἦσαν
923 1607 947 1632 οἱ
963 1612 984 1640 c

158 1647 314 1680 διώκοντες,
337 1648 457 1684 εὖδρομα
478 1649 584 1681 τούτοις
605 1647 675 1685 ἦσαν
696 1650 730 1676 τὰ
744 1651 792 1685 τῆς
805 1651 949 1687 ὑποχωρή-

160 1701 240 1726 σεως.
263 1695 340 1721 Ἐπεὶ
356 1695 385 1722 δὲ
399 1696 492 1723 πολλοὶ
507 1696 635 1722 συνέθεον
652 1695 700 1723 aut
714 1697 727 1723 6
746 1696 851 1723 ἐκείνου
866 1697 950 1729 ἵππος

158 1741 334 1772 κεκοπιακὼς
371 1741 439 1776 πρὸς
465 1741 565 1777 δρόμον
594 1740 629 1778 ἦν
658 1742 805 1777 ἄχρηστος,
830 1742 949 1769 κυκλοῡν

160 1787 323 1821 ἐπεχείρουν
341 1787 439 1818 αὐτοὺς
451 1788 521 1814 κατὰ
537 1788 683 1823 πρόσωπον
691 1789 715 1815 οἱ
728 1789 864 1824 πολέμιοι.
882 1790 913 1816 Οἱ
925 1789 948 1816 δ’

158 1832 244 1866 ἄμφω
252 1832 301 1858 σὺν
313 1832 402 1867 πολλῷ
410 1832 449 1868 τῷ
461 1833 542 1868 ῥοίζῳ
560 1834 630 1860 κατὰ
640 1834 693 1860 τῶν
710 1834 850 1868 πολεμίων
860 1835 949 1869 ὁρμή-

160 1887 255 1910 σαντες
284 1878 331 1905 δύο
346 1879 397 1913 μὲν
414 1879 517 1906 τούτων
543 1880 723 1912 κατέϐαλλον,
741 1880 806 1912 τοὺς
818 1881 840 1907 δ’
852 1881 948 1912 ἄλλους

159 1926 255 1961 πόρῤω
274 1926 371 1959 φυγεῖν
392 1926 614 1960 κατηνάγκαζον,
630 1927 686 1952 κὰκ
701 1926 797 1952 τούτου
818 1926 949 1961 βραχείας

159 1970 253 2002 ἁδείας
277 1971 404 2006 τυχόντες
431 1971 566 2007 ἀπῄεσαν.
589 1971 658 1998 Ἀλλ’
675 1971 753 2003 αὖθις
780 1972 805 1997 ot
831 1972 949 2006 Τοῦρκοι

162 2017 232 2050 μετὰ
259 2017 395 2043 πλείστων
423 2017 511 2043 ἄλλων
543 2017 716 2051 ὑπέστρεφον
741 2017 790 2043 καὶ
825 2017 948 2052 σφοδρῶς

157 2062 302 2089 ἐπέκειντο
324 2062 440 2092 τούτοις.
456 2062 488 2088 01
511 2062 533 2087 δ’
554 2060 631 2093 αὖθις
655 2062 741 2097 ἔδρων
765 2062 799 2089 τὰ
814 2062 948 2097 πρότερον

160 2109 208 2136 καὶ
224 2108 308 2144 πολλῇ
318 2109 350 2143 τῇ
366 2107 507 2144 προθυμίᾳ.
521 2108 591 2135 κατὰ
602 2108 657 2135 τῶν
673 2108 803 2144 Τούρκων
815 2108 947 2144 ἐχώρουν.

159 2153 263 2189 Ξυνέϐη
293 2154 322 2182 δὲ
351 2154 458 2186 τούτοις
473 2154 508 2180 τὰ
527 2154 577 2189 τῆς
595 2154 749 2189 προθυμίας
765 2155 858 2182 οὐκέτι
877 2156 949 2182 κατὰ

160 2200 190 2226 τὸ
207 2201 349 2235 πρότερον,
367 2199 426 2226 ἀλλ’
446 2201 460 2226 6
478 2200 527 2235 μὲν
544 2200 673 2235 Ἰωάννης
684 2201 733 2227 ἕνα
747 2201 800 2228 τῶν
816 2202 948 2236 Τούρκων

161 2247 322 2274 καταϐαλὼν
348 2248 434 2283 ἑτέρῳ
462 2248 690 2284 προσκέκρουκε,
717 2249 765 2276 καὶ
791 2250 894 2285 ἀμφοῖν
924 2249 949 2275 οἱ

161 2295 240 2321 ἵπποι
267 2295 315 2321 σὺν
337 2296 393 2325 τοῖς
414 2294 558 2326 ἐπιϐάταις
588 2294 768 2322 πεπτώκασιν
782 2317 789 2329 ,
816 2297 830 2322 6
854 2295 882 2322 δὲ
901 2295 949 2322 τοῦ

160 2341 351 2375 βασιλειῶντος
376 2341 433 2372 υἱδς
462 2341 492 2367 ὲν
507 2340 546 2375 τῷ
561 2339 671 2367 διώκειν
692 2341 789 2377 πόρρω
804 2342 951 2377 γενόμενος

159 2387 207 2413 καὶ
237 2386 283 2413 ἕνα
305 2387 359 2413 τῶν
376 2387 506 2422 Τούρκων
537 2386 701 2414 καταϐαλὼν
729 2389 758 2413 ὲν
781 2387 876 2421 μέσοις
895 2389 952 2420 τοῖς

161 2432 291 2466 Τοὺρκοις
313 2433 488 2467 ὲναπελήφθη
519 2433 566 2459 καὶ
595 2433 685 2460 οὐκέθ’
719 2431 774 2465 οἷός
790 2442 819 2460 τε
847 2432 882 2469 ἦν
908 2434 948 2470 τῷ

163 2478 248 2513 πατρὶ
269 2478 404 2509 ξυνελθεῖν
416 2499 423 2508 ,
447 2479 536 2505 καίτοι
553 2479 638 2506 πολλὰ
655 2479 796 2514 πειραθεὶς
816 2480 952 2515 συμμῖξαι.

161 2524 277 2555 τούτοις.
307 2523 349 2559 IP.
373 2524 575 2560 961Δαϐὀντες
607 2525 654 2552 οὖν
683 2526 777 2553 ἄδειαν
788 2526 812 2552 οἱ
833 2526 951 2563 Τοῦρκοι

161 2569 283 2604 ἐπῄεσαν
300 2570 372 2595 κατὰ
390 2569 437 2596 τοῦ
455 2570 600 2604 Βρυεννίου
627 2571 816 2606 σφοδρότερον.
834 2569 882 2603 Εἷς
906 2572 952 2599 οὖν

162 2615 253 2642 αὐτῶν
279 2615 309 2642 τὸ
333 2615 409 2649 ξίφος
428 2616 602 2650 σπασάμενος
618 2616 681 2643 κατ’
693 2617 801 2643 ἐκείνου
817 2617 953 2652 τολμηρό-

162 2670 240 2696 τερον
265 2661 447 2696 ὲξώρμησεν·
466 2663 480 2687 6
505 2661 528 2688 δ’
554 2663 733 2697 ἐπιστραφεὶς
755 2663 832 2690 παίει
857 2663 952 2690 τοῦτον

161 2707 200 2742 τῷ
215 2707 287 2741 ξ’φει
304 2707 352 2733 καὶ
365 2708 417 2742 τήν
442 2715 472 2733 τε
496 2708 575 2742 χεῖρα
600 2709 723 2743 ἀπέτεμε
748 2709 794 2735 καὶ
809 2710 880 2736 κατὰ
900 2709 951 2743 γῆς

163 2753 247 2788 αὐτὴν
264 2755 358 2779 πεσεῖν
373 2754 421 2780 σὺν
437 2752 476 2788 τῷ
495 2754 614 2790 ἀκινάκῃ
633 2754 852 2790 παρεσκεύασεν.
872 2756 904 2782 Οἱ
922 2755 951 2781 δὲ

162 2799 251 2826 λοιπὴ
277 2798 393 2825 κυκλοῦν
419 2799 581 2835 ἐπεχείρουν
598 2800 693 2827 αὐτόν.
716 2801 745 2827 '0
765 2801 793 2827 δὲ
819 2802 951 2834 γενναίως

161 2844 288 2878 ἠμύνετο.
322 2844 494 2878 Ἐξορμὴσας
524 2842 572 2870 οὖν
608 2845 679 2871 κατὰ
713 2845 767 2872 τιῖιν
794 2845 949 2882 ἔμπροσθεν

162 2891 293 2916 ἐπιόντων
311 2890 460 2925 πλήττεται
472 2890 576 2926 δόρατι.
601 2891 811 2926 Ἀσχοληοένῖος
830 2893 852 2918 6‘
867 2892 949 2920 αὑτοῦ

161 2936 288 2970 διακόψαι
317 2937 347 2962 τὸ
367 2937 431 2972 δόρυ
453 2938 467 2964 ὀ
496 2937 605 2972 πρῶτος
632 2938 680 2974 τὴν
706 2939 786 2974 χεῖρα
802 2939 849 2965 ὑπ’
865 2940 948 2966 αὑτοῦ

935 2283 988 2310 :D

1003 320 1118 347 telorum
1139 320 1313 348 multitudine
1325 321 1414 348 hostes
1427 321 1591 354 obruebant,
1602 321 1796 348 vulnerabant-

1002 373 1056 400 que
1079 366 1181 400 passim
1200 371 1227 393 et
1250 366 1323 394 viros
1341 371 1368 394 et
1389 374 1485 402 equos.
1504 366 1596 400 Quare
1615 367 1795 403 Bryennianis

1003 412 1074 439 haud
1088 412 1170 439 dubie
1181 412 1207 439 in
1222 411 1312 446 fugam
1326 412 1530 445 inclinantibus,
1545 412 1591 447 qui
1605 413 1676 447 apttd
1695 412 1796 447 Bryen-

1003 459 1077 485 nium
1095 457 1238 485 domestici
1264 458 1420 485 scholarum
1442 459 1551 485 titulum
1569 458 1696 491 habebat,
1711 466 1795 486 curo-

1003 504 1110 538 pnlates
1133 504 1254 531 Joannes
1269 524 1277 535 .
1303 511 1383 538 quem
1413 504 1540 540 Bryennii
1563 504 1684 539 ejusdem
1710 504 1794 532 fuisse

1003 549 1113 576 fratrem
1130 550 1257 584 Superius
1276 550 1406 580 diximus.
1429 550 1532 576 auxilio
1559 551 1634 577 venit
1650 550 1792 577 celeritate

1003 603 1111 629 magna,
1124 602 1207 629 quem
1222 594 1385 629 Bryeuniaui
1406 594 1531 621 videntes
1547 595 1677 622 audacius
1690 594 1789 623 Turcis

1003 641 1165 668 resistebant
1177 641 1203 668 in
1212 647 1312 674 eosque
1324 640 1396 666 ultro
1412 640 1562 667 irruebant.
1579 640 1609 666 lli
1622 649 1686 667 vero
1695 648 1790 668 rursus

1002 689 1149 715 artiliciosa
1164 687 1226 722 fuga
1251 691 1394 714 cesserunt
1409 696 1415 714 :
1434 695 1482 714 nec
1509 693 1581 713 retro
1597 687 1661 713 ferri
1678 687 1790 714 destite~

1003 739 1067 762 runt
1087 735 1246 770 priusquam
1269 734 1447 768 insequentes
1472 733 1499 760 in
1519 732 1654 760 secundas
1677 733 1788 760 insidias

1002 780 1207 815 pertraxissent.
1232 779 1310 812 Quod
1339 787 1400 806 cum
1423 777 1620 810 chetl‘actum,
1646 777 1720 804 multi
1744 785 1788 804 re-

1003 831 1083 861 pente
1113 825 1347 860 liryennianorum
1377 825 1545 856 ceciderunt,
1569 823 1670 855 aliique
1695 831 1790 849 omnes

1002 871 1093 906 fugam
1118 871 1189 897 haud
1208 870 1290 897 dubie
1315 871 1473 904 spectabant
1497 878 1504 896 :
1538 877 1592 904 quo
1622 869 1793 903 curopalalcs

1002 920 1072 951 viso,
1086 920 1184 954 raptito
1198 919 1336 953 suppetiae
1357 919 1460 945 laturus
1475 924 1636 947 accnrrens,
1648 916 1749 942 multos
1760 923 1791 941 ex

1003 965 1153 998 Alexianis,
1170 973 1245 991 versa
1260 965 1315 999 jam
1335 965 1403 996 vice,
1426 963 1632 998 insequentibus
1657 961 1753 988 occidit
1767 965 1794 987 et

1004 1011 1137 1047 fugientes
1151 1019 1214 1038 suos
1231 1011 1392 1037 hortabatur
1408 1014 1436 1036 ut
1451 1014 1603 1036 manerent.
1621 1008 1672 1035 Sed
1691 1008 1792 1034 frustra

1003 1058 1194 1084 contendebat.
1209 1056 1311 1083 Omnes
1327 1056 1398 1082 enim
1417 1055 1476 1090 ipso
1491 1062 1552 1082 cum
1572 1055 1655 1080 lratre
1672 1058 1698 1080 et
1711 1053 1792 1086 hujus

1004 1103 1060 1129 lilio
1089 1103 1192 1129 relictis
1225 1106 1409 1128 recesserunt.
1445 1100 1476 1126 lli
1509 1107 1592 1132 porro
1619 1098 1790 1126 memorabili

1003 1156 1092 1184 pugna
1106 1148 1179 1175 edita
1191 1147 1338 1182 multisque
1349 1147 1503 1173 Tureorum
1515 1146 1637 1179 tlejeetis,
1649 1148 1793 1179 postquam

1003 1198 1160 1223 universam
1178 1196 1338 1230 phalangem
1348 1194 1507 1228 dissipatam
1519 1193 1653 1223 viderunt,
1668 1192 1794 1218 abierunt

1005 1242 1083 1277 143
1096 1246 1122 1268 et
1141 1241 1191 1275 ipsi
1207 1240 1351 1275 fugientes,
1369 1239 1467 1266 Turcis
1483 1247 1497 1265 a
1518 1243 1594 1272 tergo
1611 1237 1791 1264 instantibus.

1003 1288 1094 1321 Quare
1122 1287 1159 1313 illi
1175 1287 1272 1313 crebro
1285 1286 1312 1313 in
1329 1294 1378 1313 eos
1397 1284 1526 1311 conversi
1544 1291 1640 1310 eorum
1659 1283 1791 1316 impetum

1002 1335 1141 1361 retardare
1153 1333 1323 1360 conabantur
1340 1341 1346 1358 :
1367 1332 1456 1366 quoad
1476 1339 1564 1365 equus
1582 1330 1624 1357 cui
1641 1329 1793 1364 Bryennius

1002 1382 1138 1409 iusidebd
1160 1381 1252 1408 labore
1275 1379 1378 1406 fractus
1399 1379 1504 1405 viribus
1527 1377 1638 1405 destitui
1662 1378 1744 1411 coepit
1757 1376 1791 1402 ad

1003 1436 1083 1463 porro
1107 1426 1284 1462 pergendum.
1321 1423 1382 1458 Quo
1411 1431 1475 1450 casu
1499 1424 1703 1451 circumventus
1733 1421 1791 1455 ipse

1002 1473 1110 1508 quidem
1124 1473 1198 1500 lento
1214 1476 1294 1506 prout
1309 1475 1415 1506 poterat
1431 1477 1512 1504 passu
1528 1468 1711 1503 procedebat;
1734 1466 1791 1494 fra—

1003 1525 1043 1547 ter
1059 1528 1124 1548 vcro
1141 1519 1200 1553 ejus
1219 1523 1245 1545 et
1262 1518 1343 1549 lilius,
1365 1524 1445 1543 verso
1464 1515 1564 1550 saepius
1584 1515 1672 1546 vultu,
1686 1513 1791 1540 Turtos

1004 1567 1201 1602 reprimebant.

1043 1613 1084 1639 l5.
1105 1612 1142 1638 Ac
1158 1609 1247 1646 quoad
1263 1608 1373 1644 quidem
1390 1615 1444 1635 non
1465 1607 1502 1634 ita
1523 1612 1620 1640 magna
1645 1604 1792 1639 insequen-

1001 1659 1067 1686 tium
1085 1657 1229 1685 multitudo
1243 1663 1312 1686 erat,
1326 1659 1463 1689 receptum
1488 1653 1554 1681 satis
1573 1651 1716 1679 commode
1741 1650 1791 1676 ad-

1002 1705 1194 1732 ministrabant
1208 1712 1215 1730 :
1231 1707 1376 1737 postquam
1400 1707 1466 1727 vero
1488 1698 1567 1726 mulli
1593 1696 1792 1725 concurrebant

1000 1757 1025 1779 et
1044 1750 1169 1786 Bryennii
1193 1756 1281 1784 equus
1305 1747 1392 1781 triariis
1413 1754 1445 1773 ac
1470 1745 1555 1779 magis
1569 1744 1699 1771 deliciens
1713 1743 1792 1778 plane

998 1799 1054 1833 jam
1079 1796 1182 1824 inutilis
1209 1795 1242 1822 ad
1268 1801 1379 1821 cursum
1399 1798 1466 1824 erat,
1483 1791 1600 1819 circuire
1627 1790 1700 1825 ipsos
1723 1794 1750 1816 et
1776 1797 1792 1816 a

1001 1844 1070 1871 facie
1086 1841 1223 1877 progressi
1247 1848 1276 1868 Se
1298 1840 1364 1874 ipsis
1388 1838 1532 1865 ostendere
1548 1837 1639 1864 hostes
1653 1835 1794 1863 conaban-

1001 1895 1056 1917 tur.
1077 1889 1128 1917 Sed
1145 1889 1225 1915 atnbo
1240 1893 1336 1922 magno
1352 1886 1452 1919 impetu
1471 1884 1497 1910 in
1512 1884 1604 1910 hostes
1621 1882 1705 1912 illati.
1724 1881 1792 1907 duo-

1001 1936 1052 1963 bus
1066 1944 1097 1962 ex
1117 1935 1159 1961 bis
1174 1933 1286 1968 deiectis
1301 1935 1413 1959 eazteros
1427 1930 1505 1963 longe
1521 1928 1643 1962 refugere
1655 1926 1794 1960 compote.

1000 1987 1076 2011 runt.
1090 1986 1117 2008 et
1136 1980 1175 2007 sic
1193 1979 1266 2006 brevi
1283 1977 1430 2006 securitate
1450 1979 1542 2010 parata
1562 1973 1720 2008 pergebant.
1738 1970 1791 1997 Vc-

1001 2035 1061 2054 rnm
1076 2033 1171 2053 rursus
1186 2024 1267 2052 Turci
1290 2031 1352 2051 eum
1376 2021 1500 2057 plurimis
1515 2019 1576 2046 aliis
1593 2017 1694 2045 reversi
1711 2017 1793 2044 vebc-

1002 2076 1107 2098 meuter
1129 2071 1155 2097 in
1179 2077 1228 2097 eos
1254 2068 1459 2098 incumbebant,
1481 2065 1524 2092 his
1550 2065 1640 2091 dentto
1665 2068 1694 2089 ttt
1718 2063 1793 2096 prius

1001 2122 1132 2150 generosa
1145 2115 1168 2140 vi
1181 2114 1286 2140 'l‘urcos
1300 2112 1511 2147 iinpv-Ientilnts:
1527 2109 1572 2137 sed
1591 2109 1622 2135 ad
1639 2113 1791 2135 extremum

1001 2161 1152 2188 audacibus
1168 2159 1265 2194 (:(Bplis
1279 2158 1387 2185 fortuna
1403 2165 1456 2184 non
1473 2156 1569 2183 adfuit.
1581 2154 1702 2182 Joannes
1717 2154 1792 2181 enim

1001 2214 1061 2234 cum
1077 2214 1158 2233 unum
1173 2205 1327 2240 quempiam
1339 2203 1489 2230 Turc0rum
1503 2202 1656 2236 dejecisset,
1669 2201 1695 2227 in
1710 2199 1794 2228 alium

1003 2253 1131 2288 impegit,
1159 2253 1195 2278 ita
1222 2257 1251 2277 ttt
1278 2251 1421 2277 amborum
1445 2249 1508 2283 equi
1533 2247 1684 2277 offensione
1700 2252 1795 2274 mutua

1003 2300 1141 2334 equitibus
1154 2297 1278 2325 excussis
1293 2302 1319 2324 et
1337 2296 1388 2331 ipsi
1404 2303 1466 2323 cum
1488 2295 1520 2321 iis
1538 2294 1613 2321 humi
1638 2298 1795 2321 sterneren~

1003 2351 1057 2372 tur.
1070 2344 1197 2380 Bryennii
1212 2351 1275 2371 vero
1290 2343 1434 2378 imperium
1450 2340 1602 2368 aﬂ‘ectantis
1616 2339 1689 2366 filius
1704 2338 1794 2365 studio

1004 2390 1165 2426 insequendi
1193 2390 1286 2417 hostes
1313 2390 1421 2424 longius
1446 2389 1550 2422 elatus,
1570 2393 1625 2413 uno
1640 2385 1792 2412 Turcorum

1006 2437 1124 2473 dejeelo,
1152 2437 1180 2464 in
1211 2435 1301 2464 medio
1330 2441 1425 2462 eorum
1449 2433 1635 2468 deprehensus
1663 2430 1792 2462 hauebat.

1004 2490 1054 2510 nec
1071 2483 1127 2517 jam
1150 2482 1325 2520 quantumvis
1342 2484 1487 2508 conaretur
1499 2479 1627 2514 expedire
1644 2485 1674 2505 se
1689 2481 1794 2511 poterat

1003 2534 1033 2555 ut
1059 2528 1127 2563 patri
1155 2532 1337 2555 succurreret.
1362 2527 1417 2554 llac
1440 2526 1498 2552 vice
1527 2532 1617 2552 rerum
1642 2523 1794 2550 secnriores

1005 2575 1086 2602 Turci
1104 2582 1201 2608 magno
1220 2581 1333 2600 numero
1356 2573 1512 2605 maioreque
1537 2571 1559 2595 vi
1585 2570 1611 2596 in
1629 2568 1791 2603 Bryennium

1005 2620 1158 2646 incurrunt.
1176 2617 1253 2645 Unus
1278 2618 1360 2651 igitur
1385 2623 1480 2642 eorum
1508 2614 1587 2650 144,
1609 2621 1675 2641 ense
1698 2613 1794 2640 stricto

1003 2666 1089 2700 ipsum
1115 2665 1260 2693 audentius
1286 2662 1453 2697 aggreditur.
1484 2660 1530 2687 Ille
1555 2668 1618 2687 vero
1643 2667 1793 2686 conversus

1004 2710 1065 2738 ferit
1078 2718 1140 2738 eum
1164 2709 1270 2745 gladio,
1289 2712 1315 2735 et
1333 2715 1442 2734 manutn
1459 2707 1518 2740 ejus
1535 2710 1679 2739 amputans
1696 2704 1794 2730 cadere

1004 2757 1030 2784 iu
1048 2761 1148 2783 terram
1174 2755 1232 2790 ipso
1257 2762 1320 2781 eum
1344 2753 1455 2780 acinace
1471 2751 1568 2786 coegit.
1588 2749 1694 2784 Reliqui
1711 2756 1794 2776 cona-

1004 2803 1101 2830 bantur
1116 2802 1204 2837 ipsum
1221 2802 1349 2829 circuire.
1368 2800 1464 2827 Verum
1487 2799 1544 2833 ipse
1565 2805 1594 2825 se
1617 2801 1728 2823 strenue
1744 2795 1793 2823 de~

1003 2847 1137 2875 fcnsabat.
1157 2847 1251 2881 itaque
1275 2847 1301 2873 itt
1326 2846 1496 2872 incurrentes
1519 2852 1535 2870 λ
1552 2843 1641 2869 fronte
1659 2848 1792 2876 generoso

1003 2900 1086 2920 ruens
1102 2892 1202 2927 impetu
1225 2893 1301 2919 hasta
1325 2890 1473 2926 quemdam
1500 2897 1531 2915 ex
1558 2888 1591 2915 iis
1617 2887 1714 2922 pulsat.
1736 2886 1792 2922 ,ξιιυ

1002 2943 1140 2974 szrtagente
1168 2939 1274 2966 hastam
1303 2945 1368 2966 ense
1395 2936 1537 2971 frangere,
1563 2935 1586 2964 is
1609 2934 1652 2962 cui
1676 2933 1752 2968 prius
1777 2940 1794 2960 τι
