2123 3154
192 230 242 265 217
926 238 1078 267 NOTITH
1766 240 1819 274 218

193 288 285 322 Itaque
315 288 367 315 hoc
394 288 510 315 saniu-iat
534 297 630 321 unum,
657 300 718 317 cum
746 297 806 326 post
834 292 918 318 ardua
945 292 1019 324 regni
1049 292 1154 325 ncgntia
1174 292 1275 319 fessum
1302 293 1424 320 animum
1450 293 1587 320 oblectare
1615 302 1692 329 regns
1711 296 1819 327 volunt.

193 339 328 365 nusquam
344 331 453 365 dignius
468 333 596 367 occupari
612 334 699 360 otium
720 342 800 369 posse
815 343 896 368 quant
911 336 937 361 in
955 335 1076 362 historizc
1093 336 1223 362 lectione.
1240 335 1314 362 llane
1338 337 1373 363 ob
1391 345 1447 363 rem
1473 342 1596 372 augusta!
1615 339 1749 373 majestati
1768 344 1820 366 tua:

191 373 402 400 Constantinum
419 374 570 402 Mauassem
592 376 690 408 offero,
705 377 752 411 qui
781 378 943 412 compendio
959 385 1003 404 res
1017 378 1052 404 ab
1071 379 1139 404 urbe
1160 379 1273 405 condito
1290 385 1379 413 gestas
1401 389 1487 415 usque
1508 381 1541 408 ml
1566 389 1654 408 annos
1678 390 1692 408 a
1709 382 1820 411 Christo

191 416 338 444 Servature
356 423 420 445 nato
438 419 513 446 tnille
529 419 664 447 ducentos
675 421 895 455 comprehendit.
908 422 988 452 Fat-io
1001 423 1143 453 audacter,
1161 424 1233 458 quod
1248 432 1280 451 ea
1298 426 1448 459 ntajcstatis
1465 431 1518 453 tua:
1534 426 1606 460 apud
1628 435 1678 454 nos
1690 427 1725 455 sit
1736 427 1818 460 fama,

192 460 246 488 imo
265 461 365 488 orbem
380 462 567 490 Christianum
592 463 763 494 universum,
784 464 855 491 inter
869 471 982 491 metet-as
1008 467 1124 492 virtutes
1138 467 1189 494 hoc
1205 469 1374 501 propositum
1392 469 1509 496 maxime
1540 469 1652 501 habere.
1682 477 1774 498 amare
1791 477 1819 498 et

191 504 328 532 a-stimare
345 504 460 532 litteras.
483 505 510 532 ΙιΙ
531 507 603 540 quod
626 507 760 533 maximos
780 515 905 542 quosque
929 508 1066 543 principes
1093 515 1170 537 tanto
1187 511 1279 537 studio
1296 517 1469 539 consociatos
1500 515 1525 540 in
1551 519 1694 548 comperto
1718 519 1771 545 est,
1790 519 1819 541 ttt

191 546 380 582 imperfectam
404 549 456 576 sibi
477 550 589 584 gloriam
607 551 686 577 aliam
708 559 817 578 omnem
835 552 993 579 existimare
1009 554 1180 584 vilerentur.
1199 556 1250 582 nisi
1274 557 1344 583 hanc
1361 558 1478 584 assecuti
1497 563 1599 584 esseut.
1615 546 1733 586 iNnnIina
1752 567 1818 593 pru-

191 591 258 618 dens
270 599 325 618 non
343 600 486 623 recenseo,
507 594 574 620 satis
588 602 621 620 ex
639 594 753 622 historia
773 599 848 622 nota.
867 594 989 637 Quorum
1003 599 1127 625 omnium
1144 607 1211 626 cum
1228 600 1345 627 virtutes
1371 602 1466 628 sedulo
1492 603 1670 635 eenjunxeris
1685 604 1717 630 al
1734 591 1818 630 mira-

191 635 348 680 culumrmvi
373 636 465 671 hujus,
485 645 532 663 rex
545 641 671 672 auguste,
687 638 757 664 ham:
778 635 888 674 quoque
902 640 1010 667 laudent
1025 641 1120 669 deesse
1146 644 1280 678 maiestati
1302 649 1354 671 ture
1377 645 1500 672 noluisti.
1517 645 1620 680 Nempe
1638 651 1678 673 tot
1702 647 1817 678 illustria

191 679 327 714 exempla.
345 687 406 714 qua:
420 684 554 715 perpetuo
568 681 661 708 animo
675 682 826 717 maiestatis
841 687 894 710 tum
910 692 974 711 vere
989 685 1063 720 regio
1077 686 1272 718 obversantur,
1289 687 1370 714 aliter
1388 686 1478 714 facere
1494 688 1566 715 haud
1586 679 1770 723 patiebantur.
1784 691 1818 717 Et

192 728 222 750 ut
238 723 285 750 illa
298 723 382 750 etiam
398 723 538 755 deessent,
555 724 629 752 domi
651 725 802 759 maiestatis
817 732 870 754 tua:
885 735 971 754 unnnt
986 734 1055 761 erat,
1079 731 1203 758 omnium
1223 731 1319 761 ittsvar.
1335 731 1390 758 divi
1407 731 1508 763 Caroli,
1527 733 1649 766 parentis
1666 733 1717 765 tui,
1734 741 1816 767 quem

192 767 384 794 benevolentia
401 767 448 795 Dei
465 769 620 796 assercntlis
639 769 701 797 forti
720 778 801 797 mauu
820 772 953 805 maiestati
971 778 1024 800 tua;
1040 774 1132 809 regnis
1150 775 1289 802 excitavit.
1308 774 1348 802 Ad
1371 774 1490 809 reliquas
1505 780 1597 802 autent
1613 776 1730 803 virtutes
1742 777 1816 811 quod

192 811 301 842 attinet,
316 812 378 846 quis
392 820 446 840 non
461 814 590 847 pietatem
604 814 730 847 miratur,
747 823 836 842 raram
849 816 875 842 in
896 821 950 843 tant
965 818 1075 845 excelso
1096 818 1223 852 fastigio?
1239 818 1306 851 Quis
1315 826 1370 845 non
1387 818 1471 846 animi
1488 819 1704 853 magnitudinem
1719 820 1816 846 incon-

191 856 394 890 eussam?quis
408 858 680 893 constantiam?quis
696 859 910 887 fortitudinem?
925 861 972 895 qui
991 861 1018 888 in
1037 862 1133 896 primis
1153 862 1213 889 istis
1236 862 1326 893 annis,
1342 870 1404 890 cum
1421 863 1527 890 hostem
1545 863 1694 890 barbarum
1710 867 1737 890 et
1751 867 1818 890 aetas

191 899 344 934 majestatis
359 905 412 927 tute
426 906 454 928 et
474 909 522 928 sua
540 903 634 930 feritas
647 911 774 930 securum
793 904 927 935 facerent.
945 906 1041 932 tiutere
1063 909 1153 932 tamen
1174 906 1298 940 coegisti.
1313 912 1340 933 et
1359 907 1436 940 regni
1457 906 1525 933 lines
1552 911 1584 933 ut
1602 906 1756 941 intrepidus
1780 907 1817 934 ita

191 942 311 970 invictus
328 943 484 971 vindicasti.
503 945 556 971 Ibit
571 946 628 972 ltzrc
644 954 688 973 res
705 947 732 973 iu
750 947 904 977 historiam,
917 956 962 974 rex
973 953 1100 981 auguste,
1114 953 1142 975 et
1154 949 1302 982 posteritas
1314 949 1359 975 vix
1376 950 1435 975 sine
1457 954 1570 984 stupore
1584 950 1665 984 leget.
1680 949 1719 976 At:
1735 949 1818 983 hujus

150 1022 153 1026 _
190 987 301 1021 quidem
326 987 465 1016 felicitatis
482 989 693 1017 instrumentum
715 999 780 1018 sane
793 999 932 1024 magnum.
956 993 997 1018 vir
1013 992 1128 1018 illustris
1151 996 1177 1018 t-t
1198 991 1420 1026 incomparabilis
1445 993 1557 1019 Axelius
1573 993 1608 1019 ob
1624 993 1818 1024 Oxettslicrna,

190 1031 271 1066 regno
285 1033 435 1069 maiestatis
453 1038 506 1061 tua:
520 1035 712 1067 caucellarius,
726 1035 880 1062 immortale
897 1035 972 1069 regni
989 1035 1091 1066 decus;
1105 1042 1186 1070 quem
1203 1040 1232 1062 ut
1249 1035 1378 1069 singulari
1397 1035 1441 1062 illa
1452 1036 1598 1070 prudentia
1615 1036 1698 1063 ltabcs
1709 1035 1818 1063 Nestori

190 1077 281 1110 prisco
296 1077 525 1113 comparandum,
539 1079 574 1105 ita
593 1083 622 1106 ut
635 1072 812 1107 etiamzct'ate
825 1078 928 1105 habere
941 1079 1006 1106 ulitn
1019 1079 1108 1113 possis
1121 1086 1208 1105 toreo
1222 1083 1250 1105 ct
1265 1083 1340 1112 opto.
1359 1079 1416 1105 Non
1435 1083 1460 1105 te
1486 1086 1558 1113 rege.
1581 1085 1609 1106 et
1629 1079 1674 1106 illo
1693 1085 1747 1106 tam
1765 1079 1819 1106 ﬁdo

189 1127 223 1147 ac
236 1121 365 1155 prudenti
383 1121 554 1151 consultare.
577 1121 685 1150 adversi
703 1122 852 1156 quidquam
870 1122 1022 1157 maiestatis
1045 1127 1098 1149 tua:
1114 1121 1206 1156 regnis
1225 1121 1350 1148 accidere
1372 1123 1467 1156 possit.
1489 1121 1545 1149 Ner
1567 1122 1664 1149 tacebo
1683 1123 1816 1150 Joannem

192 1163 302 1199 Sltytte,
312 1165 403 1191 viruttt
417 1165 621 1192 nobilissimum
634 1169 662 1192 et
677 1165 889 1199 amplissimum.
901 1166 927 1192 in
947 1166 1065 1194 Gronsio
1076 1171 1103 1193 et
1119 1166 1206 1199 Elllio,
1220 1171 1273 1193 tua:
1288 1166 1423 1200 maiestati
1440 1174 1454 1193 a
1469 1167 1593 1194 consiliis
1605 1171 1632 1194 et
1650 1166 1818 1199 rationibus;

190 1215 272 1242 quem
290 1208 475 1242 legationibus
484 1208 611 1243 pluribus
626 1208 703 1236 valde
714 1208 819 1236 clarum
833 1209 877 1236 alii
891 1210 1030 1244 principes
1047 1217 1100 1236 non
1119 1210 1254 1243 ignorant,
1271 1213 1297 1235 et
1315 1209 1386 1243 apud
1404 1217 1454 1236 nos
1468 1210 1629 1244 quicunque
1643 1210 1763 1244 aliquam
1777 1210 1818 1236 rei

192 1251 310 1286 publica:
326 1257 430 1286 partem
457 1257 562 1280 tenent.
578 1251 638 1280 lltec
654 1258 683 1280 ut
707 1254 799 1280 omnia
833 1254 967 1287 majt‘slali
984 1259 1035 1281 ture
1055 1253 1219 1287 gratularer.
1242 1252 1283 1279 tis
1303 1251 1419 1279 fortunat
1439 1257 1491 1279 ture
1509 1252 1643 1287 expressit
1668 1257 1696 1279 ct
1715 1260 1818 1286 pronus

192 1303 303 1330 quoque
315 1295 340 1322 in
357 1303 413 1322 rem
428 1297 565 1330 publicam
582 1301 704 1324 nostram
723 1298 850 1329 animus;
864 1298 908 1324 cui
926 1303 980 1324 tant
996 1298 1120 1331 impense
1141 1297 1224 1327 faves,
1242 1302 1271 1323 ut
1287 1305 1349 1324 cutn
1370 1305 1384 1324 a
1405 1297 1497 1332 regnis
1511 1297 1661 1332 majestatis
1677 1301 1729 1323 tum
1747 1296 1816 1326 abis.

192 1347 246 1366 tton
262 1339 385 1366 invenias
397 1340 441 1367 cui
460 1341 552 1368 lavere
571 1341 657 1377 magis
678 1342 776 1376 possis.
793 1342 861 1369 Hinc
879 1342 968 1369 fmtlus
987 1340 1053 1367 illud
1071 1348 1134 1367 cum
1152 1340 1346 1367 illustrissimis
1364 1347 1397 1367 ac
1414 1340 1613 1374 potentissimis
1629 1339 1714 1374 Belgii
1732 1339 1818 1367 futile-

191 1383 243 1410 rati
263 1383 408 1410 ordinibus
434 1391 522 1419 nuper
545 1385 641 1412 ictum.
657 1384 726 1412 llittc
755 1388 782 1412 et
795 1385 868 1420 quod
897 1393 930 1412 ex
956 1385 1001 1412 illa
1016 1389 1097 1418 gente
1113 1383 1202 1410 virum
1220 1384 1396 1418 magnificum
1419 1387 1447 1410 ct
1463 1383 1663 1418 amplissimum
1683 1382 1816 1409 Jacobum

190 1426 322 1462 Dyckium
337 1427 455 1462 clegisti,
471 1427 551 1462 cujus
575 1428 699 1455 consiliis
713 1428 937 1462 prudentissimis
957 1429 983 1455 itt
1004 1427 1131 1454 maximis
1158 1431 1198 1453 tot
1222 1434 1369 1461 regnorum
1391 1427 1510 1461 negotiis
1531 1426 1649 1453 utereris
1662 1434 1669 1458 ;
1682 1427 1817 1461 cujusque

191 1470 243 1498 lidc
258 1479 290 1498 ac
308 1471 458 1498 virtutibus
468 1472 702 1506 praestantissimis
715 1473 866 1507 exploratis
878 1473 905 1499 in
926 1473 1061 1507 legatione
1077 1480 1131 1498 non
1149 1479 1202 1498 una
1218 1472 1251 1498 ad
1272 1471 1365 1498 Galliae
1381 1479 1412 1498 ac
1428 1471 1576 1498 Britanniae
1597 1478 1684 1505 reges,
1707 1470 1815 1496 tandem

191 1515 237 1542 hic
248 1515 300 1542 loci
318 1515 388 1550 apttd
412 1523 460 1542 eos
473 1523 542 1550 qttos
558 1516 612 1543 dixi
632 1515 744 1543 ordines
766 1516 846 1550 legati
862 1516 994 1543 ordinarii
1023 1524 1124 1543 munus
1139 1516 1282 1543 sustinere
1297 1515 1421 1542 voluisti.
1443 1515 1536 1549 Neque
1557 1514 1609 1540 ltoe
1622 1513 1698 1540 satis.
1717 1513 1816 1540 .lanum

191 1560 367 1594 Rutgersium
393 1560 465 1587 inter
482 1561 570 1594 prittta
595 1561 692 1594 patria:
711 1561 818 1595 ingenia
836 1561 986 1588 consiliarii
1015 1561 1150 1596 dignitate
1173 1560 1323 1591 cxornasti,
1343 1563 1372 1586 ut
1396 1560 1519 1586 animum
1545 1558 1696 1593 maiestatis
1711 1562 1762 1584 tute
1789 1557 1817 1584 in

191 1607 299 1639 gentent
318 1611 350 1630 ac
372 1611 429 1630 rem
457 1603 594 1638 publicam
618 1609 741 1632 nostram
759 1605 1005 1639 propettsissimunt
1027 1604 1110 1632 etiam
1135 1604 1188 1630 isto
1206 1603 1288 1631 ntodo
1307 1603 1479 1630 ostenderes.
1498 1602 1583 1629 l\etno
1603 1601 1684 1636 igitur
1705 1600 1818 1636 posthac

194 1647 350 1679 mirabitur,
366 1646 387 1674 si
405 1647 513 1681 ingenia
529 1648 623 1682 patriae
641 1653 750 1676 nostrae.
766 1655 812 1674 rex
834 1653 961 1682 auguste,
979 1649 1070 1676 studia
1094 1656 1142 1675 sua
1164 1653 1283 1682 votaque
1300 1647 1394 1674 omnia
1413 1645 1547 1681 maiestati
1565 1651 1617 1672 tua:
1643 1650 1815 1672 consecrent.

192 1691 249 1726 Ego
264 1697 339 1718 certe
366 1690 432 1717 milti
451 1690 477 1717 id
495 1690 650 1718 iaciendum
665 1691 775 1726 putavi;
791 1699 879 1726 eoque
896 1692 1006 1719 nomine.
1023 1693 1055 1720 ad
1074 1693 1153 1727 regia:
1168 1698 1219 1719 tum
1236 1691 1415 1726 benignitatis
1433 1699 1508 1718 aram
1522 1691 1589 1717 sisto
1605 1689 1816 1716 Constantinum

192 1734 266 1762 hunc
286 1734 447 1766 Manassem,
464 1734 625 1761 historicum
641 1735 755 1761 mininte
776 1735 1020 1767 contemnendum,
1040 1736 1157 1763 maxime
1176 1735 1203 1762 itt
1221 1743 1248 1763 rc
1269 1735 1427 1770 Byzantina.
1445 1733 1590 1761 Cottiiderc
1605 1733 1692 1760 ausim
1707 1733 1816 1760 veniant

192 1777 257 1804 huic
272 1777 393 1804 audaciae
408 1777 466 1804 fore
491 1785 554 1804 cum
573 1786 587 1804 a
605 1777 756 1813 majestatis
773 1782 825 1804 tua:
854 1779 881 1806 in
899 1779 1005 1806 litteras
1024 1779 1129 1812 favore,
1145 1785 1202 1806 tum
1219 1779 1252 1807 ab
1268 1787 1310 1810 ea.
1327 1787 1408 1814 quant
1423 1778 1581 1814 praidicavi,
1596 1777 1624 1804 itt
1640 1781 1748 1812 gentem
1768 1785 1819 1804 “o-

191 1826 276 1849 stram
292 1821 472 1857 benignitate.
484 1821 652 1849 Cottcludam
667 1827 742 1853 voto,
756 1830 802 1848 rex
811 1827 934 1857 auguste,
948 1823 1021 1850 Deus
1039 1823 1084 1850 ille
1099 1824 1231 1858 optitnus,
1248 1831 1341 1858 regum
1355 1829 1558 1858 regnorumque
1573 1821 1695 1852 Arbiter,
1715 1821 1816 1856 regiam

192 1865 360 1900 maiestatem
375 1870 448 1894 luant
466 1874 546 1900 quam
563 1865 720 1893 diutissime
741 1866 905 1893 incolumem
929 1872 1030 1899 servet,
1045 1867 1079 1894 ad
1098 1867 1219 1894 uoutittis
1242 1867 1284 1894 sui
1308 1866 1476 1894 sanctissimi
1501 1864 1628 1900 gloriam,
1641 1865 1816 1892 subditorum

191 1909 342 1938 utilitatem
358 1915 386 1938 et
401 1910 522 1938 hostium
541 1914 687 1938 terrorem.
705 1909 832 1944 Lugduni
849 1910 1026 1943 Batavorum,
1039 1918 1064 1937 a.
1077 1910 1105 1937 d.
1122 1919 1148 1937 Vl
1168 1910 1282 1939 Kalend;
1301 1910 1379 1937 Mart.
1397 1909 1476 1941 1516.

866 1974 957 2009 Regia!
973 1973 1105 2009 Majestati
1122 1979 1174 2001 luat
1191 1974 1345 2002 humillime
1359 1972 1477 2001 devotus

1320 2017 1437 2045 Joannes
1457 2015 1605 2044 Msenatus.

738 2192 897 2223 LECTORI
926 2193 993 2223 10A
999 2194 1036 2224 N.
1066 2193 1271 2224 MEURSIUS.

224 2275 285 2304 Non
303 2281 330 2304 te
358 2275 451 2303 multis
475 2276 616 2307 morabor,
635 2275 733 2304 lector.
758 2275 969 2304 Constantinum
993 2285 1027 2304 en
1053 2277 1217 2308 Manassem,
1232 2275 1338 2311 pridem
1362 2275 1412 2303 tibi
1439 2283 1455 2303 a
1477 2283 1521 2303 me
1537 2275 1702 2311 promissum
1717 2281 1744 2303 et
1770 2283 1818 2310 per

189 2321 387 2356 occupationes
408 2321 537 2352 dilatum,
561 2320 694 2355 deseripsi
718 2328 751 2347 ex
775 2321 870 2348 codice
894 2321 1068 2347 bibliotheca:
1087 2320 1229 2351 Palatium,
1251 2320 1294 2346 cui
1319 2321 1375 2356 jam
1393 2325 1521 2348 auctores
1538 2320 1643 2354 aliquot
1658 2325 1738 2347 antea
1762 2327 1816 2346 non

187 2365 279 2392 editos
296 2372 403 2392 mecum
432 2365 525 2392 debes.
553 2365 658 2396 Versio,
689 2372 771 2399 quant
796 2364 901 2395 addidi.
928 2370 970 2391 est
993 2364 1107 2391 Joannis
1130 2364 1303 2394 Leuuclavii.
1321 2365 1373 2392 viri
1398 2364 1544 2392 clarissimi
1565 2369 1593 2391 et
1615 2363 1648 2390 de
1676 2363 1816 2398 republica

189 2408 325 2435 litteraria
348 2409 479 2443 prteelare
501 2408 592 2435 tneriti
613 2408 695 2436 editis
718 2412 758 2435 tot
783 2409 970 2436 monumentis
991 2408 1093 2442 quibus
1110 2412 1189 2435 antea
1214 2410 1388 2436 carebamus.
1405 2407 1446 2435 Ad
1474 2408 1598 2436 Grzceum
1621 2411 1723 2433 textum
1737 2411 1816 2433 notas

190 2459 241 2487 ego
257 2454 388 2486 pauculas
403 2453 500 2489 adjeci,
521 2453 622 2489 quibus
645 2454 705 2481 loca
733 2453 826 2481 tttiuns
841 2453 944 2488 integra
961 2452 1145 2480 restituerent.
1162 2450 1229 2478 Nam
1244 2457 1274 2479 ut
1291 2451 1476 2479 diﬂ‘nnderem
1494 2459 1536 2478 me
1548 2455 1576 2478 ct
1592 2450 1735 2478 historiam
1749 2457 1813 2476 cum

191 2495 308 2523 historia
325 2505 522 2531 compararem,
537 2505 590 2524 nett
607 2502 649 2524 est
661 2498 750 2524 visunt
761 2505 851 2532 opera:
862 2496 1158 2532 pretium.Contcntus
1173 2494 1211 2522 {ui
1239 2495 1328 2531 ipsum
1343 2495 1496 2522 lllanassem
1516 2498 1721 2529 repra‘scntarc.
1739 2492 1816 2526 Vale,

195 2545 234 2573 et,
252 2540 377 2576 quisquis
392 2548 432 2574 es,
452 2542 632 2569 aeternitatem
648 2542 750 2578 cogita.
