2123 3154
367 187 419 218 235

373 246 422 276 Ὃς
440 243 541 280 μετιὼν
555 243 604 278 τῆς
618 244 717 279 ἀρετῆς
734 242 782 276 τὴν
798 241 1024 276 ἐννομοπραγιαν,

370 288 427 315 Καὶ
438 288 488 322 τὴν
503 287 603 314 κακίαν
619 288 650 313 ἐκ
667 286 757 321 ψυχῆς
771 285 933 319 ἁποστυγῶν
956 286 1004 312 καὶ
1023 285 1142 319 φεύγων,

369 334 439 365 Τοὺς
455 333 645 368 φαυλουργοὺς
670 333 718 359 καὶ
740 332 882 363 δυσσεϐεῖς
908 331 1021 358 ἔσπευδε
1051 339 1159 366 σωφρο-

1001 376 1106 413 [νίζειν.

379 423 456 451 Ἐπεὶ
471 423 550 450 δὀὐκ
563 422 670 449 ἔπειθεν
678 422 776 453 αὐτοὺς
791 422 844 449 τῶν
859 423 969 457 φαύλων
981 421 1159 457 ἀποσχέσθαι,

373 470 498 504 Μετέστη
515 469 564 504 μὲν
580 469 633 496 ἀπὺ
647 468 699 503 τῆς
712 469 763 503 γῆς
781 468 846 494 ἓνῦα
859 468 889 494 τὸ
903 468 1012 503 πρῶτον
1027 468 1088 502 ἔφυ,

373 506 506 548 Μέτοικος
519 516 547 542 δὲ
559 516 704 550 γενόμενος
716 514 875 546 ἀλλοδαποῖς
887 516 916 541 ὲν
929 514 1002 548 ὅροις

372 562 427 596 Τὴν
443 560 617 596 ὑμνουμένην
632 560 749 587 κιϐωτὸν
764 559 869 595 ὡρίσθη
882 559 1045 592 τεκτονῆσαι

372 608 425 633 Καὶ
438 606 507 638 ζῶον
522 606 596 633 ἅπαν
609 607 638 633 έν
654 607 723 640 αὐτῇ
740 606 908 640 χερσόῦγρον
923 604 1073 638 ἐγκλεῖσαι,

376 652 420 684 Ὠς
437 652 549 688 σπέρμα
566 651 771 687 χρηματίσαιεν
790 651 837 677 καί
851 649 978 684 ζώπυρον
993 649 1040 675 τοῦ
1054 648 1160 682 γένους.

375 698 508 734 Ἐπεισθη
524 698 587 724 Νῶε
599 698 638 732 τῷ
650 697 720 732 Θεῷ,
737 697 767 723 τὸ
778 696 924 723 κελευσθὲν
939 696 1037 727 ὲποξει,

369 744 536 777 Ξυλοστεγὲς
550 742 695 777 εἰργάζετο
712 743 761 777 τῆς
781 741 898 768 κιὸωτοῦ
914 741 945 766 τὸ
961 739 1053 772 κύτος,

369 789 494 825 ὶῙυρίους
511 789 585 815 ἔνδον
599 789 729 824 ἑλιγμοὺς
741 787 950 823 λαϐυρινθώδεις
967 787 1059 823 φέρον.

372 837 429 863 Καὶ
446 835 508 862 Νῶε
528 836 578 870 μὲν
591 835 699 862 ἐνέθετο
711 837 744 870 τῇ
766 834 876 869 κιϐωτῷ
887 834 922 860 τὰ
937 833 1006 865 ζῶα,

371 882 537 916 Ποντογενῆ,
554 890 584 916 χε
589 882 715 916 ρσογενῆ,
729 881 829 916 πτηνὰ,
843 879 1050 914 πεζοποροῦντα
1064 887 1070 892 ·

377 928 408 954 '0
424 927 452 954 δὲ
463 927 528 959 Θεὸς
539 927 573 953 τὰ
585 927 738 962 στέγαστρα
754 927 808 953 τῶν
822 925 945 962 οὐρανῶν
958 924 1068 956 ἀνοίξας

373 973 457 1003 ’Ὀλας
469 972 575 1000 έκείοεν
591 972 677 999 ὑετῶν
692 972 833 1006 κατήγαγε
850 970 998 1002 θαλάσσας,

377 1017 512 1052 Ἐκάλυψε
525 1018 573 1048 τὰς
589 1017 711 1052 κορυφὰς
726 1016 779 1044 τῶν
795 1016 999 1051 βαθυκρήμνων
1015 1014 1116 1048 λόφων,

374 1062 498 1097 Ἔκρυψε
515 1063 566 1097 γῆς
583 1062 614 1088 τὸ
634 1063 789 1097 πρόσωπον,
807 1061 944 1095 ἐκάλυψεν
957 1059 1087 1096 ἀρούρας.

371 1108 407 1134 Τὸ
425 1109 478 1134 πᾶν
490 1107 557 1142 ὀμυῦ
570 1107 732 1142 συγκέχυτο,
749 1107 895 1134 κεκοίνωτο
907 1107 940 1133 τὰ
954 1105 1053 1132 πάντα.

369 1150 460 1180 Ἦσαν
475 1153 686 1180 ὑδατοπὸντιστα
697 1153 752 1179 τῶν
764 1153 880 1188 δένδρων
892 1153 927 1179 τὰ
944 1151 1070 1186 στελέχη.

371 1198 434 1229 Τοῖς
446 1197 586 1232 ὑψιλόφοις
605 1197 696 1233 ὄρεσιν
711 1198 846 1230 ὲπέλαζον
863 1198 965 1233 ἰχθύες.

376 1244 407 1271 '0
421 1244 490 1271 λέων
503 1244 712 1277 ὑδατόκλυστος,
727 1246 740 1271 ὸ
753 1244 847 1276 θύννος
863 1246 891 1270 ὲν
907 1246 940 1280 τῇ
958 1245 1060 1280 χέρσῳ,

372 1291 463 1317 ’Ἃπαν
477 1291 675 1326 ὑδατοςςὸρητον
688 1288 721 1326 ἦν
734 1290 885 1326 τηνικαῦτα
898 1290 979 1322 ζῶον,

379 1336 567 1371 Ἃεροδρὸμον,
580 1336 745 1372 χέρσυγρον,
759 1336 904 1370 εὔπτερον,
919 1336 1081 1370 πεζοπόρην.

372 1382 428 1408 Καὶ
435 1381 522 1408 πάντα
534 1382 762 1416 συμποντούμενα
775 1383 832 1413 τοῖς
847 1381 1025 1417 βαθυρῤόϐοις
1044 1382 1159 1416 δμϐρῡις

378 1426 423 1453 Ἑν
438 1427 530 1454 ὕδασιν
544 1427 692 1458 ἀπέπνεο-ι,
709 1427 825 1462 οἰκτρῶς
841 1427 1054 1463 ἀπενεκροῦντο,

408 1551 475 1578 Erat
489 1555 581 1578 autetn
596 1552 688 1586 justus
707 1551 817 1586 quidam
831 1552 873 1579 vir
887 1552 954 1584 Noa,
969 1554 1002 1579 de
1018 1552 1094 1580 Sethi
1112 1561 1158 1588 po-

373 1597 607 1628 steritate,nouus
617 1604 650 1624 ex
659 1597 754 1624 Adami
768 1597 882 1630 semine,
895 1598 942 1632 qui
957 1598 1060 1632 primus
1071 1598 1159 1625 fuerat

373 1641 512 1669 conditus.
530 1642 556 1669 Is
571 1642 682 1669 virtutis
695 1647 722 1669 et
744 1643 925 1678 legitimarum
941 1644 1080 1670 actionum
1104 1648 1161 1670 stu-

375 1686 482 1719 diosus,
500 1691 561 1713 eum
577 1686 641 1714 odio
656 1687 721 1717 vitia
738 1691 794 1715 toto
806 1692 919 1722 pectore
934 1688 1048 1716 haberet
1066 1697 1097 1716 ac
1118 1689 1162 1716 fu-

375 1735 460 1766 geret,
480 1731 604 1765 improbe
627 1735 738 1766 agentes
754 1735 782 1759 et
805 1732 903 1766 impios
920 1733 1059 1767 corrigam
1083 1741 1164 1760 cotta-

376 1777 465 1804 batnr.
483 1777 534 1804 Ubi
548 1784 613 1804 vero
627 1777 793 1811 persuadere
810 1786 864 1804 non
881 1782 988 1812 poterat
1000 1784 1031 1805 ut
1046 1787 1061 1806 a
1079 1779 1165 1807 scele-

374 1821 452 1849 ribus
467 1822 647 1854 abstinerent,
668 1824 816 1850 translatus
838 1828 881 1850 est
903 1825 937 1851 de
960 1829 1032 1852 terra
1061 1825 1088 1852 in
1110 1833 1164 1860 qua

373 1866 451 1901 prius
461 1872 521 1894 erat
537 1872 628 1900 natus,
638 1868 781 1902 factusque
789 1869 851 1896 aliis
862 1869 888 1895 in
901 1869 1003 1897 finibus
1014 1870 1166 1904 inquilinus

373 1913 491 1940 celerem
511 1913 584 1941 illam
608 1921 700 1941 arcam
721 1915 815 1949 jussus
837 1920 880 1942 est
904 1920 1057 1949 exstruere,
1078 1923 1110 1944 ac
1137 1917 1164 1943 in

373 1957 446 1984 illam
460 1958 560 1985 animal
576 1966 658 1986 omne
674 1963 814 1986 terrenum
828 1964 856 1986 et
875 1960 997 1995 aquatile
1012 1961 1164 1994 includere,

372 2007 405 2030 ut
419 2003 528 2038 generis
542 2003 584 2030 sui
613 2011 706 2032 semen
719 2011 752 2031 ae
768 2004 853 2032 fomes
872 2005 982 2040 quidam
996 2011 1079 2034 esset.
1092 2006 1166 2034 Obe-

374 2048 427 2076 diit
439 2048 496 2075 Non
510 2048 578 2079 Deo.
596 2049 669 2083 quod
687 2049 849 2084 imperatum
867 2055 926 2077 erat
941 2051 1068 2083 faciebat,
1084 2052 1166 2085 lignis

376 2100 446 2120 arca:
462 2093 642 2128 capacitatem
652 2095 827 2128 exstruebat;
844 2103 904 2130 quae
914 2095 1030 2123 interius
1047 2096 1166 2123 habebat

375 2137 498 2166 infinitos
511 2139 671 2172 amfractus,
687 2140 845 2176 labyrintho
868 2142 1035 2169 consimiles.
1065 2142 1166 2170 Deinde

374 2183 431 2210 Non
448 2184 606 2219 imponebat
628 2185 656 2212 in
674 2193 765 2213 arcam
782 2187 871 2214 Omnis
889 2188 997 2223 generis
1021 2189 1166 2221 animalia,

376 2231 497 2260 terrena,
519 2229 652 2262 volucria,
667 2230 817 2265 pedestria.
831 2231 904 2259 Deus
928 2237 1018 2260 autem
1030 2233 1168 2268 adapertis

376 2274 508 2302 caelorum
525 2275 605 2302 tectis
628 2281 683 2302 tota
702 2276 764 2304 inde
778 2277 932 2312 pluviarum
949 2280 1032 2306 maria
1045 2279 1166 2312 demisit;

377 2319 554 2347 abscondidit
564 2322 683 2349 vertices
697 2323 879 2357 praecipitium
891 2324 1012 2354 collium.
1022 2325 1168 2352 occultavit

378 2370 459 2392 terrae
477 2366 664 2400 superficiem,
684 2366 792 2394 abdidit
810 2375 885 2395 arva.
910 2369 1043 2396 Universa
1055 2374 1083 2397 et
1102 2377 1168 2397 con-

378 2410 438 2438 fusa
455 2417 534 2438 erant
546 2417 574 2439 et
592 2413 747 2441 connnista.
765 2413 890 2441 lmmersi
906 2415 984 2450 aquis
998 2421 1075 2443 erant
1089 2417 1170 2443 arbo-

379 2464 439 2483 rutn
460 2458 549 2484 trunci
568 2466 576 2490 ;
593 2458 685 2493 pisces
702 2458 735 2485 ad
759 2464 867 2487 montes
881 2468 966 2495 usque
977 2462 1109 2490 sublimes
1124 2469 1168 2490 ac-

379 2502 533 2536 cedebant;
553 2504 598 2532 leo
617 2505 794 2539 mergebatur
811 2506 907 2540 aquis;
925 2506 1044 2542 thynnus
1059 2511 1118 2535 erat
1137 2507 1163 2534 in

379 2552 462 2575 terra.
477 2548 564 2577 Omne
577 2550 677 2578 animal
689 2551 716 2578 in
725 2558 795 2586 aqua
806 2556 862 2578 tum
873 2552 1020 2586 ferebatur,
1033 2554 1089 2581 sive
1101 2562 1162 2581 aera

379 2601 537 2630 permearet
553 2596 613 2625 sive
631 2598 812 2631 terram,sive
827 2599 932 2627 volaret
945 2600 1002 2628 sive
1014 2601 1165 2629 incederet.

379 2641 478 2670 Omnia
501 2642 692 2671 obruebantur
715 2644 749 2672 ab
774 2644 935 2680 impetuosis
961 2647 1071 2682 pluviis,
1093 2652 1121 2674 et
1141 2647 1168 2674 in

380 2688 460 2723 aquis
472 2688 579 2724 animas
593 2689 769 2724 exspirabant
793 2691 949 2727 misereque
973 2699 1087 2720 mortem
1107 2693 1168 2720 obi-

379 2737 455 2766 bant.
481 2738 515 2768 Ut
541 2739 705 2775 simpliciter
726 2742 753 2764 et
776 2737 898 2765 breviter
920 2738 1019 2768 dicam,
1041 2743 1168 2773 tanquam

932 180 1185 211 CONSTANTINI
1210 180 1396 210 MANASSIS

1943 173 1997 212 235

1172 242 1197 271 Α
1213 239 1266 266 Καὶ
1281 241 1335 270 τοῖς
1353 240 1447 274 ὑγροῖς
1462 239 1512 270 τὰς
1528 239 1633 265 ἑαυτῶν
1648 239 1736 273 tua;
1754 239 1944 273 ἐναπεξρὺσων.

1219 286 1329 317 Ἀπλῶς
1349 286 1446 317 εἰπεῖν,
1459 285 1496 316 ὡς
1513 286 1542 310 ὲν
1556 285 1662 320 βραχεῖ,
1681 285 1806 319 καθάπερ
1823 286 1874 311 ὑπὸ
1885 285 1998 315 σκότους

1213 331 1298 358 Πάλιν
1312 331 1362 365 τῆς
1376 331 1428 365 γῆς
1442 331 1473 356 τὸ
1493 331 1638 366 πρόσωπον
1659 331 1775 365 ἀόρατον
1789 331 1810 346 ‘°
1824 331 1952 365 κατέστη,

1213 376 1249 401 Τὸ
1263 375 1311 402 τοῦ
1325 376 1413 410 φωτὸς
1431 377 1605 410 πρωτόγονον
1620 376 1700 402 πάλιν
1716 376 1826 410 ἐκράτει
1843 377 1918 410 χάος,

1213 421 1268 447 Καὶ
1281 421 1363 448 πάλιν
1380 421 1557 453 ὑδατίλουτος
1576 422 1593 456 ή
1611 421 1803 456 ζωοορέμμων
1820 422 1926 457 χέρσος.

1212 466 1268 492 Καὶ
1286 466 1367 501 θῆρες
1385 467 1434 502 μὲν
1448 467 1576 501 ἐφέροντο
1594 467 1687 502 νεκροὶ
1704 467 1906 501 πελαγωϐέντες
1919 477 1925 483 ·

1219 513 1383 548 Ἀνθρώπων
1396 513 1424 539 δὲ
1442 513 1630 548 πηλογενῶνή
1648 515 1722 540 πᾶσα
1740 514 1872 549 γεναρχὲα

1215 560 1351 585 "Aeace-rw
1366 558 1438 594 ὓδωρ
1452 559 1582 585 σπάσασα
1597 559 1644 585 καὶ
1655 559 1910 591 καταποντωοείσα,

1218 605 1263 636 Ὠς
1286 605 1379 631 πλοῖον
1397 605 1605 639 ὑγροκέλευοον,
1617 605 1654 636 ὡς
1665 605 1871 631 θαλασσόπλουν
1883 605 1998 639 σκάφος,

1213 651 1296 682 Κόνις
1315 650 1430 676 ἐπέπλεε
1447 650 1528 685 κωφὴ
1541 650 1576 676 τὰ
1587 650 1641 676 τῶν
1656 651 1761 677 ὑδάτων
1773 651 1856 678 νῶτα.

1213 697 1274 723 Νῶε
1293 697 1321 723 δὲ
1336 697 1416 732 μόνος
1431 697 1529 729 ὑποδὺς
1546 697 1595 732 τὴν
1607 698 1744 732 ζωσιράρον
1762 697 1861 732 στέγην

1219 744 1264 775 Ὠς
1278 743 1380 779 ναύτης
1396 743 1595 776 ἀθαλάττωτος
1607 744 1680 770 ἔνδον
1698 744 1893 775 ἐναυστολεῖτο,

1214 787 1328 822 Σπέρμα
1339 788 1385 814 τοῦ
1404 788 1499 821 γένους
1509 789 1537 814 ὲν
1552 788 1643 823 μικρῷ
1655 788 1693 822 τῷ
1708 787 1780 823 ξύλῳ
1792 788 1946 821 διασὼζων,

1214 832 1251 858 Οὐ
1268 833 1363 864 κῶπας
1383 833 1563 867 ἑπαγόμενος,
1581 833 1611 858 σὺ
1624 833 1744 865 κάλωας,
1760 834 1792 860 οὐ
1806 834 1900 868 λαίφη.

1214 877 1260 912 Τῷ
1274 878 1334 904 Νῶε
1351 877 1380 904 δὲ
1397 878 1543 905 συνέπλεον
1561 878 1615 904 υἱοὶ
1629 879 1675 904 καὶ
1688 879 1846 914 θυγατέρες,

1180 924 1199 950 Β
1216 922 1296 957 Γυνὴ,
1311 924 1440 956 γυναῖκες
1456 923 1510 950 τῶν
1522 924 1597 956 υἱῶν,
1613 925 1724 959 νυμφίοι
1743 924 1912 962 θυγατέρων.

1214 965 1306 994 ἾΙσαν
1318 969 1346 994 δὲ
1359 969 1472 1003 κλήσεις
1483 970 1540 1000 τοῖς
1557 971 1624 1002 υἱοῖς
1638 970 1699 1005 Σήμ
1713 979 1742 997 τε
1759 971 1805 998 καὶ
1821 972 1884 1006 Χὰμ
1901 970 2000 1004 Ἰάφεο.

1219 1013 1263 1045 Ὧς
1281 1014 1303 1040 δ’
1319 1014 1499 1049 ὑπελώφησεν
1511 1016 1527 1050 ἡ
1542 1016 1606 1050 πρὶν
1617 1017 1762 1051 καταφορὰ
1776 1017 1830 1044 τῶν
1843 1017 1964 1052 ὄμϐρων,

1213 1059 1270 1086 Καὶ
1285 1060 1366 1087 πάλιν
1378 1060 1509 1095 ὤφθησαν
1525 1062 1553 1087 αἱ
1569 1062 1634 1096 πρὶν
1652 1062 1812 1099 κλυσθεῖσαι
1827 1063 1964 1096 πεδιάδες,

1220 1105 1343 1140 Ἐξέοορε
1359 1106 1410 1140 τῆς
1427 1106 1544 1132 κιϐωτοῦ
1557 1108 1604 1133 σὺν
1619 1108 1673 1138 τοῖς
1687 1108 1780 1134 παισὶν
1791 1109 1805 1134 ὁ
1825 1108 1896 1140 Νῶε,

1214 1152 1268 1178 Καὶ
1280 1151 1351 1182 ζῶον
1367 1152 1421 1178 πᾶν
1435 1153 1615 1185 ταυτοστεγὲς
1632 1154 1653 1168 ²¹
1668 1153 1706 1187 τῷ
1722 1153 1782 1180 Νῶε
1796 1153 1930 1188 συνεξῄει.

1215 1197 1270 1224 Καὶ
1287 1197 1368 1223 πάλιν
1389 1197 1493 1232 κόσμος
1509 1197 1647 1232 δεύτερος,
1664 1198 1744 1224 πάλιν
1760 1199 1897 1234 γενάρχης
1911 1198 2000 1230 ἄλλος,

1215 1243 1270 1270 Καὶ
1289 1244 1368 1271 πάλιν
1381 1244 1477 1271 ἅπασα
1490 1245 1563 1280 ψυχὴ
1583 1246 1651 1280 πρὸς
1667 1245 1752 1280 αὗξην
1765 1246 1900 1272 ἐπεδίδου.

1255 1289 1302 1314 Ἐκ
1315 1289 1381 1323 γοῦν
1392 1289 1441 1324 τῆς
1453 1289 1563 1325 πρώτης
1582 1290 1704 1322 πλάσεως
1728 1291 1811 1326 ’Λδᾶμ
1826 1292 1873 1318 τοῦ
1896 1300 2000 1327 πρωτο-

1837 1336 1924 1373 [γόνου
1942 1337 1963 1352 ¹²

1213 1379 1318 1415 Μέχρις
1341 1377 1374 1406 αὖ
1394 1381 1440 1406 τοῦ
1455 1381 1650 1412 κατακλυσμοῦ
1672 1382 1825 1417 συμϐάντος
1844 1383 1890 1409 ἐπὶ
1905 1382 1966 1408 Νῶε

1214 1425 1285 1460 Πρὸς
1302 1426 1440 1460 δισχιλέοις
1457 1427 1528 1453 ἔτεσι
1545 1427 1586 1458 δὶς
1601 1428 1696 1454 έκατὺν
1715 1428 1865 1463 παρῆλθον,

1862 1496 1938 1524 Vers.
1950 1496 2001 1523 43%

1216 1550 1268 1577 sub
1285 1549 1407 1577 tenebris
1432 1558 1541 1577 rursum
1560 1555 1639 1577 terrze
1665 1551 1748 1578 facies
1766 1551 1860 1578 abdita
1880 1551 2000 1586 conspici

1211 1595 1293 1623 desiit
1311 1604 1318 1628 ;
1343 1603 1452 1622 rursum
1479 1596 1562 1624 chaos
1579 1597 1645 1623 illud
1661 1598 1843 1624 int'alescebat
1863 1598 2003 1632 antiquius

1213 1641 1291 1675 luce;
1309 1649 1419 1668 rursum
1435 1642 1514 1677 aquis
1529 1642 1610 1669 altrix
1630 1643 1788 1670 animalium
1807 1649 1877 1670 terra
1901 1651 2004 1670 mersa-

1216 1687 1307 1715 batur.
1324 1686 1421 1714 Bestia:
1435 1687 1596 1714 ferebantur
1610 1693 1725 1715 mortua:
1747 1689 1870 1723 marique
1887 1688 2003 1716 obruta‘.

1216 1733 1365 1760 Ilominum
1379 1740 1465 1768 genus
1482 1733 1548 1759 illud
1567 1733 1696 1768 priscum,
1715 1737 1806 1760 ortum
1821 1741 1854 1760 ex
1870 1734 1937 1766 luto,
1955 1733 2005 1760 im-

1217 1785 1336 1805 mensam
1358 1785 1456 1812 aqnain
1478 1785 1539 1804 cum
1563 1777 1698 1804 hausisset
1725 1785 1756 1804 ac
1775 1785 1894 1804 mersum
1919 1781 2001 1807 esset,

1217 1827 1346 1858 tanquam
1362 1823 1438 1849 navis
1462 1830 1547 1856 aquas
1565 1827 1720 1856 penetrans.
1739 1827 1767 1848 ut
1789 1822 1918 1857 navigans
1935 1822 2003 1848 mari

1216 1869 1334 1903 scapha,
1361 1872 1390 1894 ut
1411 1867 1479 1895 levis
1508 1867 1618 1902 quidam
1647 1868 1747 1902 pulvis,
1768 1876 1851 1902 super
1871 1875 2002 1902 aquarum

1218 1917 1293 1948 terga
1305 1913 1426 1945 natabat,
1441 1917 1469 1940 et
1483 1913 1576 1940 multis
1592 1913 1745 1947 pluviarum
1759 1913 1906 1948 reciprocis
1918 1912 2005 1939 ﬂueti-

1219 1958 1269 1986 bus
1285 1958 1449 1994 agitabatur.
1466 1958 1522 1985 Noa
1534 1966 1598 1986 vero
1611 1960 1686 1986 solus
1701 1963 1801 1986 tectum
1819 1959 1886 1986 illud
1908 1959 2004 1986 saluti-

1218 2003 1305 2031 ferum
1327 2006 1466 2040 ingressus
1479 2005 1565 2031 instar
1585 2005 1674 2032 securi
1691 2010 1780 2032 nautae
1797 2006 1823 2032 in
1835 2013 1868 2032 eo
1891 2005 2004 2040 naviga-

1218 2050 1276 2083 bat,
1303 2050 1355 2084 ιο
1378 2058 1472 2078 semen
1489 2050 1602 2077 humani
1628 2052 1735 2085 generis
1759 2051 1858 2086 exiguo
1882 2051 1908 2077 in
1932 2051 2005 2085 ligno

1219 2103 1395 2127 conservans,
1412 2103 1501 2131 neque
1519 2104 1610 2124 remos
1635 2097 1770 2123 adhibens
1793 2097 1863 2124 ullos
1884 2105 1935 2124 nec
1950 2097 2005 2124 ulla

1220 2143 1290 2170 vela.
1306 2142 1374 2169 Cum
1398 2143 1456 2178 ipso
1482 2142 1530 2169 lilii
1557 2143 1672 2176 filiaeque
1691 2143 1862 2178 navigabant,
1885 2143 2006 2177 itemque

1221 2196 1289 2215 uxor
1305 2192 1333 2214 et
1349 2195 1448 2214 uxores
1464 2187 1582 2214 ﬁliorum
1598 2192 1626 2215 ct
1642 2187 1756 2214 filiarum
1774 2188 1876 2222 sponsi.
1898 2188 1932 2214 Et
1944 2188 2006 2214 filiis

1219 2238 1298 2260 erant
1310 2233 1366 2265 hagc
1375 2233 1883 2268 nomina,Semus,Chamns,.laphetus.
1896 2234 2007 2260 Postea-

1220 2288 1302 2314 quam
1317 2287 1382 2306 vcro
1393 2279 1472 2306 cessit
1485 2287 1516 2306 ac
1532 2279 1635 2306 remisit
1648 2279 1780 2314 pristinus
1793 2279 1837 2306 ille
1852 2279 2006 2314 pluviarum

1221 2326 1349 2360 impetus,
1370 2333 1535 2360 rursumque
1553 2326 1691 2359 conspecti
1709 2331 1772 2352 sunt
1790 2327 1866 2360 prius
1881 2325 1915 2352 ab
1928 2326 2008 2360 aquis

1221 2371 1310 2406 operti
1331 2370 1430 2406 campi,
1445 2371 1548 2398 exsiliit
1563 2371 1596 2398 de
1609 2378 1671 2397 arca
1685 2378 1746 2398 cum
1760 2371 1855 2398 liberis
1866 2371 1923 2398 suis
1938 2371 2006 2402 Non,

1219 2422 1247 2445 et
1262 2425 1343 2444 omne
1367 2417 1467 2444 animal
1491 2418 1586 2444 eadem
1606 2421 1762 2444 contectum
1792 2425 1844 2443 una
1859 2425 1922 2444 cum
1948 2417 2009 2451 ipso

1219 2463 1295 2490 exiit.
1316 2462 1430 2497 Jamque
1444 2462 1563 2489 mundus
1583 2462 1628 2489 hic
1645 2462 1712 2489 alter
1731 2467 1799 2494 erat,
1815 2462 1885 2488 alter
1899 2462 2010 2497 generis

1219 2510 1348 2543 princeps
1368 2517 1375 2535 :
1394 2515 1503 2535 rursum
1516 2508 1605 2535 omnis
1620 2507 1819 2535 incrementum
1844 2508 1935 2536 anima
1959 2515 2009 2536 su-

1218 2556 1318 2582 utebat.

1255 2601 1275 2627 A
1291 2601 1380 2635 prima
1397 2601 1508 2635 quidem
1525 2601 1689 2628 formatione
1702 2602 1808 2634 Atlami,
1824 2601 1906 2636 primi
1919 2599 2011 2627 homi-

1219 2648 1274 2679 nis,
1293 2655 1379 2682 usque
1393 2647 1427 2674 ad
1440 2646 1574 2674 diluvium
1591 2648 1664 2682 quod
1681 2647 1782 2675 accidit
1797 2647 1849 2674 sub
1868 2647 1936 2678 Noa,
1950 2646 2010 2674 ela-

1219 2694 1258 2727 psi
1275 2697 1339 2719 sunt
1353 2693 1416 2719 anni
1433 2693 1474 2720 bis
1490 2693 1563 2720 mille
1579 2693 1690 2721 ducenti
1705 2698 1732 2721 et
1747 2693 1930 2730 quadraginta
1939 2692 2007 2720 duo.

1259 2739 1378 2774 Nepotes
1405 2744 1496 2766 autem
1514 2739 1579 2774 justi
1607 2739 1689 2775 hujus
1704 2740 1768 2767 Noae
1783 2740 1905 2774 fuerunt,
1937 2739 2012 2766 inter

1051 2800 1149 2830 Varia:
1173 2799 1334 2830 lectiones.

420 2859 440 2868 "
453 2859 586 2894 ὰνὰρατον
598 2860 628 2886 Α.
669 2860 688 2875 ¹¹
706 2861 864 2894 ταυτογενὲς
882 2860 938 2886 Illi.

979 2862 1001 2876 “
1018 2861 1231 2896 πρωτοπλάστου
1243 2861 1324 2888 ABR.
