2123 3154
113 37 118 68 l

0 84 45 164 lt
112 170 117 178 ,

76 284 84 290 .
111 239 117 291 ι

0 743 35 774 ᾖ
71 715 79 729 ..

0 904 25 994 Ξ

71 1041 94 1056 ρ

69 1142 116 1182 σε

89 1175 115 1263 ι

27 1361 48 1378 ἰ

27 1382 53 1405 ς.

62 1430 78 1437 ς.

373 207 425 242 251
938 215 1197 248 CONSTANTINI
1219 218 1411 250 MANASSIS
1953 227 2009 261 252

375 265 462 300 Οὗτος
475 269 589 305 συνῴκει
603 270 711 304 γυναικὶ
726 271 755 296 τὸ
769 270 864 301 κάλλος
879 271 987 308 ἐξαισία⁵
996 292 1004 304 ,

376 315 624 351 Φαιδροπροσώπῳ,
640 316 761 351 τρυφερᾷ
774 317 820 342 καὶ
835 318 1051 354 φοινικοπαρῄῳ,

375 361 512 387 Τοσοῦτον
527 359 572 388 οὖν
587 361 694 387 ἐκαίετο
711 361 750 396 τῷ
769 362 843 397 πόθῳ
858 364 906 389 τοῦ
923 364 1036 397 γυναίου

381 407 426 438 Ὠς
442 406 482 441 τῷ
497 406 639 441 θεραποντί
656 415 720 433 ποτε
734 408 842 442 (Γύγης
857 409 880 435 δ’
893 407 927 444 ἦν
942 410 957 435 6
972 410 1118 445 θεράπων)

376 453 427 479 Τὸν
440 453 521 479 πόθον
536 453 583 478 καὶ
598 453 643 479 τὸν
657 452 747 487 ἔρωτα
763 455 870 488 τρανῶς
885 455 1067 490 δημοσιεῦσαι

374 498 429 524 Καὶ
446 499 519 532 σχεῖν
537 498 650 532 θελῆσαι
665 498 764 534 θεατήν
787 500 881 527 τοῦτον
895 502 945 535 τῆς
965 502 1144 537 συνοικούσης
1155 523 1162 535 ,

373 543 532 574 Θεοσλασῶς
543 544 577 577 ³³,
592 544 628 576 ὡς
641 545 724 578 ἔοικε,
742 545 791 572 καὶ
805 546 836 572 τὸ
848 547 871 562 ⁹⁶
888 547 939 581 τῆς
958 547 1065 583 Μοίρας
1088 548 1164 583 ξίφος

373 589 510 621 ὲξακονῶν
525 590 587 617 καθ’
602 591 700 618 ἑαυτοῦ
713 593 761 619 καὶ
780 593 850 628 πρὸς
864 593 950 629 τομὴν
963 594 1091 628 ἐπείγων.

377 635 408 661 '0
418 635 468 669 μὲν
479 636 639 671 Κανδαύλης
649 636 770 672 ἔκρυπτε
778 639 823 664 τὸν
834 638 925 673 Γύγην
935 636 1003 674 πρὸς
1012 639 1060 675 τὴν
1068 640 1163 675 θύραν,

377 681 487 716 Ἐκείνη
501 682 523 708 δ’
539 683 684 715 ἀπεδύετο,
703 684 750 710 καὶ
766 684 857 720 Γύγης
872 685 1009 720 ὲνετρύφα

372 727 473 762 Γυμνῷ
488 727 526 762 τῷ
540 729 635 755 κάλλει
649 729 698 763 τῆς
713 729 815 764 σαρκὸς
830 730 879 765 τῆς
899 731 994 757 ἑαυτοῦ
1008 732 1162 767 δεσποίνης.

375 771 437 800 Eia;
450 774 497 800 τὸν
511 774 602 809 Γύγην
616 775 632 810 ἠ
647 775 728 810 γυνὴ,
742 776 952 811 γυναικοθύμως
967 775 1022 812 εἷχε
1034 779 1067 804 ’⁷.

381 818 584 854 Ὑϐριοπάθησε
601 820 696 852 δεινῶς
705 821 728 836 ⁹¹
737 842 745 853 ,
761 823 910 856 μετακαλεῖ
919 824 942 839 θ’
958 823 1003 849 τὸν
1018 824 1108 858 Γύγην
1120 844 1127 855 ,

377 865 490 891 Δίδωσιν
506 865 613 900 αἵρεσιν
628 866 711 898 δυοῖν,
729 867 745 901 ἢ
764 868 810 893 τὸν
826 868 959 902 δεσπότην
973 870 1078 895 κτεῖναι

377 911 515 946 Κερδᾶναί
531 920 561 938 τε
576 913 623 938 καὶ
642 913 691 947 τὴν
708 912 795 948 ἀρχὴν
810 914 817 929 ¹
833 914 879 940 καὶ
896 915 1019 949 γαμετὴν
1036 916 1160 949 ἐκείνην,

1173 278 1196 305 Α
1212 275 1380 310 Πτοούμενος
1393 275 1442 311 τὴν
1454 276 1563 312 εὔροιαν
1575 278 1625 313 τῆς
1640 279 1790 316 εὐποτμίας
1802 283 1818 312 ⁸,
1828 284 1947 319 Κροίσου
1956 294 1965 302 ·

1224 320 1252 346 Ὀ
1266 321 1364 355 Δανιὴλ
1378 321 1400 347 δ’
1418 321 1566 357 ἐθάρρυνεν
1579 324 1663 351 εἰπὼν
1684 326 1734 361 τὴν
1751 330 1933 364 πρκρητείαν,

1216 365 1267 392 Ἦν
1280 366 1332 401 πρὸ
1346 367 1356 381 ⁷
1372 367 1476 394 πολλῶν
1493 368 1547 395 τῶν
1560 371 1662 403 γενεῶν
1678 371 1751 405 ἔλεξε
1767 374 1832 409 περὶ
1846 376 1938 411 Κύρου

1218 411 1248 436 '0
1262 412 1519 447 μεγαλοφωνότατος
1535 417 1678 451 προφήτης
1700 417 1825 451 Ἡσαΐας.

1249 454 1333 489 Οὗτος
1346 459 1360 484 6
1376 458 1465 493 Κῦρος
1479 460 1493 486 6
1509 461 1591 492 πολὺς
1605 463 1660 493 τοῖς
1679 463 1708 488 ὲν
1723 464 1898 502 αἰχμαλωσίᾳ

1220 502 1354 535 Ἑϐραίοις
1368 504 1515 539 ἐχαρίσατο
1528 506 1561 532 τὰ
1574 506 1625 541 τῆς
1640 507 1796 544 ἐλευθερίας
1808 532 1814 542 ,

1214 547 1270 573 Καὶ
1284 547 1332 582 τὴν
1347 551 1516 583 μητρόπολιν
1531 551 1620 578 αὐτῶν
1636 553 1787 588 ἐπέτρεπεν
1802 557 1916 590 οἰκίζειν
1926 579 1933 592 ,

1216 593 1268 618 Ἦν
1281 594 1334 619 ἀπο
1349 595 1458 629 βάθρων
1474 595 1593 630 ἔσκαψεν
1606 598 1619 624 6
1634 599 1881 639 Ναϐουχοδονόσορ.

1250 635 1302 662 Τοῦ
1314 637 1404 673 Κύρου
1416 640 1576 674 τεθνηκότος
1586 642 1613 668 δὲ
1629 643 1780 680 Καμϐύσης
1791 635 1880 679 παῖς-δ
1889 650 1898 663 ἰ
1913 649 2005 684 Κύρου

1215 681 1254 707 Τὰ
1269 682 1316 716 τῆς
1329 684 1417 717 ἀρχῆς
1434 685 1545 717 ἐδέξατο
1558 687 1604 713 καὶ
1618 688 1652 714 τὰ
1665 690 1712 715 τοῦ
1730 691 1848 725 κράτους
1866 681 2002 730 σκῆπτρα.

1214 727 1268 754 Καὶ
1295 729 1354 762 μετ’
1372 729 1453 755 αὐτὸν
1468 731 1603 766 ἐκράτησε
1619 734 1730 768 Δαρεῖος
1750 738 1814 767 παῖς
1838 727 2003 767 Ὑστάσπου.

1215 773 1295 799 ’Λλὶὰ
1312 775 1364 809 γὰρ
1385 775 1460 808 ἄξιον
1477 778 1565 803 εἰπεῖν
1579 779 1653 810 ὅπως
1668 781 1766 817 συνέϐη
1785 782 1863 810 τοῦτο
1876 791 1885 800 ·

1256 819 1378 854 Ὑπῆρχι
1388 823 1452 852 παῖς
1461 821 1498 856 τῷ
1508 822 1612 857 βασιλεῖ
1619 825 1701 860 Κύρῳ
1716 827 1765 861 τὴν
1777 827 1871 862 κλῆσιν
1880 830 2004 864 Σμέρδις,

1214 865 1367 901 Θυμοειδὴς
1382 867 1429 892 καὶ
1447 867 1588 902 σθεναρὸς,
1604 871 1721 905 ἄλκιμος
1734 874 1781 899 καὶ
1795 877 1926 907 γενναῖος.

1217 910 1311 945 Τούτῳ
1327 912 1480 947 Καμῦύσης
1493 915 1612 947 ὲγκοτών
1629 916 1665 947 ὡς
1680 917 1785 953 βριαρῷ
1801 920 1848 952 τὰς
1865 923 1968 957 χεῖρας,

377 957 414 982 ‘H
430 957 476 984 τοῦ
489 958 603 984 θανάτου
620 960 679 990 ταῖς
695 960 800 990 ποιναῖς
816 960 897 987 αὑτὸν
908 961 918 975 ²
932 961 1144 996 καθυπαχθῆναι
1156 970 1163 977 ’
1182 957 1202 984 Β
1217 957 1277 983 Ὀτι
1295 958 1325 983 τδ
1338 958 1415 990 τόξον
1430 959 1540 995 ἱ’<1’](υι·ιέν
1555 962 1600 988 ἐπὶ
1617 964 1716 998 μικρὸν
1730 965 1847 992 ἐντεῖναι

379 1003 442 1029 Τῶν
451 1005 504 1039 γὰρ
511 1004 607 1031 Λυδῶν
619 1006 680 1036 ταῖς
688 1005 810 1038 γυναιξὶν
820 1006 933 1041 αἰσχρὸν
942 1005 975 1042 ἦν
984 1008 1014 1034 τὸ
1028 1009 1146 1044 φανῆναι
1155 1009 1165 1024 ³

376 1049 504 1084 Ἀχίτωσί
519 1058 548 1075 τε
566 1051 612 1076 καὶ
628 1052 746 1084 γυμναῖς
763 1051 891 1086 ἀνδράσιν
905 1053 1067 1088 ἀλλοτρίοις.

377 1095 471 1121 Εἵλετο
486 1095 576 1130 Γύγης
592 1095 641 1131 τὴν
661 1096 749 1130 ζωὴν,
766 1098 886 1123 κτιννύει
896 1097 907 1113 ⁸
922 1099 967 1124 τὸν
980 1099 1128 1135 δεσπότην,

375 1140 466 1171 Εὐθὺς
481 1141 661 1168 ἐπαναϐαίνει
676 1142 704 1167 δὲ
720 1143 787 1177 πρδς
803 1143 870 1177 ὕψος
887 1144 1037 1178 βασιλείας.

380 1185 410 1211 '0
430 1186 482 1221 πρὸ
503 1187 601 1222 μικροῦ
620 1187 648 1213 δὲ
664 1188 789 1219 ταπεινὸς
809 1189 939 1225 ἐξαίφνης
957 1191 1077 1226 ἀνεφάνη

373 1232 421 1265 Ἐξ
437 1232 541 1260 ἰδιώτου
556 1234 684 1269 βασιλεὺς
696 1255 704 1267 ,
720 1236 853 1271 δεσπότης
868 1238 921 1264 ἀπὸ
936 1238 1042 1266 δούλου.

412 1276 497 1309 Οὗτος
509 1280 522 1305 6
535 1279 625 1315 Γύγης
636 1300 643 1312 ,
660 1280 698 1312 ὦς
715 1290 797 1315 φασιν
807 1302 814 1314 ,
831 1283 970 1318 εὐνούχισε
987 1286 1120 1318 γυναῖκας
1129 1305 1136 1317 ,

385 1324 429 1355 Ὧς
442 1325 602 1357 νεαζούσαις
617 1327 656 1357 είς
668 1328 679 1343 ⁵
696 1328 738 1353 ἀεὶ
754 1328 844 1363 χρῷτο
866 1331 929 1364 περὶ
945 1330 994 1365 τὴν
1011 1332 1096 1365 μῖξιν,

402 1370 502 1398 Τούτου
511 1371 601 1406 τοῢ,Γύ
606 1374 707 1408 γουιτῆς
717 1375 809 1409 σειρᾶς
816 1375 864 1401 καὶ
870 1375 995 1410 βασιλεὺς
1003 1375 1036 1412 ἦν
1042 1378 1167 1413 Κροῖσος,

379 1418 429 1443 ⁸ον
443 1417 533 1452 Κῦρος
551 1418 717 1453 ἐχειρώσατο
733 1420 857 1452 πεισθεὶς
870 1423 930 1453 ταῖς
945 1422 1097 1458 ὑποθήκαις

376 1462 442 1493 Ταῖς
456 1463 502 1489 τοῦ
517 1464 658 1498 προφήτου
672 1465 783 1500 Δανιήλ.
802 1466 832 1492 '0
849 1467 899 1501 μὲν
915 1467 969 1502 γὰρ
985 1468 1079 1495 ἐδεδίει

377 1509 494 1543 Κροῖσον
509 1509 546 1541 ὼς
563 1509 764 1537 πολυτάλαντον
775 1532 782 1544 ,
799 1513 846 1538 καὶ
857 1512 970 1547 φεύγειν
983 1514 1084 1541 ἐνενόει

376 1617 468 1645 fronte
489 1618 580 1650 hilari.
594 1619 719 1652 delicata,
742 1621 818 1656 genis
832 1623 989 1657 purpureis.
1009 1623 1075 1659 Ejus
1089 1628 1166 1651 tanto

1219 1003 1307 1037 Ὅπερ
1321 1005 1345 1030 οἱ
1360 1005 1489 1039 πρέσϐεις
1505 1007 1609 1041 ἧγαγον
1627 1009 1657 1034 ἐκ
1672 1011 1720 1044 τῆς
1738 1010 1880 1043 Αἰθιοπίας
1891 1033 1898 1045 ,

1219 1048 1322 1080 Ἀλλως
1338 1058 1368 1075 τε
1383 1051 1431 1076 καὶ
1448 1051 1608 1086 ζηλοτυπῶν
1626 1055 1657 1081 ἐκ
1674 1064 1755 1082 τινων
1770 1057 1919 1092 ὀνειράτων

1219 1095 1227 1129 (
1243 1095 1344 1122 Ἐδόκει
1361 1096 1415 1132 γὰρ
1429 1098 1458 1123 ὲν
1472 1099 1612 1132 φάσμασιν
1627 1102 1692 1136 όρᾷν
1716 1102 1935 1137 ὀνειροπλὰστοις

1217 1140 1317 1174 Θρόνον
1331 1141 1415 1175 ἀϐρὸν
1431 1142 1568 1177 βασίλειον
1579 1166 1585 1177 ,
1604 1145 1722 1173 ἄπλετον
1737 1148 1770 1174 τὰ
1786 1149 1853 1183 πρὸς
1867 1150 1933 1185 ὕψος
1944 1171 1952 1179 .

1219 1184 1262 1211 'Ev
1274 1186 1362 1221 τούτῳ
1373 1187 1395 1213 δ’
1413 1189 1576 1223 ὲφεζὸμενον
1591 1191 1601 1206 ⁹
1618 1191 1657 1225 τῷ
1673 1192 1760 1227 θρόνῳ
1776 1193 1902 1229 λαμπρδν
1919 1197 2006 1232 ἄνδρα

1218 1231 1272 1257 Καὶ
1285 1231 1406 1265 ψαύοντα
1423 1235 1456 1268 τῇ
1474 1235 1579 1270 κεφαλῇ
1596 1236 1650 1262 τῶν
1667 1238 1801 1272 οὐρανίων
1817 1240 1924 1275 ἄστρων
1937 1250 1943 1257 ο

1224 1277 1267 1309 Ὠς
1279 1278 1308 1304 δέ
1322 1287 1392 1310 τινος
1405 1280 1521 1307 ἐπύθετο
1533 1282 1605 1312 τίνος
1617 1283 1630 1308 ὁ
1644 1283 1738 1317 θρόνος
1753 1285 1795 1319 είη
1809 1305 1816 1316 ,

1220 1324 1356 1351 Ἰίκουσεν
1369 1324 1439 1352 εἶναι
1452 1326 1582 1362 Σμέρδιος
1594 1328 1623 1354 δν
1640 1329 1766 1365 καθορῲη
1783 1332 1892 1366 θρόνον,

1219 1370 1274 1396 Καὶ
1291 1371 1336 1396 τὸν
1351 1372 1566 1405 ὲγκαθιζάνοντα
1581 1375 1619 1409 τῷ
1633 1375 1720 1411 θρόνῳ
1737 1378 1853 1413 Σμέρδιν
1868 1377 1937 1406 εἶναι
1947 1379 1969 1413 ).

1226 1415 1272 1442 Ἐκ
1288 1416 1390 1443 τούτων
1404 1418 1495 1444 τοίνυν
1508 1420 1538 1445 οὐ
1555 1420 1644 1451 καλῶς
1659 1421 1791 1453 διατεθεὶς
1807 1423 1875 1458 πρὸς
1887 1424 2005 1459 Σμέρδιν

1219 1461 1378 1495 Δολοφονίας
1393 1463 1495 1497 ἡρτυσε
1508 1464 1529 1480 ¹⁸
1552 1465 1636 1499 μύσος
1654 1466 1691 1501 τῷ
1711 1467 1886 1503 ταλαιπώρῳ.

1218 1505 1287 1537 Τοὺς
1298 1507 1326 1532 δὲ
1339 1507 1454 1539 πολλοὺς
1468 1508 1614 1536 ἐλάνθανεν
1629 1511 1674 1537 τοῦ
1692 1512 1822 1548 Σμέρδιος
1845 1515 1859 1540 6
1874 1514 1964 1549 φόνος.

1860 1574 1937 1603 Vcrs.
1951 1575 2006 1602 870

1217 1621 1311 1657 fugere
1340 1623 1487 1658 cogitabat,
1524 1627 1733 1660 prosperitatem
1767 1629 1891 1658 audaciae
1917 1632 2004 1659 (ἕτωεί

377 1663 516 1690 desiderio
532 1669 559 1691 et
572 1673 665 1693 amore
675 1665 817 1701 ﬂagrabat,
830 1672 859 1695 ut
874 1668 1021 1702 aliquando
1036 1669 1163 1697 ministro
1179 1663 1201 1693 C
1219 1668 1411 1696 reformidans.
1446 1670 1545 1698 Verum
1573 1672 1702 1700 Danielus
1735 1681 1798 1701 eum
1825 1676 2005 1705 confirmabat

377 1716 429 1736 suo
446 1710 480 1743 (is
497 1709 584 1745 Gyges
603 1712 672 1746 crat)
696 1712 865 1740 desiderium
884 1722 1061 1750 amoremque
1084 1724 1164 1743 suum

377 1755 555 1789 patefaceret,
576 1762 656 1791 atque
675 1757 751 1785 illum
769 1766 825 1786 suae
842 1760 967 1794 conjugis
981 1765 1163 1795 spectatorem

376 1809 437 1828 esse
464 1802 555 1834 vellet,
579 1803 709 1836 delirans,
737 1809 767 1831 ut
790 1805 909 1838 videtur,
926 1814 957 1834 ac
970 1807 1016 1834 fati
1042 1808 1163 1843 gladium

374 1852 471 1875 centra
485 1848 580 1883 seipse
593 1857 695 1877 acuens
710 1855 738 1878 et
755 1851 788 1878 ad
804 1852 959 1880 laedendum
969 1861 997 1880 se
1013 1855 1163 1888 proritans.

373 1892 467 1928 Itaque
482 1893 581 1929 Gygem
596 1894 748 1923 Candaules
768 1897 802 1924 ad
829 1898 940 1933 januam
960 1900 1084 1927 occultat
1098 1901 1162 1933 :illa

373 1940 500 1971 scexuit.
525 1940 598 1976 Gyge
625 1941 659 1968 de
698 1943 771 1969 nuda
805 1943 1011 1978 pulchritudine
1037 1946 1163 1981 corporis

372 1983 446 2012 hera:
461 1993 517 2012 suae
530 1986 698 2020 voluptatem
711 1988 847 2022 capiente.
868 1989 946 2017 Videt
969 1990 1071 2026 Gygem
1099 2000 1162 2018 mu-

370 2028 425 2057 lier
441 2039 448 2056 ι
464 2030 505 2057 ira
520 2031 648 2058 muliebri
671 2026 841 2066 accenditur,
872 2035 997 2062 aﬂ'cctam
1016 2044 1046 2063 se
1061 2037 1161 2071 injuria

371 2080 460 2109 putat,
483 2075 584 2112 Gygem
599 2079 724 2110 arcessit,
740 2079 786 2106 dat
807 2080 947 2114 optionem
965 2081 1081 2109 duorum
1094 2103 1101 2113 ,
1118 2083 1161 2110 vel

373 2125 404 2147 ut
420 2120 518 2149 herum
548 2123 687 2151 occideret
714 2124 856 2159 ipsamque
873 2126 1017 2161 conjugem
1031 2135 1094 2155 cum
1111 2128 1162 2155 im-

374 2166 453 2201 perio
480 2167 664 2203 lucrifaceret,
694 2170 735 2198 vel
764 2171 925 2199 interfectus
952 2178 1073 2200 mortem
1105 2174 1161 2209 ipse

372 2217 524 2246 oppeteret.
545 2215 613 2242 Nam
635 2219 715 2250 turpe
739 2216 877 2252 Lydorum
905 2218 1037 2246 uxoribus
1049 2225 1109 2247 erat
1127 2221 1161 2248 ab

373 2257 470 2286 alienis
494 2259 560 2288 viris
576 2261 711 2296 conspici.
734 2270 797 2289 cum
824 2263 950 2290 vestibus
973 2264 1076 2293 indutae
1105 2274 1161 2294 non

371 2308 474 2332 essent.
499 2306 553 2341 18
574 2306 663 2342 Gyges
684 2308 768 2335 vitam
787 2309 884 2344 eligit:
905 2310 1001 2337 herum
1018 2312 1156 2340 interﬁcit.

370 2349 510 2379 Statimad
527 2353 603 2388 regni
630 2354 827 2382 sublimitatem
854 2357 991 2390 pervenit,
1020 2359 1065 2393 qui
1079 2360 1160 2394 paulo

369 2402 433 2425 ante
448 2398 562 2426 humilis
585 2404 654 2432 erat,
676 2401 769 2428 subito
792 2402 902 2435 emicat,
937 2403 1025 2432 factus
1044 2414 1077 2433 ex
1102 2408 1161 2441 pri-

371 2445 433 2468 vato
450 2450 508 2474 rex,
523 2442 607 2471 herus
621 2451 636 2471 e
647 2452 737 2472 servo.

405 2486 456 2514 llic
468 2487 556 2523 Gyges
572 2489 637 2524 (hoc
650 2490 724 2517 enim
742 2493 880 2520 memoriae
895 2494 1032 2528 proditum
1051 2497 1160 2530 accepi-

371 2534 447 2567 mus)
461 2536 598 2564 castrabat
618 2538 758 2569 mulieres,
776 2543 805 2566 ut
822 2539 863 2566 eis
883 2547 992 2575 semper
1005 2541 1120 2576 integris
1131 2547 1160 2569 et

370 2578 524 2613 juveneulis
544 2582 577 2609 ad
593 2590 720 2611 venerem
736 2590 873 2613 uteretur.

403 2624 470 2659 Ejus
480 2625 561 2662 Cygis
572 2635 588 2654 e
603 2628 688 2663 stirpe
700 2629 811 2657 Crmsus
832 2638 878 2657 rex
895 2636 963 2664 erat,
977 2640 1057 2666 quem
1071 2632 1159 2668 Cyrus

368 2672 451 2706 cepit,
481 2672 586 2700 Danieli
612 2675 682 2702 ratis
698 2674 934 2703 admonitionibus
953 2676 1157 2712 obtemperans.

367 2717 436 2745 Nam
452 2718 540 2754 Cyrus
558 2718 683 2747 Croesum
702 2720 779 2747 velut
789 2721 949 2755 opulentum
965 2722 1115 2755 metuebat,
1127 2730 1159 2749 ac

1216 1714 1337 1742 indicato
1354 1716 1494 1747 vaticinio.
1509 1717 1582 1752 quod
1603 1723 1666 1746 ante
1682 1720 1782 1748 multas
1810 1726 1904 1750 aetates
1920 1723 2006 1752 Isaias

1215 1761 1378 1794 protulerat.

1250 1806 1366 1835 lliustris
1381 1808 1427 1835 hic
1444 1817 1491 1836 rex
1510 1809 1599 1845 Cyrus
1630 1811 1762 1842 Hebraeis.
1795 1814 1841 1847 qui
1872 1820 1949 1842 erant
1976 1816 2004 1842 in

1214 1852 1381 1886 captivitate,
1395 1853 1549 1882 libertatem
1563 1860 1605 1883 est
1619 1856 1732 1891 largitus
1744 1877 1751 1888 ,
1767 1865 1898 1886 concesso
1921 1861 2005 1887 etiam

1215 1902 1245 1923 ut
1260 1897 1381 1932 ipsorum
1407 1900 1568 1935 metropolis
1589 1906 1789 1935 cxstrueretur,
1805 1911 1888 1938 quam
1906 1913 1921 1931 a
1938 1905 2005 1932 ίυτι·

1213 1941 1349 1971 damentis
1367 1944 1621 1973 Nabuchodonosor
1634 1951 1784 1974 everterat.

1249 1988 1319 2023 Cyro
1339 1995 1459 2023 mortuo,
1485 1991 1557 2019 filius
1573 1993 1633 2027 ejus
1656 1992 1804 2025 Cambyses
1819 2002 1930 2030 regnum
1941 2004 2006 2023 cum

1214 2034 1319 2068 imperii
1334 2036 1450 2069 sceptris
1457 2037 1572 2071 accepit.
1583 2037 1647 2065 Post
1660 2045 1741 2072 quem
1759 2038 1902 2073 imperavit
1909 2041 2006 2068 Darius

1214 2079 1354 2115 Hystaspis
1370 2081 1452 2109 ﬁlius.
1470 2082 1563 2109 Fuerit
1577 2087 1669 2111 autem
1686 2092 1775 2120 operae
1810 2086 1928 2121 pretium
1941 2094 2006 2113 nar-

1213 2131 1275 2152 rare
1288 2125 1334 2159 qui
1352 2125 1404 2152 hoc
1419 2125 1520 2154 factum
1541 2128 1587 2155 sit.

1247 2169 1334 2205 Cyrus
1353 2179 1399 2197 rex
1419 2171 1503 2198 lilium
1521 2172 1641 2201 habebat
1653 2175 1764 2203 nomine
1784 2176 2004 2209 Smerdim,ani-

1212 2223 1330 2248 mosum,
1361 2217 1515 2250 robustum,
1531 2218 1642 2250 fortem.
1659 2228 1833 2255 generosum.
1859 2223 1929 2250 lluic
1942 2230 2005 2251 suc-

1212 2261 1340 2288 censebat
1358 2262 1506 2298 Cambyses
1529 2269 1558 2291 ut
1578 2265 1681 2292 homini
1701 2267 1825 2299 robusto.
1841 2269 1913 2302 quod
1931 2277 2002 2302 pau-

1212 2307 1297 2334 lulum
1314 2309 1447 2343 potuisset
1463 2318 1556 2337 areum
1573 2312 1696 2343 tendere.
1715 2322 1796 2347 quem
1812 2323 1845 2341 ex
1860 2314 2003 2350 Ethiopia

1214 2355 1292 2389 legali
1306 2355 1464 2388 attulerant,
1480 2357 1547 2384 alias
1570 2358 1652 2385 etiam
1668 2359 1718 2393 ipsi
1735 2365 1849 2395 propter
1866 2361 2004 2389 insomnia

1213 2401 1336 2434 quaedam
1366 2401 1500 2430 invidens.
1528 2403 1633 2438 Quippe
1658 2405 1734 2431 visus
1755 2406 1807 2433 sibi
1837 2406 1928 2434 fuerat
1953 2416 2005 2442 per

1212 2448 1332 2481 quietem
1342 2448 1438 2474 solium
1450 2449 1571 2484 elegans,
1582 2450 1699 2485 regium,
1712 2452 1857 2480 altitudine
1869 2453 2004 2481 immensa

1212 2500 1337 2525 cernere,
1357 2501 1388 2520 ae
1404 2494 1432 2520 in
1447 2501 1481 2520 eo
1498 2495 1639 2522 sedentem
1663 2498 1808 2530 quemdam
1835 2499 1925 2526 virum
1942 2500 2005 2526 illu-

1213 2543 1306 2568 strem.
1325 2539 1371 2573 qui
1395 2540 1516 2567 coelestia
1529 2541 1619 2568 sidera
1631 2543 1718 2577 capite
1726 2544 1906 2579 contingeret.
1918 2545 2005 2573 Cum-

1212 2592 1265 2618 que
1279 2585 1312 2611 de
1326 2584 1443 2619 quodam
1463 2585 1660 2622 interrogasset
1675 2589 1754 2623 cujus
1776 2594 1849 2616 esset
1865 2590 1910 2617 hic
1923 2591 2003 2617 thro-

1213 2637 1275 2662 nus,
1298 2630 1422 2657 audierat
1435 2638 1494 2658 esse
1508 2631 1605 2658 solium
1623 2632 1756 2666 Smerdis,
1773 2634 1846 2668 quod
1861 2640 2002 2664 cerneret.

1212 2680 1239 2701 et
1255 2683 1318 2702 eum
1339 2676 1385 2710 qui
1411 2675 1519 2703 sederet
1544 2677 1572 2704 in
1592 2678 1670 2710 solio,
1690 2678 1826 2706 Smerdim
1840 2689 1911 2708 esse.
1931 2681 2004 2709 Hinc

1212 2730 1277 2757 ergo
1291 2730 1346 2749 non
1373 2723 1475 2757 optime
1496 2730 1559 2759 erga
1585 2724 1720 2752 Smerdim
1746 2726 1859 2754 fratrem
1883 2728 2004 2756 affectus

1046 2779 1148 2811 Variae
1173 2781 1340 2811 lectiones.

404 2829 428 2846 "
441 2829 633 2864 φρενοϐλαὸὦς
646 2830 702 2857 AR.
757 2831 779 2846 °°
794 2830 840 2856 τοῦ
855 2831 936 2864 φόνου
952 2830 985 2857 R.

1037 2832 1059 2847 °’
1077 2831 1140 2865 ἔσχε
1169 2831 1191 2858 R

1255 2831 1409 2870 "‘6?08_9(:);
1518 2834 1540 2849 θ’
1553 2834 1746 2870 μετακαλεῖται
1764 2835 1795 2861 R.
1867 2838 1914 2863 καὶ
1926 2846 2006 2870 γαμ-

371 2864 435 2898 ετὴν
445 2865 491 2890 καὶ
504 2865 553 2894 τὴν
568 2866 655 2900 ἀρχὴν
673 2865 704 2892 ll.
744 2867 754 2882 ²
771 2866 820 2899 τὴν
832 2866 918 2901 τομὴν
933 2866 1007 2900 αὐτῷ
1028 2868 1059 2895 Δ,
1072 2864 1140 2900 πρξε
1156 2867 1243 2900 regis;
1257 2867 1338 2892 αὐτὸν
1352 2866 1383 2892 ιι.
1423 2868 1432 2882 ³
1449 2864 1597 2903 ἄτοπον-ἥν
1612 2871 1729 2903 φανῆναι
1744 2870 1778 2896 ιι.
1817 2872 1826 2886 ⁵
1849 2864 2004 2901 κτείνῦυσι.

375 2898 407 2925 ὶῖ.
446 2899 456 2914 ⁸
470 2900 498 2931 ἐς
514 2898 620 2926 Αιιιιζ⁷⁷
635 2901 644 2915 ⁸
661 2898 804 2935 εὐτολμίας
820 2901 852 2927 ll.
867 2898 872 2901 ⁷
893 2898 945 2927 τέκ
963 2901 994 2927 li.

1044 2901 1054 2916 ⁸
1069 2903 1082 2926 ό
1098 2903 1161 2933 παῖς
1177 2902 1231 2928 AR.

1275 2903 1284 2917 ο
1300 2902 1460 2936 ἐφιζὸμενον
1482 2904 1512 2929 Λ.
1565 2902 1587 2920 ’⁸
1604 2905 1687 2938 ἤρτυε
1703 2905 1735 2931 “-
