2123 3154
208 186 259 219 261

209 240 265 267 Καὶ
281 248 326 266 τον
340 240 405 266 Θεὸν
420 240 544 266 ἐσέϐοντο
558 240 681 276 καρδίαις
693 240 876 271 ἀδιστάκτοις,

211 285 324 316 Ἐθνους
340 285 484 321 ὑπέρτεροι
497 286 597 317 παντὸς
609 286 654 312 καὶ
671 286 766 319 γένους
783 285 940 320 ὲτηροῦντο,

209 331 264 357 Καὶ
281 330 349 356 κατὰ
361 331 425 366 ροὖν
440 331 553 366 ἐφέρετο
568 331 672 363 τούτοις
687 333 701 358 ὁ
717 331 773 365 βίος
786 331 869 363 ἄπεις-

214 376 310 402 Ἡνῐκα
326 376 350 402 δ’
359 377 519 411 ἐξεφέροντο
531 377 600 413 πρὸς
613 377 837 412 εἰδωλολατρείαν

208 421 263 447 Καὶ
278 422 468 457 προσετίθεντο
484 423 557 454 θεοῖς
573 423 689 458 ἀψύχοις
705 423 751 449 καὶ
771 422 906 457 ματαίοις,

209 466 316 498 Εὑθέω;
330 467 503 501 παρεδίδοντο
518 469 574 499 τοῖς
595 468 739 503 δυσμενέσι
752 467 850 494 δοῦλοι.

207 512 298 546 Μέχρι
310 512 358 547 μὲν
370 511 415 539 οὖν
425 514 471 540 καὶ
483 514 610 548 Σαμουὴλ
621 515 714 549 κριταὶ
726 515 828 541 τούτων
841 515 979 550 κατῆρχον
987 523 995 531 ⁸

208 556 285 582 Μετὰ.
299 556 327 582 δι
341 556 428 584 ταῦτα
443 558 570 592 βασιλεὺς
588 559 733 593 αἰτήσασιν
749 559 828 592 ᾰδόθη

215 601 280 626 Ἀπὸ
291 602 406 636 φυλῆς⁸¹
426 603 558 638 Βενιαμὶν
572 603 659 630 Σαοὺλ
675 603 722 630 τοῦ
742 604 793 635 Κὶς
807 605 822 630 ὸ
834 604 923 638 γόνος.

210 646 263 670 Καὶ
282 646 350 679 μετὰ
363 646 456 673 τοῦτον
469 648 483 674 ὀ
496 648 578 674 Δαϐιδ
590 649 603 674 ό
616 649 704 683 μέγας
718 649 747 674 ὲν
759 650 911 685 προφήταις
921 650 943 666 δ’

209 690 262 716 Τοῦ
272 691 367 725 γένους
378 693 489 729 κράτωρ
501 694 618 728 γίνεται,
632 695 778 730 θρέμματα
790 695 850 722 τότε
865 696 954 737 νέμιιξν
962 697 994 727 ⁸³.

209 736 264 763 Καὶ
279 737 396 772 καθεξῆς
409 740 584 774 τρισκαίδεκα
599 741 696 776 μέχρις
715 741 851 777 Ἰεχονίου,

208 782 267 816 Ἐφ’
281 781 312 808 ob
327 783 358 809 το
369 783 461 819 τρίτον
476 785 596 812 ἐπελθὼν
617 788 630 813 ὁ
647 787 880 823 Ναϐουχοδονόσορ

208 827 264 862 Τὴν
278 828 355 855 πόλιν
369 829 513 865 ἐνεπύρισε
529 831 633 858 καὶτὸν
646 832 710 859 ναὸν
725 833 771 858 τὸν
785 832 870 863 Θεῖον.

209 873 265 899 Καὶ
280 873 327 900 τὸν
340 873 405 901 λαὸν
421 876 572 911 μετῴκισεν
586 878 616 905 ὲν
630 878 707 913 χώρᾳ
720 878 892 906 Βαϐυλῶνος.

775 187 1027 218 (ΖΟΜΡΕΝΠΙΗΜ
1049 189 1097 217 CH
1103 188 1288 218 RONICUM.

1783 191 1836 224 2'2

1015 244 1038 273 Α
1052 240 1108 266 Καὶ
1122 242 1215 276 μήτηρ
1228 241 1396 276 ἐχρημάτισε
1411 242 1515 270 πολλῶν
1530 243 1561 270 ἐκ
1574 244 1669 271 τούτου
1684 246 1800 274 παίδων.

1049 285 1167 319 Ἐχουσα
1182 286 1246 320 γοῦν
1261 287 1331 313 κατὰ
1345 288 1464 322 γαστρὸς
1478 290 1525 315 καὶ
1540 290 1608 324 πρὸς
1619 290 1649 316 τὸ
1657 291 1759 318 τίκτειν
1771 289 1837 318 οὖσα

1045 331 1196 366 Φοϐήτροις
1213 333 1376 368 ὲκτεθρῆητο
1391 334 1531 369 νυκτέρων
1547 335 1712 370 ὀνειράτων·

1047 377 1160 403 Βλέπειν
1172 377 1225 412 γὰρ
1239 377 1313 410 ἔδοξε
1327 378 1405 405 δαλὸν
1421 380 1535 414 φλόγεον
1551 381 1704 416 ὰνθρακίαν

1053 423 1100 449 Ἐκ
1108 423 1156 458 τῆς
1165 423 1256 454 αἰδοῦς
1265 423 1460 459 προκόπτοντα
1469 425 1638 462 ταύτηςνκαὶ
1648 427 1834 463 πυρπολοῦντα

1047 468 1102 503 Τὴν
1121 469 1195 494 πόλιν
1209 468 1319 496 ἃτασαν
1335 470 1404 504 ὁμοῦ
1421 471 1468 497 καὶ
1484 473 1534 503 τὰς
1550 472 1598 507 τῆς
1616 473 1688 508 Ἴδης
1704 473 1782 506 ὕλας.

1054 514 1158 540 Ἀκούει
1171 514 1250 540 τοῦτο
1269 516 1403 550 Πρίαμος,
1422 519 1478 549 τοῖς
1495 518 1608 552 μάντεσι
1626 519 1782 547 κοινοῦται·

1046 559 1184 586 Μανθάνει
1198 561 1332 595 χρήσιμον
1347 562 1421 596 αὺτῷ
1435 563 1562 596 γενέσθαι
1583 565 1630 590 καὶ
1645 566 1677 600 τῇ
1696 566 1782 598 πόλει,

1047 605 1096 630 Ἂν
1111 604 1141 630 τὸ
1156 606 1391 640 γεννηθησόμενον
1414 607 1519 642 θηρίοις
1538 608 1662 644 ἐκτεθείη
1671 608 1694 625 ⁸⁵

1048 650 1083 676 "ll
1094 650 1132 683 τῷ
1149 650 1214 685 πυρὶ
1232 650 1270 686 τῷ
1285 651 1426 687 καυστικῷ
1446 652 1513 687 πρὸς
1529 653 1641 689 ὄλεθρον
1658 655 1764 690 ῥιφείη.

1046 695 1123 722 Μετὰ
1136 696 1234 730 μικρὸν
1247 697 1269 723 δ’
1289 696 1466 732 Ἀλέξανδρος
1479 697 1605 733 ἐξέθορεν
1623 700 1663 731 είς
1677 700 1756 734 φάος,

1046 741 1150 775 Χαρίεν
1165 740 1306 775 βρέφος⁸⁹,
1324 741 1472 777 εὐπρεπὲς,
1490 743 1597 770 ἀστεῖον
1614 744 1652 779 τῷ
1665 747 1814 782 προσώπῳ.

1052 784 1153 820 Ἐχρῆν
1170 785 1220 820 μὲν
1240 785 1286 812 οὖν
1299 787 1345 813 τὸν
1366 787 1488 822 Πρίαμον
1506 788 1680 824 μελλήσαντα
1692 791 1753 825 μηδ’
1765 792 1834 824 ὅλως

1046 829 1132 861 Εὐθὺς
1147 830 1290 865 προκύψαν
1303 832 1335 858 ὲκ
1347 832 1467 868 γαστρὸς
1480 832 1511 860 τὸ
1525 833 1624 868 βρέφος
1636 834 1780 869 ἀφανίσαι,

1052 875 1238 910 Ἐξαφανίζειν
1254 878 1392 910 παντελῶς
1410 879 1520 905 ἃπασαν
1535 879 1628 916 χώραν
1644 881 1739 916 μέλλον
1748 882 1788 898 ⁸⁸⁸

243 917 298 945 Τοῦ
316 918 344 945 δὲ
359 920 441 947 Δασὶδ
455 922 639 957 κατάρξαντος
653 923 716 958 ἄρτι
734 923 787 950 τῶν
806 924 950 959 ὁμοφύλων
959 924 993 958 ⁸³,
1011 917 1031 944 Β
1052 919 1081 947 ὀ
1103 920 1132 946 δὲ
1147 923 1178 956 τῇ
1195 921 1275 955 φύσει
1293 923 1415 958 νικηθεὶς
1431 925 1551 958 φείδεται
1563 925 1610 952 τοῦ
1625 926 1778 961 τεχθέντος·

213 963 243 989 ’0
256 965 324 999 προς
338 965 401 997 τοὺς
413 966 509 1001 Τρῶας
526 967 645 1003 πόλεμος
663 969 793 1004 ’Ἓλλησιν
808 970 956 1006 ἐκροτήθη,

206 1009 293 1044 Χάριν
311 1010 419 1046 Ἑλένης
434 1013 558 1048 γαμετῆς
573 1013 657 1048 οὔσης
672 1014 720 1041 τοῦ
738 1015 887 1041 Μενελάου.

206 1054 314 1090 Ταύτην
333 1056 388 1090 ἐγὼ
402 1057 564 1092 βουλόμενος
582 1058 632 1094 τὴν
649 1060 740 1095 μάχην
762 1060 905 1095 ἱστορῆσαι

207 1101 305 1133 Καθὼς
318 1103 374 1134 τοῖς
390 1103 549 1139 ῐστορήσασι
568 1105 703 1138 γράφεται
721 1106 784 1140 περὶ
801 1106 913 1141 ταύτης,

206 1147 262 1173 Καὶ
276 1148 381 1182 μέλλων
396 1150 486 1183 λέγειν
501 1151 530 1177 οὔ
547 1151 640 1183 καθὼς
655 1152 779 1187 Ὄμηρος
794 1153 992 1188 ἁναγράφει“,

207 1193 377 1228 Συγγνώμην
393 1194 570 1230 ὲξαιτὴσομαι
587 1199 662 1232 παρὰ
677 1198 731 1224 τῶν
745 1199 938 1234 εὐγνωμόνων.

209 1237 332 1272 Ὅμηρος
344 1239 398 1274 γὰρ
407 1240 429 1255 ⁸⁸
441 1241 453 1266 ὁ
467 1241 592 1276 μελιχρὸς
605 1243 654 1278 τὴν
667 1243 790 1276 γλῶτταν
803 1245 848 1271 καὶ
858 1245 993 1276 θελξὶνους

207 1283 337 1316 Μεϐὀδοις
351 1285 489 1320 χρώμενος
504 1289 599 1322 σοφαῖς
614 1290 752 1324 οἰκονομεῖ
769 1290 830 1322 τοὺς
845 1291 951 1326 λόγους,

213 1328 336 1364 Ἐνιαχοῦ
350 1330 378 1356 δὲ
389 1332 422 1357 τὰ
438 1331 522 1358 πολλὰ
537 1333 647 1368 στρέφει
664 1335 711 1360 καὶ
727 1336 909 1370 μεταστρέφει
921 1337 956 1364 ⁸⁷.

214 1374 295 1400 Ἀλλὰ
305 1375 357 1411 γὰρ
369 1376 419 1411 ἤδη
433 1386 478 1412 μοι
490 1377 582 1405 λοιπὸν
596 1378 684 1405 ταῦτα
695 1379 849 1415 διηγητέον·

241 1420 286 1454 Τῷ
300 1421 482 1456 Λαομέδοντος
496 1424 571 1450 παιδί⁸
582 1424 620 1458 τῷ
636 1425 821 1460 φυλαρχοῦντι
839 1427 940 1462 Τρώων

205 1465 324 1501 Πριάμῳ
338 1467 453 1502 σύζυγος
469 1471 552 1504 συνῆν
575 1469 677 1506 Ἑκάϐη
691 1472 756 1503 παῖς
772 1472 908 1506 Κισσέως,

1046 965 1174 1000 Νομίζων
1186 967 1214 993 δὲ
1230 968 1393 1002 σοφίσασθαι
1410 970 1440 996 τὸ
1456 970 1602 1006 δραστικὸν
1621 973 1670 1007 τῆς
1685 972 1780 1007 τύχης,

1051 1010 1168 1042 ’Δλλοις
1183 1012 1423 1048 ἐκτραφησόμενον
1439 1016 1577 1052 ἐκτίθησιν
1587 1018 1627 1049 είς
1642 1018 1731 1053 χῶρον
1745 1019 1763 1037 ¹¹

1046 1055 1099 1082 Τὸν
1113 1057 1161 1083 ἀπ’
1176 1058 1258 1084 αὑτοῦ
1271 1058 1318 1085 τοῦ
1334 1060 1450 1096 Πάριδος
1469 1062 1570 1096 Πάριον
1585 1063 1762 1099 κεκλημένον.

1048 1101 1182 1137 Ἐῤῥιτι-το
1200 1103 1289 1130 τοίνυν
1306 1105 1424 1139 ἀμελῶς.
1445 1103 1533 1143 Εὗρον
1553 1108 1619 1135 αὒτδ
1635 1109 1775 1143 ποιμένες,

1052 1145 1240 1182 ᾭκτείρησαν,
1253 1149 1399 1177 ἀνείλοντο.
1420 1151 1556 1187 Κήδονται
1572 1153 1619 1180 τοῦ
1633 1154 1743 1189 νηπίου,

1047 1191 1100 1216 Καὶ
1116 1191 1252 1226 βρεφικῶς
1264 1194 1286 1209 ⁵³
1303 1189 1465 1230 ὲκτρέιρουσι
1483 1197 1570 1233 Πάριν
1584 1199 1768 1234 ὠνομακότες.

1049 1235 1116 1270 Ἤδη
1133 1236 1155 1261 δ’
1169 1237 1251 1263 αὑτὸν
1270 1239 1418 1272 ὲγγίσαντα
1438 1242 1579 1277 μειράκων
1597 1243 1692 1279 ἡλικία

1052 1279 1081 1305 '0
1101 1281 1224 1315 Πρῖαμος
1239 1284 1379 1309 συνέστιον
1394 1285 1475 1312 αὑτὸν
1488 1287 1709 1321 παραλαμϐάνει,

1046 1325 1168 1359 Νομίσας
1184 1327 1222 1358 ὡς
1239 1328 1393 1363 ἐκπέφευγε
1407 1330 1456 1365 τὴν
1472 1331 1519 1358 ἀπ’
1540 1332 1645 1358 ἐκείνου
1665 1333 1779 1369 βλάσην.

1051 1369 1124 1396 ¹Λλλ¹
1139 1369 1210 1406 ἦσαν
1224 1372 1424 1406 ἀμετάκ).ωστα
1436 1375 1470 1401 τὰ
1484 1376 1593 1411 νήματα
1607 1378 1657 1413 τῆς
1667 1379 1762 1415 τύχης,

1045 1417 1100 1443 Καὶ
1119 1417 1150 1443 τὸ
1164 1418 1293 1451 καθάπαξ
1308 1420 1430 1454 κυρωθὲν
1445 1421 1495 1448 οὑκ
1513 1419 1547 1458 ἦν
1565 1423 1742 1459 ἀναλυθῆναι.

1051 1462 1080 1489 '0
1099 1464 1153 1500 γὰρ
1176 1464 1349 1500 Ἀλέξανδρος
1364 1474 1424 1492 τινα
1438 1466 1492 1493 τῶν
1507 1468 1642 1502 ὁμογνίων
1658 1470 1777 1502 κτείνας,

1673 1524 1748 1552 Vers.
1764 1525 1832 1553 1167

206 1562 318 1589 natione
346 1563 503 1598 superiores
525 1569 603 1592 erant
616 1566 755 1602 vitamque
776 1568 932 1597 universam
957 1579 992 1598 ex
1008 1587 1028 1617 η

1008 1587 1027 1615 Γ
1045 1571 1095 1591 suo
1119 1564 1238 1593 liberum
1262 1571 1360 1594 mater.
1386 1566 1449 1594 Haec
1471 1574 1533 1594 cum
1556 1575 1698 1603 prtegnans
1712 1573 1786 1597 esset
1799 1578 1831 1598 ac

203 1608 288 1635 animi
309 1611 444 1637 sententia
471 1611 667 1646 transigebant.
700 1613 813 1646 Quoties
844 1620 936 1643 autem
958 1617 991 1644 ad

204 1658 340 1681 astrorum
375 1656 478 1683 cultum
513 1658 704 1685 exerbitabant
743 1665 770 1686 ct
803 1666 922 1688 mentem
959 1663 991 1690 ad

204 1698 338 1726 inanimes
352 1709 491 1736 vanosque
505 1701 571 1730 deos
589 1703 764 1738 adjiciebant,
783 1706 875 1733 statim
892 1707 990 1734 adver-

205 1745 286 1772 sariis
305 1745 331 1772 in
347 1747 507 1774 servitutem
531 1748 722 1777 tradebantur.
751 1751 835 1786 Igitur
855 1760 941 1788 usque
958 1753 992 1780 ad

206 1789 359 1818 Samuelem
385 1792 492 1827 jndices
516 1794 694 1829 imperarunt.
723 1796 856 1832 Deincvps
881 1799 921 1826 eis
945 1808 992 1826 rex

205 1835 286 1864 datus
299 1842 351 1870 est,
370 1838 408 1865 uti
425 1839 572 1873 petierant,
585 1840 684 1868 Saulus
698 1841 754 1869 Cisi
772 1842 844 1870 fiiius
868 1844 901 1871 de
917 1845 991 1872 tribu

204 1880 358 1916 Benjamin.
371 1883 436 1910 Post
457 1883 570 1911 Saulum
592 1885 688 1919 David,
707 1895 822 1922 magnus
842 1888 886 1916 ille
905 1895 990 1922 vates,

203 1928 292 1961 gentis
308 1927 337 1954 fit
351 1929 490 1965 princeps,
505 1930 570 1957 dum
586 1939 652 1959 oves
666 1933 766 1967 pascit.
793 1933 993 1962 Successerunt

203 1972 300 1999 ordine
319 1973 450 2001 tredecim
467 1974 500 2001 ad
511 1973 679 2012 ~.lechoniam
696 1984 797 2011 usque;
825 1977 904 2012 cujus
924 1983 993 2006 tem-

203 2024 271 2053 pore
296 2025 358 2045 eum
389 2018 646 2048 Nabuchodonosor
671 2026 713 2048 ter
736 2022 868 2055 venisset,
894 2023 991 2052 urbem

203 2071 266 2091 eum
281 2063 375 2091 divino
393 2064 495 2099 templo
511 2066 615 2093 exussit
628 2071 657 2094 et
682 2067 815 2102 populum
831 2069 859 2096 in
875 2069 991 2105 Babylo.

204 2110 279 2136 niam
296 2109 434 2145 regionem
451 2111 604 2138 transtulit.

240 2155 342 2183 Davide
356 2160 447 2184 autem
465 2157 570 2185 nationi
587 2165 643 2186 suae
659 2158 811 2194 imperante
827 2161 914 2190 Graeci
931 2163 990 2191 bel-

204 2200 260 2227 lum
280 2200 412 2228 adversus
438 2201 571 2236 Trojanos
590 2208 744 2230 moverunt.
764 2204 872 2233 Helena:
896 2214 989 2240 causa,

203 2251 264 2279 qua:
291 2245 405 2273 Menelai
422 2246 522 2282 eonjux
546 2252 615 2274 erat.
642 2247 699 2274 lloc
735 2248 836 2276 bellmn
860 2251 988 2286 equidem

1045 1610 1133 1644 partui
1150 1611 1248 1644 \ieina,
1264 1616 1463 1640 nocturnorum
1488 1613 1658 1641 somniorum
1680 1615 1824 1643 terricula-

1045 1657 1145 1683 mentis
1162 1657 1372 1691 percellebatur.
1400 1659 1467 1685 Nam
1491 1659 1585 1688 videre
1605 1661 1657 1687 sibi
1687 1661 1832 1689 videbatur

1043 1700 1130 1728 facem
1159 1702 1312 1730 flannneam
1338 1705 1528 1734 carbonariam
1552 1706 1734 1741 prodeuntem
1753 1715 1769 1735 e
1784 1716 1832 1735 vc~

1044 1748 1137 1776 rendis
1160 1750 1218 1776 suis
1235 1755 1263 1777 et
1286 1755 1448 1778 exurentem
1466 1752 1528 1787 igne
1553 1753 1648 1780 urbem
1671 1754 1829 1782 universam

1044 1801 1097 1819 una
1111 1802 1172 1820 cum
1187 1794 1239 1822 Hm
1251 1796 1337 1823 silvis.
1355 1797 1438 1824 Audit
1456 1797 1508 1825 hoc
1525 1799 1660 1833 Priamus,
1675 1808 1737 1828 cum
1761 1803 1832 1829 vati-

1044 1838 1094 1865 bus
1122 1842 1317 1868 communicat.
1345 1842 1473 1877 Intelligit
1501 1848 1554 1870 tam
1583 1845 1636 1872 sibi
1664 1853 1745 1880 quant
1770 1847 1830 1874 urbi

1043 1885 1110 1911 utile
1127 1885 1260 1918 futurum,
1282 1888 1305 1914 si
1327 1888 1400 1916 fetus
1417 1889 1462 1916 ille
1479 1889 1546 1916 feris
1565 1889 1661 1917 bestiis
1677 1896 1832 1925 exponatur

1043 1930 1085 1956 Vel
1105 1931 1137 1957 ad
1165 1932 1306 1960 interitum
1329 1933 1471 1961 ardentem
1495 1935 1522 1962 in
1546 1935 1636 1970 ignem
1655 1937 1829 1972 conjiciatur.

1043 1976 1128 2003 Paulo
1142 1983 1204 2011 post
1216 1978 1370 2007 Alexander
1388 1980 1416 2006 in
1439 1980 1528 2008 lucem
1545 1981 1659 2016 prodiit,
1677 1982 1768 2010 infans
1781 1991 1831 2011 ve-

1043 2027 1150 2054 nustus,
1165 2023 1312 2057 formosus,
1331 2025 1400 2053 facie
1423 2026 1525 2061 lepida.
1547 2027 1670 2055 Debebat
1686 2027 1731 2056 hic
1750 2029 1832 2057 Pria-

1042 2076 1114 2100 mus,
1142 2069 1217 2096 nulla
1236 2071 1296 2106 ejus
1322 2071 1414 2098 habita
1442 2072 1559 2106 ratione,
1586 2073 1768 2108 prodeuntem
1796 2082 1831 2101 ex

1042 2112 1103 2139 alvo
1115 2112 1246 2141 infantem
1264 2115 1356 2142 statim
1373 2116 1488 2151 perdere
1501 2125 1509 2150 ;
1538 2124 1634 2144 verum
1647 2118 1737 2146 victus
1752 2126 1767 2146 a
1782 2126 1832 2146 na-

1042 2163 1104 2185 tura
1126 2158 1154 2185 in
1179 2159 1268 2186 lucem
1291 2160 1367 2188 edito
1389 2162 1488 2196 parcit.
1511 2161 1637 2198 Cumque
1662 2171 1693 2191 se
1719 2168 1831 2198 putaret

1042 2203 1170 2231 astutiam
1196 2204 1315 2233 fortuna:
1346 2206 1545 2242 decepturum,
1570 2209 1683 2244 exponit
1709 2216 1773 2236 eum
1802 2210 1831 2237 in

1041 2256 1135 2283 agrum
1154 2249 1188 2276 ab
1207 2250 1268 2277 aliis
1288 2251 1473 2279 educandum.
1501 2252 1555 2288 24
1569 2252 1620 2286 Qui
1635 2260 1701 2289 ager
1719 2253 1754 2281 ab
1770 2253 1830 2289 ipso

202 2290 340 2318 memoriae
354 2291 515 2326 proditurus
530 2292 761 2327 quemadmodum
778 2295 812 2322 ab
827 2296 860 2322 iis
880 2296 986 2324 descri-
1006 2286 1026 2312 θ
1039 2294 1137 2321 Paride
1159 2295 1256 2322 Parius
1279 2301 1321 2323 est
1335 2297 1498 2332 appellatus.
1513 2286 1729 2333 iAbjectusverat
1744 2286 1829 2333 neigli‘

203 2337 277 2364 bitur
293 2338 338 2372 qui
354 2337 421 2365 illud
438 2338 576 2371 viderunt,
595 2338 720 2374 adeoque
741 2340 865 2369 dicturus
884 2342 918 2369 ab
934 2343 986 2370 llo-

203 2389 280 2409 mero
296 2390 350 2410 non
366 2387 440 2410 recte
456 2383 625 2419 descriptum
645 2392 719 2418 esse,
742 2387 850 2414 veniam
868 2395 883 2414 a
902 2388 988 2416 bene-

204 2426 275 2453 volis
299 2427 449 2455 lectoribus
473 2429 629 2464 postulubo.
649 2430 716 2457 Nam
744 2430 880 2459 Homerus
896 2433 988 2469 lingua

205 2469 324 2496 mellitus
340 2475 368 2498 et
395 2472 574 2501 illecebrosus
596 2475 768 2502 narrationes
791 2477 902 2511 quidem
923 2486 987 2506 suas

205 2513 334 2547 instituit,
351 2517 505 2545 rationibus
521 2518 608 2546 doctis
625 2524 706 2547 utens
730 2529 736 2547 :
766 2528 863 2549 verum
886 2523 986 2552 alicubi

204 2559 327 2594 quaedam
344 2560 430 2588 ﬂectit
445 2567 472 2590 et
487 2563 608 2591 invertit.
633 2565 668 2591 At
682 2566 756 2593 enim
774 2567 832 2602 ipsa
853 2576 897 2596 res
921 2570 988 2598 mihi

205 2607 444 2634 commemoranda
457 2609 543 2636 venit.

240 2650 310 2679 Filio
326 2651 531 2687 Laomedontis,
545 2653 669 2690 Trojanze
676 2658 766 2693 gentis
778 2658 907 2694 principi,
921 2669 988 2689 con-

204 2697 252 2732 iux
284 2703 344 2725 erat
366 2697 477 2727 Hecuba
497 2699 582 2727 Cissei
602 2701 656 2729 ﬁlia
670 2723 676 2735 ,
696 2704 843 2732 multormn
859 2714 874 2733 e
891 2707 989 2735 marito

1038 2344 1154 2374 genter;
1171 2341 1335 2375 reperitura
1353 2343 1525 2376 pastoribus;
1563 2343 1669 2370 miserti
1689 2347 1765 2375 sunt,
1779 2343 1831 2370 tol-

1039 2385 1110 2417 lunt,
1128 2393 1222 2413 curam
1239 2386 1352 2415 infantis
1366 2388 1478 2421 habent,
1497 2388 1680 2423 Paridemque
1701 2393 1828 2415 vocatum

1039 2430 1175 2458 infantum
1202 2440 1277 2460 more
1297 2434 1424 2461 educant.
1447 2434 1572 2469 (Eumque
1588 2434 1644 2468 jam
1667 2432 1830 2461 accessisset

1039 2476 1074 2504 ad
1087 2484 1175 2506 annos
1191 2478 1394 2512 adolescentiae,
1413 2479 1538 2507 Priamus
1560 2487 1622 2508 cum
1635 2486 1700 2506 suas
1714 2478 1742 2506 in
1754 2478 1829 2507 ades

1039 2524 1149 2559 recipit,
1169 2525 1318 2553 arbitratus
1333 2533 1362 2554 se
1375 2527 1431 2561 jam
1447 2526 1549 2554 vitasse
1566 2526 1697 2554 damnum
1718 2526 1752 2554 ab
1768 2526 1828 2561 ipso

1039 2570 1195 2600 imminens.
1212 2572 1314 2600 Verum
1337 2573 1398 2600 telte
1422 2572 1538 2600 fortunae
1561 2572 1665 2600 revolvi
1692 2581 1747 2600 non
1780 2580 1829 2608 po-

1039 2621 1140 2650 terant.
1155 2619 1284 2653 quodque
1301 2619 1385 2646 semel
1403 2618 1583 2647 constitutum
1605 2623 1686 2652 erat,
1701 2626 1757 2646 non
1774 2625 1826 2652 po-

1039 2666 1109 2690 terat
1134 2663 1257 2691 dissolvi.
1293 2663 1361 2691 Nam
1399 2671 1462 2691 cum
1496 2663 1652 2692 Alexander
1680 2666 1828 2698 cOgnatum

1038 2710 1183 2744 quemdam
1206 2709 1366 2743 occidisset,
1397 2717 1452 2738 non
1477 2710 1523 2738 ille
1551 2709 1663 2745 quidem
1687 2716 1722 2737 ex
1741 2705 1830 2735 animi

877 2765 977 2796 Varim
996 2766 1162 2800 lectiones.

242 2810 262 2825 “
278 2810 364 2844 φυλῆς
387 2809 436 2837 τοῦ
453 2812 483 2838 Β.

205 2844 228 2860 ⁸⁵
238 2847 315 2878 ἁντιγ

206 2879 269 2907 add.
291 2879 325 2907 ﬂ.

535 2811 558 2827 “
570 2813 583 2838 ὁ
599 2814 741 2848 προφήτης
765 2815 822 2841 ΑΒ.

375 2881 396 2896 “
416 2881 509 2917 χώραν
522 2881 555 2910 Β.
594 2884 616 2899 ¹¹²
631 2881 806 2919 βρεφούργῶς
820 2881 853 2912 li.

354 2819 364 2841 ς
387 2819 436 2837 του
453 2817 483 2838 ﬂ.
535 2817 558 2827 "
570 2817 583 2838 ο
599 2817 741 2848 προφήτης
765 2817 822 2841 ΑΒ.
872 2817 895 2833 ⁸³
910 2819 999 2853 νέμων
1012 2821 1070 2847 τότε
1083 2821 1115 2848 R.
1166 2821 1189 2837 ⁸⁵
1202 2821 1387 2857 κατάρχοντος
1402 2822 1459 2849 AR.
1480 2823 1542 2850 τότε
1567 2822 1589 2849 Β
1602 2820 1759 2855 ἀλλοφύλων
1772 2819 1831 2848 ΑΒ.

354 2854 398 2894 “lii
415 2846 509 2894 5.23
522 2848 575 2894 κέν
594 2847 1010 2894 35237.1“???‘Umwém
1026 2855 1082 2884 AR.
1123 2856 1144 2872 "
1158 2856 1280 2892 ἐκδοθείη
1296 2851 1330 2885 R-
1368 2858 1390 2874 δ’
1404 2857 1503 2893 βρέφος
1519 2859 1614 2894 χαρίεν
1629 2856 1661 2884 R-
1682 2856 1704 2872 ‘°
1717 2863 1744 2885 τ·
1760 2855 1831 2884 ¹¹⁵⁴

1166 2821 1387 2857 ’δνκατάρχοντος
1402 2822 1459 2849 AR.
1480 2823 1542 2850 τότε
1567 2822 1589 2849 Β
1602 2819 1831 2857 ὀιλλοςρύλωνλᾼξζΓ
