2123 3154
24 3068 36 3080 Γ

381 268 436 296 Τὸν
453 269 503 304 μὲν
518 269 576 296 υἱὸν
586 266 772 301 προσαναιριῖ,
792 265 840 299 τὴν
855 264 882 290 δέ
898 272 928 297 γε
945 263 1082 298 θυγατέρα
1096 265 1118 281 δ’

387 315 504 352 Ἰέρειαν
528 314 661 348 πεποίηκε
677 311 742 339 ναοῦ
753 311 801 337 τοῦ
818 312 868 346 τῆς
890 310 1009 341 Ἑστίας.

381 360 588 396 Νενομοθέτητο
602 358 624 385 δ’
637 357 721 391 ἁγνὰς
739 356 788 387 τὰς
806 355 908 390 ἱερείας
921 355 1023 389 μένειν,

382 405 552 441 Παρθενικὰς
569 403 614 430 καὶ
636 402 759 437 καθαράς
770 401 815 427 καὶ
833 400 929 435 γάμων
941 399 1119 434 ἀπειράτους.

381 450 489 485 Ταύτην
502 449 565 476 ποτὲ
580 448 647 483 πρὸς
666 448 763 482 Ἄρεος
776 447 858 478 ἄλσος
871 445 1058 481 πορευομένην

380 496 500 528 cumaea;
515 504 557 527 τις
571 494 694 526 ἐπέθετο,
710 494 757 520 καὶ
783 492 954 527 συμφθαρεὶς
975 491 1008 525 τῇ
1025 491 1094 526 κόρῃ

385 540 538 576 Ἐγκύμονα
552 540 712 574 πεποίηκεν.
734 538 779 570 Ὧς
791 538 813 565 δ’
831 537 992 572 ἐπεγνώσθη
1011 535 1089 563 τοῦτο

378 587 423 622 Τῷ
433 578 615 621 πατραδὲλίφῳ
631 585 747 620 βασιλεῖ,
763 584 826 610 τότε
843 583 893 618 μὲν
909 583 1034 618 ἐτηρεῖτο

377 634 481 669 Μέχρις
497 632 600 659 ὠδίνων
614 632 663 659 καὶ
679 630 777 666 καιροῦ
790 629 838 656 τοῦ
853 629 904 664 τῆς
917 628 1096 665 βρεφοτοκίας
1108 636 1116 643 ·

383 678 461 705 Ἐπεὶ
479 677 501 704 δ’
518 678 532 703 6
549 677 646 712 χρόνος
662 676 776 706 ἐπιστάς
788 675 817 701 ὃν
829 674 928 709 ὥρισεν
981 673 1061 707 (piat;

379 724 500 759 F1161ch
517 724 547 750 τὸ
569 723 652 757 βάρος
664 722 752 753 ἔλυσε.
768 721 866 755 δίδυμα
879 720 901 747 δ’
918 718 951 755 ἦν
964 720 997 746 τά
1013 719 1112 755 βρέφη,

380 769 438 804 Τὴν
456 769 505 804 μὲν
522 768 669 803 καθείρξας
682 766 809 801 ἀσφαλῶς
824 767 838 793 6
853 765 978 800 βασιλεὺς
993 767 1113 800 κατεῖχε,

381 815 443 842 Τῶν
460 814 483 841 δ’
496 814 648 849 ἀρτιτόκων
664 813 779 840 θάνατον
799 812 922 845 κατέγνω
941 811 1121 846 βρεφυλλίων,

381 861 436 887 Καὶ
451 860 542 887 δίδωσι
562 859 596 886 τὰ
608 859 726 894 δύστηνα
740 859 851 894 ῥιφῆναι
868 858 928 884 καθ’
945 857 1060 883 ὑδάτων.

384 906 517 942 Ἔρῤιπτο
534 906 565 940 δὴ
581 905 615 932 τὰ
629 904 749 939 δυστυχῆ
762 905 868 938 σκάφης
883 902 958 934 ἐντὲς
972 901 1094 928 τεθέντα.

388 950 529 981 Ἐνταῦθα,
545 950 604 977 Οεία
627 950 754 985 Πρόνοια,
771 949 922 983 κατάδηλος
934 947 1055 982 ὑπῆρξεν

387 997 419 1023 ἸΙ
436 997 569 1032 δραστική
585 1004 632 1022 σου
644 996 768 1031 δύναμις,
782 996 812 1022 τὺ
826 996 875 1029 τῆς
890 994 979 1029 χειρός
995 1002 1041 1020 σου
1054 993 1164 1027 κράτος.

386 1040 419 1067 Ἦ
435 1041 525 1075 σκάφη
544 1040 752 1075 περιτρέπεται,
772 1040 909 1074 ῥιπτεῖται
926 1039 972 1065 καὶ
986 1039 1019 1065 τὰ
1044 1037 1144 1072 βρέφη·

382 1087 491 1113 Ἔκειτο
502 1086 530 1113 δὲ
545 1085 715 1120 κνυζούμενα
731 1085 778 1112 καὶ
789 1084 1030 1119 τετελματωμένα.

379 1133 505 1159 Φαίνεται
522 1132 637 1159 λύκαινά
652 1131 734 1158 ποθεν
756 1131 909 1164 σπαργῶσα
924 1130 1058 1160 νεοτόκος,

379 1179 555 1214 Βαρυνομένη
573 1178 638 1209 τοὺς
661 1177 779 1212 μαστοὺς
798 1177 844 1203 τοῦ
862 1176 999 1210 γάλακτος
1025 1176 1081 1206 τοῖς
1106 1173 1165 1209 ῥεί-

1066 1219 1165 1255 [θροις,

382 1269 438 1296 Καὶ
465 1269 516 1302 τὰς
549 1269 632 1303 θηλὰς
663 1271 718 1301 τοῖς
748 1268 865 1303 στόμασι
893 1268 950 1298 τοῖς
976 1267 1031 1292 τῶν
1059 1265 1167 1300 βρεφῶν

1022 1312 1166 1348 [προσῆγε.

380 1362 436 1390 Καὶ
451 1362 497 1389 τὸν
516 1361 602 1397 πηλδν
616 1362 744 1397 ἁπέλειχε
761 1362 794 1396 τῇ
814 1360 925 1396 γλώσσῃ
940 1357 1139 1394 φιλανθρώπως
1157 1366 1164 1374 ·

380 1405 470 1435 Ἦσαν
478 1409 532 1444 γὰρ
543 1408 618 1444 σφῶν
629 1407 773 1442 κατάπηλα
787 1406 821 1433 τὰ
834 1406 921 1440 κάλλη
935 1405 989 1432 τῶν
1001 1404 1166 1441 προσώπων.

379 1453 478 1482 Βλέπει
494 1463 538 1482 ποι
543 1454 597 1490 μὴν
608 1454 639 1481 τὸ
655 1453 778 1488 γεγονὸς,
793 1453 827 1479 τὰ
837 1452 924 1488 βρέφη
942 1451 1103 1487 περισώζει,

379 1564 427 1600 qui
436 1564 574 1592 Numitori
582 1568 690 1598 sceptra
704 1563 854 1598 eripuerat,
864 1563 941 1591 fratri
949 1570 999 1590 suo
1007 1563 1103 1598 majori
1119 1571 1167 1590 na-

380 1609 553 1643 tu.Cumque
561 1613 669 1643 gentem
680 1609 767 1644 ipsius
782 1609 937 1637 universam
953 1609 1065 1636 abolere
1073 1609 1165 1641 vellet,

381 1654 438 1681 tilio
453 1654 545 1681 fratris
559 1653 705 1681 interfecto
724 1653 807 1681 ﬁliam
825 1654 880 1681 fani
895 1654 983 1682 Vestae
996 1652 1166 1680 sacerdotem

381 1701 457 1728 fecit.
471 1700 538 1728 Erat
550 1706 642 1728 autem
657 1700 847 1735 praescriptum
861 1699 968 1735 legibus
982 1703 1011 1726 ut
1031 1698 1167 1734 ejusmodi

380 1745 539 1773 sacerdotes
554 1745 670 1773 vestales
686 1744 846 1780 pudicitiam
859 1744 1070 1778 castitatemque
1089 1751 1166 1770 suam

381 1797 576 1820 conservarent
585 1795 613 1818 ct
624 1790 741 1826 virgines
751 1790 866 1818 Veneris
876 1795 1002 1825 expertes
1013 1795 1166 1817 manerent.

380 1837 466 1873 igitur
488 1837 589 1864 accidit
610 1836 758 1872 aliquando
769 1841 801 1863 ut
817 1835 890 1863 illam
909 1835 944 1862 ad
967 1835 1057 1862 lucem
1075 1834 1168 1862 Martis

379 1882 565 1910 ambulantem
597 1881 708 1916 quidam
747 1881 892 1909 invaderet
920 1880 1044 1915 vitioque
1070 1879 1167 1914 puellae

378 1927 471 1958 oblato
485 1927 625 1962 gravidam
637 1927 776 1954 redderet.
790 1927 829 1954 Ea
840 1934 869 1954 re
880 1927 989 1962 cognita
1007 1933 1053 1952 rex
1068 1925 1166 1960 puellae

379 1976 494 2007 patruus
517 1972 592 2000 illam
620 1972 753 2000 custodiri
779 1971 899 2004 curavit,
920 1971 1009 1999 donec
1040 1969 1165 2005 pariendi

380 2022 490 2054 tempus
514 2017 684 2053 appetiisset.
704 2018 733 2045 ld
750 2025 813 2045 cum
826 2018 860 2045 de
882 2023 987 2044 naturae
1003 2017 1166 2051 przescripm

381 2062 500 2095 adesset,
519 2062 650 2098 gemellos
677 2063 724 2090 illa
742 2062 859 2097 peperit.
885 2062 945 2094 Quo
967 2060 1040 2088 facto
1055 2065 1164 2095 neptem

381 2116 459 2135 suam
474 2116 521 2144 {ex
540 2108 672 2136 inclusam
688 2113 762 2136 arcta
781 2108 809 2135 in
831 2108 957 2135 custodia
977 2107 1107 2140 detinuit,
1123 2107 1165 2133 in-

381 2153 503 2180 fantibus
511 2153 543 2180 ad
555 2157 670 2182 mortem
686 2153 842 2186 destinatis,
856 2154 988 2180 mandans
998 2157 1028 2180 ut
1041 2153 1069 2180 in
1081 2161 1167 2188 aquas

380 2199 479 2235 abjecti
490 2205 664 2227 necarentur.
681 2200 734 2235 33
749 2200 843 2234 Itaque
859 2199 958 2227 miselli
972 2199 1165 2234 quamdam-in

380 2245 508 2284 scapham
524 2245 644 2281 impositi
657 2245 836 2281 abjiciuntur.
857 2245 910 2273 Sed
927 2245 1020 2272 divina
1035 2245 1081 2272 hic
1097 2245 1165 2272 Pro-

380 2290 500 2318 videntia
524 2295 672 2325 conspecta
699 2295 752 2323 est,
773 2291 889 2326 ejusque
909 2299 1008 2318 manus
1023 2296 1052 2318 et
1072 2290 1165 2318 efﬁcax

378 2337 491 2365 omnino
513 2337 556 2364 vis
580 2336 730 2364 declarata.
753 2336 822 2364 Nam
844 2344 941 2364 eversa
964 2337 1066 2372 scapha
1086 2337 1165 2371 pueri

378 2391 488 2419 quoque
503 2383 618 2411 fuerunt
635 2383 727 2418 cjecti.
739 2382 862 2419 Cumque
873 2383 985 2411 roderet
1000 2392 1048 2412 eos
1067 2384 1167 2411 humor

377 2435 406 2457 et
413 2438 535 2462 cantum,
553 2430 581 2457 in
593 2437 648 2465 quo
656 2430 796 2465 jacebant,
811 2430 914 2457 accidit
927 2434 957 2457 ut
976 2430 1104 2458 alicunde
1120 2438 1167 2457 ve-

377 2475 457 2512 niens
470 2476 534 2510 lupa
547 2476 619 2503 lacte
633 2480 757 2511 turgens,
771 2483 832 2509 quae
843 2483 897 2502 non
914 2476 951 2503 ita
966 2476 1071 2511 pridem
1084 2483 1166 2510 pcpe-

379 2525 464 2554 rcrat,
478 2521 593 2556 ideoque
604 2522 684 2549 lactis
694 2522 771 2556 copia
784 2522 961 2556 gravabatur,
975 2522 1059 2549 ubera
1076 2522 1166 2549 infan-

379 2571 437 2595 tum
451 2567 548 2595 oribus
559 2567 727 2602 admoveretI
736 2568 881 2603 ipsumque
892 2567 979 2595 lutum
995 2568 1163 2603 perbeni‘gne

377 2613 540 2651 ablingeret,
565 2620 620 2648 quo
644 2619 723 2642 erant
749 2614 860 2642 illorum
890 2622 938 2642 ora
960 2613 1112 2641 deformata
1135 2619 1163 2641 et

378 2660 474 2689 oblita.
497 2659 579 2687 Forte
599 2664 694 2694 pastor
710 2660 824 2695 quidam
844 2661 895 2688 hac
910 2668 940 2687 re
955 2664 1104 2694 conspecta
1121 2660 1164 2686 in-

376 2705 482 2733 fantum
491 2705 572 2734 saluti
587 2707 716 2739 consulit,
729 2706 763 2733 ad
780 2714 892 2734 uxorem
906 2714 955 2734 eos
972 2714 1050 2733 suam
1062 2706 1163 2738 defert,

378 2759 458 2785 quam
478 2760 550 2785 aegro
579 2752 704 2780 affectam
728 2752 821 2779 animo
843 2752 960 2787 reperit,
979 2753 1052 2787 quod
1076 2752 1165 2779 infath

381 2802 437 2826 tem
453 2803 591 2826 mortuum
602 2799 745 2827 eJidisset.
765 2797 840 2826 Hane
854 2794 913 2826 eius
924 2799 1110 2826 calamitatem
1122 2799 1164 2825 in—

927 210 1184 241 CONSTANTINI
1203 211 1390 241 ΜΛΝᾹὸἷίῐὲ

1179 268 1201 296 Α
1225 265 1339 298 ’Ᾱπάγει
1357 265 1423 299 πρὸς
1440 264 1488 300 τὴν
1504 264 1640 299 γαμετὴν,
1655 264 1776 300 εὑρίσκει
1793 263 1987 298 δυσθυμοῦσαν

1949 206 2004 240 9‘80

1219 311 1280 337 "Ou
1295 311 1391 345 νεκρὲν
1406 311 1533 343 ἁπέτεκε,
1546 309 1757 345 παραμυθοῦται
1774 309 1798 325 ’⁸
1818 309 1936 340 τούτοις,

1218 357 1273 384 Καὶ
1287 357 1393 383 δίδωσιν
1405 357 1442 388 ὡς
1461 356 1515 382 ῐδια
1527 355 1612 382 ταῦτα
1624 356 1657 382 τὰ
1675 355 1761 390 βρέφη
1777 355 1889 390 τρέφειν
1903 355 1938 381 ⁸³.

1220 403 1337 437 Ἔτρεφε
1353 402 1438 429 ταῦτα
1455 403 1596 438 μητρικῶς
1612 402 1705 436 ἐκείνη
1720 402 1767 428 καὶ
1782 401 1913 436 γνησίως,

1219 448 1274 474 Καὶ
1289 448 1354 483 παρ’
1370 448 1479 478 ἐλπίδας
1493 448 1516 463 ⁸⁸
1530 449 1622 483 μήτηρ
1640 446 1674 483 ἦν
1693 447 1812 482 διδύμων
1833 447 2004 482 βρεφυλλίων

1225 493 1257 521 Ἡ
1269 494 1321 529 πρὸ
1338 494 1436 528 μικροῦ
1458 494 1519 528 μηδ’
1533 494 1574 527 ἐφ’
1590 494 1631 519 ἑνὶ
1642 493 1722 519 τοῦτο
1746 493 1965 528 συγχωρηθεῖσα.

1220 539 1313 566 Ἀλλοι
1335 539 1356 565 δ’
1367 540 1397 566 οὺ
1412 539 1541 565 λύκαινάν
1565 547 1646 573 φασιν
1664 538 1796 574 ἐκθρέψαι
1811 538 1845 565 τά
1861 539 1967 567 παιδία,

1219 585 1307 621 Αὐτὴν
1316 586 1344 612 δὲ
1359 586 1407 620 τὴν
1421 586 1583 620 ὁμόλεκτρον
1597 586 1752 612 Φαυστύλου
1769 585 1816 612 τοῦ
1827 585 1965 619 ποιςτένοξ.

1219 632 1299 664 ’Ἢτις
1313 632 1401 659 κοινὸν
1417 632 1462 658 τοῦ
1479 631 1604 666 σώματος
1621 632 1650 658 τὸ
1665 632 1761 663 κάλλος
1774 632 1923 664 ποιουμένη

1219 678 1314 705 Λοῦπα
1330 678 1538 713 κατωνομάζετο
1547 678 1570 694 ³³
1587 680 1619 713 τῇ
1634 677 1741 713 γλώττῃ
1756 679 1788 713 τῇ
1806 679 1913 712 πατρίῳ

1220 723 1299 748 Ἤτοι
1315 723 1386 749 κατὰ
1397 722 1536 749 διάλεκτον
1558 722 1718 757 Ἑλληνικὴν
1737 723 1832 757 ἑταίρα
1847 731 1853 738 ·

1224 767 1300 793 Ἐπεὶ
1314 767 1342 794 δὲ
1357 766 1404 793 καὶ
1419 767 1468 802 τὴν
1481 767 1613 793 λύκαιναν
1631 766 1747 801 σύνηθες
1766 766 1869 794 λοῦπαν
1883 767 1973 800 λέγετ’)

1218 812 1274 847 Τὴν
1289 812 1367 847 ὖὸριν
1382 812 1430 847 τὴν
1443 813 1493 847 τῆς
1508 812 1637 847 γυναικός
1657 821 1729 843 τινες
1753 813 1914 848 ἐγνοηκὸτες

1218 857 1355 884 Λὺκαιναν
1366 855 1442 884 εἷπον
1454 859 1509 889 τοῖς
1527 858 1641 892 μασθοῖς
1660 858 1693 884 τὰ
1705 858 1791 893 βρέξη
1808 858 1964 892 διαηρέέαι.

1225 903 1269 935 Ὠς
1283 903 1305 930 δ’
1315 901 1362 930 οὖν
1376 903 1423 930 καὶ
1438 903 1633 938 διετράφησαν,
1644 903 1712 934 τέως
1726 904 1766 935 εἰς
1779 904 1864 938 αὔξην
1882 902 1964 939 ἦλθον

1219 949 1274 975 Καὶ
1296 948 1401 983 Ῥῶμος
1415 948 1613 983 ὠνομάσθησαν
1628 949 1652 975 οἱ
1669 949 1762 980 παῖδες
1782 950 1830 976 καὶ
1853 950 2004 983 Ῥωμιὶὶος,

1220 993 1274 1020 Καὶ
1290 993 1346 1028 βίον
1362 992 1435 1028 εἶχον
1451 994 1594 1029 συφορϐῶν
1608 994 1746 1029 ἀγροίκων
1761 994 1807 1021 καὶ
1820 994 1965 1029 βουκόλων.

1223 1040 1333 1075 Ἀγνοίᾳ
1345 1039 1372 1066 δὲ
1387 1039 1547 1076 Νεμέτωρος
1563 1040 1758 1075 μανδρεύματα
1774 1039 1931 1072 κακοῦντες,

1221 1087 1268 1112 ’ον
1280 1086 1348 1121 ἔφθη
1362 1086 1558 1121 μητροπάτορα
1572 1085 1675 1112 τούτων
1687 1086 1772 1112 εἰπὼν
1783 1087 1797 1112 6
1811 1085 1899 1120 λόγος,

1223 1133 1361 1159 Ἐἀλωσαν
1373 1131 1560 1168 λῃστεύοντες,
1575 1131 1654 1158 τινῶν
1670 1132 1895 1167 ἐνεδρευσάντων.

1217 1178 1262 1213 Τῷ
1274 1179 1378 1214 πάππῳ
1397 1178 1602 1214 προσαχθέντες
1618 1178 1646 1204 δὲ
1669 1179 1715 1204 καὶ
1729 1178 1839 1212 γνόντες
1857 1177 1904 1204 καὶ
1928 1185 2001 1210 γνω⁴

1847 1221 1968 1258 [σθέντες

1218 1269 1275 1303 Τῆς
1289 1269 1430 1304 βασιλείας
1450 1268 1586 1296 ’Δλϐανῶν
1609 1269 1752 1305 ’Δμούλιον
1767 1268 1930 1304 γυμνοῦσιν,

1219 1316 1275 1342 Καὶ
1292 1315 1363 1349 ξίφει
1380 1314 1615 1348 κατασφάττωσιν
1635 1314 1789 1349 ἀφύλακτον
1805 1314 1942 1349 εὑρόντες,

1218 1361 1264 1396 Τῷ
1279 1361 1353 1395 σςρῶν
1366 1360 1394 1386 δὲ
1406 1361 1595 1396 μητροπάτορι
1612 1361 1772 1396 χαρίζονται
1789 1360 1824 1386 τά
1839 1360 1978 1395 σκῆπτρα.

1218 1407 1330 1438 Τούτοις
1340 1407 1354 1433 6
1369 1406 1481 1439 πάππος
1494 1406 1619 1439 δεδωκὼς
1638 1407 1787 1442 χρημάτων
1799 1406 1932 1441 ἀφθονίαν

1218 1453 1273 1481 Καὶ
1288 1454 1341 1480 πᾶν
1352 1452 1381 1480 τὸ
1392 1452 1615 1488 συμϐαλλόμενον
1635 1453 1739 1488 πέμπει
1750 1453 1818 1488 πρὸς
1831 1453 1970 1480 ἀποικίαν.

1842 1498 1920 1526 Vcrs.
1936 1497 2004 1525 1619

1184 971 1204 998 Β

1217 1569 1341 1597 fantibus
1356 1569 1433 1597 hisce
1448 1569 1549 1596 oblatis
1572 1569 1688 1600 solatur,
1709 1575 1780 1602 quos
1797 1575 1910 1594 suorum
1929 1566 2001 1593 libe-

1218 1623 1279 1643 rum
1291 1616 1352 1643 loco
1365 1615 1505 1643 educaret.
1521 1614 1567 1641 Illa
1579 1622 1643 1641 vero
1661 1617 1784 1641 materna
1801 1612 1919 1647 quadam
1941 1612 2005 1639 illos

1219 1661 1320 1695 pietate
1339 1660 1481 1695 complexa
1497 1659 1626 1694 deinceps
1641 1659 1718 1691 aluit,
1734 1666 1796 1686 cum
1814 1661 2002 1693 praeter'spem

1218 1706 1396 1740 gemellorum
1423 1705 1494 1733 facta
1514 1713 1614 1740 parens
1635 1705 1742 1737 fuisset,
1761 1711 1821 1739 quae
1847 1711 1900 1731 non
1918 1703 2004 1730 multo

1218 1757 1281 1779 ante
1293 1752 1345 1779 hoc
1357 1751 1477 1779 nominis
1491 1759 1525 1779 ne
1544 1752 1571 1778 in
1595 1759 1651 1778 uno
1672 1751 1784 1785 quidem
1804 1749 1938 1785 consequi
1951 1757 2002 1784 po-

1217 1800 1317 1823 tuerat.
1336 1795 1389 1822 Alii
1409 1795 1519 1823 tradunt
1532 1803 1586 1823 non
1600 1795 1691 1830 lupam
1705 1795 1755 1822 hos
1775 1795 1895 1822 infantes
1913 1794 2002 1821 nutri-

1217 1842 1302 1873 visse.
1315 1842 1363 1870 sed
1382 1843 1470 1877 ipsam
1485 1841 1608 1869 Faustuli
1631 1841 1749 1876 pastoris
1769 1841 1925 1875 coniugem,
1943 1847 2003 1873 qua:

1217 1892 1360 1922 propterea
1377 1888 1450 1922 quod
1468 1887 1592 1922 corporis
1613 1887 1653 1914 sui
1675 1887 1790 1914 formam
1803 1887 1885 1920 vulgo
1901 1885 2002 1920 prosti-

1218 1937 1318 1965 tueret,
1346 1937 1460 1967 patetna
1484 1933 1612 1967 gentibus
1637 1932 1692 1959 illis
1712 1932 1804 1967 lingua
1832 1931 1895 1965 lupa
1921 1930 2003 1957 fuerit

1216 1977 1364 2011 appellata,
1385 1985 1438 2012 qua
1459 1985 1526 2004 voce
1541 1981 1632 2004 scorta
1652 1976 1805 2010 nuncupari
1828 1976 1999 2005 consuerint.

1216 2028 1244 2049 et
1256 2023 1327 2057 lupa:
1343 2022 1482 2054 similiter,
1502 2023 1631 2057 ambigua
1643 2022 1771 2049 nimirum
1789 2021 2000 2057 significatione.

1216 2067 1358 2099 Nonnulli,
1377 2067 1450 2102 quod
1472 2067 1580 2095 feminae
1593 2068 1773 2102 petulantiam
1799 2067 1935 2102 cognitam
1952 2067 2000 2093 ha-

1218 2113 1351 2142 buissent.
1367 2113 1459 2147 lupam
1475 2113 1605 2140 uberibus
1621 2114 1679 2140 suis
1701 2113 1821 2140 infantes
1837 2113 1888 2139 hos
1902 2113 2001 2139 aluisse

1219 2158 1412 2193 prodiderunt.
1432 2159 1613 2193 Posteaquam
1633 2159 1742 2186 educati
1761 2159 1887 2186 nonnihil
1908 2159 2002 2186 adole-

1220 2204 1334 2235 vissent.
1351 2203 1439 2231 indita
1461 2209 1525 2232 sunt
1540 2205 1580 2232 eis
1598 2205 1674 2232 Remi
1691 2205 1859 2238 Romulique
1881 2204 2001 2234 nomina,

1217 2250 1300 2277 vitam
1314 2249 1493 2277 subulcorum
1503 2254 1531 2277 et
1545 2250 1727 2277 bubulcorum
1746 2254 1882 2285 agrestem
1897 2249 2003 2284 agenti-

1181 2296 1279 2340 Dbus.
1303 2295 1426 2330 Cumque
1449 2304 1498 2330 per
1521 2296 1704 2331 ignorantiam
1731 2295 1886 2323 Numitoris
1912 2295 2003 2322 caulas

1217 2341 1374 2369 affecissent
1387 2341 1564 2373 detrimento,
1580 2349 1663 2376 quem
1677 2342 1731 2376 jam
1752 2349 1847 2368 rumor
1856 2345 1916 2368 erat
1930 2342 2002 2375 ipso-

1180 1642 1201 1671 ο

1217 2394 1276 2413 rum
1293 2394 1374 2413 avum
1393 2391 1548 2413 maternum
1564 2393 1635 2418 esse,
1651 2386 1678 2413 in
1693 2386 1747 2412 illis
1764 2385 1918 2412 latrociniis
1929 2384 2001 2420 capti

1215 2436 1279 2459 sunt
1301 2440 1316 2460 a
1334 2432 1486 2464 nonnullis,
1510 2432 1557 2466 qui
1580 2433 1621 2460 eis
1639 2432 1754 2459 insidias
1774 2435 1945 2459 struxerant.
1961 2430 2000 2458 Ad

1214 2485 1295 2505 avum
1307 2478 1443 2512 perducti.
1459 2483 1488 2505 et
1503 2478 1577 2504 ultro
1590 2477 1716 2511 citroque
1731 2476 1844 2511 cogniti,
1862 2475 2000 2502 Amulium

1215 2530 1269 2550 non
1286 2528 1391 2550 tantum
1403 2524 1509 2551 Albano
1527 2531 1610 2558 regno
1621 2522 1751 2556 spoliant.
1769 2522 1818 2549 sed
1833 2521 1916 2548 etiam
1932 2521 2002 2548 ferro

1217 2568 1378 2595 destitutum
1396 2577 1410 2596 a
1426 2568 1592 2596 satellitibus
1616 2567 1794 2598 obtruncant,
1819 2574 1927 2600 suoque
1951 2572 2001 2592 avo

1217 2620 1342 2643 materno
1356 2621 1463 2650 sceptra
1478 2615 1637 2641 restituunt.
1651 2613 1676 2641 ls
1688 2621 1752 2641 vero
1762 2621 1824 2640 cum
1837 2619 1950 2647 magnas
1962 2611 2002 2637 eis

1215 2669 1283 2696 opes
1309 2666 1391 2695 atque
1417 2660 1548 2695 pecunias
1575 2660 1690 2694 largitus
1718 2659 1825 2690 fuisset,
1851 2658 2001 2685 instructos

1215 2707 1324 2734 cunctis
1336 2707 1417 2733 rebus
1435 2706 1598 2733 necessariis
1610 2705 1644 2732 ad
1660 2703 1850 2731 deducendam
1863 2702 1998 2730 coloniam

1216 2752 1332 2786 ablegat.
1355 2752 1444 2784 Quare
1458 2751 1564 2778 delatus
1583 2749 1618 2783 ad
1640 2749 1770 2784 oppidum
1788 2747 1928 2784 quoddam
1945 2747 2000 2773 Bo-

1216 2798 1316 2830 mulus,
1332 2797 1376 2824 cui
1392 2797 1487 2825 Palatii
1504 2805 1603 2824 nomen
1615 2799 1689 2824 ‘essct
1703 2795 1737 2823 ab
1751 2799 1864 2822 auctore
1873 2794 1998 2824 Palanee.

971 2856 1072 2886 Varia:
1087 2855 1238 2887 lectiones
1261 2859 1291 2885 et
1314 2859 1407 2885 notas.

418 2913 444 2931 ⁸³
457 2914 610 2950 θυγατέραν
628 2917 662 2944 Α,
698 2917 721 2932 ιθ
738 2916 962 2952 παραμυθεῖταιιῖ
997 2917 1019 2932 ⁸¹
1055 2917 1148 2952 φέρειν
1163 2918 1194 2943 Α.
1232 2917 1254 2932 θ’
1271 2916 1365 2942 ἐλπίδα
1380 2917 1412 2943 Il.
1450 2916 1474 2932 "
1489 2915 1702 2951 μετονομάζεται
1714 2916 1747 2941 Δ.
