2123 3154
383 235 415 261 ’0
430 235 538 268 Καῖσαρ
557 231 728 266 ὑποδέχεται,
743 230 857 265 ῥήγνυσι
872 228 918 259 τὰς
935 227 1096 262 σφραγῖδας.

380 280 501 313 Ἐξεισιν
524 278 703 312 Ἀθηνόδωρος
711 276 740 302 τὸ
754 276 831 309 ξίφος
845 274 982 305 ἐπισείων,

381 326 530 360 Θαμόεῖται
547 324 652 357 Καϊσαρ
664 321 791 352 κατιδὼν,
802 321 840 354 τῷ
853 320 907 346 δέει
918 318 1145 354 κρυσταλλοῦται·

384 371 494 404 Ὅρκοις
508 368 588 395 αὑτὸν
602 366 768 400 καταδεσμεί
781 365 880 399 μηκέτι
895 364 976 390 τοῦτο
989 364 1093 399 πρᾶξαι

383 417 450 450 Μηδ⁶
459 414 610 448 ἀλλοτρίαις
618 413 666 438 τοῦ
675 411 770 438 λοιποῦ
783 411 1006 446 καταχρανθῆναι
1019 410 1132 441 κοίταις.

423 459 507 492 Οὗτος
523 460 606 486 πολὺν
622 459 660 491 τῷ
672 459 794 492 Καίσαρι
810 457 1004 492 συνδιατρίψας
1020 457 1129 491 χρόνον,

381 511 432 536 1ίαῖ
449 508 554 542 μέλλων
579 506 802 533 ἀπαλλάττεσθαι
820 505 888 539 πρὸς
905 504 954 538 τὴν
970 502 1167 537 ὲνεγκαμένην,

384 555 512 588 Ἐπεῐπερ
525 551 579 578 εἶδε
595 552 724 586 Καίσαρα
736 551 868 585 δύσοργον
880 550 927 576 καὶ
942 548 1055 583 θυμώδη

378 601 430 626 Καὶ
446 600 539 634 τάχιον
552 598 706 633 ἐκφέροντα
719 598 768 627 τὰς
784 595 954 627 κολαζούσας
969 594 1085 629 ψήφους,

376 645 487 679 Ταχέως
501 645 529 671 δὲ
541 644 590 678 τὴν
604 643 652 669 τοῦ
664 642 752 678 θυμοῦ
771 641 910 676 πυρκαϊὰν
922 639 1070 666 σϐεννύντα

377 691 432 717 Καὶ
445 690 565 726 τρόπους
581 688 787 722 μεταπίπτοντα
802 687 870 721 πρὸς
883 685 1167 720 φιλανθρωποτέρους,

377 736 474 769 Κὺψας
492 735 574 762 αὑτοῦ
584 734 652 768 πρὸς
669 734 754 764 ἀκοὰς
768 732 805 764 ὡς
816 733 848 766 δὴ
859 732 881 748 "‘
896 731 1103 765 καταφιλήσων·

382 791 391 807 ί
402 779 437 807 Ὦ
447 782 566 815 Καῖσαρ,
581 790 589 805 ι
602 779 665 814 ἔφη,
681 789 689 805 ι
705 779 831 809 σεϐαστὲ,
840 777 918 804 τοῦτό
928 785 968 803 σοι
977 777 1062 802 λείπει
1079 775 1168 810 μόνον·

379 828 425 862 Μὴ
441 828 505 862 πρὶν
511 827 560 857 τὰς
572 826 679 860 ψήφους
690 825 789 858 ἔκφερε
797 825 860 859 πρὶν
870 825 898 850 ὲν
911 822 1001 857 σαυτῷ
1012 821 1037 838 ⁸⁸
1044 822 1165 857 λαλήσῃς

381 875 434 901 Τὸν
446 874 499 900 τῶν
514 873 687 908 γραμμάτων
699 871 814 906 ἀριθμὸν
824 870 878 896 τῶν
889 870 976 896 είκοσι
987 869 1138 904 τεσσάρων.
1158 877 1167 893 ι

387 919 420 946 '0
433 920 461 946 δὲ
474 919 604 951 στενάξας
618 917 708 952 βύθιον
722 917 768 943 καὶ
779 916 847 951 προς
860 916 964 941 ἐκεῖνον
981 913 1092 949 βλέψας,

383 974 394 991 ι
418 964 481 991 Ἐτι
498 973 544 991 σου
558 963 651 1000 χρῄζω
660 963 710 997 τῆς
723 962 820 996 καλῆς,
837 971 846 986 ι
862 961 927 995 ἐφη,
944 969 953 985 ‹
971 959 1171 994 παιδαγωγίας.

381 1011 438 1038 Καὶ
453 1010 534 1037 πάλιν
547 1009 622 1036 Erro"
643 1009 691 1035 σὺν
710 1008 782 1043 ἐμοὶ,
795 1006 842 1033 καὶ
865 1005 960 1040 Ῥώμη
973 1014 1003 1032 σε
1021 1005 1145 1037 καθέξει.
1160 1014 1169 1030 ι

417 1053 501 1088 οὗτος
514 1056 527 1082 ὁ
545 1056 654 1091 Καῖσαρ
665 1054 766 1090 ἤλαυνε
779 1053 841 1082 τοὺς
853 1051 1087 1087 μετεωρολέσχας,

381 1102 489 1133 Μόνους
500 1101 634 1128 κυδαίνων
651 1100 710 1131 τοὺς
721 1099 821 1133 σοφοὺς
829 1097 923 1132 τιμαῖς
938 1097 998 1128 ταῖς
1017 1095 1175 1131 προσηκού-

1053 1141 1137 1178 [σαις.

385 1192 519 1220 Τοσοῦτον
526 1191 553 1218 δὲ
562 1191 695 1225 πεφίλητο
707 1190 782 1225 παρὰ
792 1189 846 1215 τῶν
858 1189 997 1222 ὑπηκόων,

384 1237 466 1263 Ὥστε
475 1237 520 1263 τὸν
533 1237 590 1271 βίον
601 1235 738 1262 ἐκλείπειν
751 1234 856 1269 μέλλων
867 1234 936 1269 ἀνὴρ
953 1234 1087 1269 Ῥωμαῖος

394 1283 545 1317 Ἐπὲτρεψε
560 1282 616 1312 τοῖς
626 1280 722 1307 ἑαυτοῦ
735 1280 814 1306 παισὶ
823 1280 870 1306 καὶ
880 1279 1013 1314 διαδόχοις

386 1328 588 1364 Χαριστηρίους
604 1327 657 1357 τοῖς
672 1325 743 1357 θεοῖς
756 1326 951 1359 προσενεγκεῖν
959 1324 982 1340 ⁸¹
993 1324 1099 1356 θυσίας,

384 1374 457 1407 Ὅτι,
470 1373 547 1408 φησὶ,
558 1373 604 1399 τὸν
615 1371 744 1398 σεδαστὸν
758 1370 846 1402 ζῶντα
861 1369 1069 1405 καταλιμπάνω.

423 1421 468 1452 Ὠς
479 1420 508 1447 δὲ
520 1419 568 1446 καὶ
584 1419 693 1445 Καῖσαρ
705 1416 817 1452 ἔμελλεν
832 1416 961 1451 ἀπαίρειν
970 1415 1024 1443 τῶν
1034 1415 1138 1448 ἐνθάδε,

384 1530 498 1558 tenens,
515 1525 606 1560 sigillo
637 1525 797 1557 obsignatus
824 1523 856 1550 ad
880 1523 1015 1550 Caasarcm
1038 1523 1176 1552 mittitur:

382 1571 474 1598 Caesar
494 1570 620 1597 lecticam
637 1569 736 1603 accipit
750 1588 757 1600 ,
775 1569 863 1603 sigilla
880 1568 1007 1600 revellit;
1024 1568 1079 1595 exit
1093 1568 1177 1596 Athe-

385 1617 509 1643 nodorus
527 1615 656 1650 gladium
688 1615 833 1649 quatiens;
854 1613 945 1641 Caesar
968 1621 1001 1641 eo
1030 1618 1176 1648 conspecto

386 1667 444 1688 non
459 1665 566 1687 tantum
579 1659 759 1694 obstupescit.
774 1667 868 1686 verum
884 1659 967 1686 etiam
991 1664 1066 1686 metu
1080 1666 1179 1694 conge-

387 1706 467 1733 lascit
485 1715 492 1732 :
510 1706 688 1733 sacramentis
705 1709 793 1733 semet
810 1705 974 1740 obstringit,
991 1705 1093 1740 quibus
1110 1705 1179 1732 nihil

387 1751 523 1786 ejusmodi
551 1759 579 1779 se
605 1752 734 1786 deinceps
755 1751 965 1778 commissurum
989 1751 1178 1785 pollicebatur,

386 1804 440 1824 nec
465 1801 539 1823 toros
561 1797 666 1823 alienos
691 1795 807 1830 amplius
824 1795 1088 1822 contaminaturum.

421 1842 489 1869 Cum
509 1846 600 1868 autem
618 1841 700 1876 longo
722 1845 845 1875 tempore
865 1840 978 1867 vixisset
1003 1840 1074 1885 apud
1090 1840 1182 1868 Cmsa-

385 1894 443 1914 rem
460 1887 673 1917 Athenodorus,
687 1886 798 1920 jamque
823 1893 985 1913 reversurus
1006 1885 1034 1912 in
1063 1886 1181 1920 patriam

384 1938 477 1965 esset,
498 1932 563 1967 quia
579 1931 694 1959 Caesaris
717 1931 888 1958 iracundiam
917 1931 1055 1965 bilemque
1081 1934 1181 1963 norat,

383 1977 513 2012 quodque
544 1977 672 2004 celeriter
699 1976 848 2003 admodum
877 1975 1029 2003 sententias
1059 1979 1183 2009 pcenales

385 2023 473 2052 ferret
483 2031 516 2051 ac
525 2023 647 2050 vicissim
658 2022 793 2048 exstincto
804 2021 953 2048 iracundia
965 2027 1031 2055 rogo
1043 2019 1077 2046 ad
1094 2026 1184 2047 mores

386 2069 563 2096 humaniores
584 2067 705 2099 rediret,
733 2067 843 2094 admoto
867 2067 927 2102 ejus
961 2066 1075 2093 auribus
1096 2066 1184 2100 capite

389 2119 516 2148 tanquam
535 2115 624 2149 ipsum
636 2113 865 2141 deosculalurus:
882 2121 891 2138 ι
907 2113 1028 2147 Auguste
1041 2111 1144 2146 Caesar,
1170 2121 1180 2137 ι

389 2159 489 2194 inquit,
509 2169 518 2185 ι
538 2166 627 2186 unum
649 2158 731 2186 modo
748 2159 799 2185 tibi
824 2159 912 2186 deest.
929 2157 1001 2185 Cave
1025 2157 1102 2192 prius
1123 2164 1185 2184 sen-

390 2205 489 2232 tentias
513 2205 618 2236 tuleris,
634 2212 716 2239 quam
739 2205 773 2231 24
796 2205 949 2232 litterarum
966 2204 1078 2232 nomina
1094 2208 1182 2231 tecum

924 170 1185 202 CONSTANTINI
1204 169 1398 200 MANASSIS

1183 229 1207 257 Α
1222 225 1470 260 Παραστησάμενος
1481 223 1555 258 αὐτῷ
1567 222 1687 257 δημότας
1701 222 1746 249 σὺ»
1760 222 1887 254 ὑπάτοις,

1958 165 2019 198 292

1223 271 1368 305 ιΠηλίνην,
1377 281 1384 295 ι
1395 270 1508 305 ἔφησεν,
1520 279 1528 294 ι
1542 268 2015 304 εὖρὼντὴντῶνῬωμαίωνπόλιν⁸³

1218 317 1412 350 Καλλίπυργον
1428 315 1573 349 πεποίηκα,
1588 314 1703 349 λιθίνην,
1723 315 1900 350 στερεμνίαν,

1226 363 1301 390 Ἐπεὶ
1309 363 1337 389 δὲ
1349 363 1397 388 xui
1409 361 1574 396 μεθίσταμαι
1595 361 1644 394 τῆς
1656 360 1759 396 τύρϐης
1767 360 1821 387 τῶν
1827 360 2014 396 πραγμάτων,

1220 408 1362 442 Κροτῆσαι
1378 407 1509 442 βούλομαι
1520 406 1634 437 πολλοὺς
1649 406 1696 432 ἐπὶ
1711 407 1745 440 τῇ
1760 405 1873 441 τελευτῇ
1886 415 1938 440 μου

1220 455 1274 480 Kui
1286 453 1440 488 χρήσασθαι
1455 452 1628 486 γελοιασμοίς
1640 452 1688 478 καὶ
1703 451 1864 486 κροταλίσαι
1878 453 1973 487 χεῖρας

1225 500 1269 530 Ὠς
1285 500 1330 525 ἐπὶ
1341 499 1425 534 μίμου
1442 498 1555 532 τελευτῇ
1567 497 1725 531 γελοιαστοῦ
1743 498 1790 524 xui
1805 498 1932 525 παίκτου.
1945 508 1954 524 ι

1221 546 1277 572 Καὶ
1290 545 1379 571 ταῦτα
1397 544 1539 576 διετάξατο
1552 543 1574 559 ⁸⁸
1583 543 1628 570 τοῦ
1642 543 1700 578 βίου
1715 544 1901 575 καταπαίζων.

1226 592 1284 626 Ἐφ’
1295 591 1365 622 ὅλοις
1377 591 1398 607 ³⁸
1409 591 1437 617 δὲ
1451 591 1620 625 πεντήκοντα
1632 591 1680 616 σὺν
1693 589 1722 622 ἐξ
1735 590 1874 625 κρατήσας
1883 590 1993 624 χρόνοις

1220 638 1276 670 Τὴν
1289 637 1398 671 ὀφειλὴν
1409 636 1532 669 ἀπέδοτο,
1545 635 1678 662 κατέϐαλε
1694 635 1724 661 τὸ
1737 635 1826 670 χρέος.

1221 682 1322 709 Τούτου
1329 681 1376 708 τοῦ
1384 682 1523 717 Καίσαρος
1532 682 1619 716 ἀρχῆς
1629 682 1685 712 τοῖς
1696 681 1846 716 σκήπτροις
1856 681 2010 715 ἐφεστῶτος

1227 727 1270 752 Ἐν
1286 727 1340 753 ἔτει
1355 727 1569 762 τεσσαρακοστῷ
1589 727 1633 752 vui
1648 727 1701 761 μὴν
1715 726 1782 760 πρὸς
1797 726 1834 761 τῷ
1846 727 1967 762 δευτέρῳ
1989 727 2013 742 ’⁸

1227 770 1256 797 Ὁ
1270 772 1404 802 συναῖδιος
1414 772 1500 806 πατρὶ
1512 771 1560 797 xui
1573 768 1780 806 κοσμοκτίᾶτωρ
1789 771 1885 804 Λόγος,

1222 817 1320 847 Είσδῦς
1332 817 1413 851 νηδὺν
1423 817 1471 852 τὴν
1482 816 1607 851 καθαρὰν
1623 815 1744 847 νεάνιδος
1757 816 1886 850 άφθόρου,

1222 862 1278 897 Τὴν
1295 863 1384 897 σάρκα
1400 862 1571 896 συνεπήξατο
1583 861 1686 896 ταύτης
1699 862 1731 888 ἐκ
1741 861 1796 888 τῶν
1809 862 1945 896 αἱμάτων,

1224 908 1278 934 Καὶ
1290 908 1338 934 σὺν
1349 908 1418 943 αὐτῇ
1431 907 1478 934 xui
1493 908 1552 942 μετ’
1562 907 1646 941 αὐτῆς
1657 907 1805 941 ἑπέφαινεν
1813 907 1834 922 ⁸⁷
1845 907 2013 942 ἀνθρώποις,

1223 953 1336 987 Θεότητι
1352 953 1511 984 παντέλειος
1525 953 1573 979 καὶ
1587 952 1665 986 φύσει
1680 952 1824 988 βροτησίᾳ..

1259 998 1312 1025 Τοῦ
1328 998 1458 1024 σεϐαστοῦ
1473 999 1500 1024 δὲ
1514 998 1653 1033 Καίσαρος
1667 998 1712 1024 τὸν
1728 998 1784 1033 βίον
1794 999 1953 1030 ἐκλιπόντος

1230 1043 1391 1078 Ἀρχηγετεί
1400 1043 1578 1078 Τιϐέριος,ὃ;
1593 1043 1626 1069 τὰ
1640 1043 1691 1078 μὲν
1706 1043 1804 1078 πρῶτα
1820 1045 1907 1079 πρᾶος

1229 1089 1352 1124 ’Υπῆρχε
1362 1090 1409 1116 καὶ
1425 1089 1557 1125 μειλίχιος
1572 1089 1620 1116 καὶ
1632 1089 1734 1124 τρόπου
1747 1089 1909 1124 φιλοδώρου,

1233 1136 1302 1162 Ἀλλ’
1316 1135 1430 1170 ὕστερον
1446 1135 1591 1168 ἐξώκειλεν
1607 1137 1646 1166 είς
1660 1134 1726 1171 ἦθος
1741 1136 1886 1171 μιαιφόνον

1226 1182 1280 1208 Καὶ
1294 1181 1406 1216 γνώμην
1416 1181 1606 1216 ὑπομόχθηρον
1617 1181 1664 1208 xui
1674 1182 1889 1216 ρυπαροιινυχίαν,

1229 1227 1309 1262 ’Δρτι
1324 1227 1354 1254 δὲ
1367 1227 1436 1258 τέως
1450 1226 1594 1261 παρελθὼν
1604 1227 1651 1253 ἐπὶ
1660 1228 1708 1261 τὴν
1722 1226 1863 1262 βασιλείαν

1227 1273 1320 1304 Οὕτως
1337 1273 1542 1308 ὺπερπεφίλητο
1557 1274 1612 1305 τοῖς
1629 1272 1681 1299 ὑπὸ
1695 1274 1774 1309 χεῖρα
1790 1275 1875 1300 πᾶσιν

1234 1320 1278 1350 Ὠς
1293 1318 1416 1354 φυλακῆς
1440 1327 1469 1345 τε
1489 1319 1535 1344 καὶ
1556 1319 1677 1354 φρουρᾶς
1702 1319 1748 1345 καὶ
1772 1319 1929 1355 δορυφὸρων
1942 1320 2013 1356 ἄτερ

1227 1365 1350 1396 Βαδίζειν
1362 1366 1429 1392 ὅπου
1443 1365 1475 1399 δή
1488 1372 1555 1391 ποτε
1571 1364 1680 1399 νύκτωρ
1691 1365 1739 1391 καὶ
1753 1365 1814 1400 μεθ’
1826 1367 1945 1401 ἡμέραν.

1228 1410 1260 1438 El
1276 1410 1306 1438 δέ
1317 1418 1386 1437 τισιν
1395 1410 1529 1445 ἐπέτρεψε
1551 1410 1655 1442 πόλεως
1670 1411 1839 1446 στρατηγίαν

1853 1457 1929 1485 V'ers.
1948 1458 2018 1485 1944

1229 1523 1332 1551 criﬁcia
1361 1524 1415 1551 diis
1441 1524 1583 1556 oﬂ‘errent,
1612 1523 1685 1558 quod
1714 1523 1836 1551 moriens
1864 1523 2018 1558 Augustum

1229 1569 1394 1601 incolumem
1420 1573 1481 1604 post
1495 1577 1525 1596 se
1548 1569 1726 1604 relinqueret.

1263 1615 1355 1643 Caesar
1376 1616 1435 1651 ipse
1470 1615 1503 1642 de
1528 1616 1582 1643 vita
1606 1616 1772 1651 migraturus
1788 1616 1942 1643 astantibus
1966 1616 2019 1643 sibi

1229 1660 1390 1688 consulibus
1403 1666 1430 1688 et
1445 1661 1560 1696 plebeis,
1581 1670 1589 1686 ι
1601 1661 1686 1694 Quam
1700 1662 1800 1688 luteam
1819 1670 1829 1687 ι
1846 1662 1935 1696 inquit
1953 1671 1962 1688 ι
1980 1662 2020 1689 in-

1230 1706 1293 1733 veni
1315 1706 1466 1733 Romanam
1492 1706 1598 1737 urbcm,
1615 1713 1674 1732 eam
1707 1706 1830 1740 pulchris
1857 1711 2016 1734 exornatam

1231 1751 1355 1779 turribus
1370 1752 1504 1786 lapideam
1522 1751 1682 1786 ﬁrmamque
1696 1751 1814 1778 reddidi.
1831 1752 1864 1778 Et
1884 1754 2016 1786 quoniam

1231 1796 1298 1823 mihi
1317 1805 1391 1824 nunc
1412 1804 1427 1824 e
1451 1797 1530 1823 turba
1555 1804 1646 1823 rerum
1669 1796 1850 1824 humanarum
1866 1797 1920 1824 erit
1941 1805 2019 1825 exce-

1231 1842 1363 1874 dentium,
1382 1842 1483 1869 multos
1496 1841 1522 1868 in
1540 1841 1616 1868 obitu
1633 1848 1694 1868 meo
1715 1841 1840 1875 plausum
1855 1842 1939 1869 edere
1956 1843 2019 1870 volo

1233 1894 1263 1914 ac
1291 1887 1371 1914 ludos
1403 1887 1493 1914 facere
1528 1891 1655 1921 tanquam
1679 1887 1706 1913 in
1729 1887 1806 1914 mimi
1842 1892 1870 1915 et
1898 1888 2019 1916 ludionis

1233 1932 1319 1959 obitu.
1341 1941 1350 1958 ι
1364 1932 1419 1968 40
1435 1932 1500 1965 Qua:
1511 1933 1622 1967 quidem
1636 1933 1794 1968 proferebat
1813 1937 1943 1969 tauquam
1957 1935 2018 1962 vim

1233 1979 1389 2005 mortalium
1415 1979 1543 2006 illudens.
1563 1979 1632 2006 Cum
1655 1984 1747 2007 autem
1780 1983 1852 2007 totos
1875 1980 1909 2007 56
1933 1988 2019 2007 annos

1234 2023 1404 2059 imperasset,
1422 2029 1525 2052 natura;
1552 2024 1674 2052 debitum
1695 2025 1835 2058 persolvit.

1270 2069 1370 2096 Eodem
1395 2070 1502 2097 Caesare
1524 2071 1645 2104 potiente
1675 2078 1769 2098 rerum
1788 2076 1941 2099 comternus
1975 2071 2018 2098 ille

1234 2114 1303 2149 patri
1322 2115 1429 2148 Sermo,
1445 2115 1572 2142 conditor
1598 2115 1706 2148 mundi,
1726 2121 1827 2144 castam
1855 2116 2019 2152 incorrupta:

1233 2160 1385 2195 juvenculze
1407 2160 1497 2186 alvum
1518 2160 1657 2194 ingressus
1677 2167 1710 2187 ex
1731 2160 1791 2194 ejus
1811 2160 1943 2194 sanguine
1957 2167 2018 2187 car-

1236 2214 1297 2232 nem
1315 2205 1460 2240 compegit,
1475 2212 1536 2232 cum
1551 2213 1604 2240 qua
1622 2206 1693 2232 inter
1715 2205 1840 2232 homines
1856 2210 2020 2240 conspectus

390 2251 450 2285 ipse
472 2251 643 2278 recitaveris.
665 2260 674 2276 ι
699 2250 769 2277 Tum
787 2251 842 2283 ille,
855 2250 957 2286 gemitu
979 2259 1011 2278 ex
1033 2251 1088 2277 imo
1102 2250 1183 2278 corde
1201 2257 1221 2284 ι)
1235 2252 1287 2280 εει,
1303 2253 1356 2275 tam
1372 2248 1516 2276 divinitate
1528 2256 1609 2276 uuam
1626 2249 1743 2276 humana
1759 2253 1856 2276 natura
1867 2249 1948 2284 plane
1958 2257 2020 2284 per-

389 2297 474 2324 ducto
487 2296 695 2323 Athenodorum
712 2296 828 2323 intuitus
847 2305 853 2323 :
873 2306 881 2322 ι
897 2296 994 2324 Adhuc
1012 2305 1021 2322 ι
1040 2296 1088 2328 ait,
1103 2306 1111 2321 ι
1132 2300 1184 2323 tute

390 2343 528 2378 praeclarae
561 2341 744 2368 institutionis
763 2348 840 2376 egeo.
865 2341 1038 2376 Quapropter
1067 2341 1184 2375 amplius

390 2389 464 2424 apud
507 2395 550 2415 me
585 2387 635 2414 tibi
659 2387 805 2415 vivendum
847 2387 993 2421 Romazque
1021 2385 1182 2412 haerendum

389 2435 452 2462 erit.
473 2443 482 2460 ι

426 2480 476 2507 Hic
490 2479 580 2508 Caesar
604 2486 652 2507 eos
669 2478 816 2514 proﬂigans
838 2482 866 2505 et
886 2477 998 2512 eiiciens
1011 2477 1058 2512 qui
1081 2476 1114 2504 de
1137 2484 1182 2504 re-

392 2525 444 2552 bus
456 2525 621 2552 sublimibus
637 2529 665 2552 et
680 2523 840 2552 cmlestibus
851 2528 1012 2558 arroganter
1035 2528 1182 2558 nugantur,

392 2571 465 2598 solos
486 2570 562 2597 viros
583 2570 724 2605 sapientes
747 2575 780 2596 ac
794 2568 891 2596 doctos
913 2567 1066 2595 honoribus
1080 2567 1181 2594 allicie-

393 2617 450 2645 bat.
471 2616 538 2644 Tam
564 2616 664 2643 charus
687 2620 778 2643 autem
800 2615 919 2642 subditis
935 2618 1012 2646 erat,
1029 2618 1059 2640 ut
1081 2613 1181 2640 Roma~

390 2672 443 2692 nus
463 2663 575 2699 quidam
599 2664 624 2689 in
642 2663 695 2690 fata
712 2669 893 2689 concessurus
908 2661 1004 2688 liberis
1022 2659 1079 2687 suis
1098 2665 1182 2694 atque

389 2709 508 2745 posteris
531 2707 677 2736 mandaret
697 2711 727 2734 ut
742 2706 890 2742 gratiarum
913 2705 1030 2732 actionis
1053 2713 1118 2739 ergo
1138 2712 1182 2732 sa—

1234 2292 1332 2321 fectus.

1271 2338 1451 2373 Posteaquam
1468 2345 1533 2365 vero
1546 2337 1637 2365 Caesar
1654 2338 1793 2372 Augustus
1809 2345 1825 2365 e
1840 2337 1910 2365 vivis
1924 2346 2019 2366 exces-

1235 2384 1325 2415 sisset,
1341 2383 1470 2411 Tiberius
1487 2383 1520 2410 ad
1537 2383 1682 2418 imperium
1700 2383 1840 2418 pervenit;
1856 2384 1904 2419 qui
1919 2384 1953 2411 ab
1966 2385 2018 2411 ini-

1235 2429 1273 2456 tio
1288 2429 1399 2464 quidem
1416 2430 1490 2456 mitis
1505 2428 1633 2461 blandus.
1647 2428 1768 2456 liberalis
1791 2434 1860 2461 erat,
1877 2429 1925 2456 sed
1943 2430 2018 2456 dein-

1235 2483 1299 2510 ceps
1322 2475 1355 2502 ad
1382 2474 1572 2510 sanguinarios
1597 2482 1699 2506 mores,
1719 2474 1922 2508 improbitatem
1939 2479 2019 2509 atque

1236 2521 1332 2548 :30:ch
1358 2520 1534 2548 exorbitavit.
1561 2520 1666 2547 Recens
1693 2525 1782 2547 autem
1813 2520 1846 2547 ad
1875 2521 2017 2555 imperium

1235 2572 1345 2594 evectus
1359 2567 1427 2594 adeo
1443 2566 1562 2594 subditis
1576 2566 1704 2593 omnibus
1718 2565 1819 2593 charus
1831 2572 1899 2598 erat,
1912 2571 1940 2592 ut
1956 2567 2018 2592 abs-

1236 2620 1289 2647 que
1322 2612 1452 2639 satellitio
1484 2611 1664 2645 custodiaque
1697 2611 1822 2645 corporis
1853 2615 1906 2638 tam
1940 2619 2019 2638 nocu

1235 2666 1316 2692 quam
1332 2656 1464 2688 interdiu,
1475 2663 1640 2690 quocunque
1651 2656 1743 2687 vellet,
1754 2655 1816 2683 iret.
1826 2655 1899 2688 Quos
1913 2657 2019 2682 urbium

1235 2708 1368 2738 praetores
1381 2703 1422 2729 vel
1439 2702 1604 2729 tributorum
1619 2707 1761 2730 exactores
1775 2703 1969 2732 constituebat,
1987 2703 2020 2727 ah

970 2760 1070 2792 Variae
1092 2761 1244 2791 lectiones
1266 2763 1297 2790 et
1319 2763 1402 2789 notua

427 2818 498 2848 ’θὼς
519 2817 557 2849 δὴ
577 2815 656 2850 δῆθεν
673 2815 705 2841 n.

743 2814 766 2831 ⁸⁸
782 2814 874 2849 ταὺτῷ
887 2816 920 2841 Δ.
958 2814 980 2830 ⁵³
994 2814 1083 2849 ἑσῃΛ.
1123 2811 1145 2827 ⁸¹
1161 2811 1367 2849 ἐττεεεγκεςὶν

1423 2811 1446 2826 ³³
1462 2811 1511 2844 τὴν
1524 2810 1601 2837 πόλιν
1615 2810 1670 2836 τῶν
1690 2808 1833 2844 Ῥωμαίων
1848 2808 1881 2835 Β.
1930 2808 1954 2823 ⁸⁵
1965 2808 2022 2833 διε-

393 2844 503 2878 τάττετο
521 2844 609 2878 Alt“:
643 2850 665 2866 ⁸⁵
682 2850 759 2877 llunc
770 2844 878 2877 versum
897 2857 959 2876 cum
977 2844 1100 2882 sequenti
1119 2855 1174 2874 orn.
1193 2846 1231 2873 lii1

1193 2846 1249 2873 ιιιι.
1288 2846 1310 2862 ⁸⁸
1326 2845 1359 2872 Ει
1373 2846 1447 2874 hunc
1467 2853 1575 2873 versum
1591 2845 1720 2873 omittunt
1741 2844 1821 2871 codd.
1839 2844 1907 2879 Reg.
1928 2845 2018 2870 ambo.

395 2885 416 2901 ⁸⁷
432 2886 580 2920 ὲπέφανεν.
