2123 3154
353 142 362 148 ⁷
396 161 452 195 295
949 154 1203 186 CONSTANTINI
1224 152 1412 184 MANASSIS
1966 149 2020 180 295

397 218 461 244 Ὅτι
473 216 503 243 τδ
519 215 574 242 πᾶν
585 215 721 242 κεκένωτο
731 212 776 239 τοῦ
794 209 931 247 θησαυροῦ
943 210 1064 244 χρυσίον,

404 261 569 295 Ἑξαναστὰς
585 261 728 287 ἐκέλευσεν
741 256 936 292 ὲκθερισθῆναι
953 255 1024 289 ξῐφει

400 309 517 339 Πολλοὺς
538 306 641 342 χρυσίῳ
655 305 806 340 βρίθοντας,
822 300 1038 338 εὐθηνουμένους
1062 299 1180 335 πλούτῳ.

406 354 522 381 Ἐκεῖθεν
536 350 582 378 οὖν
600 349 783 386 μετήντλησεν
796 348 858 379 ὅλας
875 346 986 382 χρυσίου
1002 345 1110 380 λίμνας.

400 398 481 430 οὗτος
499 398 558 425 ιδών
581 405 644 422 ποτε
663 394 746 429 πηλὸν
763 396 792 421 ὲν
809 392 941 428 στενωπῷ
954 392 1004 427 τῆς
1027 391 1139 427 Ῥώμης
1159 391 1181 407 ³⁸

400 447 516 476 Κόλποις
530 440 736 470 ούεσπασιανοῦ
751 439 799 466 τοῦ
816 439 1075 474 στρατηγικωτάτου

399 489 584 524 Βληθήσεσθαι
593 486 760 522 προσέταξεν
770 493 777 501 ·
790 483 824 520 ἦν
838 485 893 520 γὰρ
908 485 1091 519 ἀγορανόμος.

440 536 483 566 Ὠς
496 535 518 561 δ’
533 533 682 568 ἀπεσφάγη
699 533 779 563 Γάἷος
793 532 822 557 ὲν
838 531 931 566 μέσοις
947 530 1109 564 ἀνακτόροις
1128 529 1162 562 ’⁸,

402 581 504 611 Ίθύνας
512 581 541 606 τὸ
554 579 687 613 βασίλειον
700 577 831 612 τέσσαρσι
846 576 953 611 χρόνοις
969 575 1079 610 κράτος,

402 627 431 654 '0
445 626 577 657 Κλαύδιος
589 626 712 660 ἡγήσατο
729 622 896 658 παραλαϐὼν
907 622 937 648 τὸ
949 622 1050 657 κράτος
1060 629 1068 636 ·

401 674 453 702 Ὃς
467 672 538 698 οὕτω
551 669 735 704 δειλοκάρδιος
749 670 796 694 καὶ
809 675 891 702 τρομε
898 667 941 702 ρος
951 666 1073 701 ὑπῆρχεν

399 719 447 749 Ὠς
464 718 526 748 τοὺς
549 715 700 751 φοιτῶντας
725 714 790 748 παρ’
807 714 815 728 ⁵
831 713 911 739 αὑτὸν
928 711 1076 747 ἁνερευνᾷν
1100 717 1185 744 προσ-

1021 757 1149 793 [τάττειν,

399 810 507 844 Μήπως
517 807 701 834 ὲπικολπίδιον
716 805 792 841 τύχοι
806 813 847 836 τις
861 804 989 840 κρύπτων
1012 803 1098 838 ξίφος.

402 857 434 882 Ei
449 855 478 882 δέ
489 863 554 881 ποτε
567 853 718 888 συμπόσιον
734 851 885 887 γηθόσυνον
907 850 1031 885 συνίστη,

403 901 620 936 Περιεστήκξσςιν
643 899 722 926 αὑτὸν
736 898 843 927 ὁπλῖται
856 897 1010 932 διρυφόροι.

401 947 550 981 Κρατήσας
565 946 594 972 δὲ
611 944 787 980 τρισκαίδεκα
799 943 848 976 τῆς
864 942 1001 978 βασιλείας
1018 941 1066 976 ἐτη
1079 942 1090 956 ³

401 992 536 1020 Κλαύδιος
550 992 563 1017 ὁ
577 990 728 1020 δειλότατος
748 987 904 1022 φαρμάκοις
919 987 1080 1020 ἀναιρεῖται.

437 1036 569 1063 Κλαυδίου
582 1034 786 1069 φαρμαχοέντος
799 1033 826 1058 δὲ
843 1032 939 1066 Νέρων
951 1031 965 1057 ὁ
979 1030 1163 1066 μητροκτόνος

402 1081 614 1116 Παρεισεὶρθάρη
624 1081 742 1106 κάκιστα
748 1080 803 1110 τοῖς
812 1077 866 1104 τῶν
877 1077 948 1112 Ῥωμ
954 1077 1019 1103 αἱων
1026 1077 1186 1111 σκήπτροις.

398 1126 453 1154 Ἦν
466 1127 488 1153 δ’
502 1126 619 1161 ἀσελγὴς
635 1126 681 1152 καὶ
697 1125 823 1160 βδελυρὸς
840 1123 888 1150 καὶ
914 1123 1023 1158 πλήρης
1040 1122 1187 1153 ὰσωτείας,

401 1174 508 1200 Ἶ-ιττων
516 1172 634 1208 γαστρὸς
643 1171 754 1198 καὶτῶν
768 1170 898 1205 γαστρὸς,
908 1167 1188 1203 φίλοινος-,φιλςπὸτης

402 1217 486 1250 Οὗτος
509 1218 622 1249 πολλοὺς
639 1217 765 1251 ὐπήγαγε
780 1215 906 1246 θανάτοις
921 1214 1107 1247 πικροτάτοις,

403 1266 458 1291 Καὶ
475 1265 524 1299 τὴν
542 1263 650 1298 μητέρα
665 1263 713 1289 σὺν
731 1262 823 1293 αὐτοῖς
838 1261 860 1288 ³.
875 1260 954 1286 Εἴποι
968 1267 1010 1290 τις
1029 1259 1062 1285 ἂν
1076 1257 1188 1289 δικαίως

404 1312 466 1337 Ὅτι
481 1309 564 1336 κακὸν
580 1309 722 1344 εἰσήνεγκε
733 1306 853 1333 τοιοῦτον
865 1306 921 1337 τοῖς
937 1305 966 1331 ὲν
981 1304 1042 1338 βίῳ.

414 1354 611 1381 Ἐπικατέθυσε
625 1353 646 1379 δ’
656 1353 724 1388 αὐτῇ
736 1351 746 1367 ⁵
758 1353 806 1378 καὶ
821 1351 869 1386 τὴν
883 1349 1080 1385 ὸμοζυγοῦσαν.

405 1398 537 1431 Κακοῖςδ¹
553 1398 680 1430 ὲπαύξων
695 1398 730 1424 τὰ
745 1397 829 1429 κακὰ,
839 1396 886 1422 καὶ
904 1393 1065 1430 προστιθεὶς
1087 1392 1187 1426 κακίω,

405 1501 511 1528 tristem
527 1499 642 1531 videret,
653 1496 795 1525 exhaustis
807 1496 936 1524 omnibus
951 1495 978 1522 in
994 1494 1092 1522 aerario
1106 1502 1189 1530 pecu-

1194 211 1218 240 Α
1234 207 1359 242 Εὐνούχῳ
1376 207 1386 222 ⁸
1411 205 1623 241 προσηρμόσατο
1649 204 1716 240 πρὸς
1729 202 1824 240 λέχούς
1835 204 1846 220 ⁸
1864 204 2021 237 κοινωνίαν,

1238 253 1352 288 Ἐχαιρε
1367 251 1395 278 δὲ
1406 251 1566 287 κιθαρῳδοῖς
1580 251 1627 277 καὶ
1639 250 1746 284 γυναιξὶ
1761 249 1932 285 παιπρίαις,

1232 298 1288 326 Καὶ
1305 299 1357 324 πᾶν
1373 297 1457 323 κακον
1469 296 1517 323 καὶ
1532 296 1586 322 πᾶν
1600 295 1711 330 αῑσχρὺν
1725 294 1924 330 ἀρρητουργῶν
1936 295 2021 330 ἐπλή-

1901 338 1985 374 ῐρου⁷

1233 387 1285 413 Σὺν
1295 387 1453 422 ὀρχησταῖς,
1465 383 1754 420 γελοιασταίς,μιμοις,
1769 384 2020 420 ἁρματοπρόφοις.

1234 434 1301 459 Τότε
1317 433 1363 459 καὶ
1381 432 1483 466 Πάρθοι
1496 432 1544 465 τὴν
1559 430 1646 465 ἀρχὴν
1658 430 1708 463 τῆς
1724 430 1862 465 Περσικῆς
1875 430 1967 465 ἰσχύος

1234 479 1280 510 Εἰς
1291 478 1403 509 ἑαυτοὺς
1418 478 1611 512 παρέσπασαν,
1629 476 1736 511 Πέρσας
1748 476 1942 508 δεδουλωκὸτες

1240 525 1283 555 Ὠς
1300 524 1328 550 δὲ
1344 523 1458 554 πολλοὺς
1473 523 1487 549 ὁ
1503 522 1624 556 μυσαρδς
1638 521 1649 537 ⁸
1664 520 1758 556 Νέρων
1773 521 1859 547 ἐδίδου
1882 521 1965 555 ξίφει,

1240 569 1284 600 Ὠς
1298 567 1456 603 ἀκροχάλιξ,
1471 566 1508 598 ὡς
1527 566 1610 602 ὑγρὸς
1629 567 1720 600 χοῖρος
1734 565 1937 601 ἀκρατοπότης,

1242 613 1312 640 ’Υπο
1335 613 1433 643 παντὸς
1458 612 1593 647 μεμίσητο
1617 610 1665 637 τοῦ
1689 610 1806 645 πλήθους
1825 612 1902 645 μῖσος
1919 612 2022 647 ἄκρον,

1238 658 1292 685 Καὶ
1306 658 1406 689 πάντες
1421 657 1625 691 ἀπεστρέφοντο
1642 657 1689 682 καὶ
1699 656 1749 691 τὴν
1763 656 1870 682 ἐκείνου
1885 656 1948 683 θέαν
1958 665 1965 672 ·

1237 703 1353 738 Λῐσχρδν
1373 703 1427 738 γὰρ
1442 702 1552 737 σύμπαν
1567 702 1578 717 ⁹
1591 701 1725 737 ἔπραττεν
1739 703 1768 727 ὲν
1781 701 1874 736 μέσοις
1889 703 1943 733 τοῖς
1958 701 2024 728 θεά-

1888 749 1983 785 [τροις.

1238 799 1285 833 Μὴ
1302 799 1392 825 τοίνυν
1404 797 1564 832 ἀνεχόμενοι
1581 797 1713 832 Ῥωμαῖοι
1725 796 1812 822 ταῦτα
1825 796 1946 831 βλέπειν,

1239 844 1314 879 Μηδὲ
1327 842 1462 870 δουλεύειν
1487 842 1615 877 φέροντες
1630 842 1803 876 ἡνιοστρόφῳ
1830 841 1917 876 μίμῳ,

1200 879 1223 909 Β
1244 889 1374 923 Ἐπῆλθον
1390 889 1593 923 ἀναιρήσοντες.
1606 888 1691 914 Τοῦτο
1704 887 1732 913 δὲ
1752 887 1832 921 γνοὺς
1849 888 1862 912 ὁ
1876 887 1970 920 Νέρων

1239 935 1326 962 Λὺτδν
1339 934 1529 969 διεχειρίσατο,
1543 932 1616 959 τοῦτ’
1633 932 1753 959 ἐπειπὼν
1765 933 1794 958 ὲν
1813 932 1885 958 τέλει
1894 940 1902 947 ·

1240 989 1250 1006 ι
1268 977 1340 1012 Οἷον,
1355 977 1377 1006 ὦ
1395 980 1456 1011 Ζεῦ,
1471 979 1620 1014 κιθαρῳδὸν
1636 979 1650 1004 ὁ
1666 978 1723 1013 βίος
1737 978 1902 1012 ζημιοῦταιῐ
1918 986 1928 1002 ι

1243 1027 1311 1059 Ἕτη
1324 1026 1465 1061 κρατήσας
1477 1026 1596 1060 τέσσαρα
1614 1024 1682 1060 πρὸς
1697 1024 1896 1058 πληρεστάτοις
1906 1023 1971 1049 δέκα
1990 1023 2022 1050 ’⁸.

1240 1072 1344 1103 Γάλϐας
1358 1071 1477 1106 κατῆρξε
1491 1070 1551 1106 μετ’
1568 1070 1659 1101 αὑτὸν,
1678 1070 1725 1096 καὶ
1739 1070 1798 1104 μετ’
1810 1070 1913 1095 ἐκεῖνον
1925 1069 2024 1100 Ὄθων,

1244 1117 1275 1143 '0
1297 1117 1345 1152 μὲν
1363 1116 1433 1142 ἑπτὰ
1450 1116 1617 1151 γευσάμενος
1633 1116 1719 1150 μῆνας
1741 1115 1787 1141 τοῦ
1803 1115 1918 1149 κράτους
1934 1114 2024 1149 μόνον,

1243 1162 1275 1190 ’0
1288 1163 1312 1189 δ’
1322 1162 1382 1189 οὐδὲ
1394 1162 1474 1188 πλέον
1483 1162 1537 1188 τῶν
1545 1161 1627 1197 τριῶν
1639 1162 1731 1196 μηνῶν
1747 1161 2023 1196 σκηπτροκρατήσας.

1238 1209 1294 1235 Καὶ
1312 1208 1371 1243 μετ’
1388 1207 1481 1234 αὐτῶν
1495 1207 1514 1223 ¹¹
1538 1207 1684 1239 Βιτέλλιος,
1701 1207 1730 1238 ὃς
1747 1208 1802 1238 τοῖς
1817 1206 2025 1241 ἀστερολέσχαις

1239 1253 1411 1288 Κηρύγματα
1429 1253 1606 1288 προστέθεικε
1619 1253 1732 1287 φεύγειν
1749 1252 1778 1284 ἐξ
1800 1253 1915 1284 Ἰταλίας
1928 1259 1934 1266 ·

1239 1299 1270 1325 Οἱ
1287 1298 1310 1324 δ’
1325 1297 1589 1332 άντιπροτεθείκασι·
1603 1307 1612 1323 ι
1630 1297 1715 1332 Φιῦγε
1729 1297 1776 1324 τοῦ
1791 1297 1860 1332 βίου,
1877 1297 1995 1330 Καῖσαρ,
2013 1305 2023 1322 ι

1239 1343 1295 1369 Καὶ
1310 1343 1360 1377 τὴν
1377 1343 1485 1378 ἡμέραν
1514 1343 1670 1377 γράψαντες
1685 1342 1747 1370 καθ’
1769 1344 1802 1378 ἢν
1820 1342 2006 1376 ἁποκτανθιίη
2018 1349 2024 1356 ·

1238 1388 1334 1423 Μῆνας
1349 1388 1422 1415 ὀκτὼ
1437 1388 1576 1423 κρατήσας
1588 1388 1643 1423 γὰρ
1658 1388 1738 1424 ἔργον
1748 1388 1886 1424 μαχαψας
1901 1388 1980 1423 ὤφθη
1993 1389 2025 1414 ¹¹.

1862 1433 1938 1462 \"ers.
1956 1433 2024 1461 205i

1239 1501 1386 1537 quemdam
1398 1507 1477 1528 suum
1495 1500 1624 1536 coniugio
1638 1500 1691 1528 sibi
1705 1500 1855 1534 copulavit.
1869 1499 2028 1526 Delectaba-

405 1547 469 1577 ιὶὶῖεν
482 1545 515 1573 δε
529 1545 654 1572 εοητίνίο
671 1550 786 1578 surgens
799 1541 916 1576 inierim
932 1540 1063 1576 QUOSdam
1076 1539 1190 1582 ορυιεῐι-
1203 1546 1225 1577 C
1243 1550 1288 1573 tur
1308 1550 1336 1573 et
1357 1545 1527 1576 citharoedis,
1554 1545 1642 1579 iisque
1667 1544 1838 1572 mulierculis
1861 1551 1923 1578 qua:
1944 1544 2027 1570 risum

406 1596 450 1619 tos
463 1591 556 1626 jussit,
569 1596 656 1624 eoque
673 1594 754 1623 pacto
769 1592 872 1616 tantum
889 1594 944 1614 non
957 1591 1051 1621 stagna
1065 1585 1188 1619 quaedam

406 1637 468 1664 auri
484 1640 648 1664 consecutus
661 1638 712 1661 est.
728 1633 850 1667 Quodam
862 1632 1081 1667 temporelutum
1100 1631 1190 1658 Romae

407 1683 436 1708 in
466 1681 609 1716 angiporto
638 1679 813 1713 conspicatus
843 1677 982 1705 mandavit
1010 1681 1039 1703 ut
1066 1675 1134 1704 illud
1163 1675 1190 1702 in

407 1726 584 1762 Vespasiani,
602 1724 649 1760 qui
677 1729 734 1751 tum
756 1723 844 1751 adilis
866 1728 944 1756 erat,
967 1723 1057 1750 sinum
1070 1721 1189 1756 conjice-

407 1766 495 1800 re'tur.

443 1817 590 1846 Interfecto
605 1820 698 1843 autem
713 1815 741 1842 in
756 1814 830 1850 regia
841 1813 909 1842 Gaio
923 1818 986 1848 post
999 1820 1101 1840 annum
1116 1813 1190 1848 regni

406 1868 546 1899 quartum,
559 1861 690 1890 Claudius
705 1859 820 1894 sceptris
834 1859 861 1886 in
879 1867 908 1886 se
923 1858 1062 1886 translatis
1077 1858 1192 1893 imperio

406 1907 511 1942 potitus
529 1913 583 1934 est.
599 1906 665 1932 Erat
682 1905 707 1932 is
720 1904 789 1932 adeo
806 1903 998 1931 formidolosus
1011 1908 1090 1938 atque
1107 1903 1191 1938 trepi-

405 1954 468 1986 dus,
484 1957 514 1980 ut
530 1952 694 1979 accedentes
710 1950 744 1977 ad
766 1958 795 1977 se
816 1950 939 1985 perquiri
954 1948 1038 1976 vellet
1050 1956 1116 1975 num
1130 1947 1192 1982 quis

405 2000 476 2026 forte
500 1998 619 2033 gladium
645 1997 674 2023 in
698 1997 760 2024 sinu
787 1995 909 2023 abditum
934 1997 1062 2030 gestaret.
1076 1993 1153 2026 Quod
1169 1994 1191 2020 si

406 2043 564 2071 convivium
581 2040 723 2069 celebrare
743 2040 785 2068 sui
805 2039 975 2068 exhilarandi
1000 2046 1082 2065 causa
1100 2038 1190 2070 vellet,

407 2089 506 2117 armati
521 2089 622 2116 milites
636 2092 665 2115 et
678 2088 810 2115 satellites
826 2085 1050 2114 circumstabant.
1063 2084 1131 2112 Cum
1146 2092 1194 2110 au-

410 2141 463 2162 tem
480 2142 566 2161 annos
578 2133 710 2161 tredecim
723 2131 857 2167 exegisset
874 2131 902 2158 in
919 2129 1046 2165 imperio,
1063 2128 1106 2156 vir
1120 2128 1194 2156 timi-

411 2180 542 2207 dissitnus
559 2185 668 2206 veneno
682 2178 806 2205 sublatus
823 2180 875 2204 est.

1244 1591 1393 1623 concitant,
1406 1595 1508 1617 etcum
1533 1589 1720 1621 saltatoribus,
1735 1589 1904 1625 Iudionibns,
1923 1588 2026 1619 mirnis.

1244 1635 1403 1663 cantoribus
1427 1643 1509 1662 omne
1534 1635 1641 1662 facinus
1666 1635 1821 1670 improbum
1845 1634 2026 1669 perpetrabat,

1245 1690 1295 1709 nec
1319 1682 1354 1709 ab
1378 1682 1432 1708 ulla
1456 1681 1626 1716 turpitudine
1650 1681 1815 1708 abstinebat.
1842 1680 1870 1706 Id
1898 1679 2029 1714 temporis

1244 1728 1325 1754 etiam
1341 1727 1435 1754 Parthi
1451 1727 1591 1754 Persicum
1613 1735 1724 1761 regnum
1744 1727 1777 1753 ad
1793 1735 1821 1753 se
1836 1726 2026 1757 traduxerunt,

1245 1773 1336 1800 Persis
1351 1773 1378 1799 in
1395 1773 1556 1800 servitutem
1574 1772 1701 1798 redactis.
1717 1771 1784 1799 Cum
1799 1777 1890 1798 autem
1907 1771 2029 1808 impurus

1246 1818 1290 1845 hic
1304 1818 1376 1846 Nero
1393 1818 1494 1844 multos
1507 1817 1595 1852 gladio
1610 1818 1779 1848 sustulisset,
1801 1817 1883 1844 homo
1897 1816 2028 1843 nimirum

1245 1871 1330 1898 porco
1343 1863 1441 1890 similis
1455 1867 1485 1889 et
1498 1871 1603 1890 merum
1618 1863 1833 1896 intemperanter
1850 1862 2028 1897 ingurgitans,

1246 1909 1409 1935 acerrimum
1426 1908 1549 1934 omnium
1564 1907 1690 1934 ordinum
1707 1907 1800 1934 odium
1815 1911 1910 1934 contra
1924 1914 1953 1933 se
1966 1914 2031 1934 con-

1246 1953 1356 1984 citavit,
1381 1953 1449 1979 adeo
1465 1952 1574 1986 quidem
1593 1956 1623 1979 ut
1645 1952 1705 1987 ejus
1728 1956 1904 1986 conspectum
1921 1959 2031 1986 quoque

1247 2006 1328 2025 nemo
1354 2005 1407 2024 non
1434 2003 1619 2025 aversaretur.
1648 1997 1715 2024 Nam
1740 1998 1890 2025 imdissima
1916 2005 2031 2032 quaeque

1248 2043 1336 2070 media
1352 2043 1379 2070 in
1395 2043 1455 2070 aula
1470 2043 1641 2078 designabat.
1657 2043 1826 2078 Quapropter
1840 2043 1968 2075 Romani,
1985 2043 2031 2077 qui

1249 2087 1306 2114 brec
1326 2087 1444 2121 amplius
1463 2087 1565 2114 intueri
1590 2096 1644 2114 non
1670 2093 1779 2122 possent
1804 2095 1855 2114 nec
1875 2088 1980 2122 auriga:
2001 2095 2032 2114 ac

1249 2133 1333 2159 mimo
1347 2133 1452 2159 servire
1468 2133 1584 2164 vellent,
1605 2133 1737 2160 invadunt
1749 2133 1888 2160 hominem
1903 2138 2030 2167 tanquam

1250 2178 1443 2210 iutert’ccturi;
1465 2186 1519 2213 quo
1538 2179 1584 2206 ille
1603 2179 1714 2213 cognito
1734 2186 1830 2206 manus
1848 2178 1963 2214 ipsemet
1980 2179 2029 2206 sib’

446 2227 535 2260 Atque
558 2225 595 2252 ita
616 2224 732 2252 Claudio
757 2231 805 2258 per
829 2221 994 2250 veneﬁcium
1020 2221 1195 2254 interempto.
1213 2221 1234 2248 D
1249 2224 1359 2256 attulit,
1390 2223 1434 2251 his
1461 2223 1494 2250 ad
1523 2229 1677 2251 extremum
1708 2224 1798 2251 verbis
1827 2225 2033 2259 pronuntiatis:

410 2273 481 2299 Nero
496 2270 633 2306 parricida
649 2268 818 2304 nequissime
833 2268 988 2295 Romanum
1007 2265 1154 2300 imperium
1171 2264 1198 2291 in

411 2325 440 2344 se
456 2315 606 2344 transtulit.
625 2315 690 2342 Erat
705 2314 750 2341 ille
769 2314 906 2344 lascivus,
924 2313 1049 2347 impurus
1060 2331 1067 2343 ,
1086 2310 1199 2338 luxuriae

408 2363 506 2398 plenus
518 2382 525 2394 ,
549 2361 618 2397 gulae
647 2359 791 2394 ventrique
814 2359 943 2390 deditus,
961 2357 1084 2384 vinosus.
1100 2356 1200 2383 Multos

409 2408 597 2436 acerbissimis
612 2406 755 2441 suppliciis
771 2405 880 2437 atiecit,
897 2405 969 2431 inter
981 2411 1052 2438 quos
1070 2407 1098 2430 et
1113 2406 1199 2429 mater

413 2455 501 2490 ipsius
515 2454 585 2486 fuit;
601 2460 682 2487 quam
701 2451 816 2478 fortasse
831 2451 894 2485 quis
914 2457 967 2477 non
988 2448 1125 2476 immerito
1145 2455 1200 2474 ete-

410 2508 468 2528 sam
485 2499 596 2530 dixerit,
611 2497 685 2532 quod
702 2501 756 2524 tam
774 2496 927 2531 improbum
942 2494 1104 2522 mortalibus
1120 2493 1195 2528 prin-

411 2545 500 2580 cipem
517 2545 597 2571 enixa
611 2544 702 2571 luerit.
718 2543 868 2570 Parricidio
881 2546 971 2569 autent
987 2541 1111 2576 conjugis
1125 2547 1196 2574 quo-

411 2599 465 2627 que
483 2590 676 2618 mactationem
694 2590 803 2625 adjecit.
819 2589 873 2625 42
890 2589 1014 2624 Cumque
1031 2587 1100 2614 mala
1119 2587 1197 2614 malis

410 2642 438 2665 et
470 2636 582 2672 quidem
613 2635 774 2663 fmdioribus
801 2635 972 2666 cumularet,
997 2632 1195 2661 cubicularium

1252 2278 1260 2294 ι
1275 2269 1400 2302 Qualem,
1418 2276 1434 2296 ο
1453 2269 1570 2304 Jupiter,
1596 2269 1777 2297 citliart'edum
1797 2270 1928 2298 mortales
1953 2270 2033 2297 antit-

1249 2318 1308 2340 tunt
1324 2314 1330 2340 i
1351 2322 1359 2338 ι

1284 2359 1347 2386 Post
1364 2359 1501 2386 Neronem
1524 2358 1609 2386 Galba
1629 2359 1743 2394 Imperio
1769 2361 1873 2394 potitus
1897 2364 1949 2392 est,
1972 2364 2034 2394 post

1248 2403 1360 2431 Galbam
1378 2403 1459 2436 Otho,
1478 2408 1539 2439 post
1556 2409 1702 2439 utrumque
1717 2405 1857 2438 Vitellius;
1873 2405 1920 2440 qui
1936 2405 2034 2432 edictis

1249 2450 1397 2485 propositis
1409 2451 1562 2485 astrologos
1573 2450 1649 2477 Italia
1663 2451 1745 2486 jussit
1759 2451 1903 2478 excedere.
1916 2451 1956 2478 Illi
1968 2457 2034 2477 vero

1249 2494 1361 2529 scriptis
1372 2495 1493 2522 vicissim
1506 2495 1653 2530 propositis
1666 2495 1883 2530 responderunt:
1899 2505 1908 2520 ι
1917 2495 1958 2522 Τυ
1967 2495 2034 2527 vita,

1248 2538 1349 2572 Caesar,
1365 2540 1502 2567 excedito.
1519 2550 1528 2566 ι
1556 2540 1642 2568 Simul
1669 2541 1757 2576 ipsum
1784 2540 1857 2569 diem
1878 2541 2036 2568 indicarunt.

1249 2593 1304 2620 quo
1322 2585 1532 2613 interﬁciendus
1552 2591 1635 2613 esset.
1651 2586 1743 2621 Itaque
1760 2586 1900 2614 mensibus
1914 2590 1977 2613 octo
1992 2593 2037 2612 re-

1251 2640 1311 2659 rum
1325 2632 1428 2667 potitus
1443 2631 1531 2667 gladio
1546 2639 1632 2659 caesus
1649 2632 1739 2667 periit.

988 2689 1088 2720 Varia:
1110 2688 1265 2719 lectiones
1287 2692 1318 2719 et
1340 2692 1435 2719 notua.

446 2753 470 2768 η
490 2753 578 2769 κη...

446 2754 470 2768 “
489 2754 578 2788 ῥύμης
597 2754 628 2780 It.
679 2754 701 2769 "
718 2754 795 2780 Hunc
810 2761 916 2780 versum
930 2761 991 2780 cum
1008 2754 1147 2787 sequentit

410 2787 480 2822 codd
525 2789 607 2822 Βυμ..
622 2793 781 2822 sequentem
797 2789 888 2815 ambo.
922 2789 1092 2815 δισκαίδεκα.
1114 2788 1147 2815 lt.

410 2820 492 2849 ABR.
544 2823 554 2838 ⁸
566 2820 708 2856 fixum-Ii.
756 2823 764 2838 ⁷
782 2823 868 2849 ἐτέλει
881 2822 961 2850 AIIR.

411 2856 509 2886 αὐτοὺς
526 2857 556 2882 Α.
596 2857 615 2872 ¹¹
633 2857 710 2884 Ilunc
729 2865 838 2885 versum
858 2866 913 2885 om.
929 2857 986 2884 RR.

679 2753 701 2769 "
718 2754 795 2780 Hunc
810 2761 916 2780 versum
930 2761 991 2780 cum
1008 2753 1132 2787 sequenti
1145 2760 1200 2780 om.
1218 2753 1298 2780 codd.
1320 2752 1388 2787 Reg.

1427 2754 1435 2768 ¹
1450 2753 1518 2788 πρὸς
1533 2752 1589 2780 AR.
1625 2752 1724 2780 ¹11υῐιο
1737 2760 1844 2788 versum
1859 2761 1913 2781 om.
1930 2761 2000 2788 unus
2020 2760 2039 2779 e

1204 2788 1214 2804 ³
1224 2788 1273 2823 τὴν
1284 2788 1365 2814 αῢτοῦ
1378 2787 1411 2823 Ii:
1448 2787 1458 2803 ⁸
1477 2788 1538 2814 ἐπεὶ
1552 2788 1699 2815 κατέθυσεν
1715 2788 1798 2823 αὐτὴν
1812 2787 1844 2814 lt.
1881 2788 1892 2804 '
1906 2787 2040 2823 εὐνοῦχον

1009 2824 1020 2839 ⁸
1038 2824 1157 2858 eampo;
1173 2822 1228 2850 ΑΒ.

1283 2823 1293 2838 ⁹
1305 2823 1379 2850 ait-av
1393 2822 1426 2849 Β.
1466 2823 1487 2838 ¹⁶
1505 2823 1582 2851 Ilunc
1601 2831 1671 2851 Vt'l‘s.
1689 2831 1743 2850 om.
1758 2821 1790 2848 Ii.
1841 2823 1861 2838 “
1876 2822 1959 2849 αὺτοῦ
1977 2822 2039 2849 RR.
