2123 3154
213 210 266 240 διν)

215 262 402 297 Πάσηςθεῴας
417 260 549 295 κράτορα,
565 259 620 290 τοῖς
636 258 663 284 δὲ
679 258 756 284 παισὶ
764 259 819 288 τοῖς
832 257 922 288 ἄλλοις

215 306 317 343 (Ἦσαν
331 306 352 332 δ’
368 305 458 336 αὐτοῖς
471 304 590 338 ὀνόματα
609 302 739 334 Κώνστας
753 303 799 328 καὶ
813 301 987 329 Κωνσταντῖ-

890 346 955 382 [voci

214 395 334 432 Χειριζει
344 395 367 411 ⁷⁸
375 395 408 421 τὰ
427 394 603 429 προσέσπερσ.
619 393 666 419 καὶ
681 392 790 426 Ῥώμην
804 392 850 418 καὶ
867 391 989 422 Γαλλίας.

220 438 372 468 Ἀλλ“οὖτοι
395 439 445 473 μὲν
467 438 626 472 ἀπέσϐησαν
643 437 734 471 τάχιον
750 437 798 462 καὶ
811 436 864 471 πρὸ
883 436 991 471 χρόνον,

215 487 336 521 Πόλεμον
353 484 422 519 cpe-3!
438 485 478 515 εἰς
495 483 613 518 ἔμφυλον
625 483 749 516 ἀλλήλοις
757 481 942 512 καταστάντες

217 533 271 558 Καὶ
286 531 334 562 τὰς
352 530 474 564 ἀλλήλων
498 529 620 559 θέλοντες
640 528 763 562 ἁρπάσαι
779 527 802 542 ⁷⁸
826 526 972 562 κρατορίας
984 535 991 542 ι

217 575 264 606 Εἰς
280 575 359 610 μόνον
374 574 402 600 δὲ
419 572 604 600 Κωνστάντιον
629 572 659 598 τὸ
686 572 740 598 πᾶν
766 571 866 606 μετέϐη
883 571 991 605 κράτος,

219 621 268 650 Ὃς
291 619 324 646 τὰ
344 619 392 653 μὲν
414 618 510 652 πρῶτα
528 617 657 651 Καίσαρα
668 617 800 651 τετίμηκε
816 616 861 642 τὸν
881 615 993 646 Γάλλον,

219 664 270 690 Τὸν
285 662 447 696 αὖτανεψιὸν
473 662 566 694 αὐτοῦ,
586 661 633 687 τὸν
658 660 848 687 Κωνσταντίου
867 659 959 690 παῖδα,

218 708 399 735 Βασιλειῶντα
420 708 447 734 δὲ
466 707 560 742 μαθὼν
580 707 627 733 καὶ
642 706 783 741 τυραννεῖν
799 705 927 740 ὁρμῶντα

218 754 272 780 Καὶ
286 753 375 780 πάντα
393 752 588 788 μηχανώμενον
605 751 673 778 ὥστε
695 751 786 785 τυχεῖν
805 749 850 776 τοῦ
866 750 949 775 πόθου

217 798 273 831 Τὴν
289 797 411 832 κεφαλὴν
435 797 571 830 ἀφείλετο,
597 797 686 822 πᾶσαν
716 794 803 830 ὁρμὴν
826 794 994 828 προφθάσας.

217 843 269 868 Τδν
286 842 398 875 ἀδελφὸν
414 841 461 868 τοῦ
480 841 580 868 Γάλλου
594 841 633 872 δὲ,
650 841 696 867 τὸν
710 841 801 876 χοῖρον
814 839 859 865 τὸν
879 838 995 873 δυσώδη,

223 887 369 914 Ἰουλιανόν
382 887 420 922 τῷ
432 887 571 921 Καίσαρος
585 887 721 920 ἐκόσμησε
739 885 873 920 στεφάνῳ’

224 932 283 967 Ἐφ’
297 929 338 964 οἷς
353 932 543 966 ἀστεῖζόμενος
557 932 635 966 δῆθεν
651 932 664 957 ό
680 931 857 965 Παραϐάτης,

217 978 273 1003 Καὶ
283 977 332 1012 τὴν
349 977 450 1012 ἰσοῆτα
467 977 516 1012 τὴν
533 976 614 1003 αὑτοῦ
626 977 732 1006 δεικνὺς
742 976 790 1011 τὴν
802 977 833 1002 ὲκ
844 975 998 1011 πορφύρας,

223 1022 325 1048 Ἐκεῖνο
340 1023 370 1048 τὺ
387 1021 566 1057 Θρυλούμενον
584 1021 694 1054 ἐπέλεγε
709 1023 764 1051 τοῖς
785 1022 868 1051 πέλας
883 1029 890 1035 ·

220 1076 230 1093 ι
250 1067 408 1102 Πορφύρεός
422 1075 451 1093 τε
462 1067 576 1098 θάνατος
591 1066 723 1092 κατέλαϐε
740 1066 787 1092 καὶ
804 1067 884 1100 μοῖρα
897 1066 931 1096 ⁷⁷,
953 1074 961 1090 ι

222 1113 266 1143 Ὧς
287 1113 316 1139 ἄν
334 1112 450 1147 χλαμύδι
471 1112 601 1146 πορφυρᾷ
625 1111 672 1137 καὶ
690 1111 792 1136 Γάλλου
827 1110 997 1144 τεθνηκότος.

218 1157 296 1184 Μετὰ
317 1158 413 1192 μικρὸν
428 1157 449 1183 δ’
471 1157 619 1183 ἀποστατεῖ
632 1155 699 1182 ΘεἿῦ
721 1156 767 1182 καὶ
785 1156 928 1190 βασιλέως,

217 1203 380 1237 Ἐξόμνυται
394 1203 439 1228 ’τὶν
456 1202 592 1236 σεϐατμὸν
604 1201 632 1227 ὃν
643 1199 714 1236 εἶχεν
727 1202 765 1232 είς
777 1201 799 1216 ⁷³
811 1201 857 1227 τὸν
871 1201 997 1236 κτίστην,

219 1248 274 1274 Καὶ
305 1247 505 1282 προσκολλᾶται
517 1247 626 1282 δαίμοσι
649 1247 705 1277 τοῖς
721 1246 946 1281 τρισαλιτηρῐοις,

219 1293 336 1327 Λῖμασιν
355 1292 504 1318 ἁποπλύνει
524 1293 551 1318 δὲ
564 1292 612 1325 φεῦ
625 1293 631 1318 l
645 1291 675 1317 τὸ
690 1291 800 1326 λουτρὸν
816 1291 847 1317 τὸ
862 1291 942 1324 ὑεῖον,

219 1338 311 1364 Ὅπλα
326 1339 395 1364 κινεί
407 1338 451 1364 καὶ
466 1338 581 1371 πόλεμον
597 1337 667 1363 κατὰ
685 1336 731 1363 τοῦ
752 1333 917 1368 Σεσωκότος,

220 1383 275 1409 Καὶ
287 1382 456 1418 περιτίθησιν
471 1382 545 1416 αὑτῴ
564 1381 612 1421 τὴν
630 1381 857 1416 αὐτοκρατορίαν.

221 1427 312 1461 Ὅπερ
327 1426 421 1462 μαθὼν
436 1426 634 1458 Κωνστάντιος,
644 1427 691 1452 καὶ
704 1426 742 1460 τῷ
757 1426 834 1461 Θυμῷ
847 1426 997 1460 καχλάσας,

219 1547 354 1582 designat,
379 1547 492 1582 reliquis
514 1547 631 1579 duobus,
650 1555 766 1581 quorum
788 1551 865 1574 erant
889 1548 999 1576 nomina
1013 1567 1034 1595 ο

219 1590 352 1618 Constans
366 1596 395 1617 et
407 1590 611 1622 Constantinus,
630 1590 742 1617 Romam
759 1590 858 1618 Gallias
871 1597 1000 1620 caeteras-

221 1642 273 1668 que
305 1642 399 1662 versus
422 1634 595 1662 Oceidentcm
620 1634 685 1662 sitas
726 1635 879 1669 provincias
907 1637 999 1664 tradit.

221 1678 307 1712 Atque
318 1678 346 1705 hi
357 1679 466 1713 quidem
477 1684 540 1706 ante
553 1684 659 1714 tempus
673 1679 825 1712 decessere,
841 1681 913 1708 bello
928 1682 1001 1709 civili

222 1727 318 1749 contra
339 1730 367 1750 se
393 1723 507 1750 invicem
531 1724 659 1756 en-itato,
684 1731 744 1751 cum
762 1725 831 1752 alter
857 1725 1001 1760 imperium

221 1765 333 1792 alterius
359 1774 453 1800 rapere
476 1773 621 1794 conaretur
635 1775 641 1792 :
655 1768 687 1794 ad
703 1768 790 1794 solutn
819 1773 908 1795 autem
928 1769 1001 1796 Con.

222 1809 349 1836 stantium
377 1810 502 1838 universa
529 1816 647 1845 potestas
660 1812 778 1839 devenit.
798 1813 823 1840 ls
839 1814 926 1848 primo
943 1814 1003 1841 Cte-

222 1855 290 1882 saris
320 1855 477 1890 dignitatem
507 1856 584 1885 Gallo
611 1857 762 1889 concessit.
788 1859 904 1892 patrueli
930 1867 1002 1892 suo,

220 1899 377 1928 Constantis
393 1901 459 1929 ﬁlio.
488 1901 586 1929 Verum
605 1903 650 1930 ubi
667 1904 844 1937 comperisset
870 1904 942 1931 hunc
959 1913 1002 1932 rc-

221 1953 304 1980 gnum
320 1945 459 1978 affectare,
473 1946 506 1973 ad
523 1947 692 1982 tyrannidem
709 1955 852 1982 proruere,
867 1949 934 1976 nihil
948 1957 1003 1977 non

222 1991 312 2017 moliri
336 1999 388 2025 quo
413 1992 467 2018 voti
491 1999 603 2026 compos
619 1993 706 2024 ﬁeret,
732 1993 806 2020 omni
828 1998 926 2021 conatu
945 1996 1005 2030 ejus

222 2039 364 2062 anteverso
390 2041 472 2070 caput
495 2036 519 2062 ei
538 2037 646 2070 prmcidi
667 2038 779 2064 curavit.
807 2038 908 2066 Deinde
935 2041 1003 2068 Galli

223 2080 346 2112 fratrem,
369 2088 480 2114 porcum
498 2081 573 2108 illum
599 2081 732 2115 foetidum,
749 2083 886 2110 lulianum
904 2092 1003 2112 corona

222 2124 345 2152 Cmsarea
371 2125 570 2152 cohonestavit.
587 2125 646 2159 Quo
665 2127 765 2154 factum
778 2132 820 2155 est
835 2133 864 2156 ut
881 2129 1005 2158 desertor

222 2169 269 2196 ille
283 2169 343 2196 ﬁdci
362 2169 497 2196 urbanum
522 2171 649 2205 quiddam
674 2173 796 2206 proferre
817 2175 921 2206 volens,
938 2183 1000 2209 pur-

221 2221 304 2248 purea
318 2219 392 2241 veste
408 2222 455 2242 sua
469 2220 690 2247 commonstrata.
719 2217 814 2243 tritum
840 2217 907 2244 illud
922 2219 1002 2253 vulgo

221 2260 335 2286 verbum
360 2260 393 2287 ad
421 2264 524 2287 stantes
546 2261 719 2288 enuntiaret:
737 2271 746 2287 ι
762 2263 902 2297 Purpurea
929 2272 1002 2291 mors

220 2309 249 2332 et
273 2305 355 2331 fatum
380 2305 534 2339 occupavit,
560 2315 569 2330 ι
599 2306 751 2341 signiﬁcare
779 2308 873 2334 volens
895 2308 1000 2335 Gallum

221 2350 302 2376 etiam
326 2351 352 2376 in
376 2355 450 2377 veste
475 2358 609 2385 purpurea
635 2353 798 2379 exstinctum
826 2352 920 2379 fuisse.
944 2353 1001 2379 Non

223 2399 312 2421 autem
329 2397 414 2422 multo
433 2399 493 2430 post
509 2400 563 2423 tam
578 2404 592 2423 a
608 2397 664 2424 Deo
679 2405 759 2431 quam
776 2397 938 2431 imperatore
952 2398 1002 2425 tle-

224 2437 280 2464 ﬁcit
293 2447 300 2465 :
316 2439 404 2473 ejurat
431 2440 588 2474 religionem
604 2445 630 2467 et
644 2441 758 2473 cultum,
773 2449 827 2475 quo
843 2441 1000 2469 Creatorem

224 2487 303 2506 suum
314 2481 456 2515 affecerat;
471 2484 687 2511 sceleratissimis
697 2492 726 2511 se
736 2485 822 2519 geniis
836 2485 999 2519 agglutinat;

223 2525 355 2557 sanguine
381 2525 459 2559 (proh
479 2527 591 2560 impium
617 2527 750 2562 facinus!)
777 2528 912 2555 lavacrum
935 2529 1000 2556 illud

226 2568 349 2594 divinum
374 2570 456 2602 eluit;
483 2571 584 2598 bellum
604 2572 735 2599 adversus
758 2581 821 2599 cum
848 2573 966 2600 concitat
986 2581 1001 2600 a

224 2620 278 2646 quo
299 2617 421 2640 servatus
434 2614 538 2648 fuerat;
559 2616 703 2649 imperium
718 2617 835 2651 denique
855 2618 906 2644 sibi
921 2626 1001 2645 usur-

225 2662 280 2692 pat.
296 2658 356 2691 Quo
372 2659 479 2694 cognito
501 2660 674 2688 Constantius
686 2662 842 2694 excanduit,
859 2671 890 2690 ac
906 2664 1001 2690 morbo

770 198 1019 232 COMPENDIUBI
1040 197 1276 229 ClIRONlCUM.

1007 257 1028 284 Α
1048 255 1128 289 Νόσῳ
1147 252 1272 284 πιέζεται
1294 251 1378 285 δεινῇ,
1394 250 1439 276 καὶ
1463 249 1522 284 μετ’
1537 248 1625 283 ὀλίγον
1644 248 1766 283 θνήσκει,

1765 193 1818 226 310

1042 297 1188 332 Κατάρξας
1198 296 1229 322 τὸ
1243 295 1379 330 βασίλειον
1397 296 1482 321 εῐκοσι
1496 294 1596 329 κράτος
1611 294 1669 329 ἐτη,

1043 343 1135 369 Ταῦτα
1150 342 1183 369 τὰ
1201 342 1262 376 τρία
1283 341 1389 375 πονηρὰ
1405 341 1438 367 τὰ
1454 340 1519 373 παρ“
1533 339 1615 366 αὑτοῦ
1631 338 1785 374 πραχθέντα

1043 387 1272 422 Ἀνακλαιόμενος
1291 386 1397 420 πικρῶς
1413 386 1461 412 καὶ
1479 385 1570 419 φέρων
1589 385 1633 411 ἐπὶ
1647 384 1769 418 γλώττης
1785 384 1819 414 ⁷³,

1043 433 1096 460 Τοῦ
1109 432 1210 459 Γάλλου
1219 432 1241 448 ⁸⁸
1255 431 1303 466 τὴν
1315 431 1453 464 ἀναίρεσιν
1469 430 1490 446 ¹¹
1507 430 1606 461 ἀδίκως
1616 430 1650 445 ⁸⁸·
1667 430 1819 463 γεγονυῖαν,

1044 479 1164 508 Πίστεως
1180 478 1230 512 τὴν
1250 477 1430 512 παρατροπὴν
1447 476 1493 502 καὶ
1507 475 1555 509 τὴν
1569 474 1753 508 καινοτομίαν,

1045 524 1099 550 Καὶ
1114 522 1163 557 τὴν
1174 523 1325 558 ἀνάρρησιν
1349 520 1431 547 αὑτοῦ
1453 520 1501 546 τοῦ
1516 519 1739 554 θεομισεστάτου.

1080 568 1162 594 Ἀλλὰ
1176 567 1230 602 γὰρ
1242 567 1292 594 οὐκ
1305 566 1451 598 ὲνύσταξεν
1469 566 1515 592 ἐπὶ
1534 565 1636 600 μακρὸν
1651 565 1667 598 ἡ
1679 565 1752 598 δίκη,

1046 613 1108 639 Οὐδ’
1125 613 1139 639 ὁ
1161 612 1318 645 παντόπτης
1342 611 1480 644 ὀφθαλμὸς
1502 610 1660 645 ἐκάμμυσεν
1675 610 1716 640 εἰς
1730 609 1821 638 πλέον.

1046 657 1115 684 Ἀλλ’
1127 658 1223 692 ἦγειρε
1243 657 1274 682 τὸ
1292 656 1436 691 βλέφαρον,
1457 654 1510 681 εἶδε
1523 657 1568 681 τὸν
1589 656 1768 690 Ἀποστάτην,

1046 703 1159 729 Κατεῖδε
1169 703 1232 733 τοὺς
1245 702 1408 735 ἐναγισμοὺς
1422 701 1468 726 καὶ
1482 701 1529 731 τὰς
1544 700 1727 734 ζωοσφαγίας,

1047 748 1116 779 Τοὺς
1130 747 1184 774 τῶν
1205 746 1329 782 αἱμάτων
1344 746 1494 781 ποταμοὺς,
1514 745 1562 776 τὰς
1577 745 1822 780 ὰνθρωποκτονίας,

1046 792 1100 817 Καὶ
1110 792 1162 817 πᾶν
1179 792 1290 826 αἰσχρὸν
1303 791 1348 817 καὶ
1363 790 1483 825 μυσαρὸν
1498 791 1544 816 καὶ
1560 790 1661 824 πλῆρες
1669 789 1825 821 δυσσεϐείας

1047 835 1084 861 Τὸ
1098 836 1162 869 παρ’
1171 835 1255 862 αὐτοῦ
1267 835 1439 870 τελούμενον,
1452 835 1498 861 καὶ
1508 834 1657 869 μυσαχθεὶς
1666 835 1715 868 τὴν
1726 834 1826 860 λύσσαν

1048 880 1109 910 Τοῖς
1125 881 1242 914 Πέρσαις
1258 880 1450 915 παραδέδωκεν
1460 880 1483 896 θ’
1502 880 1539 911 ὡς
1554 879 1660 906 λέουσιν
1673 879 1781 914 ἀγρίοις

1014 913 1034 940 Β
1049 925 1100 950 Τὸν
1116 913 1206 959 χοῖρον
1220 925 1266 951 τὸν
1283 913 1454 960 ττηλόφυρτον
1477 925 1584 960 πικρῶς
1599 923 1792 958 διασπαράξαι.

1051 970 1107 995 Καὶ
1122 969 1218 995 πίπτει
1230 969 1280 1003 μὲν
1296 970 1310 995 ό
1327 969 1459 1003 δυσσεϐὴς
1473 969 1554 1004 ἔργον
1569 971 1662 1003 φανεὶς
1679 967 1828 1003 ῥομφαίας,

1049 1013 1144 1047 Μῆνας
1159 1014 1228 1040 ἑπτὰ
1245 1013 1274 1040 τδ
1291 1014 1402 1044 εὐκλεὲς
1417 1013 1518 1047 κράτος
1538 1013 1587 1047 τῆς
1603 1012 1742 1047 βασιλείας

1049 1058 1101 1084 Σὺν
1116 1058 1164 1092 ἔτη
1181 1058 1227 1084 δύο
1242 1058 1379 1089 δυσσεϐῶς
1396 1058 1516 1093 ταράξας
1534 1058 1580 1084 καὶ
1591 1058 1724 1092 κυκήσας·

1055 1101 1087 1127 'll
1112 1102 1147 1136 γῆ
1164 1102 1187 1127 δ’
1201 1102 1231 1128 οὗ
1260 1102 1442 1137 παραδέχεται
1463 1102 1494 1127 τδ
1522 1101 1618 1135 σκῆνος
1643 1101 1689 1127 τοῦ
1704 1100 1830 1136 βεϐήλου,

1050 1146 1121 1172 Ἀλλ’
1137 1148 1165 1172 ἐν
1183 1146 1289 1181 σεισμῷ
1305 1148 1352 1173 καὶ
1366 1146 1492 1180 τιναγμῷ
1515 1145 1638 1172 κάτωθεν
1662 1145 1796 1171 ἀποπτύει

1051 1191 1102 1217 Τὺν
1123 1191 1250 1222 ἀσεϐείας
1270 1192 1426 1225 συσσεισμῷ
1455 1191 1606 1225 δονήσαντα
1625 1190 1647 1205 ⁸³
1661 1190 1708 1224 τὴν
1730 1190 1829 1216 κτίσιν.

1051 1235 1106 1261 Καὶ
1122 1236 1203 1262 πάλιν
1228 1235 1330 1270 λάμπει
1345 1235 1500 1269 φαιδρωπὸν
1516 1235 1565 1269 τῆς
1586 1235 1704 1266 πίστεως
1718 1236 1735 1269 ὴ
1752 1235 1831 1270 χάρις

1050 1281 1087 1307 Τὸ
1100 1281 1197 1315 στέφος
1212 1280 1349 1307 Ἰωϐιανοῦ
1362 1281 1407 1306 τοῦ
1422 1281 1535 1315 κράτους
1555 1280 1578 1296 ⁸⁸
1597 1280 1753 1314 δεξαμένου.

1086 1326 1166 1352 Ἀλλὰ
1180 1326 1227 1352 καὶ
1246 1325 1340 1352 τούτου
1357 1325 1423 1360 πρὸς
1441 1325 1536 1360 μικρὸν
1555 1325 1605 1360 τῆς
1623 1325 1708 1360 τύχης
1721 1326 1744 1341 ⁸⁸
1762 1334 1828 1359 γευ-

1667 1369 1796 1404 [σαμένου

1050 1417 1106 1444 Καὶ
1122 1415 1304 1451 παρελθόντος
1320 1417 1414 1451 τάχιον
1435 1417 1480 1442 καὶ
1491 1415 1575 1450 γῆθεν
1591 1419 1779 1451 μεταστάντος.

1232 1472 1236 1476 <
1675 1460 1751 1487 Vers.
1764 1459 1831 1487 2417

1050 1539 1124 1574 gravi
1141 1544 1283 1574 correptus
1296 1539 1377 1573 paulo
1393 1543 1454 1573 post
1469 1540 1552 1566 rebus
1567 1538 1694 1565 humanis
1706 1538 1832 1570 excessit.

1051 1591 1112 1611 cum
1128 1583 1236 1618 quidem
1253 1583 1302 1610 tria
1318 1584 1387 1610 mala
1401 1592 1448 1618 per
1460 1591 1488 1611 se
1504 1583 1573 1611 facta
1593 1583 1748 1618 deplorant
1761 1591 1792 1611 ac
1806 1584 1834 1610 in

1051 1629 1143 1664 lingua
1160 1629 1334 1656 continenter
1351 1629 1484 1662 haberet,
1511 1629 1612 1664 primo,
1637 1629 1711 1664 quod
1736 1637 1834 1664 genere

1051 1674 1102 1702 sibi
1119 1675 1287 1709 propinquos
1307 1675 1406 1710 injuste
1422 1675 1577 1703 sustulisset
1590 1683 1604 1703 e
1621 1675 1722 1709 medio,
1736 1675 1835 1703 deinde

1051 1720 1124 1754 quod
1140 1720 1219 1747 ﬁdem
1235 1720 1416 1748 Christianam
1441 1721 1622 1747 adulterasset
1633 1727 1664 1747 ac
1677 1719 1705 1746 in
1716 1727 1747 1747 ea
1759 1727 1834 1754 qua:-

1052 1765 1113 1792 dam
1141 1765 1305 1798 innovasset,
1331 1766 1412 1792 tertio
1440 1765 1512 1800 quod
1542 1765 1732 1800 impiissimum
1762 1765 1836 1793 hunc

1053 1810 1191 1837 lulianum
1209 1810 1343 1837 Caesarem
1362 1809 1540 1844 designassct.

1088 1855 1233 1882 Enimvero
1250 1862 1304 1882 non
1320 1855 1428 1888 longum
1443 1855 1476 1881 ad
1491 1859 1598 1888 tempus
1612 1855 1717 1889 iustitia
1731 1854 1836 1881 dormi-

1054 1900 1130 1931 tavit,
1146 1908 1197 1926 nec
1212 1901 1349 1934 inspector
1362 1899 1406 1926 ille
1420 1904 1581 1926 cunctorum
1595 1900 1691 1926 oculus
1707 1899 1752 1926 diu
1769 1907 1836 1926 eon-

1054 1944 1122 1971 nixit
1136 1952 1142 1970 :
1158 1944 1205 1971 sed
1221 1944 1378 1979 palpebram
1394 1943 1514 1975 sustulit,
1539 1943 1705 1970 desertorem
1721 1944 1836 1972 intuitus

1053 1992 1105 2020 est,
1123 1988 1191 2015 vidit
1203 1989 1317 2023 piacula,
1337 1988 1514 2015 mactationes
1526 1988 1710 2022 victimarum,
1726 1989 1836 2023 sangui-

1054 2033 1097 2060 nis
1115 2034 1197 2066 rivos,
1217 2034 1358 2060 hominum
1376 2033 1473 2065 audes.
1490 2041 1598 2060 omnem
1614 2033 1732 2068 denique
1748 2033 1835 2068 turpi-

1055 2079 1187 2111 tudinem,
1197 2079 1437 2110 abominationem,
1457 2079 1603 2113 impietatis
1614 2079 1692 2113 plena
1705 2078 1835 2112 facinora,

1053 2133 1114 2159 qua:
1138 2125 1309 2160 designabat;
1325 2129 1353 2152 et
1377 2124 1496 2151 furorem
1522 2124 1640 2151 hominis
1667 2129 1835 2158 exsecratus,

1054 2169 1143 2196 Persis
1178 2169 1261 2196 veluti
1289 2169 1366 2196 sawis
1391 2168 1516 2196 leonibus
1547 2169 1698 2196 volutatum
1725 2169 1751 2196 in
1778 2169 1837 2196 luto

1020 2225 1040 2251 ο
1053 2222 1129 2241 suem
1152 2214 1305 2241 immaniter
1321 2213 1524 2242 dilacerandum
1549 2214 1668 2241 tradidit.
1685 2213 1740 2241 lloc
1756 2214 1838 2242 modo

1053 2267 1114 2286 cum
1129 2261 1170 2285 vir
1184 2259 1284 2293 impius
1304 2259 1391 2293 gladio
1415 2259 1573 2286 vulneratus
1600 2259 1782 2290 occubuisset,
1802 2267 1836 2287 ne

1054 2305 1112 2340 ipsa
1124 2306 1233 2340 quidem
1248 2309 1320 2332 terra
1332 2313 1430 2339 corpus
1443 2305 1562 2332 hominis
1575 2305 1680 2339 profani
1694 2305 1837 2332 admittere

1053 2351 1148 2382 voluit.
1179 2350 1225 2377 sed
1250 2350 1426 2378 succussione
1448 2357 1480 2377 ac
1504 2354 1577 2376 motu
1595 2349 1712 2384 quodam
1730 2349 1837 2383 exspuit

1054 2401 1117 2421 eum
1132 2394 1179 2428 qui
1191 2395 1371 2422 concussione
1391 2393 1540 2428 impietatis
1560 2393 1714 2420 universam
1731 2397 1836 2419 creatu-

1054 2440 1112 2460 ram
1132 2435 1298 2464 turbaverat.
1321 2437 1374 2471 50
1397 2437 1465 2464 llinc
1475 2438 1529 2472 jam
1544 2446 1639 2466 rursus
1661 2439 1739 2466 hilari
1757 2441 1831 2468 vultu

1053 2477 1116 2506 ﬁdei
1139 2480 1223 2514 gratia
1239 2481 1386 2516 splenduit,
1413 2486 1587 2517 posteaquam
1601 2484 1729 2512 Iovianus
1745 2485 1832 2520 impc-

1052 2529 1126 2552 rator
1143 2525 1298 2560 designatus
1313 2527 1418 2554 fuisset.

1086 2569 1120 2595 At
1145 2569 1190 2596 ubi
1216 2570 1296 2597 etiam
1324 2571 1368 2597 ille
1393 2571 1501 2598 fortuna
1526 2573 1653 2607 exiguum
1669 2575 1702 2601 ad
1724 2580 1831 2610 tempus

1051 2613 1191 2647 degustata
1215 2615 1295 2641 rebus
1310 2616 1425 2643 terrenis
1450 2618 1619 2649 excessisset,
1642 2619 1829 2652 Valentinano,

1052 2658 1194 2692 imperium
1219 2659 1336 2686 delatum
1349 2664 1399 2686 est.
1415 2661 1440 2687 ls
1456 2661 1592 2689 Valentem
1611 2663 1721 2690 fratrem
1743 2665 1830 2699 impo-

888 2732 985 2763 Variae
1005 2732 1169 2764 lectiones.

259 2787 281 2802 "
292 2787 466 2825 χαρίζειίίίζ.
486 2789 507 2804 ⁷⁵
526 2789 657 2825 αρπὰζειν
673 2791 753 2820 ARR.
773 2793 794 2808 ⁷⁷
808 2793 915 2819 Homer.
932 2793 967 2819 II.
979 2794 1009 2825 E,

225 2821 256 2862 “‘-
294 2822 375 2862 “l'io';
394 2823 487 2862 Υέζιῗξιξ
505 2821 560 2862 ΛΠΖ
591 2825 777 2862 μ⁸¹ἀνάῤῥησιν
795 2828 825 2853 Δ.
858 2827 891 2842 ⁸¹⁵
905 2821 1009 2862 ἀτίμως

224 2855 268 2881 15v
283 2856 410 2890 στέφανον
421 2857 501 2883 ABR.
540 2859 561 2874 "
575 2859 603 2885 τὺ
617 2855 710 2892 στέφος
728 2855 761 2887 Β.

1027 2802 1052 2819 v.
1070 2793 1113 2820 83.
1151 2792 1174 2808 "
1186 2792 1252 2825 πρὸς
1268 2791 1301 2816 li.
1328 2791 1349 2806 7’
1363 2791 1458 2822 δεινῶς
1480 2790 1526 2817 καὶ
1548 2789 1682 2825 γλώσετηςΔ
1698 2788 1837 2825 διαφέρων

1026 2829 1063 2854 Μ.
1102 2828 1122 2844 ¹¹
1138 2821 1317 2860 παραδίδωσιν
1327 2826 1357 2852 Β.
1397 2826 1419 2841 ’³
1432 2821 1576 2859 ὁινήσανέα
1592 2824 1625 2849 Α,
1664 2822 1686 2838 ⁸⁵
1707 2821 1834 2847 Ἰοϐιανοῦ
