2047 3153
271 195 324 226 315
854 191 1111 221 CONSTANTINI
1131 190 1319 221 MANASSIS
1849 191 1899 222 3th

270 249 359 286 Ἦρξε
376 250 426 284 μὲν
438 250 450 266 ¹
462 249 507 276 οὖν
522 250 536 275 ὁ
549 249 673 282 Μάξιμος
683 248 697 273 6
710 247 769 274 τότε
788 248 970 283 τυραννήσας,

272 297 329 324 Kal
344 297 404 331 μετ’
421 295 502 323 αὐτὸν
516 294 667 328 Ἀνθέςιιος,
685 292 824 328 Ὀλὺςριος
840 295 854 320 ὁ
870 294 941 321 πάνυ
953 303 960 310 ι

272 343 350 370 Μέτὰ
363 343 390 368 δὲ
405 341 450 368 τὸν
465 339 604 375 Ὀλύὸριον
620 340 755 375 ἐκράτησε
768 341 880 374 Μαῖωρ,

273 388 328 414 Kal
345 386 403 421 μετ’
417 386 496 412 αὐτὸν
511 385 665 420 Γλυκέριος.
680 386 726 411 καὶ
742 385 811 418 μετὰ
830 386 851 401 ¹⁰
867 385 962 412 τοῦτον
978 385 1060 413 πάλιν

271 431 444 462 Νεπωτιανδς
457 431 587 465 Ὀρέστης
601 439 641 461 τε,
654 432 699 457 καὶ
712 431 782 465 μετὰ
799 431 844 458 τὸν
859 432 991 467 Ὀρέστην

277 480 306 504 Ὀ
320 478 384 507 παῖς
405 475 543 511 Ῥωμύλου
558 476 608 510 τῆς
626 476 712 511 ἀρχῆς
727 477 816 511 iiii-tto
833 477 988 508 τελευταῖος
1011 478 1041 504 “.

272 524 325 551 Kal
341 522 418 553 ¹ιινόλις
434 521 639 557 μεγαλώνυμος,
655 523 671 557 ἠ
687 523 741 548 τῶν
764 523 909 557 Ῥωμαίων
921 523 1008 556 πόλις,

277 567 416 602 Ῥωμύλον
431 567 534 602 σχοῦσα
545 567 606 594 κατ’
620 569 706 603 ἀρχὰς
722 569 833 603 ἔννομον
849 568 971 603 βασιλέα,

271 614 323 640 Καὶ
341 613 422 640 πάλιν
438 614 628 647 περιστήσασα
644 614 673 639 τὺ
693 613 794 648 κράτος
810 616 850 645 εἰς
872 614 1010 649 Ῥωμύλον

271 659 369 686 Οὐκέτι
382 659 432 694 τὴν
446 659 613 693 κυϐέρνησιν
631 659 711 694 ἔσχεν
724 660 745 675 ¹²
765 661 796 686 ὲκ
815 660 958 694 βασιλέων,

271 705 427 740 Βαρῆἀροις
440 705 461 731 δ’
478 704 644 738 ὑποκύψασα
661 706 708 731 καὶ
725 705 962 740 χωροϐατηθεῖσα,

273 751 329 777 Kal
348 750 454 781 τούτοις
473 750 666 784 δυστυχήσασα
684 750 851 785 δορύληπτος
866 751 1009 784 γενέσθαι,

279 795 532 829 Ῥἦγοιςκςιτεῖδενη
541 794 683 830 ἄρχοντας,
690 796 847 830 χωράρχας,
858 804 905 821 σατ
911 797 1062 832 ραπάρχας.

274 841 330 867 Kal
350 842 512 876 στερηθείσα
526 841 663 872 δυσκλεῶς
679 841 790 867 ὑπάτων
809 842 855 868 καὶ
869 843 1012 877 κρατόρων

274 886 330 912 Kal
346 886 512 921 δικτατόρων
529 886 578 912 καὶ
594 885 701 920 βουλῆς,
716 886 784 912 ἀλλὰ
798 886 845 912 καὶ
859 886 1026 921 πατρικίων,

280 931 456 965 Ἐπωμαδίαν
470 931 568 967 ﬂussz
585 929 633 964 τὴν
646 929 763 965 ζεύγλην
780 930 835 956 τῶν
849 930 1009 965 Βαρϐάρων.

275 976 329 1002 Kal
346 976 441 1011 πρώην
462 975 669 1011 χρηματίζουσα
683 975 746 1010 βοῦς
761 976 889 1010 ἀγελαῖος
904 975 973 1008 ἄζυξ

280 1021 417 1056 ’Υπήκοος
432 1021 539 1055 ἐγένετο
549 1021 697 1051 δυνάσταις
710 1021 870 1057 ᾁροτρεῦσι,

273 1067 330 1093 Kal
343 1066 396 1101 γῆς
409 1068 465 1098 τοῖς
479 1066 664 1101 αὑλακίσμασι
676 1066 824 1102 τρύχεσθαι
840 1067 1001 1102 κατεκρίθη.

309 1113 364 1139 Kal
389 1113 473 1139 ταῦτα
505 1113 556 1147 μὲν
586 1112 743 1147 συμὸέὸηκε
772 1114 805 1148 τῇ
838 1113 1013 1148 apsum-cepa
1043 1112 1065 1128 ιδ

897 1158 1010 1193 [Ῥώμῃ

278 1202 313 1228 'H
325 1202 346 1228 δ’
362 1203 484 1239 ἡμετέρα
496 1203 619 1238 τέθηλεν,
636 1204 724 1237 αὔξει,
748 1205 858 1239 κρατεῖ,
880 1204 984 1235 νεάζει,

273 1247 329 1273 Kal
347 1248 425 1282 μέχρι
437 1248 529 1279 τέλους
541 1249 658 1281 αὔξοιτο,
672 1251 717 1276 val
736 1249 847 1284 βασιλεῦ
860 1249 1012 1282 παντάναξ,

275 1294 402 1320 Τοιοῦτον
418 1295 519 1329 σχοῦσα
532 1295 657 1330 τηλαυγῆ
674 1297 819 1331 φωσφόρον
835 1296 959 1330 βασιλέα,

276 1339 412 1372 Μέγιστον
426 1340 630 1372 Αὑσονέινακτα,
648 1342 891 1377 μυριονικηφόρον,

277 1384 470 1420 Κομνηνιάδην
485 1386 626 1421 Μανουὴλ,
642 1387 786 1423 πορφύρας
802 1387 919 1424 χρυσοῦν
935 1387 1023 1422 ῥόδον,

279 1539 462 1567 Barbarorum
477 1540 598 1573 redacta,
617 1548 734 1576 quorum
749 1541 877 1569 manibus
890 1542 991 1570 misere
1004 1550 1070 1577 pro-

279 1589 366 1612 strata
380 1585 441 1613 fuit.
454 1586 533 1613 Tunc
548 1587 679 1620 temporis
690 1591 782 1614 autem
795 1586 928 1615 Maximus
940 1592 1071 1623 occupata

282 1631 426 1665 tyrannide
445 1632 579 1667 regnavit,
600 1640 681 1667 quem
700 1632 788 1659 secuti
807 1636 872 1659 sunt
889 1633 1071 1666 Anthemius,

281 1676 408 1712 Olybrius
421 1677 464 1704 vir
478 1677 728 1712 praestantissimus,
745 1677 840 1713 Major,
854 1677 1005 1714 Glycerius,
1020 1679 1074 1706 Ne-

281 1722 420 1756 potianus,
439 1722 560 1754 Orestes,
575 1727 638 1758 post
649 1731 730 1758 quem
746 1722 869 1750 Orestem
887 1731 955 1757 puer
969 1724 1073 1751 Romu—

283 1770 326 1795 lus
347 1770 469 1796 omnium
493 1774 649 1804 postremus
674 1769 818 1804 imperium
841 1769 992 1804 usurpavit.
1017 1768 1074 1796 lloc

281 1815 363 1842 modo
378 1815 557 1842 celeberrima
574 1815 761 1842 Romanorum
777 1815 854 1847 urbs,
868 1823 930 1842 cum
941 1815 976 1842 ab
992 1815 1072 1842 initio

281 1860 427 1887 ltomulum
443 1861 593 1895 legitimum
606 1861 757 1893 habuisset,
774 1869 805 1888 ac
818 1861 939 1888 vicissim
950 1861 1010 1896 ejus
1022 1862 1073 1888 im-

281 1904 389 1938 perium
419 1905 453 1931 ad
483 1905 631 1932 Romulum
665 1906 851 1940 pervenisset,
878 1905 1007 1940 deinceps
1037 1906 1072 1933 ab

280 1951 493 1985 imperatoribus
504 1951 653 1986 gubernari
664 1951 756 1978 desiit.
770 1951 898 1979 Barbaris
907 1957 999 1979 autem
1011 1959 1072 1979 sese

280 1997 448 2024 submittens
466 1997 500 2023 ab
520 1997 610 2032 iisque
625 1997 740 2028 calcata,
756 2005 859 2032 perque
876 2006 1010 2025 sumntum
1029 1997 1072 2025 in-

282 2043 441 2070 felicitatem
453 2047 544 2076 capla,
557 2043 668 2077 regibus
679 2050 774 2070 eorum
787 2043 984 2078 nationumque
997 2044 1073 2078 prin-

282 2088 389 2122 cipibus
403 2091 430 2114 ct
444 2087 560 2121 satrapis
573 2087 682 2122 paruit,
698 2087 831 2122 planeque
847 2087 961 2121 spoliata
973 2096 1074 2116 consu~

283 2133 365 2165 libus,
376 2133 598 2167 imperatoribus,
610 2132 804 2164 dictatoribus,
818 2138 925 2165 senatu,
938 2134 1072 2168 patriciis,

284 2179 377 2212 iugum
388 2177 571 2210 Barbarorum
581 2178 639 2204 suis
652 2177 776 2205 humeris
790 2178 868 2210 tulit;
885 2186 946 2213 qua:
958 2179 1074 2213 denique

286 2224 361 2257 prius
379 2230 439 2250 erat
455 2222 589 2249 indomita
604 2227 631 2250 et.
644 2230 743 2257 expers
756 2223 814 2258 jugi
833 2231 925 2254 vacca.
945 2224 1076 2258 principi-

285 2271 336 2298 bus
357 2269 514 2297 aratoribus
531 2269 661 2296 ohedicns
682 2269 752 2296 facta
771 2273 824 2300 est,
844 2273 874 2295 ct
893 2269 1073 2296 condemnata

284 2322 315 2342 ut
329 2317 390 2352 ejus
402 2316 490 2344 solum
511 2320 601 2342 aratro
619 2315 816 2342 inverteretur.

318 2362 353 2389 Et
370 2362 428 2389 haec
444 2361 555 2396 quidem
572 2362 665 2388 ltomrc
681 2361 766 2387 veteri
784 2359 958 2387 acciderunt.
977 2360 1011 2387 At
1029 2361 1073 2388 illa

282 2413 376 2436 nostra
389 2408 479 2440 ﬂoret,
495 2407 628 2442 augescit,
644 2406 760 2442 imperio
776 2406 886 2438 fruitur,
898 2407 1070 2441 iuvenescit;

282 2458 366 2488 utque
378 2458 541 2488 perpetuum
554 2457 691 2488 augescat,
705 2457 741 2483 te,
754 2460 799 2479 rex
810 2452 943 2484 omnium,
957 2453 1073 2480 maxime

283 2510 391 2537 precor,
408 2502 559 2536 przesertim
575 2509 637 2527 cum
654 2500 735 2527 modo
754 2501 834 2527 talem
852 2508 884 2527 ac
898 2505 1002 2527 tantum
1019 2501 1071 2527 im-

285 2553 437 2582 peratorem
452 2548 561 2579 habeat,
576 2546 730 2574 Luciferum
744 2546 798 2573 late
812 2546 894 2573 radiis
906 2546 965 2572 suis
980 2546 1072 2580 splen-

282 2594 405 2626 dentem,
425 2602 515 2629 regem
531 2594 672 2620 Ausonum
689 2593 849 2625 maximum,
868 2592 993 2619 victoriis
1012 2599 1073 2618 sex—

282 2641 370 2667 centis
387 2641 502 2675 potitum
515 2660 522 2672 ,
540 2639 692 2666 Mautlelem
708 2639 923 2667 Comneniadcm
936 2659 942 2670 ,
961 2645 1072 2665 aurcatn

1072 247 1098 276 Δ
1110 243 1202 281 Οὗπερ
1215 247 1245 273 τὸ
1261 245 1361 281 κράτος
1373 245 1393 261 ’⁸
1407 245 1479 280 ἣλιοι
1494 245 1659 280 μετρήσαιεν
1676 245 1779 280 μυρίοι.

1146 294 1226 321 Ἀλλὰ
1243 293 1298 329 γὰρ
1314 294 1394 320 πάλιν
1409 294 1449 324 εις
1460 293 1519 319 ὁδὸν
1533 293 1548 318 ὁ
1566 292 1645 326 λόγος
1666 292 1818 326 ἀναγέσθω,

1111 341 1167 367 Kal
1183 339 1361 374 τερματοὺτω
1374 339 1420 366 τὸν
1435 339 1527 365 λοιπὸν
1541 338 1640 373 δρόμον
1651 338 1702 372 τῆς
1715 338 1846 374 ἱστορίας.

1148 386 1200 412 Τὸν
1211 386 1272 412 νέον
1281 385 1422 411 Θεοδόσιον
1440 384 1479 411 ἔτι
1496 384 1638 410 παιδίσκον
1649 383 1713 410 ὄντα

1115 431 1234 466 ’Λγοντά
1245 440 1274 458 τε
1289 432 1337 466 τὴν
1352 431 1460 466 ἁπαλὴν
1476 431 1524 457 καὶ
1540 429 1651 465 πρώτην
1668 430 1776 465 ἠλικίαν

1112 477 1254 512 Ἀρκὰδιος
1271 477 1392 512 ἐνίδρυσε
1407 478 1463 507 τοῖς
1479 476 1623 511 βασιλείοις
1639 476 1756 510 θρόνοις,

1115 523 1168 548 Kal
1189 522 1311 556 φύλακας
1323 523 1474 556 ἐπέστησεν
1490 522 1512 537 ¹⁶
1527 521 1602 556 αὐτῷ
1615 521 1664 555 τῆς
1682 520 1820 555 βασιλείας

1113 568 1183 599 Τοὺς
1193 568 1241 603 τῆς
1256 567 1407 603 συγκλήτου
1432 566 1602 602 προῦχοντας
1621 568 1668 593 καὶ
1691 567 1755 598 τοὺς
1776 567 1902 601 ἀγχινου-

1732 610 1866 646 [στέρους.

1114 659 1168 686 Kal
1181 659 1229 686 σὺν
1244 659 1335 690 αὐτοῖς
1349 658 1394 684 τὶν
1413 657 1531 692 ἄρχοντα
1553 656 1681 691 Περσίδος
1700 656 1866 692 ἰσδιγέρδην
1876 664 1885 672 ο

1117 706 1165 736 Ὃς
1182 706 1230 731 καὶ
1250 704 1342 738 μαθὼν
1362 703 1509 737 ἐπιϐουλὴν
1523 703 1593 729 κατὰ
1610 703 1751 728 Θεοδοσίου

1115 751 1307 787 Τυρευομένην
1326 751 1357 776 ἐκ
1369 758 1449 776 τινων
1465 749 1570 784 ἀνδρῶν
1584 743 1787 782 φιλοτυρέιννων

1121 797 1284 831 Ἠπείλησεν
1301 796 1461 830 ἐπιδραμεῖν
1477 795 1540 830 ἄχρι
1557 795 1604 821 καὶ
1619 794 1767 826 Βυζαντίου
1781 795 1804 811 ’⁷

1115 843 1168 869 Σὺν
1185 843 1296 878 μυριάσι
1311 842 1440 877 μαχητῶν
1455 841 1580 876 ἀλκίμων
1592 840 1762 875 ὁπλοφόρων.

1117 889 1148 915 Ol
1160 889 1246 915 τοίνυν
1259 888 1288 924 βο
1295 888 1468 922 νλευσάμενοι
1481 887 1551 914 κατὰ
1567 886 1613 913 τοῦ
1629 885 1773 920 βασιλέως,

1116 934 1350 966 Κατασεισθέντες
1374 934 1423 964 τὰς
1441 932 1531 968 ψυχὰς
1550 932 1588 967 τῷ
1609 931 1684 966 φόῦῳ
1706 931 1754 958 τοῦ
1780 932 1906 967 Περσάρ-

1758 977 1818 1012 [κου
1836 977 1870 1010 ’³,

1116 1024 1152 1050 Τὺ
1166 1023 1279 1050 δύσνουν
1292 1022 1460 1050 ἀπεϐάλοντο
1477 1023 1524 1050 καὶ
1537 1022 1587 1057 τὴν
1603 1023 1798 1058 κακοτροπίαν,

1116 1069 1171 1096 Kal
1189 1069 1238 1103 τῆς
1252 1068 1348 1103 βουλῆς
1365 1068 1515 1102 ἀπέσχοντο
1525 1069 1572 1094 καὶ
1589 1068 1643 1094 τῶν
1657 1068 1878 1103 ἐγχειρημάτων.

1122 1115 1166 1146 Ὠς
1180 1114 1234 1150 ἄρα
1250 1114 1280 1141 τὸ
1297 1115 1500 1149 χρηστότροπον
1516 1114 1572 1140 ἔστι
1583 1115 1634 1141 κᾶν
1649 1116 1705 1146 τοῖς
1721 1114 1888 1150 Βαρόἀροις,

1117 1162 1172 1188 Kal
1192 1161 1240 1196 τὴν
1253 1161 1345 1195 φιλίαν
1362 1161 1482 1195 ἄτρωτον
1501 1161 1548 1187 καὶ
1561 1161 1609 1196 τὴν
1628 1161 1804 1195 φιλςιλληλίαν

1117 1206 1193 1234 Οἶδεν
1207 1207 1276 1242 ἀνὴρ
1292 1206 1479 1240 ἁλλόγλωσσος
1497 1206 1632 1232 ἀθόλωτον
1647 1206 1795 1240 φυλᾶσσειν
1809 1207 1831 1222 ¹⁹
1844 1215 1852 1223 ⁸

1117 1252 1154 1278 Τὸ
1174 1252 1227 1286 γὰρ
1239 1251 1321 1278 καλδν
1334 1252 1366 1278 ὲκ
1377 1251 1484 1284 φύσεως
1499 1251 1601 1278 ἅπασιν
1617 1251 1765 1287 ὲνεσπᾶρη.

1151 1295 1206 1323 Ἦν
1222 1297 1244 1323 δ’
1260 1297 1360 1332 ἀδελφὴ
1373 1297 1411 1332 τῷ
1424 1297 1529 1332 βασιλεῖ
1544 1297 1632 1332 τούτῳ
1646 1297 1778 1332 Θεοδοσιῳ
1792 1297 1816 1314 ’⁸

1119 1342 1317 1377 Σεμνότροπος,
1330 1343 1481 1376 σεμνόὸιος,
1502 1343 1552 1378 τὴν
1568 1343 1663 1374 κλῆσιν
1683 1343 1845 1378 Πουλχερία,

1120 1388 1176 1414 Kal.
1188 1388 1280 1415 κάλλει
1293 1388 1482 1424 διαλάμπουσα
1498 1387 1625 1424 σώματος
1639 1388 1834 1424 εὐπροσώπου,

1747 1433 1823 1462 Vers.
1839 1434 1910 1462 2575

1122 1551 1250 1579 purpura:
1280 1552 1388 1577 rosam,
1421 1545 1500 1572 cuius
1531 1544 1677 1580 imperium
1707 1544 1806 1572 inﬁniti
1835 1546 1908 1574 soles

1123 1590 1286 1617 metiantur.

1159 1635 1212 1663 Sed
1229 1637 1303 1663 enim
1318 1636 1406 1663 oratio
1419 1641 1511 1664 nostra
1525 1636 1552 1663 in
1568 1636 1639 1663 viam
1652 1640 1807 1670 revocetur,
1823 1640 1852 1664 et
1866 1636 1910 1664 hi-

1124 1682 1217 1709 storize
1232 1689 1330 1709 cursus
1346 1682 1379 1709 ad
1397 1681 1477 1709 linem
1492 1682 1672 1717 perducatur.

1158 1728 1301 1755 Juniorem
1317 1726 1512 1759 Theodosium,
1528 1735 1590 1755 cum
1609 1727 1698 1755 adhuc
1710 1735 1778 1762 puer
1791 1732 1865 1755 esset
1878 1736 1910 1755 ae

1125 1777 1246 1800 teneram
1261 1774 1434 1808 primamque
1445 1777 1551 1800 :etatem
1565 1777 1667 1808 ageret,
1680 1773 1814 1800 Arcadius
1831 1777 1908 1807 pater

1124 1818 1151 1845 in
1183 1819 1313 1845 thronum
1345 1819 1554 1853 imperatorium
1585 1818 1740 1850 collocavit,
1771 1818 1909 1853 simulque

1123 1865 1268 1896 constituit
1280 1865 1304 1891 ei
1316 1864 1446 1892 custodes
1457 1863 1564 1898 imperii
1576 1863 1715 1897 principes
1727 1863 1859 1898 quosdam
1871 1870 1912 1890 so-

1123 1913 1213 1941 natus,
1241 1909 1361 1943 itemque
1383 1915 1484 1943 genere
1507 1907 1656 1942 proximos,
1679 1915 1731 1934 una
1755 1915 1817 1934 cum
1846 1906 1915 1934 Isdi-

1123 1955 1205 1990 gerde
1219 1955 1364 1982 Persarum
1375 1961 1454 1989 rege;
1471 1953 1518 1988 qui
1541 1952 1682 1987 deinceps,
1704 1951 1749 1979 ubi
1762 1952 1796 1979 de
1807 1951 1915 1979 insidiis

1122 2001 1273 2036 accepisset
1288 2008 1356 2035 quas
1372 1999 1529 2027 Theodosio
1540 1998 1649 2034 quidam
1663 1998 1816 2033 tyrannidis
1831 2005 1913 2024 usur-

1124 2046 1219 2080 pandae
1231 2045 1322 2080 cupidi
1339 2048 1486 2076 struerent,
1498 2051 1562 2071 suos
1572 2042 1718 2077 ablegavit,
1733 2047 1762 2069 ut
1773 2042 1806 2069 ad
1822 2042 1912 2076 ipsum

1124 2098 1211 2124 usque
1227 2090 1387 2125 Byzantium
1403 2089 1455 2124 53
1470 2096 1533 2115 cum
1550 2087 1665 2116 inﬁnitis
1683 2095 1768 2122 prope
1782 2091 1914 2121 pugnato-

1126 2143 1186 2162 rum
1196 2135 1282 2170 eopiis
1291 2139 1480 2162 excurrerent.
1494 2134 1551 2160 Hoc
1564 2133 1644 2160 modo
1657 2131 1789 2168 perculsis
1801 2131 1915 2158 insidia-

1127 2185 1216 2207 torum
1231 2180 1330 2207 anitnis
1345 2178 1492 2206 formidine
1508 2177 1632 2209 Barbari,
1651 2176 1725 2204 omni
1744 2175 1807 2202 odio
1825 2175 1911 2202 ntale-

1128 2226 1302 2260 volentiaque
1318 2226 1441 2260 deposita
1458 2224 1604 2252 consilium
1629 2223 1706 2258 prius
1726 2222 1914 2249 intermissum

1127 2279 1189 2299 cum
1204 2271 1272 2306 ipsis
1289 2271 1432 2298 conatibus
1447 2270 1507 2297 fuit.
1523 2270 1561 2296 De
1572 2276 1626 2304 quo
1641 2268 1794 2302 intelligere
1811 2267 1875 2294 licet
1888 2267 1916 2293 in

1127 2318 1193 2353 ipsis
1215 2317 1297 2345 etiam
1321 2316 1449 2344 Barbaris
1468 2316 1598 2342 virtutem
1622 2322 1654 2341 ac
1673 2314 1792 2340 indolem
1815 2312 1915 2339 bonam

1127 2363 1271 2396 exsistere,
1288 2363 1469 2397 hominesque
1484 2360 1586 2396 linguis
1599 2360 1722 2387 diversos
1739 2358 1917 2386 nihilominus

1126 2410 1274 2437 amicitiam
1291 2414 1319 2436 et
1335 2415 1456 2436 amorem
1477 2411 1603 2434 mutuum
1619 2406 1732 2433 illa-sum
1751 2411 1916 2432 conservare

1127 2455 1241 2482 candide
1262 2463 1359 2490 posse;
1380 2462 1441 2481 nam
1462 2454 1552 2481 virtus
1571 2458 1600 2480 et
1619 2453 1763 2479 honestum
1783 2458 1798 2477 a
1819 2456 1917 2476 natura

1127 2501 1234 2528 cunctis
1247 2501 1360 2527 insitum
1371 2505 1423 2527 est.

1161 2546 1295 2573 Caeterum
1310 2546 1465 2579 imperatori
1482 2544 1638 2571 Theodosio
1652 2550 1732 2570 soror
1748 2545 1818 2572 erat,
1835 2539 1918 2566 castis

1128 2590 1240 2625 przedita
1263 2590 1396 2622 moribus,
1416 2590 1479 2616 vita:
1492 2589 1589 2624 fgravis
1608 2596 1640 2615 ac
1661 2587 1779 2622 pudicae,
1805 2584 1918 2611 nomine

1129 2635 1282 2663 Pulcheria.
1301 2635 1430 2670 Fulgebat
1447 2643 1478 2662 ea
1497 2634 1603 2662 venusti
1621 2632 1744 2667 corporis
1769 2628 1917 2660 elcaantia,

965 2726 1061 2756 Varia}
1086 2724 1252 2756 lectiones.

320 2816 332 2832 9
351 2813 404 2847 γξρ
417 2812 474 2838 illi.
516 2812 536 2826 ¹⁰
551 2811 598 2838 καὶ
617 2810 699 2846 μετὰ]
718 2811 785 2847 μετᾶ
921 2808 1071 2847 ’ξ-τελξυτα

1128 2806 1194 2847 Αιὶκ
1225 2806 1245 2822 ’³
1260 2803 1332 2847 illa:
1350 2805 1380 2831 “-

1434 2804 1454 2819 ¹³
1471 2804 1589 2836 κατῆγεν
1601 2801 1632 2828 ll.
1684 2801 1705 2815 "
1720 2799 1870 2836 τιαλαιτέρξ.
1888 2799 1922 2826 R.

287 2847 311 2863 ⁸⁵
503 2846 524 2861 ¹⁵
718 2834 985 2876 Ϊίίῃιίῖἶυζαντίδος
1001 2842 1032 2869 Β.
1072 2842 1093 2858 ’⁸
1109 2842 1248 2877 βαρὸάρου
1263 2834 1342 2867 All“.
1383 2841 1403 2854 "
1416 2834 1560 2874 φυλάττειν
1577 2837 1609 2863 Β.
1649 2835 1671 2851 ¹⁰
1689 2834 1775 2870 τούτῳ
1790 2834 1828 2870 τῷ
1848 2835 1924 2869 βασι-

286 2882 326 2909 λεῖ
343 2881 454 2917 κυρῷΘ.
468 2880 501 2909 Il.
