2047 3153
253 238 348 269 Εὕνοις
364 237 518 272 ἀνθρώποις
533 235 664 262 συνοικεῖν
679 234 725 260 καὶ
738 232 865 267 καθαρῶς
877 231 983 266 φιλοῦσι

254 285 310 311 Καὶ
324 285 362 319 μὴ
375 282 610 318 καταρυπαίνουσι
624 280 656 306 τὰ
670 280 717 314 τῆς
730 279 918 313 φιλ-αλληλὶας.

291 330 354 356 Ἔτι
367 327 651 363 σκηπτροκρατοῦντος
664 325 692 351 δὲ
707 325 803 351 τούτου
818 325 864 351 τοῦ
883 325 1024 359 βασιλέως,

262 374 486 408 Ἀφυπνισθέντες
515 371 643 406 ὤφθησαν
671 370 700 402 ἐξ
726 370 810 397 ὕπνου
836 371 1040 406 μικρολέκτρου

262 419 345 445 Ἑπτὰ
355 417 587 453 καρτερικώτατοι
601 416 739 451 μάρτυρες
750 416 864 442 νεανίαι.

255 464 310 498 Τὴν
324 463 425 488 λύσσαν
442 462 493 496 γὰρ
509 461 691 494 ἐκφεύγοντες
703 460 750 486 τοῦ
764 460 912 491 δυσσεϐοῦς
933 459 1039 492 Δεκίου,

255 510 300 540 El;
314 508 443 543 σπήλαιον
459 507 609 542 αὑτόροφον
625 506 693 541 ὁμοῦ
710 506 926 538 συ-ιεισελθόντες

254 556 314 585 Τοῖς
328 555 401 588 ὅροις
416 554 618 588 παρακείμενον
634 553 736 583 πόλεως
759 552 899 586 Ἐφεσίων,

254 600 340 625 Βαθὺν
360 599 406 625 καὶ
433 599 658 633 μακροκοὶμητον
682 597 752 632 ἦσαν
778 598 925 629 ὑπνοῦντες
947 597 1039 626 ὕπνον.

260 644 488 677 Ἀφυπνισθέντες
502 643 563 669 τότε
579 644 607 669 δὲ
621 643 668 669 καὶ
685 644 741 674 τοῖς
758 644 862 674 πιστοῖς
877 644 1042 676 γνωσθέντες

255 689 309 715 Καὶ
325 689 485 723 τιμηθέντες
499 690 564 724 παρ’
576 689 665 715 αὐτῶν
679 689 726 715 καὶ
740 688 815 722 παρὰ
827 688 959 722 βασιλέως

255 736 307 761 Τὺν
323 737 453 770 νήγρετον
466 735 630 769 κατέδαρθον
648 735 694 761 καὶ
705 735 859 760 τελευταῖον
875 733 970 760 ὕπνον.

290 780 414 815 Σεισμῶν
430 780 638 814 ἀλλεπαλλὴλων
655 780 683 805 δὲ
694 779 746 813 γῆν
761 780 908 805 κινούντων
919 779 1027 814 ῥιζόθεν

259 825 314 851 Καὶ
321 825 500 851 συσσειόντων
510 824 559 856 τὰς
569 825 655 860 ψυχὰς
670 824 820 858 ἀνθρώπων
831 825 877 850 καὶ
885 824 1042 856 δονούντων,

260 871 316 897 Kal.
331 870 449 905 πλήθους
464 870 510 896 τοῦ
527 870 704 904 φιλευσεΰοῦς
721 870 786 896 Θεὸν
803 870 968 905 ἰλεουμένου,

260 915 363 949 Δί’φνης
375 915 479 941 παιδίον
496 915 620 950 ἁρπαγὲν
633 916 657 931 ⁵³
673 915 767 950 μέχρις
780 915 886 950 αἰθέρος
900 916 957 949 ᾷνω

259 958 312 984 Τὸν
329 958 415 993 ὕμνον
435 959 480 985 τὸν
494 959 636 993 τρισάγιον
652 960 767 993 ἤκουσεν
782 960 831 987 ὑπ’
846 960 981 993 ἀγγέλων.

261 1003 400 1038 Ἐμπαλιν
411 1003 439 1030 δὲ
452 1003 612 1038 κατενεχοὲν
630 1004 723 1038 (βαϐαὶ
739 1005 855 1039 φρικτῆς
870 1005 961 1039 ἰσχύος
972 1006 992 1040 l)

266 1048 310 1074 Ἐν
328 1049 421 1083 μέσοις
435 1049 563 1083 ὲξεὸὁησε
590 1049 648 1079 πῶς
665 1050 717 1084 χρὴ
731 1049 776 1076 τὸν
791 1049 873 1084 ὕμνον
886 1051 995 1076 πλέκειν
1012 1051 1044 1066 ⁵⁷·

259 1091 402 1120 Ἶίσανκαὶ
414 1095 468 1129 γὰρ
478 1095 508 1120 οὐ
520 1095 572 1129 πρὸ
580 1094 678 1121 πολλοῦ
688 1096 756 1130 πρὸς
767 1095 861 1124 τοῦτον
871 1095 1044 1131 ἐσφαλμένοι.

289 1137 373 1170 Οὗτος
387 1141 401 1166 ὸ
411 1140 549 1171 Θεοδόσιος
566 1140 642 1176 παρὰ
656 1141 702 1167 τοῦ
720 1141 878 1176 Χρυσαφίου

265 1185 427 1220 ’Δπαττιθεὶς
440 1186 485 1211 καὶ
506 1186 666 1221 πικρανθεὶς
692 1187 763 1212 κατὰ
777 1186 799 1202 ⁵⁸
813 1186 864 1221 τῆς
881 1185 1048 1221 Πουλχερίας

260 1231 374 1261 Πολλαῖς
394 1231 523 1261 πολλάκις
540 1231 705 1266 πειρασμῶν
728 1231 889 1258 κατέκνισεν
915 1232 1047 1262 ἀκάνθαις

260 1276 316 1308 Τὴν
328 1275 427 1306 πάσαις
435 1274 647 1310 κατακόσμητον
660 1275 715 1302 τῶν
725 1276 832 1310 ἀρετῶν
849 1276 941 1307 ἰδέαις.

262 1320 395 1355 Εὑνοῦχος
405 1320 427 1346 δ’
441 1318 474 1355 ἦν
487 1320 657 1355 Χρυσάφιος,
669 1321 808 1355 ἀλάστωρ,
817 1321 967 1356 κακοήθης,

268 1365 423 1399 Ἐξάγιστος
434 1367 481 1392 καὶ
495 1366 589 1399 φόνιος
604 1367 626 1383 ⁵⁸
636 1367 684 1394 καὶ
698 1367 824 1402 βδελυρὸς
837 1368 899 1400 τοὺς
912 1367 1047 1403 τρόπους,-

262 1407 301 1436 Οὗ
315 1409 365 1444 τὴν
376 1410 496 1436 κακίανό
511 1411 621 1446 κρατῶν
636 1410 673 1442 ὡς
687 1410 798 1446 ὕστερον
809 1411 925 1445 ἐπέγνω,

262 1454 406 1490 Δημεὺσας
417 1454 461 1481 τὸν
472 1456 628 1490 κατάρατον
644 1457 691 1482 καὶ
707 1456 813 1490 πένητα
827 1456 943 1491 ποιήσας

263 1556 286 1583 si
300 1557 361 1592 quis
387 1557 460 1584 inter
480 1557 608 1584 homines
632 1557 791 1590 benevolos,
817 1557 879 1584 vita:
895 1566 971 1592 pura:
992 1563 1049 1585 stn-

263 1598 366 1632 diosos,
383 1607 507 1627 amorem
524 1605 651 1627 mutuum
663 1601 726 1628 labe
739 1601 817 1628 nulla
833 1603 1050 1630 contaminantes

263 1643 353 1678 degat.

298 1690 434 1717 Caeterum
456 1691 622 1725 imperatore
637 1692 792 1719 Theodosio
811 1701 903 1720 rerum
929 1695 1050 1729 potiente

265 1739 370 1769 septem
392 1736 431 1762 illi
450 1736 566 1770 juvenes
579 1757 586 1768 ,
617 1741 753 1772 martyres
774 1739 975 1766 tolerantissimi
989 1760 996 1772 ,
1016 1740 1050 1767 de

266 1787 362 1806 somno
388 1781 549 1816 longissimo
568 1784 721 1817 experrecti
746 1792 778 1810 ac
807 1785 887 1819 vulgo
911 1785 1049 1820 conspecti

265 1828 339 1850 sunt.
356 1825 424 1851 Natn
440 1830 469 1852 ut
484 1826 557 1853 Decii
581 1827 701 1854 furerent
721 1829 869 1860 evitarent,
888 1830 914 1856 in
930 1831 1049 1858 nativam

267 1875 378 1902 specum
397 1869 468 1896 haud
485 1872 581 1906 procul
595 1871 629 1898 ab
651 1872 789 1907 Ephesiua
810 1875 878 1901 urbe
893 1874 972 1901 sitam
990 1884 1050 1903 sese

266 1913 450 1946 contulerant,
468 1914 562 1949 ibique
577 1916 652 1950 gravi
673 1921 700 1943 et
716 1917 824 1951 prolixo
841 1925 938 1944 somno
952 1926 1050 1944 conso-

267 1957 315 1991 piti
331 1960 504 1992 quieverant.
533 1960 589 1988 Hoc
615 1967 706 1989 autem
733 1963 843 1990 excitati
871 1968 993 1998 tempore
1020 1972 1052 1992 ae

267 2003 392 2032 lidelibus
414 2006 509 2039 agniti,
533 2008 669 2041 simulque
690 2013 743 2035 tam
760 2009 794 2035 ab
812 2009 878 2044 ipsis
901 2018 982 2044 quatit
1001 2010 1051 2036 int-

267 2054 393 2082 peratore
411 2059 511 2085 magno
533 2052 560 2078 in
578 2052 682 2080 honore
704 2054 805 2087 habiti,
832 2063 928 2082 rursus
951 2056 1053 2083 inexci-

269 2093 343 2120 tabili
364 2100 559 2130 postremoque
576 2105 675 2131 sopore
689 2100 809 2133 correpti
825 2099 947 2127 fuerunt.

304 2137 406 2165 Eodem
435 2141 587 2174 imperante
614 2149 675 2168 cum
703 2143 826 2170 continui
858 2148 937 2171 terra:
965 2149 1056 2172 motus

270 2183 363 2210 omnia
385 2185 487 2218 passim
511 2185 638 2213 funditus
660 2192 837 2215 succuterent
855 2197 962 2224 unaque
983 2198 1055 2217 mor-

835 173 1083 205 CONSTANTINI
1106 175 1291 205 MANASSIS

1821 171 1877 204 324

1055 239 1077 264 Α
1098 232 1248 268 ’Υπερορίᾳ
1261 232 1366 267 χαλεπῇ
1380 231 1561 267 παρέπεμψεν
1573 231 1696 262 ἐνδίκως.

1094 277 1163 312 Ἤδη
1178 278 1205 304 δὲ
1219 277 1297 312 χρέος
1309 277 1339 303 τὸ
1353 277 1441 304 κοινὸν
1455 277 1501 303 τοῦ
1515 276 1655 302 Θεοδοσίου
1671 275 1762 305 δόντος

1092 322 1146 348 Καὶ
1172 323 1221 355 τὴν
1240 321 1287 347 τοῦ
1301 321 1428 355 σώματος
1449 320 1534 354 πηλὸν
1553 321 1593 350 εἰς
1618 320 1670 353 γῆν
1693 319 1878 353 ἀποθεμένου.

1093 369 1111 393 K
1120 367 1284 402 ρατήσαντοξ
1297 367 1325 392 ἐν
1339 366 1411 392 ἔτεσι
1428 367 1574 400 τριάκοντα
1587 365 1660 399 τρισί
1676 373 1717 396 τε,

1092 413 1139 444 Εἰς
1156 412 1321 447 Πουλχερίαν
1344 413 1394 446 τὴν
1412 412 1496 447 καλὴν
1521 412 1552 437 τὸ
1578 411 1678 446 κράτος
1708 409 1878 445 μεταδαίνει,

1093 459 1171 489 Ἢτις
1188 458 1278 491 σοφῶς
1299 457 1346 484 καὶ
1359 457 1476 487 συνετῶς
1487 458 1556 489 ἄγαν
1572 456 1776 490 βουλευσαμένη

1097 503 1141 533 Ὠς
1161 502 1292 537 βασιλέως
1319 502 1449 537 χρῄζουσι
1478 501 1512 528 τὰ
1540 502 1689 536 πράγματα
1722 500 1878 535 Ῥωμαίων,

1092 550 1291 576 Μετακαλεῖται
1305 549 1351 575 τὸν
1368 549 1485 583 χρηστὸν
1497 548 1655 583 Μιρκιανὸν
1669 547 1780 578 αὐτίκα,

1094 595 1196 630 ’Ἄνδρα
1220 594 1523 629 σεμνοῖςὲμπρέποντα
1539 594 1585 619 καὶ
1601 593 1735 627 φιλοθὲοις
1756 592 1880 625 τρόποις,

1093 641 1147 666 Καὶ
1160 640 1336 673 καταδήσασα
1350 639 1473 674 φρικτοῖς
1492 638 1540 664 καὶ
1558 637 1720 671 βαρυτάτοις
1735 637 1828 671 ὅρκοις

1099 684 1297 718 Ἀδιαλώὸητον
1313 684 1397 718 αὐτῆς
1414 685 1532 718 τηρῆσαι
1543 683 1592 717 τὴν
1602 683 1726 715 ἁγνείαν,

1092 731 1148 756 Καὶ
1167 729 1430 763 συγκατατιθέμενον
1450 728 1567 763 εὑροῦσα
1582 728 1628 753 καὶ
1645 728 1690 754 τὸν
1710 728 1807 761 ἄνδρα.

1093 776 1130 802 Τὸ
1143 776 1240 809 στέφος
1258 774 1429 810 περιτίθησιν
1441 774 1515 808 αὐτῷ
1529 773 1578 807 τῆς
1589 772 1738 807 βασιλείας,

1093 821 1146 846 Τὸν
1160 820 1188 846 δὲ
1210 820 1369 854 Χρυσάφιον
1381 818 1472 853 πικρῷ
1487 818 1594 852 θανάτῳ
1605 817 1770 850 καθυπάγει.

1130 866 1240 896 Πάντως
1250 865 1324 892 δὀὐκ
1333 865 1444 899 ἄκαιρόν
1452 865 1534 895 ἐστιν,
1544 863 1602 889 οὐδὲ
1611 865 1659 897 τῆς
1667 863 1764 897 τέχνης
1774 863 1880 898 πόρρω,

1059 906 1081 933 Β
1095 912 1189 937 Εἰπεῖν
1201 911 1265 944 περὶ
1279 909 1440 945 Μαρκιανοῦ
1460 908 1542 934 πόθεν
1557 909 1604 934 καὶ
1617 908 1660 939 τίς
1675 907 1794 942 ὑπῆρχε.

1097 957 1185 991 Πένης
1196 956 1245 990 μὲν
1256 953 1291 990 ἦν
1311 955 1358 981 καὶ
1375 954 1513 985 ταπεινὸς,
1528 953 1596 979 ἀλλὰ
1611 953 1728 987 χρηστὸς
1743 954 1807 983 τοὺς
1817 951 1882 987 τρό-

1775 997 1855 1033 [πους
1872 1004 1881 1012 ·

1097 1047 1153 1074 Οὐκ
1167 1047 1239 1073 anas
1254 1047 1350 1081 γένους
1361 1044 1498 1076 εὐκλεοῦς,
1513 1043 1573 1070 οὐδὲ
1587 1043 1642 1069 τῶν
1654 1043 1813 1077 ἐπισήμων.

1096 1094 1160 1124 Ταῖς
1174 1092 1267 1124 τάξεσι
1284 1091 1440 1118 συνείλεκτο
1453 1090 1474 1106 ⁸ο
1495 1091 1555 1121 ταῖς
1569 1090 1624 1117 τῶν
1647 1087 1883 1123 στρατευομένων.

1099 1139 1178 1173 Ἀρτι
1191 1138 1218 1164 δὲ
1234 1138 1330 1172 νέφους
1344 1137 1457 1171 ἰσχυρᾶς
1476 1135 1564 1170 μάχης
1575 1134 1776 1169 ἅναρῤαγέντος

1097 1184 1152 1210 Καὶ
1166 1184 1283 1218 Πέρσαις
1296 1183 1353 1213 τοῖς
1373 1182 1540 1216 ὑπέρφροσιν
1553 1181 1698 1214 ἐπάγοντος
1718 1177 1884 1213 Ῥωμαίους,

1098 1230 1178 1264 Νόσῳ
1190 1228 1301 1263 ληφθεὶς
1314 1228 1473 1263 Μαρκιανὸς
1482 1227 1597 1254 θάνατον
1609 1226 1761 1261 ἁπειλούσῃ

1100 1275 1149 1302 Ἔν
1167 1284 1220 1301 τινι
1233 1274 1313 1310 κώμῃ
1327 1275 1375 1308 τῆς
1384 1274 1514 1308 λαμπρᾶς
1523 1273 1631 1300 Λυκίων
1644 1272 1779 1307 ἐπαρχίας

1099 1321 1252 1356 Κατέμεινε
1267 1321 1427 1355 σωματικῆς
1440 1320 1521 1353 χάριν
1532 1317 1706 1352 νοσοκομίας.

1101 1364 1186 1391 Ἔνθα
1196 1364 1287 1398 φιλίαν
1305 1363 1428 1399 ἐσχηκὼς
1441 1364 1507 1398 πρός
1522 1371 1598 1394 τινας
1615 1361 1804 1397 αὐθομαῖμους

1101 1410 1187 1445 Συνῆν
1201 1410 1249 1436 καὶ
1264 1409 1446 1444 συνδιέτριῦεν
1456 1409 1494 1439 ὡς
1509 1408 1585 1442 φίλος
1606 1407 1682 1442 παρὰ
1694 1407 1796 1441 φίλοις,

1102 1455 1157 1484 Καὶ
1173 1456 1222 1491 τῆς
1238 1455 1351 1490 δεούσης
1359 1454 1424 1490 παρ’
1437 1454 1526 1481 αὐτῶν
1539 1453 1666 1488 προνοίας
1680 1453 1799 1487 ἠξιοῦτο.

1721 1498 1797 1526 Vers.
1813 1499 1886 1526 2758

1063 1573 1083 1601 ο
1100 1559 1259 1592 eunuchus,
1283 1558 1438 1586 communis
1455 1557 1597 1584 hominum
1614 1556 1760 1592 pernicies,
1783 1557 1889 1590 impro-

1101 1606 1162 1638 bus,
1178 1605 1303 1640 impuris,
1320 1603 1514 1639 sanguinariis,
1527 1603 1718 1638 .exsecrandis
1742 1602 1865 1629 moribus
1879 1611 1886 1629 :

1101 1650 1152 1686 57
1167 1651 1245 1685 cujus
1258 1650 1408 1684 nequitiam
1422 1649 1468 1675 ubi
1482 1649 1610 1682 deinceps
1624 1648 1773 1681 imperator
1784 1655 1888 1681 cogno-

1102 1697 1196 1726 visset,
1217 1695 1363 1729 publicatis
1380 1695 1460 1721 bonis
1476 1693 1615 1720 hominem
1641 1693 1674 1719 ad
1697 1696 1888 1728 paupertatem

1102 1742 1244 1768 redactqu
1262 1740 1418 1775 aequissima
1442 1740 1494 1766 lata
1517 1739 1652 1766 sententia
1674 1739 1762 1765 solunt
1780 1743 1889 1765 vertere

1100 1787 1190 1821 jussit.
1204 1786 1274 1813 Cum
1289 1791 1380 1812 autem
1396 1793 1539 1812 commune
1551 1785 1672 1811 debitum
1684 1786 1789 1811 natura:
1800 1783 1891 1810 Theo-

1101 1833 1196 1860 dosius
1212 1832 1399 1867 persolvisset,
1426 1833 1536 1867 jamque
1563 1831 1701 1866 pulverem
1722 1829 1846 1864 corporis
1862 1831 1890 1856 in

1103 1884 1203 1905 terram
1219 1877 1401 1912 deposuisset,
1419 1873 1452 1903 ad
1471 1876 1607 1911 egregiam
1624 1876 1697 1903 illam
1715 1876 1890 1903 Pulcher-iam

1102 1924 1246 1959 imperium
1261 1923 1394 1958 pervenit.
1410 1924 1447 1950 Ea
1462 1931 1528 1950 vero
1541 1923 1679 1958 sapienter
1695 1923 1843 1951 admodum
1861 1931 1891 1950 re

1101 1969 1264 1999 deliberata,
1279 1972 1307 1995 et
1324 1968 1515 1995 animadverso
1532 1975 1589 1994 rem
1607 1969 1757 1995 Romanam
1774 1969 1893 2003 impera-

1102 2015 1170 2042 toris
1187 2022 1278 2049 egere.
1291 2022 1354 2041 mox
1371 2014 1473 2041 bonum
1489 2014 1565 2041 illum
1579 2013 1750 2041 Marcianum
1764 2014 1890 2046 arcessit,

1103 2061 1192 2087 virum
1221 2061 1351 2095 gravibus
1374 2068 1407 2087 ac
1433 2059 1568 2094 religiosis
1591 2060 1714 2086 moribus
1743 2060 1891 2092 illustrem,

1106 2113 1225 2140 eumque
1239 2107 1419 2132 sacramentis
1434 2105 1579 2132 horrendis
1594 2105 1769 2137 obstrictum,
1792 2106 1894 2140 quibus

1105 2158 1134 2177 se
1152 2151 1308 2178 castitatem
1332 2151 1483 2178 Pulcheriae
1502 2150 1614 2178 minime
1640 2151 1893 2179 eontaminaturum

1105 2196 1282 2230 polliceretur
1309 2196 1350 2231 (in
1369 2204 1424 2231 quo
1449 2204 1515 2223 sane
1541 2196 1708 2225 Marcianum
1735 2201 1893 2230 promptqu

271 2227 364 2277 "mill"
393 2230 506 2277 ξηίηιοε
531 2232 722 2265 μετρειιετειη,
743 2233 843 2260 amid“
872 2240 901 2262 υι
929 2235 1054 2270 religiosa
1070 2242 1092 2269 D
1107 2246 1135 2268 et
1148 2241 1343 2269 assentientem
1359 2241 1485 2276 reperit),
1502 2241 1678 2277 imperatoria
1695 2248 1798 2270 corona
1812 2248 1894 2268 exor.

271 2274 448 2301 multitudine
473 2277 602 2310 precibus
620 2277 705 2304 Deum
721 2279 846 2314 placante
863 2288 932 2315 puer
945 2282 1056 2316 quidam

269 2319 362 2346 subito
379 2320 412 2346 ad
439 2320 529 2355 ipsum
549 2329 634 2356 usque
651 2323 752 2350 cmlum
776 2324 906 2360 abreptus
925 2325 1056 2362 hymnum

270 2363 345 2390 illum
377 2366 583 2393 sanctissimum
609 2368 643 2395 ab
671 2369 775 2404 angelis
802 2370 909 2398 concini
937 2371 1056 2398 audiret.

269 2408 372 2437 Deinde
387 2411 490 2438 relatus
506 2412 532 2439 in
551 2417 652 2440 terram
672 2414 750 2448 (proh
768 2415 823 2441 vim
843 2416 982 2451 roburque
996 2421 1055 2444 stu-

268 2455 386 2488 pendum
403 2457 422 2489 l)
436 2457 463 2484 in
476 2458 566 2485 medio
580 2459 816 2487 mortalinmemtu
830 2462 980 2489 clarissima
990 2470 1056 2490 voce

268 2500 362 2529 docuit
384 2510 438 2536 quo
465 2508 546 2538 pacto
569 2505 701 2540 hymnum
727 2506 805 2533 illutn
830 2508 892 2535 cani
920 2514 1054 2543 oporteat.

269 2545 374 2581 Quippe
390 2556 444 2575 non
461 2549 496 2576 ita
512 2550 618 2584 pridem
640 2551 666 2578 in
682 2559 715 2579 eo
730 2558 872 2586 peccatum
890 2555 991 2582 luerat.

305 2594 354 2621 llic
371 2595 544 2624 Theodosius
568 2605 584 2624 a
608 2598 780 2634 Chrysaphio
804 2600 935 2635 deceptus
955 2605 983 2628 et
1008 2601 1058 2629 ad-

268 2647 364 2668 versus
380 2641 555 2669 Pulcheriam
568 2645 748 2672 exacerbatus
764 2653 951 2680 saepenumero
965 2647 1058 2674 multis

269 2687 456 2715 tentationum
482 2690 570 2723 spinis
589 2694 715 2717 ornatam
732 2691 806 2718 omni
829 2692 940 2718 virtutis
957 2700 1059 2726 genere

269 2734 413 2762 mulierem
434 2735 583 2771 pungebat.
608 2737 673 2763 Erat
696 2740 787 2764 autem
813 2737 858 2764 ille
872 2738 1060 2774 Chrysaphius

1105 2291 1164 2313 nat.
1186 2286 1390 2322 Cbrysaphium
1407 2294 1471 2314 vero
1485 2287 1632 2322 peracerba
1649 2291 1737 2314 morte
1751 2286 1786 2315 de
1802 2287 1894 2314 medio

1105 2332 1187 2359 tollit.

1140 2377 1230 2411 Atque
1245 2377 1298 2404 hoc
1314 2377 1375 2404 loco
1396 2385 1451 2404 non
1471 2377 1662 2412 intempestive
1687 2377 1845 2409 fecerimus,
1870 2377 1892 2403 si

1105 2422 1139 2449 de
1159 2423 1297 2450 Marciano
1325 2423 1463 2450 memoriae
1487 2423 1700 2458 prodiderimus,
1729 2423 1802 2450 unde
1831 2431 1895 2458 pro-

1108 2473 1207 2502 gnatus
1235 2473 1263 2496 et
1288 2467 1351 2502 quis
1379 2468 1471 2495 tuerit.
1498 2469 1632 2496 Nimirum
1661 2477 1766 2504 pauper
1786 2473 1845 2496 erat
1867 2474 1895 2496 et

1109 2513 1207 2540 humili
1230 2513 1342 2547 quidem
1357 2518 1436 2540 crtus
1451 2514 1521 2546 loco,
1539 2513 1586 2541 sed
1603 2515 1693 2542 indole
1715 2515 1895 2548 moribusque

1110 2559 1190 2586 bonis
1206 2559 1350 2593 praeditus.
1367 2559 1400 2586 Et
1414 2566 1569 2594 quanquam
1581 2567 1615 2587 ex
1630 2560 1733 2587 celebri
1751 2565 1780 2587 et
1795 2560 1894 2587 illustri

1106 2604 1209 2631 familia
1226 2612 1280 2631 non
1294 2609 1376 2636 esset,
1394 2608 1484 2631 tamen
1500 2609 1664 2632 consecutus
1685 2605 1775 2632 fuerat
1792 2609 1823 2632 ut
1843 2605 1895 2632 mi-

1107 2649 1186 2677 litum
1201 2650 1346 2676 ordinibus
1364 2650 1558 2678 ascriberetur.
1575 2651 1656 2678 Forte
1666 2651 1769 2679 accidit
1781 2656 1810 2678 ut
1824 2651 1895 2678 bello

1108 2696 1180 2722 inter
1197 2695 1336 2722 Romanos
1352 2698 1380 2720 et
1398 2697 1531 2729 superbos
1554 2696 1651 2723 l'ersas
1665 2701 1764 2723 exorto
1780 2695 1894 2723 Marcia-

1109 2747 1162 2766 nus
1175 2740 1250 2774 gravi
1265 2743 1409 2774 correptus
1426 2741 1532 2774 morbo,
1553 2742 1599 2776 qui
1622 2747 1739 2770 mortem
1764 2742 1788 2769 ei
1814 2740 1896 2768 mini-

943 2809 1042 2839 Varite
1057 2809 1220 2840 lectiones.

305 2864 328 2879 “
345 2865 484 2899 ἀρπαχθὶν
501 2866 534 2895 Β.
572 2869 594 2884 ⁸⁷
610 2868 699 2902 λέγειν
715 2869 748 2896 [ι.
786 2869 808 2885 ⁵⁸
828 2871 895 2904 μετὰ
904 2871 936 2897 Λ.

975 2871 997 2886 ¹⁹
1012 2871 1119 2904 φθόνιος
1134 2871 1167 2898 [ι.

1207 2871 1228 2888 ⁶⁹
1245 2872 1398 2898 συνείλεκτο
1411 2872 1443 2898 Α.
