2047 3153
240 198 293 229 335

827 195 1084 226 CONSTANTINI
1105 196 1293 227 MANASSIS

1819 198 1872 230 336

241 254 313 281 Ἀλλ’
324 250 358 289 ἦν
370 253 456 285 οὐδεὶς
467 254 480 280 ὀ
490 251 639 287 συμπαοῶν
651 251 705 277 οὐδ’
716 251 896 286 ἐποικτεῖρων
904 252 1016 278 τοῦτον³
1027 260 1033 267 ·
1048 255 1074 285 Α
1087 254 1251 288 Προσαίτης,
1267 253 1461 288 ἀπελεύθερος,
1479 252 1597 288 οἰκέτης,
1614 253 1662 279 οὐκ
1680 252 1801 286 οἰκέτης,

242 302 306 331 Τοῖς
328 301 383 336 γὰρ
399 300 492 331 κακοῖς
505 299 554 325 κάν
570 298 681 332 τελευτῇ
695 297 795 328 πάντες
809 297 997 330 ἐπεγκοτοῦσι.

243 346 345 382 Συνέϐη
366 346 393 372 δὲ
408 344 467 380 μετ’
478 344 506 370 οὺ
520 343 587 369 πολὺ
601 343 646 369 τὸν
661 344 748 378 τάφον
765 343 907 378 ἀνοιγῆναι

244 393 299 419 Καὶ
311 391 356 418 τὸν
369 390 464 426 νεκρὸν
480 389 524 415 τὸν
540 389 661 424 δυστυχῆ
675 390 757 415 πᾶσιν
775 389 990 424 ὲκκαλυφθῆναι,

250 437 379 464 Ἐλεεινὸν
392 445 418 462 τι
436 435 536 470 θέαμα,
559 435 686 466 κατάξων
703 434 828 470 δακρύων
839 443 845 450 ·

243 482 348 518 Εὑρέθη
361 481 414 515 γὰρ
434 480 601 514 καταῳαγὼν
622 481 685 511 τοὺς
699 480 753 507 τῶν
769 480 856 507 ποδῶν
872 480 1018 511 σανδάλους

242 529 297 555 Καὶ
308 528 372 559 τοὺς
383 527 530 562 βραχίονας
545 526 628 553 αὑτοῦ
644 527 771 562 καθάπερ
788 525 956 562 ἀλλοτρίους.

241 574 318 605 Τινὲς
333 573 360 599 δὲ
372 573 478 609 Ζήνωνι
493 582 560 608 φασι
573 573 710 608 συμϐῆναι
726 574 761 599 τὰ
776 572 889 599 τοιαῦτα
899 581 906 588 ·

241 619 376 651 Πολλάκις
391 620 446 654 γὰρ
462 620 599 654 νοσήματι
614 618 752 653 συνείχετο
767 617 885 654 κατόχῳ,

241 667 295 692 Καὶ
313 666 442 701 θνήσκειν
460 666 639 701 νομιζόμενος
656 665 733 695 αὖθις
747 663 780 700 ἦν
799 666 828 691 ἐν
843 666 899 697 τοῖς
913 665 1008 697 ζῶσιν.

284 712 353 738 Ἀλλ’
373 712 403 738 οὔ
428 712 484 746 γὰρ
514 712 602 739 πάντα
619 712 653 738 τὰ
679 712 750 738 κακὰ
768 711 897 746 πρόσεστι
913 714 967 744 τοῖς
989 713 1037 738 ἀν-

861 758 1000 793 [Optimam

250 803 331 830 Ἀλλὰ
345 802 525 837 συγκίρναταί
542 811 606 829 ποτε
623 802 670 828 καὶ
687 802 813 837 βέλτιστα
831 804 841 819 ⁹
860 803 1001 834 κακίστοις

245 848 363 882 Βέϐηλος
376 847 431 882 γὰρ
447 850 493 873 καὶ
507 846 641 881 δυσσεϐὴς
657 844 734 878 οὗτος
749 847 845 882 φανεὶς
860 849 874 873 ὸ
890 848 1000 882 κράτωρ

246 893 344 928 Ὅμως
361 892 478 927 ἐξώρυξε
496 892 578 926 φυτὸν
593 892 644 927 γῆς
660 893 680 908 ¹⁰
697 893 786 928 πάσης
805 893 966 928 Ῥωμαῖδος,

246 935 284 965 Οὗ
297 939 343 964 καὶ
357 939 458 972 καρποὶ
473 937 654 972 πικράζοντες
670 938 716 964 καὶ
733 938 876 973 Θάνατοςὴ
893 939 972 973 ῥίζα·

251 984 296 1015 Ὠς
314 984 370 1018 εἴγε
386 984 422 1019 μὴ
437 985 465 1009 τὺ
482 983 649 1019 πρόσκομμα
661 983 692 1009 τὸ
705 984 770 1018 περὶ
784 984 832 1018 τὴν
850 983 998 1019 θρησκείαν

247 1031 353 1065 ’Ὠσπερ
368 1030 440 1064 παχὺ
456 1029 504 1056 καὶ
519 1029 628 1064 Θολερον
642 1029 837 1056 ἁντεπεσκότει
856 1029 946 1064 νέφος,

245 1076 330 1102 Τοῦτο
343 1076 390 1102 καὶ
407 1076 487 1109 μόνον
501 1075 531 1101 τὸ
546 1075 629 1102 καλὸν
647 1076 757 1110 ἴσχυσεν
772 1075 804 1102 ἂν
821 1075 976 1111 συγκρύψαι

246 1121 300 1153 Τὰς
313 1121 377 1152 ὅλας
395 1121 415 1137 “
431 1122 624 1156 ρυπαρὸτητας
644 1120 692 1147 καὶ
708 1120 756 1152 τὰς
772 1121 953 1157 ἀκαθαρσίας.

246 1169 302 1195 Καὶ
316 1168 421 1200 πάντας
439 1168 503 1199 τοὺς
528 1168 758 1203 τραυματισμοὺς
771 1168 833 1200 τοὺς
851 1167 1038 1204 ιχωρωδεστά-

928 1213 1002 1249 [τους
1017 1213 1038 1228 ¹²

248 1259 383 1294 Καθάπερ
399 1259 563 1291 ἀλεξίκακον
576 1257 723 1294 φάρμακον
738 1259 848 1294 ὑγιάσαι
862 1260 895 1287 ’³.

247 1303 301 1332 Ἦν
317 1306 345 1331 δὲ
362 1305 393 1331 τὸ
409 1305 609 1340 περικόσμημσ.
626 1304 674 1331 τοῦ
695 1305 930 1340 παρανομωτάτου

254 1352 287 1378 Ἦ
304 1350 453 1386 πρόρριζος
467 1351 609 1385 ἀναίρεσις
626 1350 798 1386 εἰσπράξεως
812 1350 952 1385 κιϐδήλου,

250 1398 286 1424 Ἢ
302 1397 411 1430 λέγεται
429 1396 621 1432 χρυσάργυρον
637 1396 750 1432 ὰνδρᾴσι
766 1396 936 1431 φορολόγοις.

251 1444 282 1470 Τί
300 1444 328 1470 δὲ
342 1444 389 1470 καὶ
407 1444 484 1470 ποῖον
501 1442 530 1469 τὸ
542 1442 648 1477 λεχθὲν,
665 1444 678 1468 ὁ
692 1442 772 1476 λόγος
790 1442 938 1476 ἱστορήσει.

250 1490 345 1521 ’Ἅπας
361 1490 431 1525 ἀνήρ
448 1497 477 1516 τε
493 1489 540 1516 καὶ
555 1489 635 1523 γυνὴ,
653 1489 718 1520 παῖς
735 1489 804 1525 κόρη
820 1497 849 1515 τε
866 1489 910 1514 καὶ
925 1488 1035 1524 βρέφος,

251 1616 352 1643 accidit
375 1619 406 1642 ut
420 1614 578 1649 sepulcrum
600 1613 754 1650 aperiretur
777 1618 805 1642 et
815 1614 909 1642 infelix
924 1614 1039 1643 cadaver

251 1661 381 1688 omnibus
394 1660 596 1693 ostenderetur,
612 1661 797 1695 spectaculum
820 1668 884 1688 sane
909 1662 1039 1689 miserum

252 1711 281 1733 et
305 1705 434 1740 lacrymis
457 1705 591 1740 dignum;
609 1705 740 1733 inventus
768 1711 811 1733 est
840 1707 913 1734 enim
939 1707 1041 1742 pedum

253 1759 366 1779 suorum
380 1751 480 1786 digitos
506 1758 559 1778 una
585 1759 647 1778 cum
661 1752 772 1779 lacertis
793 1751 951 1779 devorasse.
971 1753 1041 1780 Sunt

255 1803 344 1824 tamen
359 1797 484 1824 nonnulli
500 1796 547 1831 qui
571 1796 629 1824 lucc
644 1797 748 1824 Zenoni
766 1797 900 1825 accidisse
916 1798 1038 1825 tradant:

252 1851 315 1870 nam
333 1843 407 1870 illum
432 1843 510 1870 aiunt
525 1843 686 1878 frequenter
703 1843 800 1871 morbo
811 1843 944 1871 comitiali
963 1844 1040 1871 labov

252 1897 336 1921 rasse,
367 1897 399 1916 ac
427 1893 566 1916 mortuum
598 1889 746 1924 aliquoties
771 1889 906 1917 creditum
944 1898 1040 1918 rursus

251 1935 390 1964 revixisse.

286 1985 319 2010 At
334 1983 407 2010 enim
432 1989 488 2009 non
513 1982 607 2009 omnia
627 1982 655 2008 in
676 1982 836 2009 hominibus
864 1984 935 2010 mala
964 1988 1038 2015 sunt,

251 2029 298 2055 sed
326 2028 441 2063 pessimi
458 2027 598 2054 interdum
621 2027 724 2062 optima
740 2028 863 2062 quaedam
879 2029 1039 2056 miscentur.

251 2074 359 2107 Quippe
371 2073 480 2099 tametsi
503 2073 664 2099 Anastasius
682 2072 831 2106 imperator
851 2081 879 2100 se
897 2074 1040 2108 profanum

253 2124 281 2145 et
299 2119 414 2153 impium
440 2118 579 2144 hominem
597 2117 788 2150 declaraverit,
812 2123 901 2146 tamen
922 2119 1041 2154 plantam

254 2164 401 2198 quamdam
422 2171 454 2190 ex
473 2163 600 2202 universa
611 2163 716 2190 dilione
733 2164 854 2192 llomana
868 2165 1041 2199 exstirpavit,

255 2211 335 2245 cujus
347 2215 401 2237 tam
416 2209 503 2236 amari
520 2209 625 2236 fructus
645 2215 763 2249 erantet
798 2210 876 2237 radix
903 2211 1041 2242 letliil'eru,

257 2262 285 2283 ut
301 2257 323 2283 si
341 2256 453 2291 quidem
471 2255 611 2290 religionis
629 2255 824 2283 oﬂ‘endiculum
843 2256 929 2283 instar
945 2264 1042 2283 crassae

255 2302 335 2329 nubis
350 2303 409 2337 ejus
425 2301 575 2328 luminibus
599 2309 654 2328 non
672 2301 821 2333 olfecisset,
839 2302 891 2328 hoc
908 2309 991 2328 unum
1003 2301 1042 2328 fa-

255 2349 334 2376 cinus
347 2348 506 2382 praeclarum
531 2355 627 2374 omnes
647 2347 736 2381 ipsius
759 2347 856 2374 sordes
873 2351 902 2373 et
929 2347 1044 2382 impuri-

255 2399 323 2421 tatcs
338 2394 448 2421 abolere
470 2393 601 2428 potuerit,
630 2393 778 2426 omniaque
802 2393 854 2419 viri
871 2393 978 2419 saniosa
988 2393 1047 2420 vul-

254 2450 319 2468 nera
333 2447 461 2475 tanquam
475 2447 596 2475 praesens
619 2439 770 2465 remedium
786 2446 893 2465 sanare.
911 2438 1044 2466 Nimirum

256 2487 370 2514 ornabat
380 2486 617 2521 improbissimum
636 2485 775 2511 hominem
787 2484 899 2511 abolitio
914 2489 1045 2520 perpetua

255 2534 396 2569 cujusdam
425 2531 576 2560 exactionis
607 2531 796 2563 fraudulentzc,
810 2538 890 2565 quam
906 2531 1046 2566 publicani

255 2581 465 2615 cltrysargymm
483 2577 572 2613 (quasi
596 2577 671 2603 dicas
688 2577 1047 2612 aurargentum)nuncupa-

257 2627 331 2653 bant.
353 2625 424 2658 Quid
449 2628 540 2651 autem
560 2627 588 2650 et
603 2623 682 2658 quale
700 2623 783 2650 l'uerit
796 2622 874 2656 illud,
899 2623 967 2650 libet
997 2631 1045 2650 ex-

256 2679 370 2707 penere.
385 2670 487 2697 Omnes
504 2669 567 2701 viri,
578 2669 718 2700 tmtlicrcs,
735 2668 843 2702 puellzc,
857 2668 944 2702 pueri,
958 2667 1047 2695 inlan-

255 2723 307 2751 tcs,
322 2716 455 2750 mendici,
468 2715 573 2748 liberti,
588 2715 671 2747 servi,
688 2714 779 2746 liberi,
794 2714 904 2741 nomine
916 2714 1047 2741 stercoris

1093 299 1178 334 Ὑπὲρ
1195 299 1330 326 σκυὸάλου
1347 299 1488 334 κοπρηροὺ
1508 302 1554 326 καὶ
1569 299 1718 334 δυσοσμίας
1739 299 1820 333 οὔρου

1090 345 1138 372 ‘Ev
1152 345 1182 377 ἐξ
1198 345 1320 380 ἀργύρου
1339 345 1460 380 νόμισμα
1472 347 1586 380 παρεῖχε
1604 345 1642 380 τῷ
1656 345 1774 379 ταμείῳ.

1087 389 1169 416 Τουτὶ
1182 389 1211 416 δὲ
1232 390 1279 416 καὶ
1295 390 1350 422 τοῖς
1364 391 1490 424 κτήνεσιν
1504 391 1630 417 ἐπέκειτο
1647 391 1677 416 τὸ
1693 389 1776 425 βάρος
1792 398 1800 404 ·

1088 435 1170 462 Beudi
1183 436 1236 470 γὰρ
1250 435 1271 450 ¹⁸
1287 436 1409 471 ἡμιόνοις
1423 445 1462 468 τε,
1479 435 1525 462 καὶ
1536 436 1627 471 μέντοι
1641 437 1753 467 καὶτοῖς
1768 436 1863 466 ἵπποις

1094 480 1179 516 ’Υπὲρ
1199 480 1314 507 ἑκάστου
1327 481 1356 507 δὲ
1373 481 1466 514 κυνὸς,
1481 481 1551 516 ὑπὲρ
1563 481 1617 508 τῶν
1634 482 1654 497 ³⁵
1668 482 1785 516 ὀναρίων

1091 526 1139 559 Ἐξ
1152 526 1259 560 φὸλ).εις
1276 526 1455 553 κατεϐάλλετο
1466 527 1512 553 τοῦ
1529 528 1644 562 κτήνους
1659 528 1672 554 ὁ
1687 527 1715 553 δε
1722 527 1838 558 ςπόζων.

1096 571 1125 598 Ὀ
1138 571 1227 598 τοίνυν
1246 572 1421 603 Ἀναστάσιος
1439 573 1613 608 δυσωπηθεὶς
1633 573 1769 605 ἐντεύξεις

1095 617 1213 652 Ἀνδρῶν
1230 619 1333 654 μονήρη
1349 620 1396 645 καὶ
1412 619 1510 654 σεμνὸν
1530 619 1742 654 μετερχομένων
1759 619 1828 653 βίον,

1090 663 1220 690 Τοσοῦτον
1233 664 1314 699 ἄχθος
1329 665 1414 699 ἤλασε
1435 667 1482 692 καὶ
1501 665 1662 700 τηλικοῦτον
1677 665 1762 699 μύσος
1780 665 1813 696 η,

1092 709 1279 744 Προθέλυμνον
1295 711 1324 736 τὸ
1340 711 1483 744 βλάστημα
1497 711 1527 736 τὸ
1543 711 1592 745 τῆς
1606 711 1832 746 αξσχροκερδείας

1096 755 1301 788 Ἐξανασπάσας
1317 757 1363 782 καὶ
1378 757 1444 790 πυρὶ
1458 757 1518 788 δοὺς
1536 757 1737 792 ἁφανιστηρίῳ.

1132 802 1209 828 Ἐπεὶ
1229 802 1294 836 γοῦν
1316 803 1492 834 ’Δναστάσιος
1507 803 1593 838 ᾤχετο
1608 805 1800 837 κακιγκὰκως,

1098 847 1244 882 Ἀναιμωτὶ
1258 848 1408 882 χειρίζεται
1423 849 1486 879 τοὺς
1501 848 1597 880 οἴακας
1612 848 1660 875 τοῦ
1678 849 1796 883 κράτους

1091 893 1145 920 Καὶ
1162 894 1299 928 σκῆπτρον
1315 894 1344 919 τὸ
1360 894 1495 928 βασίλειον
1511 895 1524 919 ὁ
1539 894 1648 929 πρῶτος
1671 895 1814 925 ’1ουστίνος
1826 903 1833 910 -

1092 936 1190 962 Λαϐὼν
1207 937 1272 970 γὰρ,
1287 936 1323 967 ὥς
1335 945 1412 970 φασι,
1426 937 1508 963 πολὺν
1520 938 1619 972 χρυσὸν
1631 938 1661 970 ἐξ
1679 939 1825 972 Ἀμαντίου

1094 982 1232 1017 (Ὕπῆρχε
1247 983 1274 1008 δὲ
1292 983 1472 1017 πραιπόσιτος
1491 985 1635 1020 Ἀμάντιος
1648 986 1762 1020 ἐκεῖνος)

1093 1029 1148 1054 Καὶ
1167 1028 1322 1060 κελευσθεὶς
1338 1031 1394 1060 τοῖς
1409 1031 1532 1065 τάγμασι
1547 1030 1644 1057 τοῦτον
1658 1032 1860 1064 κατακενῶσαι,

1098 1073 1141 1104 Ὧς
1156 1073 1189 1100 ἃν
1206 1076 1432 1110 περιποιήσαιντο
1446 1076 1476 1102 τὸ
1490 1076 1589 1111 κράτος
1602 1077 1741 1112 Θεοκρίτῳ

1093 1118 1137 1153 Τῷ
1153 1120 1325 1146 κοινωνοῦντι
1339 1121 1394 1147 τῶν
1406 1121 1495 1148 αὐτῶν
1510 1122 1634 1157 αἱμάτων
1657 1123 1806 1158 Ἀμιντίῳ,

1098 1164 1146 1192 Ἐκ
1161 1165 1216 1192 τῶν
1232 1166 1343 1192 ὀθνείων
1356 1167 1446 1202 ἐαυτῷ
1463 1168 1562 1194 κτᾶται
1579 1168 1629 1202 τὴν
1641 1167 1792 1202 βασιλείαν,

1090 1211 1246 1245 Πριὰμενος
1263 1212 1296 1243 ’⁷,
1311 1212 1342 1238 τὸ
1356 1213 1508 1248 κέρδιστον,
1527 1213 1667 1248 χρήμασιν
1683 1214 1705 1230 ¹⁹
1718 1213 1878 1250 ἀλλοτρίοις.

1091 1256 1169 1283 Οὖτω
1181 1258 1265 1283 πᾶσιν
1276 1258 1426 1292 ἐπέραστος
1444 1258 1460 1293 ἡ
1479 1259 1750 1294 σκηπτροκρατορία,

1090 1303 1238 1329 Κάνταῦθα
1253 1303 1332 1338 μόνον
1347 1305 1450 1331 ἀδικεῖν
1463 1304 1513 1331 οὐκ
1527 1304 1562 1332 ἄν
1574 1313 1617 1336 τις
1633 1306 1809 1340 κατοκνήσει,

1091 1348 1149 1375 Κᾶν
1160 1350 1188 1375 ὲν
1200 1351 1256 1382 τοῖς
1265 1350 1354 1382 ἄλλοις
1371 1351 1474 1382 δίκαιος
1488 1351 1642 1387 εὑρίσκοιτο
1652 1351 1673 1367 ¹⁹
1689 1351 1736 1378 καὶ
1749 1351 1869 1386 σώφρων

1089 1393 1143 1420 Ἦν
1158 1395 1181 1421 δ’
1195 1395 1309 1432 mesen,-
1322 1397 1369 1424 καὶ
1388 1396 1517 1432 νουνεχὴς
1533 1398 1545 1423 ὁ
1559 1397 1650 1432 γέρων
1669 1397 1824 1428 Ἰουστῖνος,

1090 1440 1135 1475 Τῷ
1151 1441 1224 1476 ζήλῳ
1240 1442 1268 1468 δὲ
1286 1442 1457 1478 πυρούμενος
1472 1445 1521 1478 τῆς
1539 1444 1668 1476 εὐσεϐοῦς
1683 1445 1705 1461 ³⁸
1729 1445 1882 1480 θρησκείας

1090 1487 1152 1518 Τοῖς
1169 1487 1331 1523 Μανιχαξοις
1352 1489 1484 1517 ἄσπονδον
1499 1491 1617 1525 πόλεμον
1635 1491 1754 1526 ὲξανῆψι

1718 1557 1796 1586 Vers.
1811 1559 1882 1586 5H5

1053 1610 1074 1639 C
1091 1616 1119 1638 et
1145 1612 1233 1639 urina:
1261 1611 1327 1640 ﬁsco
1353 1620 1495 1641 nummum
1523 1619 1681 1649 argenteum
1711 1615 1881 1650 pendebant.

1093 1658 1165 1685 ldcm
1183 1666 1253 1686 onus
1269 1659 1352 1686 etiam
1378 1660 1511 1695 jumentis
1527 1659 1685 1695 impositum
1697 1665 1768 1694 erat,
1793 1661 1883 1688 bobus

1092 1704 1207 1737 scilicet,
1223 1704 1306 1732 mulis
1324 1709 1352 1732 et
1379 1705 1467 1740 equis.
1482 1706 1535 1734 Pro
1557 1707 1682 1741 quolibet
1706 1711 1799 1735 autem
1814 1715 1883 1734 eane

1092 1758 1124 1777 ac
1140 1750 1218 1777 asino
1235 1758 1284 1778 sex
1300 1751 1380 1778 folles
1390 1752 1553 1779 numerabat
1568 1752 1591 1780 is
1608 1753 1654 1787 qui
1671 1752 1748 1780 canis
1778 1753 1883 1780 asinive

1092 1797 1219 1824 dominus
1243 1802 1327 1824 esset.
1342 1797 1503 1825 Anastasius
1519 1806 1585 1833 ergo
1598 1799 1734 1826 reveritus
1751 1798 1882 1826 interces-

1092 1842 1184 1869 siones
1207 1847 1289 1877 atque
1309 1850 1407 1877 preces
1432 1844 1629 1871 nonnullorum
1649 1845 1800 1872 solitariam
1818 1845 1883 1872 reli-

1092 1888 1250 1923 giosamquc
1258 1888 1340 1915 vitam
1358 1889 1497 1924 agentium
1514 1895 1618 1917 tantum
1629 1898 1699 1918 onus
1708 1891 1882 1925 etpiaeulum

1092 1934 1223 1966 abolevit,
1245 1933 1368 1968 germine
1390 1935 1477 1970 turpis
1502 1935 1571 1963 lucri
1598 1936 1732 1963 radicitus
1746 1936 1841 1963 evulso
1853 1940 1882 1963 et

1094 1980 1148 2014 igni
1170 1979 1282 2007 tradito.

1129 2024 1224 2050 Postea
1239 2031 1304 2051 vero
1318 2033 1399 2059 quam
1424 2026 1512 2053 malus
1530 2027 1690 2055 Anastasius
1702 2028 1773 2055 mala
1791 2033 1882 2055 morte

1094 2068 1232 2103 periisset,
1256 2069 1324 2096 citra
1346 2071 1507 2106 sanguinem
1523 2072 1627 2106 potitus
1643 2073 1759 2108 imperio
1774 2073 1883 2108 primus

1095 2114 1210 2149 hujusce
1227 2114 1348 2142 nominis
1358 2116 1492 2144 Justinus.
1513 2117 1619 2152 Quippe
1631 2126 1693 2144 cum
1706 2117 1740 2145 ab
1756 2118 1882 2145 Amantio

1096 2160 1241 2194 praeposito
1279 2169 1390 2196 magnas
1417 2163 1541 2196 pecuniae
1569 2171 1690 2191 summas
1719 2164 1881 2199 accepisset,

1095 2213 1196 2240 easque
1210 2207 1304 2240 jussus
1315 2211 1389 2233 esset
1404 2206 1432 2233 in
1448 2208 1564 2234 militum
1581 2208 1694 2236 ordines
1712 2216 1835 2243 erogare,
1853 2213 1883 2234 ut

1097 2250 1243 2279 Theocrito
1261 2252 1405 2287 imperium
1422 2259 1601 2289 occuparent,
1623 2255 1669 2289 qui
1685 2254 1806 2282 Amantii
1818 2262 1884 2281 con-

1101 2298 1267 2332 sanguineus
1281 2304 1351 2330 erat.
1369 2299 1466 2327 alienis
1488 2300 1587 2334 opibus
1603 2300 1712 2327 sibimet
1731 2301 1878 2335 imperium

1098 2343 1252 2378 acquisivit,
1273 2352 1329 2371 rem
1355 2345 1436 2380 longe
1454 2345 1700 2373 fructuosissimam
1716 2354 1771 2374 εει-ο
1793 2346 1883 2374 alieno

1087 2395 1242 2416 .mcrcatus.
1261 2389 1307 2417 Sic
1319 2390 1449 2417 nimirum
1470 2398 1565 2417 omnes
1579 2391 1725 2426 imperium
1743 2392 1881 2422 all‘ectant,

1096 2443 1146 2462 nec
1171 2436 1318 2471 quisquam
1335 2441 1376 2464 est
1396 2438 1443 2471 qui
1463 2437 1506 2464 hic
1522 2437 1642 2471 injustus
1663 2445 1723 2465 esse
1740 2441 1878 2468 vereatur,

1098 2482 1224 2515 quamvis
1249 2482 1276 2508 in
1301 2482 1383 2509 rebus
1401 2483 1462 2510 aliis
1477 2490 1506 2510 se
1531 2483 1634 2518 justutn
1657 2491 1688 2510 ac
1713 2483 1883 2510 moderatum

1099 2528 1230 2555 deelaret.
1258 2527 1313 2563 64,
1331 2528 1395 2555 Erat
1412 2534 1503 2556 autem
1518 2529 1644 2557 Justinus
1657 2529 1702 2557 hic
1718 2530 1812 2557 senior
1827 2535 1883 2555 tum

1096 2575 1157 2608 pius
1168 2579 1224 2601 tum
1242 2575 1374 2609 prudens,
1388 2579 1417 2603 ct
1429 2575 1563 2610 religiosa:
1578 2576 1688 2610 pictatis
1701 2577 1760 2603 zelo
1768 2576 1885 2610 ﬂagrans

1096 2627 1258 2655 perpetuum
1273 2628 1335 2647 cum
1349 2620 1507 2649 Manichzeis
1531 2622 1634 2649 bellum
1653 2623 1777 2657 gerebat.
1810 2622 1882 2648 Idem

1096 2667 1285 2701 gravissimam
1300 2667 1434 2699 omnium,
1450 2675 1512 2702 qua:
1530 2668 1686 2695 litterarum
1699 2667 1811 2702 quidem
1827 2674 1884 2693 m0-

1097 2712 1237 2739 numentis
1262 2712 1377 2747 prodita:
1404 2713 1479 2746 sint,
1504 2714 1729 2748 persecutionem
1753 2713 1885 2740 adversus

930 2772 1030 2802 Variae
1052 2771 1216 2801 lectiones.

291 2838 301 2853 ⁸
317 2838 422 2869 τούτοις
439 2841 471 2864 Α.

257 2872 279 2888 ’³
294 2875 348 2902 τοῖς
366 2873 423 2900 RR.

256 2907 280 2928 ιθ
293 2908 413 2933 Eusebi?”
428 2909 462 2935 A.

509 2837 660 2872 ’βέλτιστα
684 2837 738 2867 τοῖς
763 2836 795 2863 Δ.
835 2837 856 2852 ’⁸
871 2836 981 2872 τῆςκΛ.

465 2874 484 2888 ¹⁵
497 2869 544 2899 καὶ
570 2873 640 2907 ὑπὲρ
669 2871 723 2898 All.
783 2872 804 2886 ¹⁶
821 2872 898 2905 μῖσος
917 2869 973 2897 Νι.

1024 2835 1042 2850 ¹¹
1068 2834 1137 2867 ἄγαν
1163 2832 1195 2859 Π.

1027 2870 1048 2885 ¹⁷
1067 2869 1226 2904 ποιούμενος
1252 2866 1285 2895 Β.

1649 2831 1818 2867 Θεραπεῦσαι

1244 2834 1264 2848 ¹¹
1282 2833 1508 2869 ῑχωροδεστέρους
1537 2833 1570 2860 lt.
1649 2833 1818 2867 Θεραπεῦσαι
1852 2833 1872 2855 ιι

1252 2866 1285 2895 R.
1345 2869 1536 2902 ἐπράγμασιν
1561 2869 1590 2895 Α.
1642 2867 1833 2902 ηεὺρίσκεται
1853 2864 1874 2891 ll

1674 2882 1785 2894 ευμιυλς
1793 2882 1833 2892 ινι-
1853 2882 1886 2891 ιιι

1345 2869 1365 2884 ¹⁵
1379 2869 1536 2904 πράγμασιν
1561 2869 1590 2895 Α.
