2047 3153
262 202 315 232 3ἷο

844 200 1099 230 CONSTANTINI
1121 201 1312 231 MANASSIS

1835 201 1891 231 £60

264 258 386 294 Χοσρὸου
396 259 450 289 τοῖς
461 256 660 298 στρατεέμασιν
674 256 755 290 (ὑπὲρ
767 257 820 291 γὰρ
833 257 945 291 ψάμμον
956 254 1048 291 ἦσαν).
1065 260 1086 287 Α
1103 257 1157 283 Καὶ
1168 257 1374 291 προσϐαλόντω)
1384 257 1524 291 φρικωδῶς
1536 257 1661 290 ἁλλὲιῐιοις
1675 256 1728 282 τῶν
1739 257 1890 291 ταγμάτων

265 305 426 331 ηουλεὺεταὶ
438 312 464 329 τι
477 303 621 337 δραστικὸν
641 303 687 328 καὶ
705 302 807 337 πλῆρες
825 302 976 337 ἀγχινοίας.

266 353 305 388 Τῇ
324 353 399 387 Κόρῃ
418 352 449 385 τῇ
466 349 592 377 Θεόπαιδι
607 350 656 385 τὴν
674 349 750 375 πόλιν
764 349 906 384 ἐπιτρέπει

267 400 319 425 Καὶ
330 398 376 423 τὸν
390 397 446 422 υίδν
461 396 508 422 καὶ
521 396 567 422 τὸν
582 395 657 427 λαὸν,
671 395 751 434 αὐτὸς
768 395 790 420 δ’
808 394 932 421 ἐντεῦθεν
945 395 1014 429 ἄρας

266 445 319 471 Καὶ
334 442 529 477 συλλεξάμενος
545 442 663 476 στρατὸν
677 442 709 468 ἐκ
721 442 772 476 γῆς
791 442 846 467 ἀπὸ
865 441 1013 476 θαλάσσης,

264 489 364 519 Ψιλοὺς
381 487 509 518 ἐνόπλους
529 487 668 519 ίππαστάς
681 488 703 503 θθ
725 487 838 518 ὁπλίτας
853 488 1050 522 σακεσφόρους,

264 535 309 566 Εἰς
324 534 376 568 γῆν
396 531 533 560 είοὸἁλλει
552 532 701 568 Περσικὴν,
719 533 948 567 προσϐάλλειςκαὶ
966 541 1050 567 φρου-

931 578 1011 614 [ρίοις

262 625 488 660 Καρτεροτείχοις
505 625 636 659 ἐρυμνοῖς
652 625 800 660 εὐπύργοις
819 624 1050 659 στεῤῥοπύργοις,

261 671 368 707 Φοείρει
384 671 480 706 πορθεῖ
495 670 622 705 λεηλατεῖ
637 671 729 696 πᾶσαν
743 671 792 704 τὴν
809 670 861 696 ὑπὸ
879 670 996 704 Πέρσας,

266 717 352 750 Ἀγαν
369 717 459 750 σοφῶς
471 716 640 751 τεχνώμενος
654 716 799 750 μεθέλκειν
815 715 981 746 Βυζαντόοεν

267 761 424 788 Κάντεῦϐεν
441 761 641 796 ἀντιπερισπᾷν
661 762 781 796 Χοσρόου
798 761 846 792 τὰς
859 761 996 795 δυνάμεις.

267 808 375 833 Πόλεων
389 806 454 840 γοῦν
472 807 525 833 τῶν
540 806 684 842 Περσικῶν
698 807 835 842 ἐκείραντο
853 807 885 832 τὰ
899 806 996 841 κάλλη,

273 853 365 888 ’Λγροὶ
381 853 466 888 πυρὸς
483 853 603 885 ἐγίνοντο
613 853 635 872 ⁸⁷
651 852 760 887 δαπάνη
775 852 934 884 πολυξύλου,

274 899 512 932 ’Πνδραποδίζοντο
525 898 631 933 πικρῶς
647 898 812 934 ὑπέρακμοι,
826 898 979 933 πρωθῆϐαι,

268 945 396 975 Γυναῖκες
410 943 626 978 καλλιπλόκαμοι
636 964 643 977 ,
661 944 787 978 κορίσκαι
798 964 806 975 ,
820 944 952 979 γηραλέαι
962 965 969 976 ,

267 989 320 1015 Καὶ
337 988 430 1019 παῖδες
445 988 611 1021 ὑπαγκάλιοι
622 1009 630 1021 ,
649 989 846 1022 γαλακτοφάγα
863 988 961 1023 βρέφη.

266 1034 390 1060 Ἐλοὺετο
404 1035 460 1065 τοῖς
472 1034 586 1068 αίμασιν
597 1036 613 1069 ἡ
627 1034 680 1061 τῶν
701 1035 845 1070 Ῥωμαίων
859 1034 961 1068 σπάθη,

270 1078 439 1112 ῚΙρπάζοντο
454 1079 625 1114 βοσκήματα,
645 1080 762 1116 μητέρες
776 1081 948 1116 ἡτεκνοῦντο,

265 1126 318 1151 Καὶ
333 1125 426 1156 στόνος
441 1125 631 1160 κατελὰμὸανε
646 1125 696 1162 τὴν
712 1127 849 1162 Περσικὴν
865 1129 912 1154 καὶ
933 1130 995 1162 γόης
1005 1138 1012 1145 ·

265 1171 357 1207 Πτηνὴ
370 1171 424 1205 γὰρ
436 1170 602 1206 ἐκδικήσεως
615 1172 746 1207 ἐπέτρεχε
761 1173 893 1207 ῥομφαία,

266 1218 319 1243 Καὶ
334 1218 424 1248 πάσας
439 1217 621 1244 κατεόόσκετο
632 1218 654 1233 ⁸⁸
670 1218 760 1253 σπάθη
777 1219 863 1254 θυμοῦ
882 1221 931 1253 τὰς
948 1222 1050 1254 πόλεις.

265 1263 373 1289 ’Λκοὺει
390 1262 465 1289 ταῦθ’
482 1264 496 1288 ὁ
511 1262 640 1298 βασιλεὺς
657 1264 770 1298 Περσῶν
785 1265 799 1290 ὁ
817 1266 980 1300 φρυακτίας,

267 1309 322 1336 Καὶ
337 1310 372 1335 τὰ
385 1309 513 1343 γινόμενα
525 1310 546 1325 θ’
561 1309 654 1344 μαθὼν
667 1311 780 1345 ἀπαίρει
796 1311 972 1343 Βυζαντόοεν.

269 1356 375 1390 Προῆγε
390 1355 437 1389 μὲν
457 1354 618 1389 Ἡράκλειος
633 1357 673 1387 εἰς
691 1355 775 1390 μέσην
789 1356 837 1391 τὴν
853 1357 981 1392 Περσίδα,

274 1401 303 1426 ‘0
317 1400 344 1426 δὲ
361 1401 521 1435 Περσάρχης
536 1399 604 1434 πρὸς
619 1400 700 1427 αὐτὸν
713 1401 826 1435 ἤλαυνεν
841 1401 1016 1434 ὀπισθόπους.

270 1446 323 1473 Καὶ
339 1446 490 1481 γενομένης
506 1446 552 1472 ὑπ’
569 1447 671 1481 ἀμφοῖν
689 1447 896 1482 καρτερομάχου
912 1448 1000 1482 μάχης

1102 303 1202 338 Νεκροί
1217 303 1266 337 μὲν
1281 302 1450 338 ἑκατέρωθεν
1467 303 1592 337 ἐγένοντο
1602 302 1624 318 ⁷⁰
1640 302 1751 337 μυρίοι,

1102 347 1173 382 Πλὴν
1189 348 1264 382 ὅμως
1281 348 1473 383 καθυπέρτερα
1488 349 1522 374 τὰ
1534 348 1588 374 τῶν
1611 347 1755 382 Ῥωμαίων
1769 345 1851 383 ἦσαν.

1104 393 1218 428 Ἐϐλεψε
1233 394 1294 420 τότε
1308 394 1354 421 καὶ
1369 394 1469 429 Περσὶς
1485 395 1517 421 ὲκ
1537 393 1686 426 Βυζαντίου
1701 395 1809 429 σπάθην

1101 439 1262 474 Θεριστικὴν
1278 440 1449 474 ἀμφίστομον
1459 440 1480 455 ⁷¹
1490 460 1497 471 ,
1514 439 1652 474 δρεπάνην
1664 440 1818 474 πετομένην

1103 486 1157 511 Καὶ
1172 486 1262 517 πόλεις
1273 485 1456 519 ἀφανίζουσαν
1471 487 1517 520 κα)ζ
1530 486 1592 516 τοὺς
1606 485 1710 519 ἀγροὺς
1721 485 1890 521 πορθοῦσαν.

1103 531 1157 556 Καὶ
1172 531 1252 558 πάλιν
1265 531 1329 558 ἄλλο
1343 531 1452 557 συνετὸν
1464 531 1478 557 ὁ
1492 531 1618 564 βασιλεὺς
1633 532 1760 565 τεχνᾶται
1771 539 1779 548 ·

1101 573 1155 602 Ἶιν
1164 575 1217 610 γὰρ
1229 575 1466 610 ὲμπειροπόλεμος
1481 575 1648 610 εὐμήχανος,
1667 575 1853 612 στρατάρχης.

1102 622 1207 656 Μικρὸν
1223 621 1434 656 ὑπολειπόμενος
1449 621 1494 647 τὸν
1508 622 1607 656 δρόμον
1623 621 1770 655 ὑποτέμνει
1780 640 1788 653 ,

1102 667 1156 693 Καὶ
1172 667 1305 700 Περσικοῦ
1329 667 1534 702 στρατεύματος
1552 667 1600 693 σὺν
1615 668 1673 702 ἅμα
1689 667 1729 702 τῷ
1744 668 1854 703 Χοσρόῃ

1108 713 1344 748 ’Υπερδραμόντος
1356 713 1402 739 καὶ
1414 713 1530 748 στρατὸν
1549 713 1692 747 Ῥωμαίων
1707 713 1890 748 παρελθόντος

1101 760 1187 790 Δύτὶς
1203 760 1317 790 ἐκείνοις
1332 759 1479 793 φεύγουσιν
1492 758 1585 785 εἵπετο
1604 759 1676 786 κατὰ
1693 759 1778 786 νώτου
1791 779 1798 790 ,

1103 806 1158 831 Καὶ
1173 805 1303 840 μυριάκις
1319 805 1491 839 συμπλακεὶς
1508 804 1686 836 ἀντενωτιίοις
1703 805 1804 840 μάχαις

1102 852 1158 878 Καὶ
1170 853 1224 882 τοῖς
1239 852 1326 882 ὀστοῖς
1341 853 1397 883 τοῖς
1412 852 1465 877 τῶν
1482 851 1595 886 Περσῶν
1609 852 1644 877 τὰ
1660 851 1724 886 ξίφη
1738 851 1891 885 διαθρύψας

1103 896 1155 922 Τὸν
1168 895 1309 930 Βὰρὸαρον
1320 896 1370 922 οὐκ
1381 895 1461 930 ἔληγε
1473 896 1496 911 ⁷¹
1505 895 1611 922 διώκων
1624 896 1670 921 καὶ
1683 895 1854 929 σνμπνίγων,

1105 943 1175 974 Ἕως
1185 943 1267 970 αὑτοῦ
1276 943 1306 969 τὸ
1315 943 1465 978 προσγενὲς
1475 943 1583 970 καὶτῶν
1592 943 1705 978 Περσῶν
1713 943 1737 970 οἱ
1748 944 1893 978 κρείττους

1104 990 1157 1015 Καὶ
1170 990 1223 1016 πᾶν
1237 989 1319 1016 αὑτοῦ
1332 990 1362 1015 τὸ
1379 990 1466 1023 φίλιον
1480 990 1527 1016 καὶ
1539 991 1640 1021 πάντες
1656 990 1851 1025 φαλαγγάρχαι

1104 1035 1158 1061 Καὶ
1175 1036 1238 1066 παῖς
1251 1035 1334 1061 αὐτοῦ
1345 1035 1368 1051 ⁷³
1385 1036 1580 1071 πρωτόσπορος
1595 1036 1772 1071 πρωτὸφυτος
1786 1036 1891 1071 Σιρόεις

1104 1080 1154 1106 Τὸν
1170 1081 1254 1116 ἐναγῆ
1271 1081 1317 1108 καὶ
1334 1081 1463 1116 βδελυρὸν
1476 1081 1600 1116 Χοσρόην
1617 1081 1801 1116 μυσαλοέντες

1104 1126 1200 1161 Δεσμῷ
1213 1127 1319 1161 στερρῷ
1333 1127 1515 1161 συσφίγγουσι
1529 1127 1691 1162 gemmas;
1704 1127 1727 1142 “
1741 1127 1779 1158 ὡς
1795 1127 1888 1162 κῆτος,

1111 1172 1153 1203 Ὡς
1167 1172 1261 1199 λέοντα
1277 1173 1434 1208 βαρύθυμον
1444 1193 1451 1205 ,
1470 1173 1508 1203 ὡς
1524 1173 1656 1208 πάρδαλιν
1671 1173 1771 1208 ἀγρίαν
1781 1194 1790 1206 ,

1103 1219 1158 1244 Καὶ
1172 1218 1210 1253 τῷ
1225 1217 1296 1253 λιμῷ
1309 1218 1434 1250 πιέζουσι
1452 1219 1500 1245 καὶ
1512 1219 1587 1250 τέλος
1603 1219 1776 1246 θανατοῦσιν.

1110 1262 1153 1288 Ἐν
1169 1262 1312 1298 ἑξαμέτρῳ
1324 1263 1468 1298 τοιγαροῦν
1483 1263 1559 1298 ήλίου
1578 1264 1736 1299 περιδρόμῳ

1104 1308 1159 1343 Τὴν
1175 1309 1311 1344 Περσικὴν
1327 1309 1373 1335 καὶ
1392 1309 1517 1344 Μηδικὴν
1540 1309 1700 1343 Ἡράκλειος
1724 1311 1855 1346 ἐκτρίψας
1867 1310 1892 1326 ⁷⁵

1104 1355 1265 1386 Καλλίνικος
1279 1354 1422 1387 ἀνέζευξεν
1437 1355 1483 1381 ἐπὶ
1497 1355 1546 1389 τὴν
1559 1355 1684 1390 βασιλίδα
1695 1357 1728 1383 ⁷⁸.

1103 1401 1159 1427 Καὶ
1173 1400 1258 1427 ταῦτα
1275 1401 1324 1436 μὲν
1339 1401 1472 1432 ἐνιαυτοῖς
1485 1401 1626 1436 ἀπέϐησαν
1642 1401 1763 1436 ὑπέροις
1775 1409 1783 1417 ⁸

1103 1447 1174 1475 Ἀλλ’
1190 1447 1230 1474 ἔτι
1244 1446 1427 1482 διατρίϐοντος
1439 1447 1468 1473 ἐν
1481 1446 1600 1481 Πέρσαις
1625 1446 1783 1482 Ἡρακλείου
1792 1466 1802 1480 ,

1724 1521 1803 1549 γεγε.
1817 1522 1889 1550 5739

267 1595 320 1615 rere
333 1587 452 1623 phalerae
465 1586 658 1623 contegebant.
676 1587 743 1615 Cum
762 1596 828 1624 ergo
843 1588 950 1617 videret
965 1589 1051 1625 impev

1106 1587 1425 1616 sc—dabatnr..Persarnm
1452 1585 1603 1622 princeps;
1628 1592 1747 1621 cumque
1760 1583 1886 1620 praelium

268 1638 342 1660 rator
358 1633 417 1660 ﬁeri
432 1633 508 1660 nullo
525 1633 606 1660 tnodo
619 1641 698 1667 posse
719 1639 745 1660 ut
762 1635 883 1669 praelium
899 1643 961 1662 curn
976 1643 1053 1663 exer-

268 1679 370 1706 citibus
384 1678 516 1706 Cltosrois
541 1678 772 1712 committeretur,
799 1681 845 1716 qui
873 1685 977 1708 tantum
999 1690 1053 1709 non

268 1732 380 1751 arenam
397 1724 575 1752 multitudine
593 1725 769 1760 superabant,
795 1727 941 1754 consilium
959 1727 1054 1755 ellicax

268 1775 297 1797 et
314 1770 471 1805 sagacitatis
487 1770 598 1805 plenutn
629 1771 712 1806 capit.
742 1772 846 1807 Virgini
866 1773 977 1808 quidem
1005 1773 1053 1801 Dei

270 1817 347 1843 Matri
365 1817 541 1852 Byzantinam
553 1817 649 1845 urbem
661 1825 723 1845 cum
741 1818 797 1846 tilio
812 1820 967 1855 populoque
981 1827 1055 1847 com-

269 1863 375 1896 mittit;
404 1863 462 1897 ipse
489 1871 554 1891 vero
578 1863 613 1891 ab
635 1863 704 1890 urbe
731 1864 879 1898 profectus,
897 1865 1054 1900 coactisque

269 1909 356 1943 copiis
375 1914 429 1936 tam
455 1910 522 1936 mari
548 1918 629 1945 quam
644 1915 727 1944 terra,
742 1911 810 1938 levis
822 1916 850 1938 et
865 1911 956 1946 gravis
967 1919 1056 1939 ιιι-ωο-

268 1958 336 1982 tunc
361 1955 507 1987 militibus,
533 1956 686 1991 equitibus,
714 1957 845 1988 statariis,
869 1957 994 1991 scutatis,
1019 1958 1053 1986 ad

267 2000 392 2027 Persicos
414 2000 481 2028 ﬁnes
503 2002 656 2035 contendit,
677 2003 798 2030 castellis
821 2003 936 2030 munitis
959 2003 1054 2039 copias

266 2046 390 2077 adhibet,
417 2047 472 2081 76
488 2047 571 2074 urbes
595 2048 705 2080 evertit,
728 2049 884 2076 universam
909 2050 1054 2076 Persarum

267 2092 400 2119 ditionem
412 2092 519 2126 diripit,
536 2100 668 2127 perquam
691 2094 831 2128 sapienter
845 2094 951 2121 hostem
968 2102 982 2120 a
1004 2094 1056 2129 By-

268 2137 359 2162 zantio
379 2136 503 2170 cogitans
519 2137 680 2164 abstrahere
701 2143 729 2164 et
750 2139 842 2173 copias
862 2139 921 2173 ejus
936 2147 949 2166 a
966 2147 994 2167 se
1012 2140 1055 2166 in-

270 2181 357 2208 vicem
374 2181 514 2209 divellere.
529 2182 623 2217 Itaque
639 2183 811 2211 Persicarum
829 2184 938 2212 urbium
951 2190 1056 2220 segetes

270 2225 482 2252 dentetebantur
495 2246 502 2258 ,
520 2226 582 2262 igne
608 2228 785 2255 vastabantur
800 2229 856 2264 agri
874 2249 881 2261 ,
907 2231 1055 2264 peracerlte

1105 1644 1168 1664 acre
1195 1639 1372 1664 commissum
1403 1636 1475 1663 inter
1502 1641 1634 1670 utrosqtte
1653 1635 1735 1667 foret,
1755 1635 1888 1663 immensa

1105 1683 1215 1718 quidem
1242 1682 1372 1717 tttrinque
1410 1682 1560 1709 multitudo
1595 1681 1751 1709 mortalium
1778 1681 1887 1714 cecidit,

1106 1729 1220 1756 victoria
1238 1733 1327 1754 tamen
1344 1735 1429 1762 penes
1446 1726 1582 1754 Romanos
1593 1729 1680 1754 stetit.
1690 1727 1763 1754 Vidit
1779 1726 1805 1753 id
1823 1730 1890 1752 tem-

1106 1773 1180 1808 poris
1197 1772 1279 1799 etiatn
1302 1772 1446 1799 Persarum
1468 1771 1543 1806 regio
1577 1771 1736 1807 Byzantium
1763 1771 1885 1806 gladium

1106 1818 1214 1846 secandi
1231 1826 1285 1844 tton
1302 1817 1437 1852 ignarum,
1454 1817 1612 1852 ancipitem,
1630 1817 1693 1845 falci
1710 1817 1813 1844 volanti
1824 1824 1892 1844 con-

1106 1865 1233 1896 similem,
1252 1864 1335 1891 urbes
1359 1863 1525 1894 abolentem.
1541 1871 1622 1899 agros
1634 1867 1796 1891 vastantem.
1819 1863 1892 1889 itur-

1106 1918 1153 1937 sus
1172 1910 1322 1945 imperator
1343 1909 1418 1936 aliud
1443 1909 1572 1944 quiddam
1598 1909 1749 1944 prudenter
1765 1909 1890 1938 molitur.

1106 1955 1207 1990 quippe
1221 1955 1331 1989 gerendi
1348 1955 1412 1982 belli
1425 1955 1529 1988 peritus
1543 1960 1570 1983 et
1583 1955 1637 1982 dux
1650 1955 1790 1990 copiarum
1809 1954 1890 1982 indu-

1106 2002 1188 2029 strius
1203 2009 1234 2028 ac
1251 2001 1418 2035 ingeniosus.
1432 2001 1640 2036 Progressionis
1651 2001 1753 2035 impetu
1765 2000 1891 2027 nonnihil

1107 2048 1222 2076 remisso
1242 2057 1255 2075 a
1275 2054 1350 2084 tergo
1366 2049 1513 2081 manebat;
1529 2055 1648 2083 cumque
1665 2048 1793 2075 Persicus
1811 2055 1894 2075 exer-

1107 2093 1178 2120 citus
1202 2101 1255 2120 una
1274 2101 1335 2130 cum
1361 2093 1483 2120 Chosroe
1511 2094 1592 2128 pleno
1605 2100 1688 2120 cursu
1705 2093 1891 2120 Romanorum

1107 2139 1201 2174 copias
1227 2139 1415 2174 pra-teriisset,
1442 2139 1500 2174 ipse
1520 2139 1655 2174 fugientes
1670 2146 1686 2166 a
1703 2143 1779 2173 tergo
1796 2145 1895 2165 conse-

1107 2185 1243 2216 ctabatur,
1272 2189 1300 2211 et
1328 2185 1430 2219 prmliis
1457 2185 1580 2212 adversis
1605 2184 1713 2212 hostem
1741 2184 1892 2219 saepissime

1108 2229 1222 2256 adortus
1234 2236 1385 2264 magnaque
1400 2229 1577 2256 multitudine
1596 2236 1667 2256 Caesa
1685 2236 1776 2263 regem
1791 2228 1890 2255 barba-

271 2272 447 2306 t-apicbantur
465 2272 491 2298 in
508 2272 670 2300 servitutcnt
692 2278 771 2301 mtate
792 2276 988 2309 provectiores,
1005 2284 1053 2303 an-
1072 2275 1093 2302 D
1110 2283 1169 2302 rmn
1198 2274 1325 2309 persequi
1351 2282 1382 2302 ac
1407 2282 1533 2309 premere
1550 2282 1604 2302 tton
1624 2273 1778 2305 desinebat,
1806 2273 1893 2300 donec

268 2317 347 2349 cilla3,
365 2317 497 2345 mulieres
512 2318 648 2352 formosae,
670 2319 777 2354 puella),
804 2321 912 2352 vetulae,
936 2320 1054 2349 inl'antes

268 2365 315 2399 qui
332 2364 405 2391 ulnis
420 2364 599 2399 gestabantur
623 2371 652 2392 et
675 2366 766 2393 adhuc
785 2366 943 2400 lactcbant;
971 2368 1053 2403 gladii

267 2410 454 2437 Romanorum
470 2410 498 2437 in
511 2411 642 2446 sanguine
655 2412 1055 2448 abluebantur,ditipiebantur

266 2455 396 2491 pecudes,
412 2460 515 2483 matres
526 2456 622 2484 liberis
637 2457 807 2485 orbabanlur
819 2466 826 2490 ;
838 2462 922 2485 totam
934 2459 1054 2495 denique

266 2501 387 2528 Persium
414 2501 627 2528 lamentationes
660 2507 688 2528 et
717 2502 840 2536 ploratus
870 2503 1053 2538 occupabant.

265 2546 370 2582 Quippe
384 2547 505 2574 volucris
522 2547 630 2582 gladius
645 2548 758 2575 ultionis
773 2549 933 2582 advenerat,
955 2554 982 2577 et
996 2546 1053 2577 ira-

266 2593 373 2620 cuttdus
393 2593 467 2620 ensis
482 2593 566 2620 urbes
577 2594 722 2621 universas
737 2595 948 2629 depaseebatur.
969 2595 1054 2623 Audit

266 2639 322 2667 haec
336 2639 472 2674 superbus
489 2639 535 2666 illc
551 2647 598 2666 rex
614 2639 760 2667 Persarum
774 2649 781 2674 ;
801 2648 863 2667 mox
879 2640 1052 2668 obsidionem

266 2686 387 2722 Byzantii
411 2687 502 2714 solvit.
529 2687 637 2715 Interea
654 2686 773 2722 inediam
796 2686 823 2712 in
837 2686 978 2714 Persidem
997 2686 1054 2713 suis

267 2740 327 2760 (lllll
346 2733 434 2768 copiis
447 2733 591 2761 Hcraclius
606 2736 743 2769 penetrat.
774 2732 841 2759 Eutn
863 2739 878 2759 a
900 2737 975 2766 tergo
989 2739 1054 2759 con-

1107 2321 1216 2349 tandetn
1239 2321 1299 2356 ejus
1326 2321 1534 2356 consanguinei,
1563 2321 1709 2349 Persarum
1736 2321 1893 2355 optimates,

1107 2366 1188 2393 amici
1205 2367 1282 2401 regii,
1303 2366 1444 2401 copiarum
1463 2366 1548 2394 duces
1563 2366 1699 2398 universi,
1715 2372 1776 2392 cutn
1791 2365 1892 2400 primo-

1106 2413 1200 2447 genito
1225 2413 1281 2439 tilio
1297 2412 1385 2445 Siroe,
1402 2411 1593 2439 detestandum
1610 2412 1687 2439 illum
1702 2415 1729 2438 et
1739 2409 1895 2438 exsecrabi-

1108 2459 1161 2486 letn
1187 2458 1339 2486 Chosroem
1365 2453 1517 2485 abominati
1542 2458 1569 2484 itt
1595 2457 1705 2485 vincula
1727 2457 1895 2492 conjicerent

1108 2512 1157 2532 ceu
1181 2509 1272 2532 cetum
1302 2504 1446 2539 quemdam
1477 2503 1699 2538 capacissimum,
1721 2511 1771 2530 cett
1789 2503 1893 2529 leonen

1109 2550 1271 2578 iracundum
1286 2570 1293 2582 ,
1315 2558 1364 2577 cett
1385 2549 1711 2584 pantheramrimmanem
1727 2557 1734 2580 ;
1762 2547 1808 2574 ubi
1826 2547 1894 2574 t’ante

1108 2603 1220 2630 pressus
1234 2595 1344 2622 vivendi
1373 2595 1454 2622 tinent
1470 2594 1546 2622 fecit.
1576 2594 1670 2629 itaque
1686 2593 1820 2620 sexennio
1837 2597 1894 2619 toto

1108 2641 1135 2668 in
1154 2640 1348 2668 exscindendis
1366 2640 1510 2667 Persarum
1523 2639 1720 2674 Medorumque
1737 2638 1896 2674 regionibus

1107 2691 1203 2713 exacto
1219 2686 1384 2714 victoriosus
1405 2685 1554 2720 imperator
1584 2685 1745 2720 Byzantium
1769 2691 1896 2712 reversus

1107 2737 1158 2760 ρει.

945 2802 1048 2833 Vnrite
1067 2802 1236 2833 lectiones.

301 2879 324 2894 ”
341 2879 474 2910 ίππευτὲς
494 2879 550 2906 ΛΠ.
588 2879 609 2894 ⁸⁷
625 2879 748 2911 ἐγένοντο
765 2879 795 2905 Α.
836 2879 858 2894 ⁸⁸
874 2865 1038 2904 ἐπεϐόσκετο
1052 2878 1085 2905 ll.
1124 2879 1146 2894 ⁸⁵
1165 2877 1298 2910 γενόμενα
1319 2877 1376 2903 Illi.

1025 2914 1047 2929 ⁷⁸
1064 2912 1210 2948 συντρίψας
1222 2912 1254 2939 R.

274 2914 300 2941 hi
340 2914 362 2929 ⁷³
382 2914 458 2947 ἔληξε
479 2915 512 2940 lt.
551 2914 573 2930 '-"
588 2914 661 2948 αὺτῲ
680 2913 713 2939 ll.
752 2915 772 2930 ⁷³
792 2913 938 2947 πολυχανὲς
954 2915 986 2940 Λ.

1433 2877 1454 2891 ⁷⁰
1469 2876 1591 2908 ἐγίνοντο
1605 2874 1662 2902 RR.

1293 2913 1315 2928 τσ
1332 2911 1480 2943 Βυζαντίδα
1496 2910 1554 2937 Illi.

1702 2875 1723 2891 “
1739 2873 1899 2909 ἀμφίτομον
