2047 3153
255 179 319 211 ’399

260 234 307 261 “il
327 235 355 261 δὲ
371 235 416 261 τὸν
433 236 629 271 συνοικήσαντα
645 235 691 262 καὶ
711 235 839 263 κοινωνὸν
859 236 905 262 τοῦ
922 236 980 271 βίου

269 280 324 315 Τῆς
342 280 432 312 δεξιᾶς
448 280 580 315 πεποίηκε
593 281 640 307 καὶ
660 279 818 315 σωζομένης
836 281 945 316 μοίρας.

263 326 415 352 Κάνταῦθα
433 326 512 360 μόνον
527 325 565 360 τῷ
578 325 660 352 Δαίὶδ
675 325 761 360 ἤχησε
777 326 853 361 παρὰ
867 326 947 360 μέλος

274 371 307 397 'H
323 372 449 402 καὶτοὺς
473 371 563 402 λίθους
589 371 723 405 Θέλγουσα
748 372 916 408 καλλιμελὴς
943 373 1052 409 κινύρα.

275 415 307 441 Ἠ
321 415 370 449 μὲν
384 415 437 449 γὰρ
452 415 632 449 ἀποφαίνεται
648 415 708 450 Θεῷ
722 416 913 451 ψαλαττομένη
924 425 930 432 ·

268 469 279 483 «
310 460 379 490 Τοὺς
395 459 577 493 μονοτρόπους
592 460 605 485 ὁ
627 460 692 491 Θεὸς
715 461 744 487 ὲν
767 461 833 495 οἴκῳ
859 460 1020 493 κατοικίζει.
1041 471 1050 487 ι

267 503 398 530 Ἐνταῦθα
413 503 441 530 δὲ
456 503 608 539 συνέδραμε
628 505 728 540 κόπρος
742 505 835 532 εὐώδει
848 506 926 542 μύρῳ

257 550 320 575 Καὶ
335 549 412 583 ῥόδον
432 549 634 585 ὲρυθρόφυλλον
654 551 760 586 ἀχέρδῳ
772 553 946 588 κεντροφίρῳ

265 596 319 621 Καὶ
332 595 431 630 χρῶμα
442 595 619 630 χολοϐάφινον
636 596 762 632 βάμματι
778 599 935 633 πορφυρέῳ.

272 643 304 668 Ἦ
319 642 368 678 μὲν
383 643 438 678 γὰρ
456 643 557 674 πάσαις
575 644 686 678 ἀρεταῖς
699 644 854 679 κατάφυτον
869 642 904 680 ἦν
922 644 1002 675 ᾰλσος

254 687 320 713 ’Καὶ
333 687 421 722 κῆπος
436 688 650 723 χαριτόϐλαστος
672 688 719 715 καὶ
733 689 840 724 δένδρον
855 689 1016 724 εὐκοσμίας,

271 732 301 758 ’0
318 732 346 757 δὲ
362 732 464 766 χωρίον
477 732 609 767 ἄντικρυς
626 733 758 768 τριὸόλων
773 728 931 765 δυσσεϐείας

268 777 323 803 Καὶ
342 777 422 812 βάτος
430 778 615 813 ἁκανθοὸελὴς
631 779 678 804 καὶ
693 779 797 814 ῥάμνος
811 779 1051 814 σπλαγχνοτύπος.

269 822 322 847 Καὶ
339 823 393 857 γὰρ
406 822 628 858 ἀπεχθανόμενος
645 824 705 855 ταῖς
723 824 912 859 ίερογραφίαις

259 867 324 893 ~Kal
336 869 390 899 τοῖς
407 869 618 904 ἀπεικονίσμασι
630 869 749 903 Χριστοῦ
762 870 809 896 καὶ
821 869 875 896 τῶν
893 869 1051 906 μαρτύρων,

269 913 338 944 Τοὺς
362 914 552 949 ἀπινέμοντας
569 915 660 946 αὐτοῖς
676 914 707 941 τὺ
733 915 806 942 κατὰ
827 915 920 950 σχέσιν
948 916 1030 947 σέῦας
1045 916 1054 932 ⁷
1071 908 1092 936 Β

260 959 462 994 -Ἃνυποφόροις
493 960 540 986 καὶ
564 959 664 991 δειναῖς
683 959 882 994 στρεϐλώσεσιν
907 961 1008 988 ἐκάκου
1031 963 1053 989 ⁸.

269 1002 349 1030 Ἀλλὰ
374 1005 421 1030 καὶ
434 1004 497 1035 τοὺς
514 1003 706 1039 ὲκλάμποντας
724 1005 763 1039 τῷ
780 1004 831 1040 βίῳ
853 1005 901 1032 καὶ
917 1005 956 1040 τῷ
981 1005 1055 1041 λόγῳ

276 1048 362 1083 Ὑπὲρ
374 1049 497 1085 ἀστέρων
512 1049 655 1081 καλλονᾶς,
673 1050 743 1085 ὑπὲρ
759 1050 835 1086 ἡλίου
855 1050 947 1083 σέλας,

268 1094 319 1120 Τὸν
342 1095 414 1130 ἱερὸν
430 1095 576 1130 Θεόδωρον,
592 1095 637 1122 τὸν
658 1096 730 1122 θεῖον
747 1096 900 1131 Θεοφάνην,

265 1140 428 1174 Ἑπκροραῖς
445 1141 608 1176 βαρυαλγῶν
625 1140 750 1175 βασάνων
764 1141 907 1175 ἐκπιέσας,

267 1186 321 1212 Καὶ
329 1185 411 1220 φλοῦν
424 1186 470 1212 τοῦ
484 1185 612 1220 σώματος
626 1185 715 1212 αὐτῶν
729 1185 883 1222 βουνεύροις
898 1188 1054 1222 ὲκλεπίσας,

269 1231 377 1263 Ἐστιξε
389 1230 436 1257 xal.
449 1231 483 1258 τὰ
503 1231 616 1265 μέτωπα
633 1231 729 1265 μέχρις
744 1231 833 1257 αὐτῶν
847 1232 967 1266 ὀφρύων,
979 1231 981 1233 ’

269 1276 322 1302 Καὶ
340 1275 440 1308 τύπους
462 1275 625 1310 ἐνεχάραξεν
639 1277 731 1307 αὐτοῖς
757 1276 968 1312 ίαμδοπλόκους.

303 1319 380 1348 οὗτοι
398 1322 447 1357 μὲν
462 1319 507 1348 οὖν
523 1322 571 1357 τὴν
585 1322 712 1357 κέντησιν
729 1323 778 1357 τὴν
794 1325 984 1358 ἐπιμετωπίαν

275 1367 316 1398 Ὠς
330 1368 427 1401 στέφος
439 1368 655 1402 καταμάργαρον
673 1367 838 1402 λιοολαμπὲς
851 1370 968 1404 ἐφόρουν
979 1379 985 1385 ⁸

273 1414 301 1438 '0
317 1413 428 1448 κράτωρ
442 1412 470 1439 δὲ
487 1412 614 1447 Θεόφιλος
631 1413 694 1448 περὶ
706 1413 755 1448 μὲν
764 1414 812 1446 τὰς
827 1415 935 1446 εἰκόνας

266 1461 321 1487 Καὶ
335 1461 368 1487 τὰ
386 1460 638 1495 στηλογραφήματα
654 1460 707 1486 τῶν
724 1461 805 1496 ἱερῶν
823 1462 976 1497 προσώπων

850 179 1104 210 CONSTANTINI
1125 181 1312 212 MANASSIS

1836 183 1891 213 400

1067 240 1089 267 Α
1106 238 1193 271 Ἀγαν
1207 239 1308 271 σκαιῶς
1325 239 1372 265 καὶ
1386 239 1510 274 πονηρῶς
1521 247 1567 264 και
1582 238 1758 272 κακοτρόπως
1767 235 1850 273 εῖχεν,

1105 282 1144 310 Τὰ
1158 283 1180 309 δ’
1198 283 1264 309 ἄλλα
1279 284 1326 309 καὶ
1336 283 1533 318 λαμπρὸψυχος
1548 281 1581 317 ἦν
1593 283 1639 309 καὶ
1665 281 1891 317 μεγαλογνώμων

1104 327 1159 354 Καὶ
1171 327 1217 354 τοῦ
1231 328 1334 354 δικαίου
1348 328 1512 363 φροντιστὴς
1524 328 1570 354 καὶ
1589 327 1643 354 τῶν
1657 327 1772 354 ἐνδίκων
1787 328 1890 362 νόμων.

1103 373 1218 407 Σημεῖόν
1229 373 1426 408 ἐναργέστατον
1438 373 1488 408 τῆς
1504 372 1742 408 μεγαλοπρεπείας

1109 418 1247 452 Ὀργάνων
1260 418 1448 454 φιλοτέχνησις
1465 419 1519 445 τῶν
1534 418 1782 453 χρυσιοκροτήτων,

1110 463 1155 495 Ἐξ
1167 460 1203 489 ὧν
1223 464 1452 498 ἀναπεμπόμενον
1466 464 1495 490 ἐν
1511 464 1620 498 μηχανῇ
1634 463 1663 490 τὸ
1675 463 1784 498 πνεῦμα

1105 508 1159 539 Τὰς
1174 508 1335 540 εὺκελάδους
1348 509 1395 535 καὶ
1415 508 1534 544 τερπνὰς
1555 507 1838 542 ἁπήχειμελουργίας

1105 553 1160 579 Καὶ
1171 552 1281 588 λιγυρὸν
1301 553 1475 588 μουσίχευμα
1490 552 1629 588 γάργαλον
1640 552 1788 588 ἀπορρέον.

1105 597 1157 624 Σὺν
1173 599 1279 631 τούτοις
1299 600 1333 626 τὰ
1344 600 1504 634 κατάχρυσα
1520 599 1567 626 καὶ
1583 598 1773 634 τηλαυγοῦντα
1784 598 1892 634 δένδρα,

1105 643 1223 678 Χρυσίου
1240 644 1272 679 τῇ
1292 644 1443 680 χλωρότητι
1456 644 1632 680 πυῤῥάζοντα
1654 643 1802 678 μακρόθεν,

1111 688 1156 715 Ὲν
1169 686 1210 720 οἷς
1222 690 1351 724 στρουθία
1363 690 1480 725 μουσικὰ
1494 690 1682 725 χρυσότευκτα
1696 689 1828 723 καθῆστο,

1111 733 1154 765 Ὠς
1170 735 1199 760 ὲν
1216 734 1343 766 πετάλοις
1357 736 1450 767 πίτυος
1466 735 1483 770 ἢ
1502 735 1606 770 πεύκης
1621 735 1790 771 ἁκροκόμου,

1111 779 1158 805 Ἐκ
1171 781 1294 815 μηχανῆς
1314 780 1444 815 ἐκχέοντα
1461 780 1570 815 λάλημα
1587 781 1723 814 μελιτόεν.

1105 825 1198 857 Οὕτως
1213 825 1366 860 ἀνθρώπων
1377 827 1536 862 τεχνουργοὶ
1548 826 1749 862 πολυμηχάνων
1763 828 1855 862 χεῖρες

1115 869 1327 904 ’Δντιφερίζουσι
1347 870 1446 906 μικροῦ
1459 872 1491 906 τῇ
1503 871 1644 906 ψυχωτρίᾳ
1659 870 1750 905 φύσει.

1143 915 1173 941 Εἰ
1186 915 1213 941 δέ
1225 924 1267 946 τις
1281 915 1476 951 ἀκριϐέστερον
1487 916 1655 951 καταμαθεῖν
1668 917 1777 952 θελήσει

1106 960 1142 986 Τὸ
1159 961 1346 996 μεγαλόψυχον
1361 961 1443 988 αὑτοῦ
1457 962 1504 988 καὶ
1517 962 1566 997 τὴν
1579 961 1769 997 φιλοκοσμίαν,

1106 1002 1154 1035 Et;
1173 1003 1236 1034 τοὺς
1248 1004 1494 1038 θαλασσογείτονας
1510 1005 1635 1040 piceam
1651 1007 1826 1042 περιὸόλους,

1106 1049 1138 1076 οἳ
1154 1049 1204 1085 τὴν
1219 1049 1349 1086 λαμπρὰν
1363 1052 1392 1077 ὲν
1408 1051 1502 1078 πόλεσι
1519 1052 1735 1087 περιῳρουροῦσι
1750 1053 1840 1079 πόλιν.

1106 1095 1216 1129 Χειμὼν
1228 1095 1282 1131 γὰρ
1296 1095 1392 1131 ἄγριός
1405 1105 1471 1123 ποτε
1492 1097 1665 1132 κατενεχθεὶς
1681 1099 1690 1114 ³
1706 1097 1860 1133 βαρύθρους

1107 1140 1162 1176 Τὴν
1175 1141 1265 1176 ἅλμην
1279 1142 1503 1177 ὲκρυστάλλωσεν
1518 1142 1570 1174 ἕως
1583 1143 1702 1170 ἀπλέτου
1715 1144 1815 1179 βάθους

1106 1187 1162 1213 Καὶ
1177 1187 1227 1222 τὴν
1243 1188 1331 1224 ὑγρὰν
1341 1188 1455 1215 ἐλίθωσε
1468 1189 1558 1223 πήξας
1569 1190 1654 1224 αὐτῆς
1667 1190 1717 1224 τὴν
1734 1190 1823 1225 ῥύσιν.

1106 1232 1162 1259 Καὶ
1171 1233 1309 1260 θάλασσαν
1319 1233 1484 1268 ὠστράκωσε
1496 1235 1646 1269 δυσάνεμος
1656 1235 1770 1270 ψυχρία.

1107 1279 1185 1305 Μετὰ
1201 1279 1298 1313 μικρὸν
1312 1279 1334 1305 δ’
1347 1279 1503 1312 αὐγάσασαι
1518 1279 1685 1314 Θερμότητες
1700 1280 1776 1315 ἡλίου

1107 1325 1144 1350 Τὸ
1159 1325 1267 1359 συνεχὲς
1283 1325 1432 1351 διέσπασαν
1448 1325 1496 1359 τῆς
1508 1325 1671 1359 λιθωοείσης
1685 1326 1788 1360 ἅλμης,

1108 1369 1263 1396 Κάντεῦῡεν
1283 1371 1482 1406 ἀπερράγησαν
1499 1370 1674 1405 κρυστάλλων
1690 1371 1860 1402 succussu,

1108 1413 1161 1439 Καὶ
1171 1413 1261 1445 λίθους
1276 1414 1480 1449 ἁμαξοπληθεῖς
1495 1415 1609 1442 νικῶσαι
1622 1414 1661 1450 τῷ
1677 1415 1798 1450 μεγέθει.

1110 1455 1178 1485 Εἰπέ
1199 1468 1240 1490 τις
1259 1458 1291 1486 ἂν
1301 1459 1338 1492 ὡς
1353 1460 1470 1495 κορυφαὶ
1487 1459 1707 1496 βαθυφαράγγων
1719 1460 1808 1494 λόφων

1728 1505 1807 1534 Vers.
1824 1506 1896 1534 4817

267 1568 347 1594 quam
366 1568 397 1587 ex
421 1560 567 1588 arboribus
585 1560 688 1588 Edenis
713 1561 893 1596 percipiebat,
917 1562 1054 1598 privavit:
1069 1577 1091 1607 ρ
1107 1567 1239 1602 picturas,
1258 1567 1285 1595 in
1300 1569 1399 1596 statuis
1422 1576 1575 1604 expressas,
1603 1569 1719 1597 allectus
1736 1574 1835 1597 caetera
1850 1578 1898 1605 ge-

269 1608 325 1632 luec
339 1606 468 1633 maritum
484 1606 601 1640 vitatque
617 1606 722 1634 socium
737 1607 774 1635 ad
789 1608 929 1636 dexteram
951 1615 1055 1644 partem

267 1658 362 1677 eorum
382 1650 504 1677 traduxit
517 1650 564 1685 qui
581 1651 696 1679 salutem
714 1657 929 1687 consequuntur.
945 1654 979 1681 Et
995 1655 1056 1689 qui-

268 1695 329 1721 deut
354 1694 399 1722 hic
423 1699 529 1722 tantum
555 1696 646 1723 suavis
667 1696 713 1724 illa
735 1697 840 1725 cithara
860 1698 980 1731 Davidis,
998 1699 1056 1734 ipsa

268 1747 376 1774 quoque
386 1748 450 1768 saxa
463 1741 780 1777 dentulcenquuiddam
795 1743 929 1771 absonum
944 1745 1055 1777 cecinit,

266 1792 328 1810 eum
343 1785 381 1812 ait
398 1786 483 1813 Deum
500 1787 581 1814 unius
596 1792 624 1814 et
636 1787 759 1822 ejusdem
778 1789 879 1816 indolis
895 1794 977 1824 atque
996 1797 1056 1817 mo-

267 1836 327 1855 rum
341 1829 466 1857 homines
478 1830 506 1857 iu
519 1838 604 1859 unum
624 1831 795 1859 domicilium
816 1833 962 1862 collocare.
987 1835 1055 1862 Nam

264 1874 309 1901 hic
336 1879 443 1905 stercus
460 1879 488 1904 et
513 1880 683 1912 unguentum
710 1876 844 1912 fragrans,
868 1886 929 1906 rosa
954 1880 1056 1908 rubens

262 1926 290 1948 et
304 1921 441 1950 acherdus
452 1923 575 1957 spinosa,
594 1924 714 1950 tinctura
731 1922 793 1950 bilis
805 1928 834 1950 et
847 1931 977 1958 purpura:
997 1925 1057 1952 coi-

262 1972 372 1994 veruut.
399 1967 543 1995 'l‘heodora
558 1969 633 1995 enim
646 1968 727 1996 lucus
741 1973 801 1996 erat
823 1970 932 1997 cunctis
945 1970 1056 1998 virtuti-

261 2011 314 2038 bus
331 2017 456 2045 ornatus,
480 2012 605 2039 consitus
627 2012 723 2046 gratiis
747 2012 855 2044 hortus,
871 2014 953 2040 arbor
966 2015 1056 2042 omnis

263 2057 404 2091 elegantiae
427 2057 635 2091 modestiaeque.
658 2057 828 2092 Theophilus
840 2066 855 2085 e
870 2058 980 2086 diverso
992 2068 1057 2095 ager

264 2107 324 2130 erat
339 2110 421 2130 merae
432 2103 582 2137 impietatis
597 2103 706 2130 tribulis
718 2103 848 2136 refertus,
865 2105 951 2132 rubus
965 2112 1055 2140 asper,

263 2147 366 2175 laedens
391 2148 498 2175 viscera
530 2148 673 2176 rhamnus.
698 2148 767 2176 Nam
795 2149 882 2176 sacris
910 2150 1010 2178 litteris
1030 2156 1058 2179 et

264 2192 367 2220 Christi
382 2197 590 2228 martyrumque
614 2193 781 2229 imaginibus
796 2193 922 2227 infestus,
935 2203 983 2223 eos
997 2204 1056 2224 om.

1106 1620 1223 1640 nerosus
1236 1619 1306 1646 erat,
1324 1614 1445 1649 praeclari
1457 1615 1566 1650 judicii,
1578 1614 1647 1650 juris
1657 1619 1684 1642 et
1698 1615 1769 1650 ecqui
1787 1621 1899 1643 sancta-

1107 1666 1224 1693 rumque
1244 1659 1336 1694 legum
1366 1660 1636 1689 observantissimus.
1667 1661 1897 1696 Magniﬁcentiam

1107 1705 1159 1731 viri
1186 1705 1251 1732 licet
1273 1713 1307 1733 ex
1331 1706 1382 1733 hoc
1412 1706 1620 1734 evidentissimo
1646 1706 1748 1734 indicio
1773 1707 1897 1741 colligas,

1107 1750 1163 1785 98
1175 1751 1248 1785 quod
1268 1756 1357 1779 artem
1381 1752 1546 1786 excogitavit
1562 1752 1698 1780 condendi
1714 1760 1814 1788 organa
1833 1761 1896 1779 mu-

1107 1796 1174 1827 sica,
1191 1796 1224 1823 de
1241 1797 1343 1831 quibus
1366 1797 1491 1824 machina
1510 1797 1626 1832 quadam
1647 1798 1761 1832 spiritus
1780 1798 1899 1825 emissus

1104 1841 1242 1876 jucuudos
1268 1849 1299 1868 ac
1326 1842 1447 1869 suaviter
1480 1847 1642 1870 resonantes
1671 1839 1769 1869 cantus
1804 1843 1896 1870 edicit.

1107 1886 1184 1913 Adde
1204 1886 1247 1914 bis
1263 1887 1375 1915 arbores
1391 1887 1451 1915 illas
1464 1895 1563 1915 aureas
1581 1888 1688 1922 lateque
1710 1888 1897 1922 splendentes,

1107 1931 1135 1959 in
1159 1932 1260 1967 quibus
1276 1933 1389 1960 avicula:
1411 1934 1522 1960 musicae
1536 1941 1569 1960 ex
1588 1941 1656 1960 auro
1678 1933 1758 1960 facta:
1772 1934 1900 1962 conside-

1108 1977 1174 2005 bant
1197 1982 1324 2013 tanquam
1338 1979 1365 2006 in
1386 1979 1467 2013 pinus
1482 1982 1528 2005 aut
1543 1986 1665 2013 procerae
1692 1979 1776 2013 picea:
1802 1980 1899 2012 ramis.

1108 2023 1202 2050 itidem
1217 2024 1350 2051 machinae
1373 2024 1516 2060 cujusdam
1534 2031 1616 2059 opera
1633 2024 1760 2051 melleum
1787 2033 1897 2052 carmen

1109 2067 1291 2096 modulantes.
1308 2069 1442 2096 Nimirum
1457 2069 1493 2096 ita
1512 2069 1669 2096 mortalium
1691 2070 1767 2096 varia
1788 2071 1899 2106 excogi-

1109 2113 1225 2140 tantium
1244 2113 1399 2141 artiﬁciosa:
1417 2122 1513 2142 manus
1542 2123 1638 2149 parum
1660 2115 1738 2142 abest
1754 2115 1819 2150 quin
1841 2116 1898 2150 ipsa

1108 2165 1170 2184 cum
1201 2163 1309 2190 natura,
1334 2166 1377 2185 res
1401 2159 1475 2187 vivas
1504 2160 1684 2194 producente,
1710 2161 1736 2186 iu
1759 2166 1898 2188 certamen:

1107 2202 1286 2229 descendant.
1323 2202 1427 2236 Quodsi
1453 2205 1515 2238 quis
1543 2206 1698 2232 accuratius
1733 2213 1899 2240 cognoscere

265 2245 316 2266 nes
339 2238 552 2266 intolerantibus
569 2244 597 2266 et
611 2239 780 2274 gravissimis
801 2241 945 2269 tormentis
958 2250 1056 2270 excru-
1071 2251 1094 2278 ι)
1108 2247 1183 2281 cupit
1206 2247 1352 2282 Theophili
1372 2249 1600 2284 magniﬁcentiam
1615 2255 1642 2277 et
1658 2250 1684 2276 in
1700 2238 1781 2277 rebus
1799 2259 1900 2277 ornau-

265 2283 356 2311 ciabat
368 2283 416 2318 qui
429 2283 532 2310 cultum
547 2284 588 2311 eis
603 2283 732 2319 religiose
749 2285 900 2312 deferrent.
923 2286 1057 2315 Prazterea

265 2329 367 2356 sanctis
388 2328 456 2356 viris
468 2329 613 2356 Theodoro
626 2337 658 2356 ac
674 2329 852 2365 Theophane,
869 2331 916 2366 qui
931 2336 986 2359 tam
1001 2333 1057 2361 vita

263 2383 347 2410 quam
374 2375 500 2403 doctrina
527 2383 611 2410 supra
637 2375 758 2403 siderum
783 2377 1015 2412 pulchritudinem
1029 2385 1058 2407 et

263 2421 331 2449 solis
338 2421 422 2457 jubar
432 2421 577 2453 lucebant,
595 2420 760 2449 tristissimis
772 2423 942 2451 cruciatibus
952 2424 1059 2453 alllictis

261 2473 291 2495 et
311 2468 402 2503 ﬂagris
423 2467 571 2495 excoriatis
586 2488 593 2500 ,
624 2467 706 2495 etiam
728 2468 822 2495 vultus
835 2468 868 2495 ad
885 2469 944 2504 ipsa
970 2477 1057 2504 usque

263 2513 409 2548 supercilia
432 2513 507 2541 notis
533 2513 721 2545 deformavit,
750 2518 779 2541 et
801 2521 899 2542 versus
923 2515 1056 2543 iambicos

264 2559 331 2594 ipsis
366 2559 531 2593 impressit;
558 2567 627 2594 quas
660 2559 699 2586 illi
727 2565 807 2586 notas
837 2559 921 2587 fronti
956 2561 1061 2588 inustas

263 2612 319 2632 non
342 2604 423 2632 aliter
445 2605 589 2640 gestabant
611 2608 694 2640 atque
708 2612 838 2632 coronam
868 2606 1017 2635 unionibus
1029 2613 1057 2635 et

263 2650 378 2684 gemmis
391 2656 562 2678 exornatam.

298 2697 365 2724 Tam
379 2696 465 2731 impie
477 2701 584 2728 autem,
598 2696 753 2724 immaniter
763 2701 792 2724 et
804 2697 922 2732 maligne
939 2697 1056 2732 impera-

264 2746 306 2768 tor
320 2741 493 2776 Theophilus
506 2748 569 2775 erga
584 2741 717 2776 imagines
730 2747 758 2769 et
771 2749 914 2769 sacrorum
930 2743 1054 2770 vultuum

1107 2291 1150 2318 dis
1161 2292 1294 2325 studium,
1307 2293 1330 2321 is
1344 2293 1410 2320 mihi
1423 2294 1504 2321 velim
1523 2302 1619 2322 muros
1636 2295 1696 2322 illos
1711 2295 1779 2321 mari
1795 2296 1900 2322 vicinos

1107 2335 1258 2363 intueatur.

1143 2381 1247 2408 Accidit
1261 2382 1334 2409 enim
1348 2381 1407 2417 ipso
1424 2382 1574 2418 imperante
1590 2389 1620 2410 ut
1631 2383 1719 2411 hiems
1734 2391 1807 2411 saeva
1823 2391 1899 2410 mare

1107 2429 1218 2460 cogeret
1239 2426 1266 2453 in
1283 2427 1397 2461 glaciem
1415 2428 1448 2454 ad
1472 2428 1686 2462 profunditatem
1704 2436 1769 2456 sane
1784 2429 1900 2455 immen-

1108 2478 1180 2503 sam,
1205 2472 1403 2507 humidumque
1419 2473 1484 2500 illud
1500 2474 1666 2501 elementum
1687 2474 1788 2508 lapidis
1799 2475 1832 2501 ad
1848 2476 1899 2500 du-

1110 2517 1199 2544 ritiem
1215 2518 1336 2545 lluxione
1361 2526 1473 2553 prorsus
1490 2519 1616 2554 adempta
1634 2519 1784 2555 redigeret,
1798 2519 1901 2554 frigore

1107 2562 1237 2589 nimirum
1258 2570 1291 2590 ex
1306 2563 1416 2591 acribus
1441 2568 1585 2591 ventorum
1612 2564 1724 2591 ﬂatibus
1740 2569 1803 2591 orto
1825 2572 1900 2590 mare

1105 2613 1193 2634 totum
1211 2616 1261 2636 ceu
1288 2613 1438 2636 testaceum
1465 2609 1611 2637 efficiente.
1635 2610 1695 2636 Non
1718 2610 1806 2636 multo
1827 2614 1899 2644 post,

1107 2653 1247 2681 radiorum
1262 2654 1392 2681 solarium
1407 2655 1512 2682 calores
1525 2655 1559 2682 ad
1572 2655 1630 2682 saxi
1646 2655 1762 2682 formam
1776 2655 1898 2682 indurati

1105 2698 1190 2726 maris
1221 2699 1432 2727 continuilatem
1448 2700 1606 2734 solvebant;
1624 2700 1697 2728 unde
1709 2700 1792 2727 ﬁebat
1804 2706 1834 2728 ut
1844 2699 1900 2735 gla-

1106 2744 1157 2770 ciei
1174 2744 1309 2779 fragmina
1336 2744 1468 2780 reliquoa
1481 2753 1596 2781 corpore
1621 2747 1819 2780 avellerentur,
1839 2753 1900 2781 quze

945 2810 1049 2841 Varius
1066 2811 1235 2842 lectiones.

302 2867 312 2882 "
329 2867 406 2894 lluuc
420 2874 527 2894 versum
540 2875 595 2896 om.
616 2868 648 2895 Β.
684 2869 694 2885 ⁸
709 2869 865 2898 κακώσεσιν
880 2872 1024 2907 ἐστρέϐλου
1045 2874 1056 2899 [4

1116 2874 1126 2890 ³
1138 2873 1317 2906 κατασχεθεὶς
1336 2874 1371 2908 R,
1389 2883 1422 2902 an
1443 2875 1621 2909 καταχεθείςῖ
