2047 3153
251 182 304 214 407

837 184 906 214 (2οΝ
913 184 1092 215 S'I‘ANTINI
1113 186 1192 217 MAN
1195 188 1299 218 ASSLS

1823 188 1877 220 408

254 242 308 269 Τοῦ
324 242 481 277 πνεύματος
495 243 552 274 ταῖς
577 242 671 277 χάρισι
686 242 732 268 τοῦ
750 243 837 269 πάντα
862 241 1039 274 τελειοῦντος.
1056 246 1076 273 Α
1095 253 1103 270 ι
1123 244 1242 273 Τοιαῦτά
1254 255 1310 280 μοι,
1325 247 1470 282 θαυμάσιε,
1488 248 1552 284 περὶ
1568 248 1616 275 τοῦ
1629 247 1762 284 βασιλέως

260 289 483 324 Ἀγχιοεάζοντας
496 289 592 316 οὐκοῦν
604 289 704 324 ἄνδρας
718 289 922 323 συναγαγοῦσα,

255 333 432 365 Δικελλευτὰς
445 334 478 365 ⁵⁸,
494 333 526 360 ἂν
538 334 609 360 εἴποι
635 342 687 366 τις,
706 335 877 370 φιλοεργοὺς,
901 335 1040 370 δοκίμους,

257 380 312 414 Τὴν
325 380 445 407 ἄκανθαν
456 379 594 407 ἀνέσπασε
604 381 654 414 τῆς
669 381 862 416 είκονομαχίας
881 381 916 408 ’⁸.

263 428 415 463 Ἐνθέρμως
430 429 453 454 δ’
470 428 633 455 ίκετεύσασα
648 430 670 444 ’⁷
685 430 747 460 τοὺς
772 429 932 461 Θεσπεσίους
945 430 1043 465 ἄνδρας

262 473 347 508 ’Υπὲρ
365 474 413 500 τοῦ
431 473 633 509 συζυγήσαντος
645 475 806 502 λιτάσααοαι
820 476 849 502 τὸ
866 476 954 509 Θείον,

257 519 311 544 Καὶ
324 520 441 545 πείσασα
454 520 499 546 καὶ
516 521 650 547 πίστωσιν
665 521 772 547 τελείαν
787 521 920 556 δεξαμένη

263 564 304 596 Ὠς
317 564 371 591 τῶν
387 557 510 600 βασάνων
526 565 581 592 τῶν
596 567 653 592 ἐκεῖ
664 566 794 601 Θεόφιλος
811 567 943 602 ὲρῤὑσθη,

260 609 435 643 Ὀμόδειπνος
447 612 556 646 ἐγένετο
567 612 589 628 ¹³
603 614 659 644 τοῖς
672 613 754 648 Ξερηῖς
766 613 896 647 ἀνδρὲσιν

261 655 378 691 Ἀϐρὰν,
390 657 633 693 λιπαροτράπεζαν
645 660 766 686 ἑστίασιν
781 660 905 687 τελοῦσα.

256 700 343 735 Συνῆν
355 701 377 727 δ’
391 702 481 733 αὐτοῖς
501 702 516 728 ὁ
536 702 652 738 χρύσεος
679 703 730 737 τὴν
742 704 868 737 γλῶσσαν
897 704 1046 739 Θεοφάνης,

261 745 293 772 Ὀ
311 746 360 781 τὴν
368 747 471 781 πικρὰν
486 748 642 782 ὑπενεγκὼν
666 749 751 782 στίξιν
765 751 793 775 ὲν
809 750 846 784 τῷ
865 750 994 786 μετώπῳ,

258 790 315 825 Τῆς
327 791 452 818 Νικαέων
463 792 566 824 πόλεως
578 793 615 820 ὣν
632 794 781 830 ἁρχιθύτης
799 795 820 811 ’³
832 795 902 822 τότε.

265 834 310 867 Ὦς
326 835 416 863 τοίνυν
435 837 589 873 ἐνητένιζεν
604 841 620 874 ἡ
636 839 762 875 Θεοδὼρα
775 840 863 875 τούτῳ

260 882 316 908 Καὶ
335 883 364 909 τὸ
379 885 607 920 καρτεροκάρδιον
623 886 704 921 ἐῴκει
720 886 908 922 θαμϐουμὲνῃ,

1095 291 1148 319 Καὶ
1162 294 1193 319 σὺ
1209 295 1257 320 καὶ
1273 293 1383 327 σύμπας
1401 294 1501 329 όχορδς
1513 293 1600 325 οὕτως
1614 293 1837 329 κατεπηγγέλλου
1848 302 1856 325 ;
1869 303 1877 318 ι

1101 339 1224 366 Ἐνταῦθ’
1242 340 1257 366 ὁ
1274 339 1505 374 μελιχρόγλωττος
1521 339 1652 371 Μεθόδιος
1664 341 1678 365 ὁ
1696 339 1777 370 θεῖος,

1102 385 1274 422 Ἀγελαρχῶν
1290 387 1338 421 τῆς
1355 386 1430 421 ἱερᾶς
1443 385 1559 421 ποίμνης
1573 386 1623 420 τῆς
1638 386 1700 417 νέας
1716 385 1738 401 ⁸⁸
1761 384 1879 420 Ῥώμης.

1103 433 1295 468 Ἐπιρῥαπίζει
1311 433 1340 459 τὺ
1357 429 1427 458 πολίἰ
1437 432 1485 467 τῆς
1498 432 1600 467 τόλμης
1609 432 1774 466 Θεοφάνους,

1099 481 1304 518 Παραμυθεῖται
1319 480 1368 516 τὴν
1379 480 1463 515 καλὴν
1473 479 1581 514 ἐκείνην
1596 479 1732 514 βασιλίδα,

1097 528 1167 559 Τοὺς
1176 527 1230 554 τῶν
1240 527 1366 562 δακρύων
1381 527 1493 562 ὀχετοὺς
1504 527 1638 561 εὐτέχνως
1650 526 1811 557 ἀνακόπτει,

1099 573 1283 606 Κατασιγάζει
1296 573 1342 599 τὸν
1357 571 1443 607 βαρὺν
1456 571 1578 598 κλύδωνα
1590 572 1639 605 τῆς
1654 571 1779 605 καρδίας,

1099 619 1201 652 Λόγους
1216 619 1305 653 ψυχῆς
1320 619 1504 653 μαλακτικοὺς
1519 618 1557 649 ὡς
1572 617 1661 644 ἔλαιον
1681 617 1826 650 σταλάξας.

1099 663 1202 698 Μέχρις
1215 664 1263 697 μὲν
1275 662 1321 690 οὖν
1335 664 1349 690 ὁ
1365 663 1492 698 βασιλεὺς
1504 660 1538 697 ἦν
1551 661 1590 688 ἑτι
1606 661 1796 695 παιδαρισκος,

1100 709 1178 743 Αὐτῷ
1189 709 1272 744 συνῆν
1285 709 1302 743 ἠ
1317 709 1421 743 βασιλὶς
1430 708 1476 734 καὶ
1492 708 1585 742 μήτηρ
1598 706 1726 740 Θεοδὼρα

1102 756 1156 781 Καὶ
1168 754 1246 781 πάντ’
1270 754 1357 780 ἐποίει
1372 753 1477 785 δεξιῶς,
1495 752 1621 779 ίθύνουσα
1641 750 1763 785 κοσμίως

1101 802 1158 836 Τὴν
1172 801 1239 829 ναῦν
1252 801 1302 836 τὴν
1319 800 1522 836 μεγαλόφορτον
1534 799 1585 834 τῆς
1602 796 1885 834 σκηπτροκρατορίας.

1109 849 1186 876 Ἐπεὶ
1198 847 1220 874 δ’
1231 848 1271 879 είς
1281 847 1352 882 ἥϐην
1364 846 1462 882 ἤλασεν
1477 847 1491 873 ὁ
1506 844 1616 880 Μιχαὴλ
1630 844 1753 878 ἀκμαίαν

1103 894 1160 921 Καὶ
1175 894 1254 929 μόνος
1267 893 1449 928 ἐπεδράττετο
1468 891 1639 927 πραγμάτων
1654 889 1833 924 τηλικούτων,

262 927 364 976 Συγξὶςᾉ
377 929 480 976 ἐκεῖνος
500 930 584 965 ἔφησε
609 932 735 966 σκληρῶς
752 933 798 958 καὶ
818 933 998 967 πικροθύμως
1014 933 1047 949 ³⁸³·
1066 922 1086 948 Β
1104 922 1215 976 Ἔργοις
1233 922 1264 966 τὸ
1280 922 1462 974 μυθευόμενον
1475 922 1574 969 ἔδειξέν
1584 922 1726 971 ἀληθεύειν
1739 943 1747 951 °

264 980 276 998 ί
299 971 381 1008 Ὁρᾷς
399 974 449 1009 τὴν
458 977 675 1010 προμετώπειον,
692 977 808 1009 ἄνασσα,
826 978 928 1012 ταύτην
949 977 1050 1012 στίξινς

265 1016 366 1044 Ἕνεκα
392 1019 495 1054 ταύτης
519 1021 587 1055 πρὸς
603 1020 649 1047 τὸν
676 1022 721 1047 σὴν
745 1021 890 1056 διχάσομαι
918 1023 1049 1057 γαμέτην,

264 1058 351 1088 Ὅπου
370 1063 466 1099 κριτὴς
481 1066 494 1091 ὀ
505 1065 652 1099 πάγκοινος
670 1066 807 1093 ἀδέκαστα
826 1066 931 1098 δικάζει
946 1067 980 1099 ³⁸,

263 1107 329 1134 Οὐδὲ
342 1109 475 1143 λαμϐάνει
490 1110 645 1145 πρόσωπον,
661 1112 721 1139 οὐδὲ
739 1112 950 1147 δωροληπτείται
965 1113 998 1145 ³¹,

263 1153 331 1180 Οὐδὲ
342 1154 391 1190 τὴν
407 1156 611 1192 περιπόρφυρον
626 1157 752 1192 χλαμύδα
764 1158 939 1184 δυσωπεῖται.
962 1167 971 1184 ›

262 1199 335 1234 Πρὸς
348 1200 426 1228 ταῦθ’
440 1202 456 1236 ἡ
471 1202 651 1237 περιλάλητος
668 1204 697 1230 ὲν
710 1204 832 1237 γυναιξὶν
846 1203 938 1238 ἐκείνη

263 1246 421 1280 Περιπαθὲς
449 1247 592 1282 οίμώξασα
605 1250 651 1275 καὶ
668 1249 754 1285 μέσης
766 1251 797 1276 ὲκ
814 1250 938 1285 καρδίας,

263 1290 320 1316 Καὶ
332 1291 565 1327 δακρυσίστακτον
578 1293 663 1328 αὐτῆς
678 1294 708 1319 τὺ
723 1294 868 1329 πρόσωπον
881 1294 991 1328 Θεμένη,

270 1336 314 1368 Ὠς
325 1337 415 1373 κρήνη
427 1347 467 1370 τις
487 1339 652 1374 μελάνυδρος
663 1339 762 1374 ὑψόθεν
773 1340 843 1366 κατὰ
865 1340 967 1375 πέτρας

265 1382 317 1408 Τὸν
330 1383 394 1419 ῥοῦν
407 1384 634 1419 διακροννίζουσα
650 1385 757 1418 φλεϐῶν
769 1386 801 1412 ὲκ
814 1385 837 1401 ³³
850 1386 1000 1421 ναματίων,

265 1428 359 1464 Φωνὴν
398 1429 542 1466 ἐξέρρηξεν
577 1431 708 1466 οἰκτρὰν,
752 1431 850 1467 δεῖγμα
890 1431 940 1467 τῆς

934 1486 1029 1522 [ζάλης
1043 1496 1049 1502 ·

981 1432 1053 1459 ἔνδον

266 1583 342 1610 labat
354 1586 383 1610 et
396 1585 516 1618 segetem
530 1584 667 1618 copiosam
685 1584 799 1613 ferebat.
815 1586 889 1613 velut
905 1594 968 1621 ager
979 1587 1053 1613 exci-

268 1627 500 1657 tatusafavoniis
520 1633 549 1656 et
563 1629 623 1665 ejus
651 1630 764 1665 spiritus
787 1631 874 1666 gratia
899 1632 944 1667 qui
964 1632 1056 1660 omnia

269 1674 389 1709 perﬁcit.
415 1674 598 1708 Quamobrem
630 1676 731 1704 coactis
759 1676 916 1704 hominibus
939 1678 1058 1713 acceptis

271 1720 338 1753 Deo,
354 1727 424 1755 quos
437 1728 492 1748 non
507 1721 599 1757 inepte
615 1721 717 1749 dixeris
733 1722 884 1750 industrios
901 1724 952 1751 soli
975 1723 1060 1751 fosso-

270 1774 326 1799 res,
341 1766 436 1802 spinas
450 1768 660 1803 oppugnationis
682 1769 830 1805 imaginum
854 1777 968 1804 prorsus
981 1771 1059 1797 evul-

270 1813 316 1841 sit.
332 1812 455 1848 Cumque
470 1813 579 1842 divinos
594 1814 719 1842 homines
744 1815 873 1842 ardenter
886 1815 1060 1843 obsecrasset

271 1863 301 1886 ut
315 1866 410 1894 preces
423 1859 457 1887 ad
471 1859 556 1886 Deum
573 1867 623 1895 pro
637 1860 736 1887 marito
755 1860 886 1888 defuncto
901 1860 1058 1893 funderent,

269 1903 352 1939 idque
369 1904 551 1939 persuasisset
572 1905 622 1938 eis,
637 1905 758 1940 etplane
778 1906 833 1941 jam
862 1906 965 1934 certior
988 1911 1061 1934 esset

267 1950 339 1978 facta
352 1950 534 1986 Theophilum
551 1952 664 1980 alterius
675 1952 740 1980 vitae
759 1952 903 1988 suppliciis
914 1952 1060 1980 liberatum

269 2004 350 2030 esse,
376 1997 446 2025 forte
464 2005 527 2025 cum
543 1999 645 2025 sanctis
667 1998 722 2027 illis
743 1998 902 2026 hominibus
926 1999 1061 2026 instructo

270 2042 351 2070 valde
376 2043 469 2077 opimo
497 2043 623 2070 convivio
650 2043 811 2078 prandebat.
841 2043 974 2070 Intererat
998 2043 1063 2070 huic

271 2091 373 2123 praeter
386 2088 455 2115 alios
468 2089 552 2116 etiam
566 2096 649 2116 aurea
664 2089 756 2124 lingua
771 2089 903 2124 praeditus
915 2089 960 2116 ille
974 2089 1064 2116 Theo-

272 2137 388 2171 phanes,
409 2136 487 2170 102
506 2136 584 2170 cujus
605 2136 686 2163 faciei
711 2142 783 2163 notae
806 2144 860 2163 non
884 2136 942 2163 sine
969 2136 1063 2164 dolore

273 2188 373 2216 magno
400 2180 498 2208 inusta:
522 2181 642 2209 fuerant.
669 2181 734 2209 Erat
761 2185 850 2209 autem
873 2181 925 2210 hoc
941 2186 1064 2217 tempore

275 2226 403 2261 princeps
417 2226 494 2254 urbis
508 2226 624 2254 Nicaanze
639 2232 740 2261 pastor.
755 2227 824 2254 Eum
843 2226 986 2254 Theodora
1001 2235 1063 2255 cum

1108 987 1154 1018 Ὦς
1165 986 1244 1017 ἄλλος
1256 985 1310 1020 γὰρ
1328 984 1489 1019 αὐτόχρημα
1511 982 1620 1009 Φαέθων
1640 981 1782 1017 νηπιάζων

1108 1032 1166 1065 Ἐφ’
1176 1031 1297 1067 ἂρματος
1313 1030 1427 1065 ἡνιοχῶν
1442 1029 1557 1055 εὐίππου
1570 1027 1748 1063 πυριτρόχου,

1103 1078 1158 1104 Καὶ
1172 1077 1221 1112 τὴν
1245 1075 1390 1110 Ῥωμαίων
1405 1074 1515 1101 ἃπασαν
1530 1073 1615 1100 ὤλεσε
1631 1071 1800 1108 χωραρχίαν,

1102 1122 1188 1154 Αὐτός
1203 1130 1233 1148 τε
1250 1121 1486 1155 παπποπατρικῆς
1501 1120 1587 1154 ἀρχῆς
1599 1117 1788 1153 ὲεεδιφρισθη,

1103 1168 1159 1195 Καὶ
1170 1167 1312 1201 κύμϐαχος
1327 1166 1476 1193 κατέπεσεν
1485 1166 1530 1192 ἐπὶ
1543 1164 1660 1199 βρεχμὸν
1674 1164 1721 1189 καὶ
1735 1163 1818 1194 νῶτα,

1109 1213 1212 1247 ’Δπέϐη
1223 1212 1244 1229 ³⁸
1253 1212 1307 1246 γὰρ
1319 1211 1445 1246 ὑγρόϐιος
1462 1211 1590 1245 ἄντικρυς
1603 1210 1681 1241 ἄλλος
1692 1209 1800 1244 Νέρων,

1104 1259 1246 1294 Πάροινος,
1264 1256 1467 1292 μαλακόψυχος,
1487 1255 1599 1291 μάχλος,
1617 1254 1819 1290 ἀκρατοπότης,

1106 1304 1190 1335 Ὂλας
1202 1303 1352 1339 χρημάτων
1375 1301 1516 1329 ἐπαντλῶν
1543 1301 1676 1332 ἀϐύσσους
1692 1301 1714 1316 ³⁸
1735 1301 1791 1331 τοῖς
1821 1306 1890 1333 συμ-

1737 1345 1889 1380 [παίκταις.

1107 1394 1278 1425 Γελοιασταῖς
1293 1393 1340 1420 καὶ
1366 1393 1497 1428 ρυπαροϊς
1516 1391 1762 1427 ἀρματοστρόφοις,
1785 1389 1889 1424 μίμοις,

1107 1440 1185 1474 ’Ἅμα
1201 1438 1274 1473 πρωῒ
1286 1438 1413 1466 διώκουσι
1427 1438 1477 1470 τὰς
1488 1437 1699 1473 ἀκρατοποσίας,
1824 1438 1840 1450 ⁵

1107 1487 1162 1513 Καὶ
1177 1485 1234 1520 βίον
1245 1484 1426 1520 τρυφεροϐιον
1443 1483 1531 1519 βιοῦσι
1542 1483 1704 1517 Συϐαρίτην,

1733 1526 1811 1554 Vers.
1823 1523 1889 1551 5037

1109 1587 1203 1620 rande,
1233 1592 1317 1622 tuque
1345 1591 1473 1621 totusque
1498 1589 1584 1613 castus
1605 1583 1651 1611 hic
1671 1582 1705 1610 de
1729 1581 1891 1616 imperatore

1109 1641 1171 1661 meo
1187 1632 1255 1660 mihi
1268 1632 1381 1667 polliciti
1396 1631 1482 1659 estis?
1498 1640 1507 1656 ι
1523 1630 1563 1658 lbi
1575 1629 1685 1656 divinus
1697 1632 1723 1655 et
1735 1634 1782 1653 ore
1795 1626 1892 1652 melleo

1109 1680 1240 1716 praeditus
1263 1679 1308 1707 ille
1331 1678 1502 1709 Methodius,
1533 1676 1579 1711 qui
1601 1681 1666 1703 tunc
1685 1673 1757 1708 apud
1779 1673 1892 1699 Romam

1110 1733 1207 1753 novam
1223 1725 1294 1752 sacri
1310 1723 1399 1759 gregis
1415 1727 1507 1758 pastor
1521 1726 1589 1754 erat,
1612 1720 1696 1747 nimia
1719 1715 1894 1752 Theophanis

1110 1772 1224 1800 audacia
1241 1771 1396 1805 ferociaque
1409 1769 1586 1804 reprehensa,
1602 1766 1760 1802 praeclaram
1778 1764 1895 1798 impera-

1112 1819 1207 1846 tricem
1221 1817 1389 1846 consolatur.
1409 1819 1467 1842 arte
1483 1815 1556 1841 rivos
1570 1813 1751 1848 lacrymarum
1767 1808 1893 1838 obstruit,

1111 1872 1220 1900 gravem
1242 1863 1333 1890 cordis
1361 1865 1549 1896 tempestatem
1579 1858 1674 1890 sedat,
1693 1853 1896 1884 emollientibus

1113 1911 1234 1937 animum
1249 1909 1341 1937 verbis
1355 1914 1481 1943 tanquam
1499 1907 1559 1934 oleo
1571 1904 1689 1940 quodam
1702 1901 1851 1930 instillatis.

1147 1956 1282 1984 Czeterum
1300 1954 1421 1990 quandiu
1440 1961 1508 1988 puer
1527 1955 1585 1980 erat
1608 1951 1767 1984 imperator,
1782 1949 1895 1972 matrem

1114 2002 1286 2030 Theodoram
1304 2007 1397 2028 secum
1411 1999 1539 2029 habebat,
1554 2004 1615 2032 quae
1628 1994 1719 2023 omnia
1741 1993 1835 2020 dextre
1853 1997 1898 2024 ger

1114 2047 1193 2075 rebat
1208 2046 1409 2081 imperiumque
1424 2043 1552 2079 praeclare
1563 2036 1895 2081 administrabathemm

1115 2092 1160 2120 ubi
1172 2080 1320 2119 Michaelus
1331 2094 1465 2117 maturam
1480 2089 1513 2115 ad
1527 2091 1634 2113 aetatem
1646 2081 1780 2118 pervenit.
1787 2080 1897 2115 jamque

1115 2137 1189 2165 solus
1206 2135 1416 2170 amplitudinem
1435 2132 1606 2167 negotiorum
1627 2127 1733 2163 imperii
1752 2129 1898 2161 procurare

1116 2181 1208 2217 cmpit.
1227 2169 1322 2215 reapse
1338 2186 1434 2207 verum
1459 2177 1526 2205 illud
1542 2175 1668 2211 probavit
1683 2180 1743 2200 esse
1764 2169 1836 2218 quod
1858 2172 1900 2218 est

1117 2229 1144 2255 in
1168 2227 1278 2254 fabulis.
1303 2225 1409 2260 Quippe
1425 2231 1498 2257 mox,
1523 2226 1554 2249 ut
1572 2222 1641 2249 alter
1662 2218 1774 2254 quidam
1793 2217 1900 2260 juvenis

275 2271 363 2299 oculis
379 2271 475 2300 deﬁxis
501 2272 656 2300 intueretur
671 2279 703 2299 ac
716 2272 769 2299 viri
786 2273 957 2300 tolerantiam
976 2273 1063 2300 admi-
1081 2282 1104 2307 η
1117 2272 1269 2304 Phaethon,
1281 2278 1364 2298 curru
1379 2275 1541 2299 conscenso,
1551 2271 1639 2294 totum
1651 2265 1837 2292 Romanorum
1852 2266 1900 2285 im-

274 2316 330 2343 rari
347 2315 497 2349 videretur,
514 2324 544 2343 re
557 2315 738 2350 TheOphanes
757 2317 895 2344 intellecta
910 2325 973 2344 cum
987 2325 1066 2352 aspe-

275 2362 313 2389 ris
327 2362 459 2397 durisque
476 2362 585 2389 verbis:
602 2371 610 2388 ι
628 2362 720 2396 Vides,
740 2372 749 2388 ι
768 2363 868 2398 inquit,
889 2373 898 2388 ι
913 2371 930 2391 o
945 2364 1064 2398 impera-

275 2408 338 2441 trix,
353 2408 458 2435 inustas
472 2408 552 2436 hasce
567 2408 651 2435 fronti
668 2416 736 2436 mea:
750 2409 847 2437 notas?
863 2409 964 2436 Earum
983 2417 1065 2437 causa

274 2454 322 2481 illo
336 2453 363 2481 in
376 2453 481 2489 judicio
496 2457 591 2481 contra
609 2454 737 2481 maritum
764 2459 841 2482 tuum
866 2455 1002 2490 experiar,
1019 2455 1066 2482 ubi

275 2499 362 2527 Iudex
379 2499 543 2526 universalis
558 2499 735 2534 integerrime
745 2500 865 2535 judicat,
879 2508 930 2528 nec
946 2500 987 2528 vel
1005 2509 1067 2535 per-

274 2553 371 2573 sonam
380 2545 540 2580 cujusquam
549 2546 660 2581 respicit
670 2546 713 2574 vel
723 2546 886 2573 muneribus
892 2547 1029 2581 corrumpi
1037 2554 1066 2574 se

276 2591 380 2626 patitur
393 2590 434 2618 vel
447 2598 613 2625 purpuream
628 2592 801 2627 chlamydem
828 2596 981 2620 reveretur.
998 2602 1006 2617 ι
1024 2592 1066 2620 Ad

276 2645 308 2664 ea
324 2637 407 2664 verba
424 2637 612 2666 laudatissima
633 2638 792 2673 imperatrix
805 2638 906 2672 ejulatu
920 2646 952 2666 ex
970 2638 1067 2666 intimo

279 2683 364 2712 Lorde
378 2683 499 2715 sublato,
517 2691 614 2710 vocem
629 2683 700 2710 hanc
718 2684 902 2710 miserabilem
913 2684 1009 2714 edidit,
1028 2684 1069 2710 in-

279 2729 350 2768 terni
372 2728 476 2756 doloris
499 2733 596 2756 testem
618 2736 626 2757 :
650 2728 799 2777 «Illmccine
816 2729 894 2762 mihi,
915 2729 959 2756 vir
980 2729 1070 2756 admi—

1117 2318 1225 2353 perium
1240 2316 1370 2352 perdidit,
1387 2320 1415 2343 et
1441 2315 1501 2350 ipse
1515 2313 1549 2341 de
1564 2312 1638 2339 avito
1653 2310 1797 2345 patrioque
1819 2311 1901 2338 regno

1117 2363 1201 2390 veluti
1213 2371 1295 2390 curru
1307 2362 1424 2396 quodam
1434 2365 1476 2388 est
1485 2358 1647 2387 deturbatus
1657 2359 1685 2383 et
1696 2359 1837 2396 excussus.
1848 2356 1901 2376 non

1118 2416 1221 2444 pronus
1238 2395 1343 2434 tantum
1358 2406 1470 2438 cadens,
1489 2404 1537 2432 sed
1555 2403 1637 2431 etiam
1659 2400 1771 2428 dorsum
1791 2395 1902 2444 hederis.

1117 2440 1224 2489 Quippe
1239 2453 1386 2481 luxuriosae
1398 2451 1573 2485 humidaque
1586 2449 1649 2476 vitae
1661 2454 1691 2474 se
1704 2440 1904 2492 dedidit-velut

1119 2501 1189 2528 alter
1203 2498 1474 2532 Nero,immodestus
1490 2497 1518 2524 in
1538 2496 1615 2528 vino,
1629 2493 1721 2521 animo
1735 2490 1902 2517 eﬂ‘eminato.

1122 2545 1288 2580 impudicus,
1305 2543 1483 2574 temulentus,
1501 2545 1572 2569 totas
1593 2537 1773 2575 pecuniarum
1793 2534 1905 2581 abyssos

1121 2591 1147 2619 in
1168 2591 1318 2619 collusores
1331 2589 1508 2620 exhauriens,
1525 2587 1573 2622 qui
1587 2589 1666 2614 erant
1678 2588 1781 2611 scurrae
1793 2580 1904 2613 impuri.

1120 2645 1252 2665 curruum
1267 2637 1425 2671 agitatores,
1438 2634 1526 2665 mimi,
1540 2641 1555 2660 a
1571 2631 1660 2667 primo
1676 2626 1800 2656 diluculo
1817 2630 1905 2652 temu-

1121 2682 1212 2710 lentiaa
1233 2681 1329 2711 dediti.
1351 2680 1464 2708 delicias
1479 2679 1606 2707 ciborum
1627 2680 1656 2703 et
1673 2673 1800 2702 suavium
1827 2676 1907 2703 opso-

1122 2730 1233 2756 niorum
1254 2727 1334 2755 avide
1348 2730 1513 2762 quaerentes,
1538 2728 1611 2752 totos
1631 2722 1691 2750 dies
1711 2717 1784 2754 apud
1801 2717 1909 2744 invere-

951 2790 1056 2821 Variaa
1075 2789 1243 2820 lectiones.

316 2855 337 2870 ’⁵
354 2853 540 2885 δικελλευτοὺς
570 2853 627 2880 AR.
685 2854 706 2869 '°
724 2852 914 2886 εἰκονομανίας
938 2852 993 2878 AR.

1047 2851 1069 2866 ’⁷
1084 2852 1155 2877 Ξκετε
1163 2850 1246 2876 ύουσα
1263 2850 1296 2877 ιι.

1351 2848 1486 2882 "sylva-.0
1500 2846 1556 2874 AR.
1614 2845 1637 2882 ξ’
1654 2840 1832 2882 άρχιποίιμην
1849 2836 1908 2882 Al}.

282 2889 303 2904 ³⁰
316 2873 538 2921 πιέἶῶξῖίῖηπ
551 2873 697 2918 ἀδέκαστος
722 2873 1250 2920 έίέἓξέῗῖ(ἐκίϐωἰροδθκείζαί-ῐῐ-Ἠ
1328 2873 1392 2911 add:
1402 2873 1482 2910 ’ΛΚΤ
1500 2873 1527 2898 ⁷⁵⁸
1542 2881 1641 2916 νεαρᾶς
1659 2873 1708 2906 A'."
1730 2877 1751 2893 ³³
1766 2873 1852 2908 ἑπέῦη
1877 2873 1908 2900 Α·

283 2923 303 2938 ³³
316 2922 745 2955 ἀϐύσσῑυςὲξαντλῶνχρημάτων
760 2921 793 2947 R.
834 2922 854 2936 ³⁷
868 2921 970 2950 εἰέύων
987 2923 1017 2948 .\.
