2047 3153
211 244 420 280 Διχνευομένοις
434 245 474 277 είς
489 245 594 281 τρυφὰς
609 246 713 282 εὒόψων
722 248 743 264 ³⁷
758 247 926 283 ἐδεσμάτων,

213 291 267 319 Καὶ
279 291 518 326 συνδιημερεύουσι
547 293 668 326 γυναίοις
684 294 852 327 ἀκολάστοις,

212 335 267 362 Καὶ
278 335 386 362 πίνουσι
403 336 450 362 καὶ
463 336 590 368 παίζουσι
606 339 654 364 xal
663 339 920 373 γυναικομανοῦσι-ι,

215 381 260 412 Ὣς
271 382 336 416 πρὶν
351 383 364 407 ό
380 381 590 417 Σαρδανάπαλος
601 384 615 410 ὁ
626 384 709 411 Νίνου
737 385 908 419 βασιλεύσας.

210 428 346 460 Τοιούτοις
358 428 389 463 δή
407 437 462 455 τισι
483 429 569 456 συνὼν
583 430 803 466 διεφθαρμένοις,
821 432 917 463 πόταις

216 474 427 510 ’Λῤῥητουργοῖς
443 476 489 501 καὶ
499 475 689 511 φαυλουργοίς,
700 477 798 508 κακίας
811 477 997 513 τελετάρχαις,

215 517 378 552 Ὀμόστολος
390 519 495 553 ἐγίνετο
508 520 655 547 Μαινάδων
671 521 859 556 θυρσοφόρων,

211 565 264 590 Καὶ
279 567 338 595 ταις
348 565 537 596 Διονυσιακαῖς
557 565 700 600 βακχείαις
722 567 872 602 ὲνετρύφα,

216 609 356 636 Ἐντεῦθεν
372 610 446 636 πότοι
462 611 509 636 καὶ
524 612 600 646 χοροὶ
619 611 666 638 καὶ
681 612 761 646 μέθαι
776 612 824 638 καὶ
849 612 997 648 κρατῆρες,

215 655 354 689 ’Λσέμνων
370 663 400 681 τε
427 656 474 681 καὶ
491 656 628 691 πορνικῶν
641 658 771 692 ᾀσμάτων
794 658 947 692 ἁπηχήσεις
965 659 998 690 ³⁸,

210 701 266 727 Kal
282 701 409 735 λογισμοὶ
425 702 448 718 ³⁹
461 702 643 737 γελωτουργοὶ
657 704 704 730 καὶ
731 705 806 730 πᾶσα
830 705 997 740 ρυπαρότης.

210 746 298 773 Ill-360:
316 748 364 781 μὲν
381 747 427 773 οὖν
447 747 599 775 ’Λκταίωνά
611 758 676 782 φασι
687 750 732 776 τὸν
744 750 911 785 θηροφόντην

215 791 260 821 Ὦς
273 792 351 823 κύνες
367 792 550 820 διεσπάσαντο
563 793 744 829 λυττήσαντες
759 796 796 826 ὡς
812 795 884 830 θῆρα
895 803 902 810 ’

211 837 334 869 Κόλακες
348 838 376 864 δὲ
393 839 439 864 τὸν
452 839 561 875 Μιχαὴλ
581 841 847 876 περιεστοιχηκότες,

216 882 406 917 Ἐευρισμένοι
418 884 564 918 πώγωνας,
582 886 835 921 ὲψιμμυθιωμένοι,

210 928 257 960 Εἰς
282 915 360 955 ’ποῖον
387 915 523 966 βάραθρον
543 915 808 964 αὺτδνᾬακίαςούκ
829 915 998 969 ’ἐρρίπτουη
1015 915 1036 941 Β

216 973 357 1001 Ἐντεῦθεν
368 976 381 1001 ὁ
393 976 554 1011 περίοπτος,
569 978 582 1004 ό
595 978 650 1004 τῶν
669 978 814 1012 Ῥωμαίων
825 979 946 1013 κράτωρ,

209 1020 296 1048 Αὐτὸς
307 1021 387 1047 αὐτὸν
402 1021 545 1048 ἐπέϐαινεν
566 1024 698 1057 ἁρμάτων
724 1024 930 1058 χρυσαντύγων,

210 1066 365 1102 Τετρὼροις
384 1067 537 1101 ἐπεκάθητο
551 1068 598 1094 καὶ
608 1068 715 1103 δίφροις
733 1069 937 1104 χρυσοδίφροις.

211 1112 268 1138 Καὶ
285 1112 420 1148 θησαυροὶ
437 1113 488 1147 μὲν
505 1113 638 1140 πάντοθεν
655 1115 805 1148 χρημάτων
820 1115 1003 1149 ἀπηντλοῦντο

211 1157 267 1183 Kal
283 1158 317 1184 τὰ
334 1158 480 1192 Ῥωμαίων
493 1159 523 1184 ὲν
537 1158 623 1192 στενῷ
647 1155 799 1193 πράγματα
815 1160 1001 1196 καθειστήκει,

211 1202 334 1233 Κόλακες
348 1203 377 1230 δὲ
393 1204 440 1230 καὶ
453 1205 592 1239 χρήμασιν
608 1205 736 1238 ἀφθόνοις
762 1206 930 1232 ἐνευτιάθουν

211 1249 267 1276 Καὶ
282 1249 454 1284 χιτωνίσκοις
470 1250 493 1266 ⁵ο
508 1253 656 1286 τρυφεροῖς
670 1252 716 1278 καὶ
731 1253 845 1284 πέπλοις
862 1254 1002 1288 χρυσοπά-

903 1298 1000 1334 [στοις.

213 1338 307 1371 Οὕτως
318 1339 409 1374 ὑγρῶς
426 1341 472 1367 καὶ
491 1341 622 1377 μαλακῶς
635 1342 650 1368 ό
665 1343 775 1378 Μιχαὴλ
791 1344 877 1377 ἐδίου.

211 1385 347 1415 Πολλάκις
361 1386 390 1413 δὲ
408 1387 476 1422 μηδέ
496 1396 567 1419 τινος
581 1389 798 1424 κατεπειγούσης
815 1390 910 1424 χρείας
925 1391 946 1407 ⁸¹

214 1430 299 1466 ’Δτερ
314 1430 442 1464 φυλάκων
451 1433 498 1459 καὶ
512 1434 644 1468 φρουρᾶς.
660 1433 725 1467 ἄτερ
738 1434 961 1469 δορυφορούντων

213 1475 303 1507 Μόνος
315 1476 396 1509 αὐτὸς
411 1477 569 1513 παρώδευεν
585 1479 614 1505 ἐν
631 1478 730 1514 μέσαις
745 1480 805 1511 ταῖς
816 1479 946 1514 τριόδοις,

215 1631 320 1660 cundas
340 1632 517 1660 mulierculas
541 1632 692 1668 exigentes,
717 1637 840 1668 potores.
863 1634 1001 1670 ludiones,

215 1677 362 1705 libidinum
384 1677 503 1705 ﬂammis
526 1677 665 1710 furentes;
696 1679 784 1713 qualis
809 1679 916 1708 scilicet
939 1681 1003 1709 olim

215 1727 274 1750 erat
289 1723 334 1751 ille
348 1723 559 1759 Sardanapalus.
579 1732 627 1752 rex
642 1725 841 1753 Ninevitarum.
861 1726 1004 1762 Ejusmodi

216 1769 358 1796 hominum
370 1769 571 1797 consuetudine
584 1775 677 1802 utens,
692 1771 853 1799 temulentia
873 1773 1003 1800 nimirum

216 1814 396 1848 perditorum,
413 1814 523 1842 infanda
544 1819 572 1842 et
593 1816 751 1850 turpissima
775 1824 890 1851 quaeque
911 1825 1006 1851 perpe-

219 1861 374 1892 trantinm,
400 1860 486 1888 vitam
514 1861 595 1895 plane
618 1861 801 1896 Sybariticam
829 1861 1003 1896 degentium,

216 1906 298 1934 etiam
312 1906 446 1934 Maenades
461 1907 521 1934 illas
538 1908 706 1943 tltyrsigeras
722 1907 906 1935 comitabatur
920 1913 947 1935 et
963 1916 1007 1935 or-

216 1953 259 1986 gia
282 1952 382 1979 Bacchi
402 1953 568 1980 celebrabat.
588 1953 665 1987 103
683 1953 752 1980 Hinc
778 1953 1005 1987 compotationes,

216 1998 386 2028 saltationes.
407 1998 565 2028 ebrietates,
587 2003 721 2029 crateres,
741 1997 950 2025 inbonestorum
974 2005 1007 2025 ac

216 2042 436 2069 meretriciorum
445 2042 596 2069 carminum
609 2042 762 2076 cantiones,
778 2043 890 2070 directae
900 2048 1006 2070 tantum

217 2087 250 2115 ad
280 2087 442 2115 excitandos
458 2087 530 2115 risus
547 2089 737 2123 cogitationes.
754 2089 845 2116 omnis
862 2089 1006 2124 impuritas

215 2132 577 2168 denique.Traduntfabul:e
589 2134 707 2161 ferarum
718 2135 918 2162 interfectorem
932 2135 1006 2162 illum

776 192 1028 223 COMPENDIUM
1049 193 1287 224 CIIRUNlCUM.

1782 196 1836 228 410

1012 251 1033 280 Α
1055 249 1191 283 ’Λσέμνοκ
1204 249 1407 283 θεατρομανῶν,
1426 249 1526 284 χαίρων
1540 249 1727 286 ἱππηλασῖαις.

1056 293 1175 326 Ἐγίνετό
1186 302 1215 320 τε
1228 293 1275 319 καὶ
1291 293 1383 328 πατὴρ
1400 295 1514 321 παιδίων
1525 295 1597 322 κατὰ
1610 295 1728 331 πνεῦμα,

1048 339 1109 364 Τῶν
1127 339 1219 373 μίμων
1232 339 1265 365 τὰ
1280 339 1428 374 βρεφύλλια
1457 341 1503 366 καὶ
1517 341 1572 367 τῶν
1601 342 1836 378 ἁρματοστρὸφων

1049 382 1099 410 Οἴα
1114 385 1204 419 πατὴρ
1219 385 1394 420 φιλόστοργος
1409 386 1499 420 φέρων
1510 387 1538 412 ἐν
1559 388 1619 418 ταῖς
1634 387 1766 421 ἀγκάλαις

1055 430 1102 456 Ἐκ
1119 429 1165 455 τοῦ
1177 429 1289 464 λουτροῦ
1309 430 1500 465 προκύπτοντα
1515 432 1564 466 τῆς
1581 431 1763 466 θεογενεσὶας.

1056 475 1196 501 Ἐντεῦθεν
1215 475 1275 509 (οὐκ
1291 475 1425 509 ἐξήρκουν
1439 477 1493 511 γὰρ
1510 477 1538 502 αἱ
1555 477 1651 510 φλέὸες
1665 478 1711 504 τοῦ
1724 479 1836 513 χρυσίου

1056 520 1117 546 Ἐπὶ
1129 519 1272 551 τοσούτους
1289 521 1413 554 ἀγωγοὺς
1431 521 1592 556 κενούμεναι
1608 523 1769 558 κοπρώδεις)

1050 566 1082 592 Al
1095 565 1324 600 χρυσοσκεὺαστοι
1343 566 1434 592 στολαὶ
1452 567 1505 593 τῶν
1523 568 1605 594 πάλαι
1634 568 1767 602 βασιλέων

1051 612 1105 638 Kal
1119 611 1214 647 δένδρα
1228 611 1262 637 τὰ
1277 611 1448 646 κατάχρυσα,
1461 613 1590 647 στρουθία
1606 622 1635 640 τε
1653 615 1686 640 τὰ
1703 613 1782 646 λᾶλα,

1050 657 1105 683 Kal
1119 657 1226 688 λέοντες
1239 657 1403 691 σφυρήλατοι
1418 658 1519 693 χρυσοῦ
1543 661 1732 695 πεποιημένοι,

1051 701 1105 727 Kal
1119 702 1172 727 πᾶν
1192 701 1284 732 ἁπλῶς
1301 701 1435 736 βασίλειον
1451 702 1558 736 λάμπον
1571 704 1599 728 ἐν
1614 704 1784 740 ἀνακτόροις,

1051 746 1140 781 ’Ἂπερ
1157 746 1187 772 τὺ
1196 747 1260 781 πρὶν
1274 747 1402 780 Θεόφιλος
1417 747 1546 782 εἴργαστο
1556 748 1707 784 φιλοτίμως

1051 792 1097 823 Εἰς
1107 792 1216 827 λάλημα
1231 792 1423 827 περίλαμπρον
1442 793 1560 827 ἐσόμενα
1578 793 1736 827 Ῥωμαίοις,

1051 837 1156 873 Χωνείᾳ
1171 837 1353 871 παρεδίδοντο,
1366 838 1458 869 κακῶς
1471 838 1647 870 ὲξεκενοῦντο

1052 884 1098 913 Εἰς
1115 882 1254 918 μυσαροὺς
1270 882 1317 908 καὶ
1332 882 1475 916 βδελυροὺς
1493 882 1617 917 σωλῆνας
1643 883 1838 919 πολυτρήτους.

1051 930 1087 955 Οὐ
1100 928 1186 954 ταῦτα
1206 928 1228 954 δ’
1245 929 1259 954 ὁ
1277 927 1411 962 χοιρόϐιος
1425 928 1574 963 τετόλμηκε
1590 930 1637 956 καὶ
1655 929 1733 964 μόνα.

1057 974 1128 1001 Ἀλλ’
1143 973 1189 1000 ἐπὶ
1203 974 1313 1009 χείρονα
1327 973 1399 1009 ζωὴν
1416 974 1581 1010 προκόπτων
1600 974 1736 1010 ὁσημέραι

1057 1019 1218 1054 Ἐλύττησεν
1238 1019 1252 1045 ό
1264 1019 1393 1050 κάκιστος
1406 1019 1477 1046 κατὰ
1491 1020 1544 1046 τῶν
1562 1021 1721 1055 μυστηρίων

1052 1065 1112 1092 Τῶν
1126 1064 1207 1099 ἱερῶν
1221 1064 1267 1091 καὶ
1282 1064 1406 1100 Σεραφὶμ
1421 1065 1511 1096 αὐτοῖς
1528 1065 1706 1097 ἁξιοσέπτων,

1052 1110 1108 1137 Καὶ
1126 1110 1219 1145 σίνηπι
1232 1110 1402 1145 δριμύχυμον
1413 1111 1516 1145 ἐγχέων
1533 1111 1573 1142 είς
1587 1111 1710 1146 κρατῆρα

1052 1156 1108 1191 Τὴν
1123 1157 1264 1190 ἀγιστείαν
1279 1156 1328 1192 τὴν
1341 1157 1458 1191 φρικτὴν
1470 1156 1550 1191 δῆθεν
1561 1157 1743 1192 ἐτελετάρχει,

1053 1201 1171 1235 Παίζων,
1189 1202 1270 1237 φασὶν
1282 1202 1316 1235 ⁸³,
1340 1203 1369 1228 ἐν
1393 1203 1423 1228 οὐ
1439 1203 1574 1235 παικτοῖς,
1591 1203 1678 1237 γελῶν
1694 1204 1722 1230 ἐν
1739 1203 1839 1236 ἀγε).ά‹

1739 1247 1838 1283 [στοις.

1084 1292 1162 1319 Οὕτω
1176 1292 1286 1327 βιοῦντα
1303 1293 1412 1329 Μιχαὴλ
1425 1294 1442 1329 ἠ
1459 1294 1551 1329 μήτηρ
1568 1293 1714 1329 καθορῶσα
1852 1324 1859 1327 ν

1052 1339 1108 1365 Kal
1124 1339 1251 1373 παίγνιον
1270 1340 1412 1375 γινόμενον
1435 1340 1458 1356 ⁸³
1474 1340 1520 1366 τὸν
1545 1340 1667 1375 κράτορα
1698 1339 1842 1374 Ῥωμαίων

1052 1384 1094 1411 Τὰ
1108 1376 1250 1420 σπλάγχνα
1267 1385 1473 1421 συνεστρέφετο,
1487 1385 1577 1422 ψυχὴν
1594 1386 1769 1418 συνεδονεττο,

1053 1431 1107 1456 Καὶ
1117 1430 1206 1465 λόγοις
1221 1431 1415 1466 ἐσωφρόνιζεν,
1430 1429 1577 1466 ἐρύθμιζε,
1598 1430 1728 1466 παρῄνει,

1053 1478 1262 1514 Βδελυροτήτων
1275 1479 1467 1515 αἰσχρουργῶν
1481 1479 1599 1513 ἁπάγειν
1611 1479 1754 1513 ἐπειρᾶτο.

1680 1523 1760 1552 Vera.
1774 1523 1840 1551 59H

1056 1632 1222 1660 necessitate
1237 1636 1354 1667 cogente
1374 1631 1450 1658 solus
1464 1631 1568 1666 absque
1581 1630 1728 1658 satellitum
1746 1637 1845 1664 corpo-

1055 1679 1148 1714 risque
1168 1679 1312 1705 custodum
1328 1678 1459 1705 comitatu
1478 1676 1577 1704 mediis
1598 1677 1624 1703 in
1643 1676 1732 1703 triviis
1748 1676 1842 1703 obam-

1054 1724 1178 1757 bulabat,
1197 1724 1325 1751 indecore
1344 1732 1375 1751 ac
1392 1723 1517 1750 furenter
1534 1722 1665 1750 adamans
1678 1722 1844 1757 spectacula,

1056 1772 1146 1806 deque
1164 1770 1361 1806 agitationibus
1384 1772 1519 1804 equorum
1538 1769 1707 1802 voluptatem
1724 1770 1844 1802 capiens.

1055 1816 1145 1843 Etiam
1163 1815 1348 1849 spiritualium
1362 1814 1511 1841 liberorum
1529 1819 1605 1848 pater
1617 1813 1709 1843 fiebat,
1729 1813 1846 1839 infantes

1056 1862 1203 1888 mimorum
1220 1866 1247 1887 et
1264 1860 1420 1893 aurigarum
1432 1867 1483 1886 ceu
1498 1859 1633 1893 benignus
1644 1863 1721 1892 pater
1733 1858 1759 1884 in
1776 1858 1847 1884 ulnis

1056 1912 1174 1942 gestans.
1192 1915 1207 1934 e
1218 1907 1327 1934 lavacro
1343 1906 1442 1934 divina:
1455 1905 1672 1940 regenerationis
1691 1909 1844 1939 susceptos.

1056 1953 1150 1987 Itaque
1170 1953 1230 1979 auri
1252 1959 1328 1978 vena:
1352 1952 1433 1978 nulla:
1456 1950 1638 1982 sufﬁciebant,
1664 1958 1725 1977 cum
1753 1950 1779 1977 in
1807 1955 1847 1977 tot

1057 2003 1212 2025 stercoreos
1239 1998 1348 2025 canales
1374 1998 1597 2024 exbaurirenlur.
1614 1997 1710 2024 Vestes
1727 2005 1758 2024 ex
1779 2004 1848 2023 auro

1057 2044 1135 2071 facta:
1148 2043 1246 2078 priscis
1261 2043 1296 2070 ab
1319 2043 1542 2078 imperatoribus.
1559 2042 1673 2069 arbores
1687 2049 1788 2072 aurem,
1803 2050 1848 2068 ca-

1057 2097 1132 2117 nora:
1157 2090 1280 2121 avicula,
1304 2089 1392 2116 solido
1414 2097 1447 2116 ex
1477 2096 1545 2116 auro
1573 2088 1716 2116 fabrefacti
1743 2088 1847 2116 leones.

1058 2135 1149 2162 omnia
1164 2135 1283 2169 denique
1299 2139 1461 2161 ornamenta
1475 2133 1662 2169 imperatOria,
1677 2133 1772 2168 quasi“
1786 2133 1847 2160 aula

216 2181 372 2207 Actaeonem
393 2188 407 2206 a
429 2180 564 2217 correptis
593 2180 688 2207 furore
709 2181 824 2208 canibus
846 2189 895 2208 ccu
921 2180 1006 2207 feram
1057 2181 1241 2216 splendebant
1264 2185 1292 2208 et
1316 2189 1330 2207 a
1345 2180 1501 2215 Thcophilo
1519 2178 1662 2214 ntagnifice
1685 2179 1793 2206 fuerant
1813 2178 1846 2205 ad

217 2224 396 2252 dilacerat"!!!
411 2231 483 2252 6556-
497 2224 608 2252 Αινθτο
626 2229 812 2252 assenlalores
832 2225 931 2252 barbas
952 2225 1006 2252 ταδὶ
1058 2229 1272 2256 celebrationem
1299 2228 1415 2255 Romani
1436 2228 1556 2254 nominis
1577 2227 1720 2258 confecta,
1743 2225 1847 2252 fornaci

216 2274 244 2297 et
258 2278 355 2298 cerusa
377 2270 460 2298 fucati
479 2278 543 2298 cum
562 2271 725 2298 lllichaelum
751 2271 1004 2306 circumstipassent

1057 2275 1228 2303 conﬂatoriaa
1243 2274 1425 2301 tradebantur
1438 2278 1466 2301 et
1483 2273 1617 2300 scelerate
1630 2273 1656 2298 in
1668 2271 1848 2299 exsecrabiles

217 2321 244 2343 et
259 2316 386 2351 indagine
401 2315 479 2351 quasi
501 2316 663 2348 cinxissent,
682 2316 709 2343 in
733 2317 807 2351 quod
831 2317 1003 2349 barathrum,

1056 2320 1188 2356 quosdam
1206 2320 1284 2355 quasi
1301 2320 1382 2346 tubos
1397 2319 1612 2346 evacuabantur.
1629 2317 1722 2351 Neque
1741 2321 1846 2343 tantum

218 2371 298 2395 quam
317 2363 445 2390 vitiorum
461 2363 620 2398 voraginem
642 2371 705 2390 eum
731 2372 785 2390 non
806 2364 1004 2398 coniecerunt!
1055 2367 1113 2393 haec
1125 2374 1209 2393 ausus
1220 2370 1264 2392 est
1280 2366 1402 2392 imitator
1418 2365 1462 2391 ille
1477 2365 1541 2391 vita:
1552 2364 1671 2398 porcina:
1687 2362 1843 2398 designare.

220 2406 288 2433 Hinc
300 2407 381 2434 ﬁebat
393 2413 424 2435 ut
435 2409 592 2443 spectabilis
602 2410 646 2436 ille
657 2410 843 2436 Romanorum
857 2409 1006 2444 imperator
1055 2412 1102 2439 sed
1114 2413 1194 2439 etiam
1202 2412 1324 2446 quotidie
1339 2411 1477 2446 profectus
1491 2410 1518 2437 in
1534 2409 1702 2444 turpitudine
1714 2408 1846 2443 quosdam

220 2451 277 2484 ipse
295 2459 393 2480 currus
407 2461 505 2482 aureos
520 2455 719 2482 conscenderet
739 2462 771 2482 ac.
783 2455 924 2489 quadrigis
940 2455 1007 2482 insi—
1054 2458 1159 2485 faciens
1183 2458 1318 2485 adversus
1342 2460 1520 2484 sacrosancta
1544 2455 1685 2490 mysteria,
1713 2453 1846 2487 Serapllis

220 2497 307 2523 deret.
325 2497 503 2526 Pecuniarum
531 2501 654 2528 thesauri
681 2501 802 2536 undique
825 2508 939 2536 prorSus
960 2509 1008 2528 ex-
1055 2505 1123 2539 ipsis
1144 2503 1325 2535 venerabilia,
1344 2503 1387 2530 vir
1407 2502 1593 2536 nequissimus
1614 2500 1846 2527 debacchabatur.

221 2542 535 2578 hauriebantur,resque
543 2546 727 2574 Romanorum
737 2548 764 2574 in
776 2552 922 2582 angustum
930 2554 1009 2581 coge~
1055 2550 1160 2584 Quippe
1174 2556 1265 2577 acrem
1279 2549 1368 2583 sinapi
1382 2555 1494 2575 succum
1508 2547 1534 2573 in
1560 2552 1694 2573 craterem
1718 2546 1846 2576 fundens.

221 2589 331 2615 bantur.
345 2587 456 2614 Interim
472 2588 628 2618 adulatores
650 2591 677 2618 in
692 2592 810 2619 maxima
825 2592 1006 2627 pecuniarum
1055 2602 1163 2622 sacrum
1186 2594 1252 2621 illud
1270 2593 1443 2621 formidabile
1458 2591 1682 2627 repraesentabat,
1697 2591 1804 2620 ludens.
1819 2595 1848 2616 ut

182 2638 186 2641 ‘
220 2632 762 2668 abundantiajucundcvivebanl,amicti
776 2638 1008 2666 tunicisdelicatis
1056 2638 1110 2665 dici
1130 2638 1209 2669 solet,
1224 2638 1251 2665 in
1271 2637 1304 2664 iis
1317 2645 1377 2671 quae
1394 2636 1490 2663 ludum
1510 2637 1659 2670 jocumque
1674 2643 1729 2662 non
1749 2634 1848 2661 admit-

220 2684 247 2706 et
263 2679 350 2714 peplis
365 2686 433 2706 auro
456 2679 629 2707 interlcxtis:
645 2681 713 2709 adeo
738 2683 914 2710 temulentam
939 2685 1008 2710 mol-
1059 2689 1130 2714 tunt,
1145 2687 1174 2710 et
1189 2683 1281 2711 ridens
1292 2684 1320 2710 in
1337 2683 1450 2710 minime
1464 2682 1600 2709 ridiculis.

221 2725 329 2759 lemque
343 2724 426 2751 vitam
442 2724 590 2752 lllicbaelus
600 2726 707 2760 agebat.
719 2728 919 2763 Nonnunquam
933 2729 1007 2756 nulla
1094 2731 1132 2757 lta
1155 2731 1292 2758 viventem
1318 2731 1481 2759 Michaclum
1497 2734 1584 2758 mater
1598 2729 1704 2761 videns,
1720 2733 1747 2756 et
1762 2728 1846 2763 impc-

893 2806 996 2837 νει-ιω
1015 2807 1182 2837 lectiones.

267 2884 289 2902 ³⁸
304 2885 442 2919 ὲπιχήσεις
457 2885 488 2911 Α.
505 2872 508 2878 Ι
526 2885 547 2902 ³⁹
563 2886 690 2922 λιγυσμοὶ
702 2886 759 2915 AR.
798 2887 819 2903 ⁵⁰
834 2889 967 2923 χιτωνίοις
980 2895 1011 2917 Λ,
1051 2890 1070 2905 δ’
1095 2890 1154 2924 βίας
1176 2890 1206 2916 ιι.
1262 2892 1282 2907 ⁸⁷
1297 2892 1378 2924 φησὶν
1395 2893 1427 2918 Λ.
1466 2891 1487 2906 ⁸³
1505 2890 1648 2924 γενόμςνον
1662 2889 1707 2917 Διὶ
