2047 3153
221 231 275 264 415

223 289 262 314 0'2
276 284 471 313 πολυτάλαντοί
485 291 567 314 τινες,
589 281 732 317 ῥυηφενεῖς
748 280 797 307 οὐκ
812 278 882 314 ἦσαν
895 281 929 312 ⁸⁷,

222 331 291 357 υιδι
306 329 587 366 προὸατοορέμμονες,
607 327 638 353 οὐ
655 325 759 361 πλέθρα
779 327 828 361 γῆς
852 327 1008 362 αὐχοῦντες,

171 377 173 381 ’
229 376 299 402 Ἀλλ’
315 374 459 409 αὐτουργοὶ
472 374 519 400 καὶ
535 373 650 407 πένητες
668 373 715 398 xal
730 372 784 398 τῶν
806 372 998 407 χειροῦιὼτων.

222 418 273 446 Ὧν
289 420 451 446 ἐκλιπόντων
463 419 485 436 ³⁸
499 418 548 453 τὴν
563 418 635 453 ζωὴν
655 418 701 445 καὶ
715 417 797 452 γῆθεν
809 418 1009 452 μεταστάντων,

224 465 281 491 Kal
290 464 335 490 τοῦ
346 463 507 498 Βουλγάρων
518 463 645 498 ἄρχοντος
660 462 707 489 τοῦ
722 462 871 497 τηνικαῦτα
881 462 1010 497 Κρούμου

232 508 442 544 Ἐπιδραμόντος
459 508 605 542 σύμπασαν
623 507 672 543 τὴν
691 508 742 534 ὑπὸ
752 508 815 539 τοὺς
836 508 986 542 Ῥωμαίους

225 554 280 581 Καὶ
295 554 401 581 σκύλων
416 553 620 588 ὑποπλήσαντος
636 552 718 580 αὐτοῦ
733 553 781 588 τὴν
800 553 982 588 ατραταρχίαν

226 600 282 627 Kal
296 599 406 635 σύμπαν
419 601 554 634 νεοτήσιον
570 599 650 630 ἄνθος
663 600 835 634 ἡφανικότος,

224 646 344 681 Θεμένου
356 646 384 672 δὲ
406 646 453 672 καὶ
469 645 592 676 πλείονας
606 645 634 670 ὲν
649 644 820 680 ἀνδραπόδων
839 645 929 680 μοίρᾳ,

228 690 319 718 Ἑάλω
333 691 381 717 καὶ
393 690 532 720 Βασίλειος
547 689 710 723 Βουλγάρων
724 691 783 721 ταῖς
803 689 942 724 παλάμαις

225 738 332 773 Ὠσπερ
347 736 474 772 στρουθὸς
490 735 668 770 καλλεπτερος
687 734 777 769 πικρῷ
789 734 963 770 δικτυοοήρᾳ.

225 783 283 814 Τὰς
298 780 470 815 παλαμναίας
487 780 515 806 δὲ
531 779 624 814 φυγὼν
642 779 766 814 βροχίδας
786 779 840 805 τῶν
854 779 1013 815 Βουλγάρων

233 826 352 860 Ἐπέστη
367 825 569 860 πτερυξάμενος
583 822 659 855 αὖθις
684 824 825 858 Ῥωμαίων
838 824 920 858 ὅροις,

227 872 285 898 Kal
298 871 365 906 πρὸς
381 870 506 905 λατρείαν
518 870 613 896 ἑαυτὸν
631 870 668 900 ὡς
687 870 770 904 πένης
785 869 967 904 ἐκμισθώσας,

228 917 284 944 Kal
298 916 472 951 τληπαθήσας
488 916 533 942 καὶ
550 915 661 946 πολλοὺς
681 915 820 949 καμάτους
834 914 991 946 ἀεθλεύσας,

801 223 1055 255 CONSTANTINI
1077 222 1266 254 MANASSIS

1790 222 1842 253 4ιῦ

1022 280 1044 310 Α
1066 279 1279 315 ’Λγχιθυρούσης
1296 278 1335 315 τῷ
1352 278 1408 314 ναῷ
1422 268 1468 306 τοῦ
1484 278 1554 305 θείου
1569 278 1728 314 Διομήδους.

1067 324 1138 350 Ἀλλ’
1151 324 1197 350 ἐπὶ
1216 324 1321 355 τούτοις
1339 323 1442 358 ὄνειρος
1460 323 1640 359 λευκόπτερος
1656 323 1779 357 ἐπέπτη.

1061 369 1113 394 Τὸν
1125 369 1257 404 νεωκόρον
1272 369 1317 396 τὸν
1330 370 1390 396 ἐκεῖ
1403 369 1494 404 τάχιον
1515 369 1660 403 ἀφυπνίζει

1061 413 1212 447 Προτρέπει
1225 422 1254 440 τε
1267 415 1430 448 συναγαγεῖν
1444 415 1517 441 ἔνδον
1530 415 1576 440 τὸν
1592 413 1714 448 βασιλέα.

1067 457 1207 493 ’Λποπηδᾷ
1220 458 1270 492 τῆς
1283 458 1380 486 ἑαυτοῦ
1391 459 1484 494 κλίνης
1496 461 1510 486 ό
1528 459 1671 493 νεωκόρος,

1068 503 1128 529 Ἐπὶ
1142 504 1172 530 τὸ
1186 505 1390 540 προτεμένισμα
1409 505 1548 539 συντόμως
1565 503 1719 539 βηματίζει,

1063 548 1305 584 Καταδαρθάνοντα
1320 550 1400 581 λιτῶς
1419 549 1558 576 Βασίλειον
1571 550 1704 584 εὑρίσκει,

1062 595 1218 630 Χαμεὺνην,
1232 595 1408 627 ἀνιπτόποδα,
1421 595 1533 630 λυπρὸν,
1547 596 1710 630 ρακιοφόρον
1720 604 1726 610 ·

1063 640 1169 675 Πλάνην
1183 640 1286 674 νομίζει
1302 640 1332 666 τὸ
1345 640 1438 674 φανὲν,
1452 640 1555 666 ἐκεῖθεν
1570 639 1727 674 ἀποτρέχει.

1063 685 1117 711 Καὶ
1133 685 1213 710 πάλιν
1227 684 1309 716 ὕπνος
1321 685 1434 711 ἔπιπτεν
1445 686 1473 711 ὲν
1487 686 1543 716 τοῖς
1563 684 1645 711 αὑτοῦ
1665 684 1821 719 βλεφάροις,

1064 731 1117 756 Kal
1131 731 1210 756 πάλιν
1222 730 1324 764 ὄνειρος
1339 731 1353 756 ό
1365 732 1438 766 πρὶν,
1456 731 1503 756 καὶ
1517 730 1595 756 τοῦτο
1610 729 1690 765 μέχρι
1706 731 1811 766 τρίτου.

1063 775 1177 810 Συνῆκε,
1192 775 1369 810 κατεφώρασε
1386 775 1460 810 μόλις
1475 776 1489 801 ὁ
1503 775 1636 809 νεωκόρος
1647 783 1654 790 ·

1064 821 1182 848 ῐΙοιεῖται
1195 821 1240 847 τὸν
1260 821 1398 847 Βασίλειον
1411 820 1533 855 ἐφέστιον
1548 821 1571 836 ⁸ο
1587 820 1697 853 αὐτίκα,

1064 867 1118 892 Kal
1133 866 1280 900 θεραπείας
1297 867 1367 899 ἀξιοῖ
1382 866 1475 893 τοῦτον
1492 864 1542 901 τῆς
1564 865 1763 901 προσηκούσης.

1064 909 1116 937 Ἦν
1131 911 1152 937 δ’
1165 912 1178 937 ὁ
1193 911 1329 943 Βασίλειος
1344 912 1434 944 καλὸς,
1451 912 1585 946 γενναῖος,
1609 911 1796 946 γιγαντόχειρ,

228 961 286 989 Kal
294 961 374 995 γνοὺς
384 961 421 992 ὡς
429 961 467 992 εἰς
477 961 639 995 ἀκάρπωτον
647 962 698 996 γῆν
706 962 738 987 τὰ
745 960 792 986 τοῦ
803 960 883 987 πόνου
894 960 1010 995 σπείρει,
1025 957 1048 987 Β
1065 957 1255 992 Εὑπάλαμνος,
1270 956 1446 992 εὐρύστερνος
1464 958 1549 993 ἥρως,
1567 957 1797 994 στεῤῥοεραχίων.

234 1007 396 1041 Ἀφίσταται
410 1005 464 1032 τῶν
479 1006 636 1041 προσγενῶν
651 1006 697 1032 καὶ
712 1006 761 1040 τῆς
783 1006 980 1043 ἐνεγκαμένης,

229 1053 286 1080 Kal
298 1052 387 1079 πάντα
396 1052 573 1086 λογισάμενος
586 1049 669 1078 τᾶλλα
685 1051 772 1086 μικρὰ
786 1052 832 1077 καὶ
848 1050 936 1085 φαῦλα

236 1099 281 1130 Ὠς
294 1097 361 1132 πρὸς
375 1098 474 1124 σκοπὸν
489 1097 603 1133 ἐφέρετο
616 1097 664 1132 τὴν
678 1097 826 1128 Βυζαντίδα
843 1097 927 1124 πόλιν.

235 1142 279 1173 Ὦς
291 1142 319 1168 δὲ
332 1141 385 1168 τῶν
398 1139 510 1176 πύργων
524 1141 635 1174 γέγονεν
651 1139 726 1171 ἐντὸς
741 1139 795 1166 τῶν
810 1138 1014 1173 καλλιπύργων,

236 1185 367 1213 Ἐνταῦθα
386 1186 435 1221 τὴν
450 1186 602 1220 εὐμήχανον
620 1185 715 1220 βουλὴν
732 1184 893 1220 θεωρητέον,

231 1233 325 1263 Ὅπως
337 1231 589 1268 προκαταὸάλλεται
609 1231 657 1262 τὰς
675 1230 751 1266 ῥίζας
768 1230 821 1257 τῶν
836 1230 1017 1266 πραγμάτων,

231 1278 287 1304 Kal
300 1277 359 1309 πῶς
373 1277 511 1312 αἰδέσιμον
527 1277 596 1311 αὐτῇ
611 1275 641 1302 τὸ
656 1275 794 1310 βασιλείας
807 1276 912 1311 χρῆμα.

232 1323 377 1350 ’Υπνωττε
394 1322 443 1357 μὲν
455 1322 592 1352 Βασίλειος
606 1321 692 1353 οὕτως
710 1322 898 1357 ἀτημελήτως,

233 1369 400 1404 Διερρωγόσι
423 1368 535 1403 ῥάκεσιν
557 1367 832 1403 ἐγκεκορδυλημένος,

234 1415 292 1440 Οὐκ
303 1414 422 1450 ἄργυρον
435 1413 495 1440 οὐδὲ
515 1414 614 1448 χρυσὸν
631 1413 737 1440 οἴκοθεν
754 1413 907 1448 ἀπηγμένος
919 1413 952 1445 ⁵³,

234 1462 281 1492 Εἰς
296 1461 379 1496 μόνας
393 1461 422 1486 δὲ
436 1460 486 1491 τὰς
501 1459 599 1486 ἑαυτοῦ
615 1459 742 1493 παλάμας
759 1458 932 1488 ἀποϐλέπων.

233 1507 289 1534 Kal.
303 1506 403 1537 ταύτας
420 1505 510 1541 φέρων
524 1505 649 1539 ἀφορμὴν
665 1504 711 1530 τοῦ
726 1504 888 1531 πολυστόνου
902 1503 969 1538 βίου.

236 1553 396 1580 ’Ύπνωττεν
408 1551 454 1578 οὖν
470 1551 516 1578 ὲπί
530 1559 603 1583 τινος
617 1550 814 1585 λιθοπλινθίνης
831 1549 923 1584 κλίνης

236 1684 367 1712 Parentes
381 1688 472 1712 autem
489 1683 551 1719 ejus
564 1691 615 1710 nec
629 1682 752 1718 opulenti
767 1688 846 1711 erant
857 1690 908 1711 nec
919 1683 1021 1711 divitiis

235 1729 419 1761 abundantes,
436 1729 483 1756 sed
506 1729 586 1764 plane
607 1729 702 1764 inopes
725 1729 872 1763 laboreque
891 1736 1020 1756 manuum

236 1781 348 1800 suarum
365 1773 468 1801 victum
483 1778 654 1809 quaerentes;
677 1773 777 1808 quibus
790 1774 845 1801 vita
860 1774 962 1802 functis
972 1794 980 1806 ,
993 1778 1022 1802 et

237 1819 416 1854 Bulgarorum
437 1819 561 1854 principe
575 1819 675 1847 Crumo
696 1819 827 1846 ditionem
842 1827 950 1847 omnem
966 1820 1022 1847 Ro-

238 1872 346 1891 manam
372 1872 434 1892 eum
459 1865 546 1900 copiis
569 1869 749 1899 percurrente
775 1873 896 1900 suosque
920 1866 1023 1893 milites

237 1910 335 1944 opimis
356 1910 452 1945 spoliis
475 1911 719 1946 collocupletante,
737 1916 765 1938 et
787 1911 922 1939 exstincto
947 1912 1022 1939 omni

236 1957 387 1991 iuventutis
399 1956 466 1984 ﬂore
480 1957 628 1992 multisque
648 1957 676 1984 in
691 1957 878 1992 captivitatem
895 1957 1022 1990 redactis,

237 2002 353 2029 Basilius
367 2002 451 2030 etiam
466 2007 563 2037 captus
577 2008 621 2029 est
642 2010 658 2030 a
680 2002 806 2038 Bulgaris
820 2008 949 2037 tanquam
966 2003 1024 2030 avi-

237 2048 299 2074 cula
312 2048 436 2082 quaedam
451 2048 563 2082 praedita
577 2048 702 2075 venustis
716 2048 766 2075 alis
779 2049 814 2075 ab
830 2056 936 2083 aucupo
952 2048 1024 2076 diro.

237 2094 306 2121 Cum
322 2099 414 2120 autem
437 2101 452 2121 c
474 2093 554 2121 saevis
568 2094 748 2129 Bulgarorum
765 2094 872 2129 laqueis
883 2094 1024 2126 evasisset,

240 2139 312 2166 intra
325 2139 393 2166 ﬁnes
407 2139 591 2166 Romanorum
607 2147 734 2166 reversus
748 2146 798 2166 ceu
812 2147 916 2174 pauper
929 2147 1026 2174 operas

1080 1003 1219 1030 Ἐντεῦθεν
1234 1002 1279 1029 οὖν
1289 1004 1359 1029 κατὰ
1374 1003 1460 1038 βραχὺ
1476 1003 1506 1029 τὸ
1521 1003 1651 1038 σθεναρὸν
1665 1003 1800 1038 γνωρίσας

1067 1048 1186 1075 ’Δπασιν
1199 1048 1246 1074 ἐπὶ
1259 1048 1390 1082 στόματος
1402 1049 1422 1064 ⁶¹
1434 1048 1523 1075 ἔκειτο
1538 1049 1693 1082 μεγιστᾶσι.

1066 1095 1121 1122 Καὶ
1134 1095 1161 1121 τί
1180 1094 1272 1129 μακρὰ
1286 1095 1332 1121 καὶ
1343 1095 1457 1130 περιττά
1468 1103 1476 1128 ;
1495 1094 1533 1129 τῷ
1545 1095 1654 1130 Μιχαὴλ
1667 1095 1802 1128 ἐγνώσθη,

1067 1142 1121 1168 Kal
1136 1141 1232 1177 πρῶτα
1247 1141 1337 1177 μέντοι
1354 1141 1516 1177 φροντιστὴς
1534 1141 1663 1176 τιτίμητο
1682 1140 1736 1167 τῶν
1750 1141 1852 1170 ἵππων.

1068 1188 1184 1214 Ἔπειτα
1197 1187 1244 1214 καὶ
1262 1187 1440 1223 παράκοπος,
1452 1187 1567 1222 πρᾶγμα
1583 1187 1726 1222 Ῥωμαίοις
1746 1186 1826 1222 μέγα,

1067 1234 1122 1260 Kal
1136 1233 1288 1260 τελευταῖον
1306 1232 1430 1268 βασιλεὺς
1447 1233 1494 1259 καὶ
1511 1233 1559 1259 σὺν
1575 1232 1649 1267 αὐτῷ
1663 1232 1760 1258 διεῖπε.

1068 1278 1122 1306 Τοῦ
1141 1279 1168 1305 δὲ
1183 1279 1344 1314 κρατοῦντος
1360 1279 1511 1311 καταγνοὺς
1525 1278 1562 1309 ὡς
1579 1278 1660 1304 πότου
1676 1277 1723 1304 καὶ
1736 1277 1853 1312 μεθύσῡυ
1888 1293 1894 1302 .

1068 1326 1123 1352 Kal
1137 1324 1239 1359 κώμοις
1253 1324 1438 1358 ἐπιχαίροντος
1453 1323 1500 1350 καὶ
1513 1322 1770 1359 θεατρομανοῦντος,

1068 1372 1146 1398 Κατὰ
1159 1371 1211 1398 τῶν
1226 1371 1386 1406 σπλάγχνων
1397 1371 1451 1397 τῶν
1468 1370 1549 1397 αὑτοῦ
1563 1370 1672 1406 διήλασε
1690 1371 1721 1397 τὸ
1732 1370 1816 1404 ξίφος.

1069 1416 1124 1442 Καὶ
1141 1415 1176 1442 τὰ
1194 1415 1240 1441 τοῦ
1260 1415 1376 1450 κράτους
1397 1415 1505 1449 ἥρπασε
1525 1415 1578 1450 πρὸ
1598 1415 1704 1450 χρόνον,
1730 1415 1781 1449 τρο
1804 1414 1854 1448 τῆς

1408 1489 1410 1491 ,
1721 1459 1817 1495 [ὥρας.

1105 1502 1188 1538 Οὗτος
1198 1506 1278 1538 εὐθὺς
1293 1506 1338 1533 τὸν
1352 1506 1452 1533 Φώτιον
1466 1506 1532 1532 ὠθεί
1546 1505 1596 1540 τῆς
1608 1505 1784 1541 Ἐκκληοίας,

1069 1551 1124 1578 Kal
1137 1551 1217 1579 πάλιν
1229 1551 1373 1579 ἀποδίδωσι
1388 1551 1433 1579 τόν
1450 1550 1543 1586 θρόνον
1567 1550 1699 1585 Ἰγνατίῳ.

1692 1595 1768 1623 Vers.
1781 1595 1852 1622 5233

1071 1685 1170 1718 fertur,
1196 1693 1313 1720 eumque
1341 1685 1467 1713 similiter
1490 1684 1676 1719 quiescentem
1690 1685 1805 1715 excitat.
1828 1690 1857 1711 et

1073 1731 1266 1767 imperatorem
1284 1731 1358 1758 intro
1369 1730 1449 1766 jubet
1459 1730 1607 1758 deducere.
1623 1730 1692 1757 Tum
1707 1730 1741 1758 de
1756 1730 1858 1757 lectulo

1073 1784 1124 1805 suo
1139 1776 1232 1804 desilit
1247 1776 1376 1808 aedituus,
1400 1780 1428 1804 et
1452 1776 1485 1803 ad
1512 1775 1567 1803 iani
1589 1775 1755 1803 vestibulum
1781 1779 1855 1802 recta

1072 1821 1216 1850 descendit
1230 1830 1237 1848 :
1253 1821 1384 1848 Basilium
1405 1821 1526 1849 tenuiter
1542 1821 1605 1848 istic
1620 1821 1801 1848 dormientem
1817 1821 1858 1848 in-

1072 1868 1159 1901 venit,
1176 1867 1253 1894 humi
1268 1871 1402 1901 stratum,
1415 1867 1534 1902 pedibus
1549 1867 1635 1895 illotis
1644 1887 1652 1900 ,
1666 1866 1790 1895 vestibus
1802 1873 1859 1893 sor-

1073 1913 1146 1941 didis
1162 1917 1190 1940 et
1210 1912 1338 1948 pannosis
1360 1912 1490 1940 obsitum.
1506 1913 1601 1947 itaque
1616 1920 1666 1947 pro
1679 1912 1798 1947 quodam
1813 1919 1860 1938 er-

1074 1966 1136 1986 rore
1149 1959 1238 1986 visum
1252 1959 1304 1986 hoc
1317 1958 1440 1985 oblatum
1455 1959 1507 1986 sibi
1523 1958 1610 1991 ducit,
1631 1960 1670 1986 et'
1681 1958 1744 1986 inde
1768 1958 1858 1985 disce-

1075 2003 1125 2030 dit.
1142 2003 1302 2037 Rursusque
1317 2002 1531 2030 obdormiscenti
1548 2003 1627 2038 prius
1642 2003 1709 2031 illud
1725 2003 1815 2030 visum
1829 2009 1860 2029 se

1075 2048 1166 2079 olfert.
1184 2048 1265 2083 idque
1279 2049 1338 2076 vice
1351 2048 1443 2076 tertia.
1460 2048 1512 2076 Vix
1535 2049 1645 2077 tandem
1667 2049 1786 2076 aedituus
1803 2055 1861 2075 rem

1078 2094 1231 2129 intelligere
1247 2095 1340 2130 coepit,
1355 2101 1384 2122 et
1398 2095 1529 2122 Basilium
1543 2102 1608 2122 suas
1619 2095 1646 2122 in
1663 2095 1736 2122 aedes
1750 2094 1862 2122 deducit

1077 2143 1105 2166 et
1124 2139 1303 2166 cenveniente
1328 2146 1394 2166 cura
1416 2139 1513 2168 reﬁcit.
1539 2139 1606 2166 Erat
1625 2143 1720 2166 autem
1742 2138 1861 2166 Basilius

240 2184 309 2210 alias
323 2191 386 2211 suas
400 2191 450 2218 pro
466 2184 592 2211 mercede
607 2184 726 2217 locabat,
740 2185 767 2211 in
784 2193 838 2220 quo
850 2185 913 2212 vitae
926 2192 1027 2220 genere

240 2230 331 2257 varias
348 2238 484 2257 aerumnas
496 2231 613 2265 pertulit
633 2235 662 2258 et
684 2230 792 2258 labores
804 2238 917 2266 magnos
931 2235 1027 2258 exant-
1077 2231 1160 2259 nibus
1171 2231 1316 2266 giganteis,
1330 2235 1442 2266 pectore
1456 2231 1522 2264 lato,
1536 2230 1656 2258 robustis
1670 2229 1780 2257 lacertis
1794 2236 1865 2264 prae-

241 2275 317 2303 ldl’ll.
336 2276 455 2304 Tandem
470 2276 661 2304 animadverso
685 2284 714 2304 se
739 2284 802 2304 suos
823 2277 906 2304 hosce
919 2277 1027 2304 labores
1079 2277 1163 2305 ditus.
1178 2277 1274 2312 Itaque
1293 2284 1327 2304 ex
1345 2284 1379 2304 eo
1397 2280 1520 2312 tempore
1534 2276 1667 2311 paulatim
1683 2275 1768 2302 robur
1782 2282 1862 2302 suum

241 2320 269 2347 in
287 2321 380 2348 sterile
402 2320 489 2348 solum
505 2329 645 2356 spargere,
662 2321 826 2357 propinquis
840 2321 897 2350 suis
912 2321 1028 2354 relictis,
1043 2312 1067 2341 ο
1081 2322 1257 2349 manifestum
1284 2321 1388 2350 faciens
1410 2322 1437 2349 in
1461 2329 1510 2349 ore
1535 2321 1707 2356 magnatibus
1729 2319 1881 2347 universis.

239 2373 256 2392 e
273 2365 360 2401 patria
374 2366 505 2399 discedit,
530 2372 558 2395 et
580 2373 677 2396 caetera
692 2368 785 2395 omnia
805 2375 855 2403 pro
872 2367 960 2394 nihilo
975 2367 1028 2394 du-
1080 2372 1150 2395 erat.
1177 2368 1254 2402 107
1270 2367 1341 2400 Quid
1368 2367 1463 2394 multis
1485 2371 1513 2394 et
1536 2365 1748 2402 supervacaneis
1772 2365 1864 2392 verbis

241 2419 317 2445 cens,
331 2417 406 2439 recta
419 2413 579 2448 Byzantium
591 2414 740 2441 contendit.
753 2413 820 2441 Cum
834 2418 924 2441 autem
934 2413 1029 2441 urbem
1079 2422 1149 2449 opus
1171 2414 1231 2441 est?
1251 2414 1332 2441 etiam
1354 2413 1487 2441 Michaelo
1505 2413 1634 2446 innotuit,
1650 2420 1683 2440 ac
1698 2412 1788 2447 primo
1802 2411 1864 2446 qui.

242 2458 371 2492 pulchras
388 2462 478 2485 turres
494 2459 640 2487 habentem
660 2459 800 2494 ingressus
814 2459 885 2492 fuit,
898 2459 944 2486 hic
961 2459 1029 2486 mihi
1079 2458 1141 2486 dem
1168 2459 1303 2486 curatoris
1331 2465 1466 2493 equorum
1490 2457 1622 2493 dignitate
1646 2457 1864 2488 cohonestatur;

242 2503 386 2530 consilium
401 2503 658 2532 artiﬁciosissimum
668 2504 742 2536 vide,
753 2513 809 2540 quo
825 2510 905 2540 pacto
919 2504 1026 2532 radices
1079 2503 1179 2531 deinde
1193 2503 1222 2531 ﬁt
1235 2503 1386 2536 accubitor,
1408 2510 1468 2538 quae
1490 2502 1608 2538 dignitas
1630 2501 1702 2536 apud
1727 2501 1865 2528 Romanos

243 2556 335 2575 rerum
357 2548 445 2576 multo
461 2553 525 2577 ante
539 2549 654 2585 iecerit.
670 2555 699 2578 et
712 2557 794 2585 quam
810 2550 966 2578 veneranda
982 2557 1026 2578 res
1079 2548 1174 2583 ingens
1186 2552 1241 2581 est;
1261 2548 1370 2575 tandem
1394 2552 1503 2575 creatur
1518 2547 1676 2582 imperator,
1692 2554 1726 2574 ex
1741 2553 1796 2581 quo
1809 2546 1865 2580 jam

243 2592 279 2619 sit
306 2592 463 2627 imperium.
492 2584 572 2622 Forte
596 2594 717 2625 cubabat
738 2595 839 2622 alicubi
865 2594 1026 2630 consopitus
1078 2597 1201 2628 tempore
1226 2601 1334 2628 semper
1357 2592 1454 2620 eodem
1479 2593 1507 2620 in
1531 2591 1713 2620 contubernio
1735 2598 1798 2618 cum
1814 2584 1865 2617 Mi-

1077 2184 1147 2212 l'acie
1160 2184 1308 2212 admodum
1320 2189 1446 2217 venusta,
1461 2191 1612 2220 generosus
1628 2185 1656 2211 in
1672 2184 1784 2219 primis,
1808 2191 1862 2210 ma-

243 2637 376 2670 Basilius,
392 2646 446 2666 non
463 2638 567 2667 refecto
582 2637 698 2674 corpore
708 2660 715 2672 ,
730 2640 827 2667 laceris
839 2640 937 2675 pannis
957 2639 1031 2666 obsi-

245 2679 298 2715 tus.
322 2683 413 2718 capite
436 2685 583 2712 convoluta
598 2689 626 2712 et
640 2689 722 2712 tecto.
737 2685 863 2713 Cubabat
886 2690 977 2713 autem
1002 2685 1031 2712 in

244 2729 401 2762 pavimento
414 2729 532 2764 quodam
555 2730 679 2758 latericio
690 2751 697 2763 ,
717 2731 806 2758 vicino
820 2731 906 2758 divini
921 2731 1031 2757 Diome-

245 2773 288 2801 dis
299 2774 361 2802 aedi.
378 2775 534 2803 Secundum
553 2776 611 2804 haec
630 2776 767 2804 somnium
782 2776 885 2804 aadituo
906 2776 971 2803 felix
991 2776 1032 2802 ol-

1078 2638 1173 2666 chaelo
1189 2639 1315 2674 degebat.
1331 2638 1453 2673 Cumque
1470 2638 1626 2666 damnasset
1641 2645 1704 2664 eum
1721 2644 1773 2664 ceu
1789 2637 1866 2662 vino-

1078 2691 1139 2710 sum
1156 2692 1188 2711 ac
1204 2684 1396 2716 temulentum,
1409 2684 1500 2718 gladio
1514 2684 1619 2711 viscera
1633 2682 1750 2718 trajecit,
1761 2686 1790 2710 et
1802 2686 1866 2708 ante

1079 2734 1187 2764 tempus
1202 2729 1348 2764 imperium
1362 2730 1462 2764 rapuit.

1110 2774 1198 2801 lnitio
1210 2774 1337 2802 Pbotium
1351 2774 1473 2802 Ecclesia
1499 2774 1588 2809 pellit,
1611 2778 1640 2801 et.
1666 2772 1771 2809 lgnatio
1790 2773 1865 2798 thro-

919 2854 1024 2886 νει-ἰδὲ
1045 2853 1213 2885 lectiones.

283 2916 306 2932 ⁸⁷
324 2917 467 2951 ρυηφενεῖς
479 2915 550 2952 ἦσαν
567 2917 600 2944 R.

656 2918 678 2934 ⁵⁸
691 2918 734 2945 Al.
752 2918 857 2945 ἐκλειπ,
895 2919 916 2934 "
932 2918 1008 2946 llunc

1075 2925 1134 2946 sum
1146 2925 1200 2946 om.
1221 2917 1253 2944 ll.
1291 2919 1313 2934 θ’
1326 2917 1460 2951 ὐνρέστιον.
1501 2917 1520 2932 ¹¹
1536 2917 1665 2951 στόμασιν
1676 2920 1708 2944 Δ.
