2047 3153
181 264 301 298 θελήσας
314 261 342 288 δὲ
355 262 402 289 καὶ
416 270 455 296 τῳ
470 260 551 295 κοινῷ
566 260 695 295 χρήματα
710 259 845 286 διαδοῦναι

183 310 235 334 Kal
249 307 494 342 διερευνησάμενος
514 306 605 337 οἴκους
620 304 851 340 χρυσιοφρούρους
863 304 900 336 δ’,

181 355 285 385 Οῗτινες
312 354 375 388 πρὶν
387 352 565 386 συνέσφιγγον
581 351 629 382 τὰς
639 350 692 376 τῶν
700 351 847 385 χρημάτων
861 350 969 384 λίμνας,

182 397 235 423 lxal
248 396 346 431 βλέψας
361 396 464 426 πάντας
485 395 644 429 αὐχμηροὺς
671 393 733 429 μηδ’
748 393 842 420 ἄντλον
856 394 878 409 ⁸³
894 394 972 419 εὐτυ-

796 441 805 477 {
811 441 935 476 χοῦντας,

184 489 294 522 ἾΙλγει,
305 489 409 523 βαρέως
427 488 534 523 ἔφερεν,
552 488 641 523 ἦλυεν,
653 488 781 523 ἠδημόνει
797 487 830 520 ⁸⁵,

182 535 238 561 Οὔκ
253 532 326 568 εἶχεν
341 534 354 560 ὃ
370 543 395 561 τι
411 535 524 567 γένοιτο,
538 533 670 560 πάντοθεν
681 534 808 568 ἠπορεῖτο
818 540 825 547 ·

189 577 217 603 ὐ
230 577 357 611 βασιλεὺς
373 577 427 612 γὰρ
445 577 555 612 ἀπορῶν
571 577 650 604 δλόου
668 577 866 604 πολυταλάντου

183 623 327 657 ’Ἃντικρύς
342 623 415 649 ἐστιν
429 623 506 654 ἀετὸς
523 623 698 657 παλαιγενὴ;,
716 622 865 658 τριγέρων,

188 669 374 704 ’Ᾱφῃρημένος
388 669 422 695 τὰ.
432 671 528 704 πτερὰ,
546 669 608 700 τοὺς
628 669 735 703 ὄνυχας,
747 669 777 694 τὸ
790 669 907 703 ῥάμφος.

187 713 324 739 Ἐντεῦθεν
340 714 354 740 ό
368 713 508 744 Βασίλειος
523 713 665 748 ἡσχαλλεν,
679 713 818 748 ¹ἰςδημόνει.

187 759 216 784 Ὀ
227 759 336 794 κράτωρ
352 758 406 793 γάρ
427 767 469 784 τοι
484 759 593 794 Μιχαὴλ
609 759 697 786 πάντα
713 757 905 789 κατακενώσας

183 805 236 830 Καὶ
250 805 344 840 μίμοις
356 804 537 839 χαρισάμενος
548 805 730 839 συμπαίκταις
746 804 792 830 καὶ
806 803 968 837 συμπόταις,

181 850 218 876 Οὐ
233 849 312 884 μόνον
326 849 434 884 γρῦπας
453 846 550 876 δέδωκε
569 850 668 885 χωνείᾳ.
683 849 882 884 καταχρύσους,

187 894 267 921 ‘Am
282 895 328 921 καὶ
341 895 390 929 τὴν
406 894 604 929 καλλίπρεμνον
621 895 756 921 πλάτανον
775 894 825 928 τὴν
840 894 968 929 χρυσέαν,

188 940 234 973 Ἐφ
259 937 291 974 ἧς
309 939 428 974 καθῆστο
446 940 548 974 χρύσεα
566 939 723 966 παντοδαπᾶ
739 939 881 974 στρουθία,

183 986 234 1011 Kal
250 985 329 1020 μέλος
347 985 496 1016 ετιτύϐιζεν
511 985 548 1016 ὡς
564 985 617 1011 ἀπὸ
630 985 719 1019 ζώσης
735 984 861 1018 γλώσσης
876 983 908 1016 ⁸⁵,

183 1031 237 1056 Kal
247 1031 301 1060 toi;
315 1030 459 1056 ἁκούουσιν
471 1030 560 1056 αὐτῶν
576 1029 706 1063 ἔκπληξιν
726 1029 852 1060 ἐνεποίει,

189 1074 438 1109 Ἑκοαμόουμένοις
454 1075 483 1101 τὺ
497 1074 590 1100 καινὸν
607 1073 656 1107 τῆς
678 1073 802 1108 μηχανῆς
818 1072 935 1107 ἐκείνης.

185 1122 218 1146 ’Ὀ
230 1121 257 1147 δὲ
271 1120 318 1146 καὶ
338 1121 453 1151 πένθους
467 1119 541 1151 ἄξιον
557 1119 603 1145 καὶ
620 1118 726 1154 θρήνων
743 1119 790 1144 καὶ
805 1117 940 1152 δακρύων,

182 1167 275 1199 Λέξων
289 1168 302 1192 ό
318 1166 394 1205 λόγος
411 1166 520 1200 ἔρχεται
536 1165 584 1192 καὶ
600 1165 856 1200 βαρυστοναχήσων.

187 1211 217 1236 '0
233 1209 485 1244 μυριομαθέστατος
503 1210 531 1234 ἐν
544 1209 698 1243 φιλοσόφοις
711 1208 788 1234 Λέων

182 1256 227 1290 Τῷ
245 1255 383 1289 φιλοκάλῳ
402 1254 558 1289 βασιλείτῷ
576 1254 686 1288 Μιχαὴλ
701 1254 798 1290 γενέτῃ

189 1301 324 1332 Ἐξαίσιον
340 1301 486 1335 εἰργάσατο
499 1299 594 1331 σκεῦος
610 1299 771 1334 ὼροιομίου,

183 1347 222 1372 Δι’
235 1343 265 1373 οὗ
280 1348 394 1382 παρεῖχε
407 1346 528 1381 καθορᾷν
550 1345 589 1380 τῷ
604 1345 708 1380 βασιλεῖ
723 1345 783 1372 καθ’
797 1345 883 1380 ὤραν,

190 1392 234 1418 Ἐν
249 1393 344 1427 μέσοις
362 1391 524 1426 διατρίϐοντι
537 1392 593 1422 τοῖς
609 1390 751 1426 βασιλείοις
772 1390 840 1417 οῐκοι
850 1400 868 1423 ·,

184 1440 218 1465 Ιἐῖ
231 1448 281 1465 που
300 1439 433 1473 τολμᾶταί
449 1448 474 1477 τι
492 1438 584 1465 καινδν
597 1439 619 1453 ⁸⁵
631 1439 660 1464 ὲν
677 1438 805 1472 Ἀραψιν,
823 1438 851 1464 ὲν
865 1437 970 1473 Σύροις.

183 1484 310 1510 ἰἐλοῦντι
319 1484 384 1518 γοῦν
398 1484 438 1519 τῷ
451 1484 561 1519 Μιχαήλ
579 1492 643 1510 ποτε
654 1483 833 1518 διφρηλασίας

185 1617 248 1636 num
265 1608 395 1636 restituit.
407 1607 530 1642 Cumque
555 1607 678 1635 liberalis
701 1607 728 1634 in
753 1607 829 1634 cives
848 1606 973 1641 pecuniis

183 1652 332 1689 erogandis
345 1662 406 1682 esse
421 1654 513 1687 vellet,
528 1654 688 1688 perquisitis
699 1653 814 1685 aerariis,
825 1660 886 1687 qum
898 1653 974 1687 prius

185 1700 313 1735 ingentes
325 1699 505 1735 pecuniarum
520 1699 613 1734 copias
633 1698 822 1731 continebant,
837 1706 900 1726 cum
916 1706 975 1726 om-

186 1747 230 1773 nia
246 1746 372 1780 squalere
389 1749 516 1773 cerneret
531 1752 582 1773 nec
601 1744 705 1772 hauriri
722 1744 871 1779 quidquam
886 1752 920 1771 ex
934 1744 975 1771 eis

185 1799 274 1826 posse,
292 1791 413 1823 dolebat,
430 1798 487 1818 rem
503 1791 622 1826 graviter
635 1790 752 1823 ferebat,
769 1790 848 1825 inops
867 1789 974 1817 consilii

186 1836 338 1866 haesitabat.
352 1836 418 1871 quid
434 1835 556 1863 futurum
579 1840 652 1863 esset
677 1835 829 1871 ignorabat,
852 1835 975 1870 undique

185 1883 376 1909 coarctabatur
390 1890 396 1908 :
415 1889 478 1908 nam
500 1889 584 1916 egens
609 1881 759 1916 imperator
773 1885 801 1908 et
818 1881 923 1915 magnis
939 1880 974 1907 ab

185 1928 284 1962 opibus
299 1927 448 1955 destitutus
462 1935 557 1962 reapse
570 1926 638 1953 nihil
649 1930 692 1954 est
702 1926 776 1953 aliud
789 1933 870 1960 quam
882 1926 975 1960 aquila

185 1973 263 1999 senio
281 1972 424 2004 confecta,
439 1972 555 2007 spoliata
577 1971 681 2005 pariter
705 1970 768 2002 alis,
790 1969 928 2004 unguibus
947 1973 975 1997 et

187 2021 286 2044 rostro.
315 2017 450 2044 Nimirum
477 2016 628 2043 Michaelus
645 2015 804 2050 imperator,
832 2014 975 2042 exhaustis

187 2062 327 2093 erunibus,
344 2067 372 2089 et
394 2062 422 2088 in
446 2061 546 2088 mimos
559 2061 711 2088 collusores
725 2065 900 2096 compotores
913 2067 976 2096 pro-

188 2106 267 2138 lusis,
280 2112 335 2132 non
349 2112 447 2140 grypes
462 2108 566 2131 tantum
583 2112 681 2132 aureos
693 2104 867 2138 conﬂaverat,
879 2112 974 2132 verum

187 2152 269 2178 etiam
285 2150 424 2185 platanum
441 2150 525 2183 illam,
553 2149 580 2176 in
607 2157 661 2184 qua
686 2150 776 2178 omnis
793 2151 902 2185 generis
916 2150 974 2177 avi-

188 2198 256 2223 culae
271 2196 452 2223 considebant
474 2200 502 2223 et
525 2203 580 2222 non
604 2196 684 2223 aliter
700 2196 877 2224 cantillabant
891 2201 974 2231 atque

186 2243 207 2269 si
235 2243 341 2277 linguas
359 2242 433 2270 vivas
451 2241 595 2274 haberent,
619 2241 792 2269 auditoribus
818 2241 851 2268 ad
878 2249 972 2269 earum
989 2261 1012 2289 Β

187 2296 267 2315 γοοιε
279 2287 538 2321 obstupescentibus
554 2286 763 2320 machinamqne
776 2293 874 2314 novam
890 2291 918 2313 et
931 2286 972 2312 in-

188 2336 312 2362 usitatam
327 2334 540 2361 admirantibus.
558 2333 638 2360 Libet
653 2335 734 2360 etiam
750 2333 822 2359 aliud
841 2332 971 2367 quiddam

187 2380 313 2414 lacrymis
334 2384 362 2406 et
385 2379 580 2406 lamentatione
596 2378 708 2413 dignum
724 2385 872 2412 exponere.
890 2378 969 2405 Prin-

188 2432 252 2458 ceps
269 2425 313 2451 ille
333 2425 557 2460 philosophorum
574 2428 602 2451 et
618 2424 732 2451 infinitis
745 2424 872 2451 eruditus
886 2423 971 2451 disci-

189 2469 271 2502 plinis
283 2468 338 2496 Leo
354 2469 504 2505 Theophilo
532 2471 708 2505 imperatori,
735 2470 859 2497 Michaeli
889 2470 970 2504 patri,

188 2514 268 2548 plane
282 2513 441 2542 inusitatum
455 2515 613 2543 confecerat
634 2515 848 2542 instrumentum
862 2515 972 2542 horolo-

188 2558 235 2593 gii,
261 2566 309 2593 per
322 2558 394 2592 quod
411 2560 568 2594 imperatori
592 2561 683 2595 agenti
708 2560 734 2587 in
761 2561 833 2595 regia
858 2560 973 2595 singulis

189 2605 266 2632 horis
289 2605 467 2639 spectandum
491 2606 639 2646 exhibebat
670 2606 803 2641 quidquid
835 2606 897 2633 novi
931 2606 973 2632 vel

189 2651 262 2687 apud
278 2651 382 2678 Arabes
398 2651 439 2678 vel
464 2652 535 2686 apud
561 2652 644 2686 Syros
671 2657 801 2680 tentatur.
822 2653 902 2680 Forte
924 2651 972 2678 Mi-

190 2696 286 2724 chaelo
306 2695 417 2724 curules
439 2695 519 2724 ludos
540 2696 682 2732 peragenti
701 2697 883 2732 signiﬁcatum
899 2700 940 2723 est
959 2702 973 2721 a

740 201 994 233 COMPENDIUM
1011 199 1250 231 CHRONICUM.

983 263 1006 290 Α
1021 256 1115 292 Σύρων
1135 257 1247 291 στρατὸς
1263 254 1424 290 ἐξορμηθεὶς
1447 255 1514 290 πρός
1529 263 1599 287 τινος
1615 255 1737 291 ἐμηνύθη

1749 199 1803 231 418

1023 302 1100 328 Μετὰ
1111 301 1226 336 ¹βαρείας
1240 301 1286 326 καὶ
1303 300 1421 334 σφοδρᾶς
1436 301 1482 326 καὶ
1503 300 1618 336 βριαρᾶς
1632 301 1680 334 τῆς
1696 301 1796 336 ῥύμης.

1023 347 1112 382 Ὅπερ
1124 346 1242 378 ἀκούσας
1259 347 1378 381 Μιχαὴλ.
1395 346 1442 372 καὶ
1457 346 1547 377 δείσας
1568 347 1604 381 μὴ
1619 346 1648 373 τὺ
1664 347 1763 381 πλῆθος

1022 391 1083 422 Τοῖς
1099 391 1254 417 ἀκουσθείσι
1267 390 1402 425 ταραχθὲν
1417 391 1447 417 τὸ
1467 391 1581 425 θέατρον
1613 391 1721 426 ἐκλίπῃ,

1021 434 1124 460 Λύτίκα
1137 434 1167 460 τὸ
1185 435 1333 468 μηχάνημα
1350 433 1455 460 κελεύει
1472 434 1659 470 συντριϐῆναι.

1020 481 1072 508 Φεῦ
1092 482 1141 516 τῆξ
1157 482 1315 516 σκαιότητος
1331 481 1413 508 αὑτοῦ
1427 483 1433 508 1
1452 481 1503 516 φεῦ
1521 482 1571 516 τῆς
1585 482 1808 516 φρενοϐλασείαςι

1020 527 1074 554 Φεῦ
1089 527 1138 561 φεῦ
1152 528 1157 553 l
1171 528 1262 553 ὁποῖον
1280 527 1415 561 θησαυρὸν
1429 528 1542 562 ἠφάνισε
1561 527 1704 560 Ῥωμαίων

1022 573 1182 608 ’Δνθρωπος
1199 573 1374 608 ρυπαρόϐιος,
1389 575 1472 607 πότης
1486 573 1712 608 βοσκηματὼδηςΐ

1057 620 1111 646 Kal
1120 619 1204 645 ταῦτα
1219 619 1268 653 μὲν
1280 618 1434 653 ἀρκούντως
1446 627 1489 653 μοι
1498 619 1660 653 τεθρήνηται
1671 618 1709 652 τῷ
1720 618 1791 654 λόγῳ
1801 626 1809 633 ·

1025 663 1057 691 ⁷0
1072 663 1183 698 κράτωρ
1197 663 1226 690 δὲ
1240 663 1381 694 Βασίλειος
1395 663 1445 698 ἤδη
1461 663 1631 697 κατανοήσας

1020 710 1067 741 Εἰς
1086 709 1162 744 γόνυ,
1175 708 1244 743 φεῦι
1262 708 1419 735 ὀκλάσασαν
1439 707 1488 743 τὴν
1501 707 1556 734 τῶν
1572 707 1715 741 Ῥωμαίων
1726 707 1810 742 τύχην

1020 756 1076 782 Kal
1085 755 1293 781 κινδυνεύουσαν
1308 755 1403 780 πεσεῖν
1417 753 1517 784 ἀθλίως
1530 753 1575 779 ἐπὶ
1589 753 1686 788 στόμα,

1020 800 1127 827 Μᾶλλον
1137 800 1159 826 δ’
1168 800 1254 826 εἰπεῖν
1264 800 1443 825 ἐκλείπουσαν
1458 800 1504 825 καὶ
1517 798 1650 824 πνέουσαν
1661 799 1694 824 τὰ
1704 797 1808 830 λοῖσθα,

1020 846 1079 872 Δεῖν
1091 846 1162 879 ἔγνω
1177 845 1226 880 τὴν
1242 845 1375 879 βασίλειον
1398 844 1543 870 ἀναλαϐεῖν
1559 843 1654 878 σοφίαν

1021 892 1076 918 Kal
1090 891 1175 918 σῶσαι
1185 891 1234 926 τὴν
1243 891 1320 926 παρὰ
1329 891 1426 926 μικρδιν
1438 891 1460 906 ⁵⁷
1469 891 1568 925 νεκράν
1576 899 1605 916 τε
1618 891 1663 916 καὶ
1671 890 1808 925 τυμϐόρη.

1028 937 1168 964 Ἐντεῦθεν
1184 937 1302 971 κάματοι
1316 937 1414 963 πυκνοὶ
1426 937 1472 963 καὶ
1487 937 1617 971 μέριμναι
1632 936 1679 962 καὶ
1703 936 1810 971 μόχθοι,

1022 983 1076 1009 Kal
1088 982 1179 1018 θώραξ
1194 982 1379 1017 περιστέρνιος
1395 982 1443 1008 καὶ
1461 982 1648 1017 σιδηροφορία,

1021 1025 1077 1052 Καὶ
1092 1025 1204 1060 πόλεμοι
1221 1025 1378 1060 φιλαίματοι
1394 1026 1442 1051 καὶ
1457 1027 1578 1060 συνεχεῖς
1589 1026 1738 1061 φροντίδες,

1022 1070 1077 1097 Kal
1092 1070 1147 1105 βίος
1158 1070 1319 1101 ὑπασπίδιος
1331 1071 1353 1087 ⁸⁸
1367 1071 1414 1097 καὶ
1431 1070 1545 1105 κόρυθες
1557 1072 1603 1097 καὶ
1621 1071 1727 1105 λόγχαι,

1024 1116 1077 1141 Kal
1090 1115 1222 1150 βλέφαρον
1237 1115 1379 1150 ὠμὸῡπνον
1390 1115 1466 1143 σπιῖιν
1477 1115 1527 1142 οὐκ
1541 1116 1581 1147 είς
1599 1116 1679 1151 κόρον
1705 1116 1798 1143 ὕπνον.

1023 1159 1169 1186 Ἐντεῦθεν
1183 1159 1340 1186 ἀνεσώσατο
1361 1160 1396 1187 τὰ
1414 1161 1565 1196 πράγματα
1582 1161 1738 1195 Ῥωμαίοις,

1023 1206 1079 1232 Kal
1093 1205 1180 1241 τύχην
1194 1207 1243 1241 τὴν
1258 1206 1417 1241 γηράσασαν
1439 1207 1489 1242 τὴν
1502 1207 1728 1242 ἑκρυτιδωθεῖσαν

1023 1251 1116 1286 Καλὴν
1130 1252 1364 1287 τρυφεροπάρειον
1387 1252 1535 1287 εἰργάσατο
1549 1252 1688 1288 κορίσκην.

1025 1297 1167 1331 Ἐγνωσαν
1179 1297 1240 1323 τότε
1262 1297 1400 1332 Βάρδαροι
1411 1297 1480 1332 θῆρα
1495 1297 1541 1324 τὸν
1559 1297 1622 1332 πρὶν
1635 1297 1768 1324 ὑπνοῦντα

1023 1342 1156 1374 Γενναίως
1170 1343 1351 1378 ἀνεγρόμενον
1362 1342 1433 1369 κατὰ
1445 1343 1499 1369 τῶν
1512 1343 1686 1374 ἀδικούντων,

1023 1388 1079 1414 Καὶ
1093 1388 1192 1420 πάντες
1208 1388 1407 1423 ύποτρέσαντες
1422 1387 1520 1415 ἔδυσαν
1534 1389 1573 1419 είς
1587 1388 1636 1419 τὰς
1652 1388 1754 1423 λόχμας
1765 1389 1798 1421 ⁸⁸,

1024 1433 1078 1459 Καὶ
1091 1433 1172 1460 πάλιν
1187 1433 1368 1468 ὑπερίσχυσεν
1385 1433 1402 1467 ἠ
1418 1433 1472 1460 τῶν
1490 1433 1633 1467 Ῥωμαίων
1650 1434 1731 1468 escae
1739 1442 1757 1465 ξ,

1065 1479 1142 1506 Ἐπεὶ
1157 1479 1185 1506 δὲ
1201 1479 1338 1511 κλύδωνας
1354 1478 1447 1514 φυγὼν
1471 1478 1597 1513 Ἰγνάτιος
1610 1479 1655 1505 τοῦ
1670 1479 1727 1514 βίου

1647 1551 1724 1580 Vet‘s.
1742 1552 1812 1579 5.109

1025 1613 1143 1647 quodam
1159 1613 1289 1648 Syrorum
1305 1612 1397 1647 copias
1411 1612 1494 1640 domo
1519 1613 1654 1648 profectas
1668 1621 1729 1640 esse
1746 1621 1808 1640 cum

1025 1658 1129 1693 impetu
1154 1658 1230 1693 gravi
1254 1663 1337 1693 atque
1352 1658 1527 1685 vehemente.
1542 1658 1599 1690 Qua
1617 1667 1645 1685 re
1663 1658 1813 1686 Michaelus

1024 1703 1127 1735 audita,
1146 1702 1250 1730 veritus
1269 1709 1304 1729 ne
1325 1701 1473 1728 multitudo
1496 1701 1653 1736 perturbata
1669 1701 1721 1728 hoc
1738 1709 1811 1728 nun-

1025 1748 1063 1776 tio
1092 1748 1231 1776 theatrum
1261 1747 1421 1779 desereret,
1450 1755 1513 1774 mox
1543 1747 1629 1781 ipsam
1657 1747 1811 1774 machinam

1024 1793 1160 1828 confringi
1187 1792 1279 1828 jussit.
1309 1792 1369 1820 Heu
1398 1796 1501 1827 quanta
1528 1791 1580 1819 fuit
1599 1792 1657 1819 hac
1676 1792 1812 1826 imperitia

1024 1842 1182 1873 quantaque
1201 1837 1358 1865 demential
1385 1836 1454 1871 proh
1475 1836 1583 1870 qualem
1602 1836 1734 1863 Romanis
1752 1836 1813 1862 tlte-

1025 1889 1136 1909 saurum
1174 1880 1294 1916 perdidit
1334 1880 1461 1914 impurus
1492 1879 1593 1911 homo.
1628 1879 1730 1912 bibax,
1763 1887 1812 1914 pe-

1026 1927 1142 1954 cuinusl

1061 1971 1095 1998 Et
1112 1971 1170 1998 haec
1183 1970 1296 2005 quidem
1310 1969 1377 1997 satis
1391 1969 1447 2005 jam
1461 1968 1602 2003 deplorata
1616 1973 1708 1997 sunto.
1724 1968 1810 1996 Caete-

1026 2024 1087 2044 rum
1113 2016 1228 2043 Basilius
1259 2015 1419 2051 imperator,
1450 2014 1643 2043 animadverso
1672 2014 1812 2042 fortunam

1025 2063 1175 2090 Romanam
1192 2061 1280 2096 (heu)
1296 2061 1468 2096 pervolutam
1494 2060 1522 2087 in
1549 2067 1637 2093 genua
1661 2059 1811 2091 labascere,

1023 2108 1133 2142 jamque
1148 2107 1196 2133 illo
1210 2106 1238 2133 in
1256 2105 1378 2141 periculo
1391 2105 1494 2132 versari
1508 2109 1538 2131 ut
1554 2104 1582 2131 in
1595 2111 1627 2130 os
1642 2104 1740 2131 misere
1756 2105 1812 2131 σοι.

1026 2153 1173 2185 laberetur,
1190 2152 1270 2187 108
1284 2151 1326 2178 vel
1345 2150 1447 2178 rectius
1461 2154 1491 2177 ut
1505 2149 1612 2184 loquar,
1626 2149 1717 2175 animo
1734 2151 1811 2183 quasi

1026 2198 1160 2226 defectam
1172 2197 1286 2232 spiritus
1300 2201 1438 2224 extremos
1450 2195 1564 2226 ducere,
1577 2195 1649 2228 regia
1668 2194 1720 2220 sibi
1735 2199 1812 2220 uten-

1025 2243 1090 2270 dum
1106 2242 1239 2278 sapientia
1253 2241 1358 2272 statuit,
1380 2245 1409 2268 et
1424 2241 1484 2275 ejus
1503 2239 1584 2267 saluti
1610 2239 1811 2266 consulendum

1025 2297 1085 2323 quae
1110 2292 1215 2315 tantum
1240 2295 1293 2315 non
1317 2291 1391 2314 esset
1416 2289 1523 2313 mortua
1549 2286 1657 2320 iamque
1683 2285 1811 2318 sepulcro
1842 2301 1847 2305 ς

1024 2333 1177 2361 condenda.
1195 2333 1367 2368 Quapropter
1380 2340 1413 2359 ex
1429 2338 1463 2358 eo
1483 2336 1606 2365 tempore
1627 2330 1664 2356 nil
1679 2330 1730 2356 nisi
1747 2337 1812 2364 per-

1024 2380 1099 2415 petui
1125 2380 1248 2411 labores,
1274 2378 1489 2409 sollicitudines,
1518 2376 1660 2406 molestiae,
1687 2376 1812 2402 thoraces

1023 2425 1095 2452 circa
1118 2429 1224 2459 pectus,
1248 2431 1322 2451 arma
1348 2423 1449 2454 ferrea,
1477 2422 1547 2449 bella
1572 2425 1699 2452 cruenta,
1717 2421 1809 2455 galem,

1024 2470 1117 2501 hastae,
1136 2469 1207 2496 oculi
1226 2469 1259 2496 ad
1274 2469 1428 2496 satietatem
1441 2475 1537 2495 somno
1556 2467 1668 2493 minime
1683 2466 1809 2493 recreati.

1023 2515 1112 2550 Atque
1127 2515 1179 2542 hoc
1193 2515 1274 2542 modo
1288 2522 1344 2541 rem
1364 2514 1513 2541 Romanam
1529 2512 1660 2543 restituit,
1675 2515 1703 2538 et
1721 2511 1810 2538 fortu-

1024 2567 1086 2586 nam
1104 2559 1211 2594 imperii
1228 2559 1283 2594 jam
1298 2563 1487 2586 senescentem
1501 2565 1533 2584 ac
1553 2563 1633 2591 rugas
1645 2556 1810 2583 contrahen-

1025 2610 1078 2633 tem
1102 2613 1198 2632 rursus
1214 2606 1299 2632 instar
1319 2604 1416 2638 puella:
1430 2608 1551 2638 vegetam
1568 2608 1595 2629 et
1611 2607 1752 2629 venustam
1769 2601 1810 2628 cf-

1025 2651 1099 2678 fecit.
1114 2652 1256 2686 Agnovere
1271 2654 1327 2676 tum
1342 2649 1452 2676 barbari
1469 2649 1565 2681 feram,
1581 2657 1641 2683 qua:
1666 2649 1742 2683 prius
1766 2655 1810 2674 so-

1026 2698 1081 2725 oita
1107 2702 1219 2725 strenue
1245 2705 1318 2724 nunc
1342 2696 1476 2724 adversus
1497 2696 1661 2731 iniuriarum
1685 2698 1810 2721 auctores

856 2774 959 2806 Varia)
976 2773 1142 2805 lectiones.

228 2857 250 2871 ε’
269 2856 463 2891 χρυσιοφόρους
480 2857 512 2883 Α.
552 2856 574 2873 ⁸⁸
588 2856 691 2891 ἄντλων
708 2856 741 2883 R.
779 2857 801 2873 “
816 2856 946 2891 ὲμηχάνει
961 2856 1018 2884 AR.
1057 2857 1079 2873 θ’
1095 2856 1221 2891 γλιῦσσης
1234 2855 1334 2891 ζώσης.
1352 2855 1385 2882 R.
1424 2854 1446 2870 “
1459 2853 1544 2880 δεινὸν
1563 2852 1596 2879 R.
1635 2853 1657 2869 ⁸⁷
1674 2850 1763 2888 μικρῷ
1774 2851 1808 2877 Α.

197 2893 218 2906 ⁴¹¹
236 2890 393 2923 ἐπασπίδιος
410 2892 442 2918 Α.
454 2891 476 2907 ⁸⁹
495 2892 533 2924 είς
552 2892 600 2921 τὰς
611 2890 733 2924 τρώγλας
746 2892 777 2917 Δ.
