2047 3153
145 176 198 208 457

146 228 290 256 Ιιιστοῦται
303 229 334 255 τὺ
348 228 494 263 λεγόμενον
507 229 522 255 ό
536 228 677 263 Κομνηνὺς
691 229 805 260 ἐκεῖνος,

145 273 181 311 ’ῼ
194 276 290 311 κλῆσις
309 275 452 308 Ἰσαάκιος,
464 275 494 307 ὃς
507 276 550 301 ἐπ’
567 275 773 310 ἁριστουργίσιις

152 322 300 356 Ὀνόματος
315 321 414 355 ἠξίωτο
431 317 477 347 καὶ
495 322 590 356 φήμης
607 321 787 356 περιτράνου·

148 365 211 400 Ι-Σῐχε
225 367 279 401 γάρ
293 366 387 400 χεῖρας
401 366 506 400 ἀγαθὰς
519 367 583 402 περὶ
607 366 732 400 πολέμων
747 365 828 400 ἔργα,

148 411 204 437 Καὶ
217 411 281 442 τοὺς
293 410 440 442 δακτύλους
454 411 562 445 εὐφυῶς
571 411 673 446 ἤσκητο
686 411 754 446 πρὸς
766 410 815 441 τὰς
832 411 930 445 μάχας.

151 457 199 487 '0;
215 455 372 492 προσελθὼν
390 456 430 491 τῷ
449 456 568 491 Μιχαὴλ,
591 457 638 483 καὶ
653 456 715 488 τοὺς
735 456 859 491 καρποὺς
877 455 933 481 τῶν

802 501 903 538 [πόνων
911 502 933 518 ³¹

149 545 363 581 Δαψιλεστίρους
375 547 439 582 παρ’
450 547 533 574 αὑτοῦ
547 547 698 582 δρέψασθαι
714 547 913 583 προσδοκήσας,

151 593 203 619 Καὶ
219 593 274 619 τῶν
288 593 404 619 ιλπίδων
421 593 457 628 μὴ
473 593 562 628 τυχὼν
581 594 627 619 καὶ
644 594 682 629 μὴ
701 594 841 629 τρυγήσας
858 594 932 628 ῥόδα,

156 638 237 664 Ἀλλὰ
251 639 298 664 καὶ
311 639 412 673 μᾶλλον
431 638 538 673 ὕϐρεων
552 638 575 654 ³⁸
595 639 746 674 εὑράμενος
762 639 882 670 ἀκάνθας

151 683 223 720 Πρὸς
238 684 293 711 τῶν
310 684 449 711 κακίστων
467 684 612 720 κηπευτῶν
633 685 681 711 τοῦ
704 686 753 720 τῆς
773 685 861 720 ἀρχῆς
879 685 934 712 λει‹

821 731 934 767 [μῶνος.

152 776 306 811 ιῐεριαλγὴς
321 776 467 810 γενόμενος
482 776 575 811 βλέπει
592 777 660 811 πρὸς
676 777 821 811 τυραννίδα
830 777 862 809 θ’,

152 822 206 847 Καὶ
219 822 498 856 προσεταιρισάμενος
516 823 562 848 τὸν
578 823 682 850 Λοῦκαν
698 823 901 849 Κωνστανττνον

153 867 207 893 Καὶ
217 866 325 899 πλείους
334 867 431 898 ἄλλους
439 868 494 893 τῶν
503 867 593 903 πολλῷ
604 868 712 903 πλούτῳ
722 868 936 903 περιϐριθόντων

695 172 947 205 COMPENDIUM
965 170 1203 202 CHRONICUM.

943 230 966 256 Α
981 225 1065 252 Αὑτὸν
1080 224 1296 260 μετεκαλέσαντο
1310 223 1473 259 παρέξοντες
1490 224 1520 251 τὸ
1533 224 1641 259 στέφος.

1711 155 1764 203 iis

981 268 1033 297 Ἦν
1049 272 1103 305 γὰρ
1118 269 1188 304 ἀνὴρ
1205 270 1384 304 στρατηγικὸς
1405 271 1452 297 καὶ
1467 271 1601 306 κυϐερνᾷν
1617 270 1717 306 ἰσχύων

981 317 1037 351 Τὴν
1053 317 1128 352 ἱερὰν
1144 318 1190 343 καὶ
1206 318 1341 352 σωστικὴν
1356 318 1405 352 τῆς
1421 317 1562 351 βασιλείας
1578 317 1696 352 σκάφην,

988 361 1070 397 ’Λνὴρ
1082 363 1219 396 ἀγχίνους,
1237 363 1322 394 δεξιδς
1341 363 1408 398 πρὸς
1424 363 1492 398 ἔργα
1509 363 1556 389 καὶ
1574 363 1642 398 προς
1665 363 1768 399 μάχας,

983 409 1036 434 Καὶ
1056 408 1168 443 μηδενὸς
1182 408 1341 444 λειπόμενος
1356 409 1409 435 τῶν
1422 409 1518 444 πρώην
1539 408 1680 443 βασιλέων.

983 454 1103 480 Εἵσεισιν
1119 454 1165 480 οὖν
1182 455 1196 480 ὁ
1211 455 1351 490 Κομνηνδς
1369 454 1417 490 τὴν
1434 455 1557 490 βασιλίδα
1575 454 1682 491 nam]

989 499 1130 526 Ἐντεῦθεν
1146 500 1218 534 μάχη
1238 500 1387 534 σύμφυλος,
1407 501 1453 526 καὶ
1469 500 1556 533 δεξιαὶ
1575 501 1718 535 Ῥωμαίων

985 546 1064 572 Κατὰ
1077 545 1220 580 Ῥωμαίων
1232 547 1281 578 τὰς
1296 547 1397 581 αἰχμάς
1410 546 1541 581 θήγουσαι
1557 547 1662 578 καὶ-τὰς
1673 546 1774 582 λόγχας

984 592 1040 619 Kal.
1055 592 1334 626 καταπαλασσόμεναι
1351 593 1441 626 φόνοις
1459 594 1515 624 τοῖς
1530 592 1666 627 ὁμογνίοις
1677 598 1685 607 ⁰

985 639 1040 664 Καὶ
1051 638 1184 672 δρέπανον
1199 638 1311 664 ἐπέτετο
1322 637 1429 672 διχαζον
1443 637 1595 672 ὁμοφύλους

986 684 1041 711 Καὶ
1055 684 1114 710 κατ’
1127 683 1251 718 ἀλλήλων
1269 683 1414 717 συγκινοῦν
1428 683 1522 719 ὥσπερ
1538 685 1567 710 ὲν
1585 685 1742 722 σκοτομήνῃ
1752 684 1776 701 ⁵³

986 731 1041 756 Kal.
1056 730 1153 760 παῖδας
1167 730 1372 764 ταυτοπάτορας
1389 729 1514 765 ἀλλήλοις
1533 731 1685 764 ἀγριαίνον.

987 775 1094 801 Γίνεται
1112 777 1177 808 γοῦν
1194 775 1344 810 ὑπέρτερος
1362 776 1376 801 ό
1391 776 1534 810 Κομνηνὸς
1551 777 1584 811 τῇ
1601 776 1684 811 μάχῃ,

988 822 1042 848 Καὶ
1057 821 1166 856 Μιχαὴλ
1181 821 1343 848 καθίσταται
1353 821 1400 848 τοῦ
1410 822 1528 857 κράτους
1538 823 1584 849 καὶ
1599 822 1636 857 μὴ
1649 821 1777 854 θάλωνδδ,

995 867 1133 893 Ἐνιαυτοῦ
1153 867 1317 902 περίμετρον
1333 867 1391 899 ἑνὸς
1413 869 1691 903 σκηπτροκρατήσας.

152 914 320 940 καὶ,τῶνωῦ
331 914 426 948 γένους
435 914 580 950 τὰςάρχάς
590 914 721 950 λαμπρὰς
729 916 936 951 ηὐτυχηχότων’
956 909 976 936 Β
991 913 1046 939 Καὶ
1060 913 1104 938 πό)
1112 921 1137 938 ιν
1150 913 1198 948 τὴν
1214 913 1384 948 πρωτόπολιν
1399 913 1506 948 φθάσας
1521 915 1635 950 ἀπτὲρῳ
1647 915 1737 950 τάχει,

152 959 208 986 Kal.
225 959 420 995 συλλεξάμενος
440 961 554 996 στρατὸν
578 961 702 996 Ἀσίηθεν
714 961 738 977 ⁵ο
756 961 882 997 ὁπλίτην,

159 1006 311 1033 ’Λντέπεισι
325 1006 363 1042 τῷ
379 1007 484 1041 βασιλεῖ
495 1006 542 1033 τοῦ
558 1007 654 1042 Θρόνου
670 1008 868 1035 κατασπάσων.

155 1050 273 1077 Ἤκουσε
288 1051 375 1078 ταῦτα
385 1052 405 1068 ⁶¹
423 1051 534 1087 Μιχαὴλ
547 1053 560 1078 ό
574 1052 709 1088 τρομερὺς
721 1053 735 1078 ό
749 1052 851 1088 γέρων,

155 1096 209 1122 Kal.
219 1096 313 1130 κρίνας
328 1097 428 1131 μᾶλλον
441 1098 538 1124 ἑαυτὸν
552 1097 627 1130 ἄξιον
646 1097 781 1131 ἀφανείας

160 1140 204 1172 ⁸ος
219 1141 270 1176 ήδη
292 1142 496 1178 τυμϐογιροντα
513 1143 560 1170 καὶ
578 1144 800 1178 κατασεσηπότα,

156 1186 282 1221 Ἐτοιμος
298 1185 332 1221 ἦν
347 1187 506 1219 ἐξίστασθαι
519 1188 557 1223 τῷ
576 1189 713 1224 Κομνηνῷ
729 1188 776 1216 τοῦ
794 1188 923 1224 κράτους.

161 1231 232 1256 Ἀλλ’
245 1232 269 1256 ol
286 1232 316 1258 τὸ
332 1232 434 1266 σκάφος
445 1233 496 1267 τῆς
510 1233 598 1268 ἀρχῆς
610 1234 711 1261 ἰθύνειν
726 1235 925 1271 κληρωθέντες,

156 1276 203 1312 Μὴ
213 1275 308 1308 σώζειν
323 1277 402 1304 τοῦτο
414 1278 546 1312 θέλοντες,
563 1279 631 1307 ἀλλὰ
644 1281 691 1307 καὶ
706 1281 852 1308 καταδύειν

159 1322 213 1348 Καὶ
227 1322 335 1354 κλύζειν
349 1324 394 1350 τδν
410 1324 573 1352 ταλάντατον
585 1326 687 1361 κύμασι
702 1326 896 1362 βαρυϐρόμοις,

157 1366 204 1398 Εἰς
221 1368 310 1402 μάχην
323 1369 372 1395 καὶ
393 1369 430 1404 μὴ
447 1369 558 1397 θέλοντα
574 1370 620 1397 τὸν
633 1372 749 1406 γέροντα
767 1372 871 1399 κινοῦσι

158 1412 212 1438 Καὶ
227 1412 272 1439 τὸν
291 1414 389 1448 μικροῦ
403 1415 597 1449 τυμϐόχωστον
610 1417 651 1448 είς
665 1417 906 1453 ἀντιπαρατάξεις.

158 1456 196 1495 [⁸⁸
207 1458 315 1494 Ἓτεροι
329 1459 353 1486 δ’
372 1458 450 1492 αὖθις
461 1460 585 1495 λέγουσιν
597 1462 634 1493 ὡς
647 1463 671 1489 οἱ
698 1463 832 1498 Ρωμαίων
851 1464 942 1499 κρείτ-

852 1510 924 1546 [τους
935 1531 942 1544 ,

165 1548 331 1585 ’Λρχιθυτῶν
347 1551 371 1578 οι
386 1551 562 1588 προῦχοντες,
586 1552 698 1588 λογάδες
713 1554 762 1590 τῆς
780 1555 941 1590 συγνλήτου,

161 1665 220 1692 eius
237 1666 461 1699 illeComncnus.
483 1669 531 1703 qui
546 1677 578 1696 ex
591 1670 808 1704 praeclarissimis
819 1671 948 1700 facinori-

160 1710 213 1738 bus
228 1719 328 1739 nomen
349 1717 430 1748 alque
444 1714 543 1741 famam
562 1715 768 1743 celeberrimam
784 1723 948 1746 consecutus

161 1762 231 1789 erat,
245 1758 287 1784 vir
302 1765 383 1786 manu
401 1765 544 1795 promptus
559 1765 587 1788 et
600 1761 707 1789 bellicis
722 1763 749 1789 in
764 1763 848 1791 rebus
867 1772 947 1792 exer-

164 1803 276 1830 citatus.
288 1803 312 1830 Is
324 1803 458 1832 Michaelo
472 1810 619 1839 convento,
635 1814 697 1834 cum
707 1807 814 1836 fructus
824 1809 948 1836 laborum

163 1847 262 1876 uberes
277 1856 308 1876 se
324 1855 518 1885 percepturuin
540 1852 734 1885 existimasset,
750 1861 798 1888 spe
821 1862 870 1881 sua
892 1855 950 1881 fru-

162 1899 273 1926 stratus,
287 1902 319 1922 ac
335 1903 390 1923 non
414 1900 519 1924 tantum
533 1905 587 1925 non
604 1899 742 1933 decerptis
758 1899 837 1930 rosis.
855 1908 949 1927 verum

162 1940 245 1967 etiam
258 1948 272 1967 a
286 1942 418 1976 pessimis
432 1943 486 1971 illis
500 1944 605 1980 imperii
619 1945 851 1979 gubernatoribus
863 1946 950 1980 spinis

165 1985 328 2023 injuriarum
354 1993 483 2022 punctus,
505 1989 639 2017 immenso
657 1990 752 2017 dolore
776 1991 897 2025 percitus
915 1992 949 2019 ad

163 2031 334 2066 tyrannidem
354 2037 477 2066 spectare
490 2034 583 2068 coepit.
601 2033 724 2069 Cumque
739 2035 949 2064 Constantinum

163 2075 265 2103 Ducam
275 2079 304 2103 et
314 2076 414 2104 multos
421 2078 487 2105 alios
498 2079 720 2113 opulentissimas
727 2088 758 2108 ac
766 2081 951 2110 nobilissimos

164 2120 291 2148 homines
306 2121 438 2150 societate
457 2123 509 2150 sibi
528 2124 695 2153 devinrisset
719 2133 752 2153 ac
769 2127 885 2154 militum
905 2135 951 2155 co-

165 2168 226 2202 pias
237 2175 270 2195 ex
286 2168 349 2195 Asia
366 2169 530 2205 collegisset,
546 2176 617 2198 recta
637 2172 825 2207 imperatorem
839 2174 949 2206 invasit,

163 2213 234 2241 solio
255 2220 318 2241 eum
342 2213 507 2249 dejecturus.
524 2216 590 2251 Ejus
612 2217 651 2244 rei
667 2217 737 2244 fama
761 2219 885 2253 trepidus
903 2219 948 2246 ille

163 2265 248 2286 senex
269 2258 419 2286 Michaelus
435 2259 468 2286 ad
486 2267 516 2287 se
539 2261 650 2295 perlata,
676 2266 831 2297 statutaque
856 2264 947 2297 potius

162 2311 224 2331 esse
239 2309 269 2330 ut
280 2305 416 2332 obscurus
428 2311 520 2340 ageret
533 2307 560 2333 in
575 2312 653 2334 aetate
668 2308 772 2334 tumulo
785 2309 884 2338 vicina.
901 2317 948 2344 pa-

164 2353 240 2377 ratus
255 2354 314 2377 erat
329 2350 446 2385 imperio
462 2351 559 2379 cedere
577 2352 659 2387 idque
681 2352 821 2381 Comneno
836 2355 948 2388 pennit-

166 2399 234 2421 tere.
257 2395 356 2422 Verum
379 2396 397 2423 ii
419 2404 489 2431 quos
505 2398 624 2425 diximus
649 2399 950 2428 administratoresim—

168 2438 248 2471 perii,
264 2447 318 2466 non
336 2441 423 2468 solum
449 2450 503 2469 non
528 2444 669 2477 cupientes
681 2445 797 2478 publica:
816 2447 853 2473 rei
870 2446 950 2473 saluti

168 2483 321 2515 consulere.
341 2486 387 2511 sed
400 2487 489 2520 potius
501 2496 560 2515 eam
576 2489 656 2524 longe
677 2490 879 2518 alllictissimam
892 2499 951 2526 gra-

169 2528 287 2554 vissimis
303 2528 432 2557 ﬂuctibus
444 2533 601 2568 demergere
612 2542 644 2561 ac
657 2535 774 2563 obruere
789 2536 949 2570 cogitantes,

169 2576 366 2608 repugnantem
392 2583 423 2602 ac
447 2582 551 2604 tantum
576 2587 629 2606 non
655 2581 734 2615 plane
758 2582 895 2616 sepultum
917 2583 950 2609 ad

169 2617 271 2644 bellum
282 2619 432 2653 gerendum
446 2626 472 2647 et
489 2625 677 2657 opponendum
697 2625 768 2652 bosti
781 2625 867 2652 aciem
881 2626 951 2652 inci-

169 2664 273 2692 tabant.
290 2664 361 2700 [Alii
377 2670 468 2692 autem
482 2668 577 2695 dicunt
595 2669 779 2698 Romanorum
795 2671 950 2706 optimates,

988 958 1044 984 Kal.
1062 958 1159 992 στέφος
1180 959 1360 993 περιθέμενος
1375 960 1518 995 κρατήρων
1533 960 1713 987 αὑτανάκτων

995 1002 1147 1037 Ἐφήπτετο
1167 1003 1222 1029 τῶν
1233 1003 1280 1038 τῆς
1294 1004 1382 1038 ἀρχῆς
1400 1005 1572 1039 πραγμάτων
1588 1005 1779 1040 αὐθεκάστως,

991 1047 1045 1073 Καὶ
1060 1048 1126 1074 πᾶσι
1145 1049 1330 1082 προσεφέρετο
1348 1049 1419 1075 κατὰ
1435 1049 1465 1076 τὸ
1483 1050 1636 1084 μεγαλεῖον,

990 1092 1046 1118 Καὶ
1062 1093 1117 1123 τοῖς
1128 1091 1214 1126 ἀγχοῦ
1226 1092 1272 1118 καὶ
1283 1094 1338 1124 τοῖς
1351 1094 1459 1128 μακρὰν
1470 1094 1518 1120 καὶ
1527 1096 1582 1125 τοῖς
1592 1096 1621 1121 ἐν
1631 1095 1779 1128 ἐξουσίαις.

992 1138 1046 1164 Καὶ
1062 1138 1112 1173 τὴν
1127 1139 1367 1173 άλμοποτιστριαν,
1379 1139 1429 1174 τὴν
1445 1139 1467 1155 ⁸⁸
1482 1140 1587 1175 φαύλην
1603 1140 1760 1174 κολακείαν,

991 1183 1047 1209 Καὶ
1061 1184 1124 1215 τοῦς
1140 1184 1223 1218 αὐτῆς
1235 1186 1419 1219 ναυτιασμοὺς
1433 1185 1486 1211 ἀπο
1499 1185 1589 1220 ψυχῆς
1603 1185 1727 1221 ἑστύγει.

991 1229 1147 1255 Κάντεῦθεν
1159 1230 1359 1265 φορτικώτερος
1370 1232 1428 1262 τοῖς
1439 1231 1560 1258 πλείοσιν
1573 1232 1675 1265 ιδόκει,

993 1275 1049 1300 Kal.
1063 1274 1148 1300 πλείω
1160 1274 1206 1301 τοῦ
1219 1275 1386 1310 καθήκοντος
1401 1276 1493 1312 φέρων
1504 1278 1671 1314 ἀγερωχίαν.

993 1319 1066 1354 Πλὴν
1082 1320 1239 1352 ἀπολαύσας
1255 1321 1302 1355 τῆς
1314 1321 1403 1357 ἀρχῆς
1417 1323 1466 1349 οὐκ
1486 1324 1515 1349 ὲν
1535 1325 1653 1359 μακροῖς
1668 1324 1763 1360 ήλίοις,

999 1365 1080 1391 Ἀλλὰ
1094 1365 1125 1391 τὸ
1137 1366 1168 1400 δὴ
1185 1366 1330 1400 λεγόμενον
1345 1367 1382 1398 ὡς
1397 1368 1534 1402 άγρωστις
1547 1369 1681 1405 ἀνθήσας,

993 1411 1048 1438 Καὶ
1062 1411 1122 1446 μετ’
1135 1411 1224 1445 ὀλίγον
1239 1412 1384 1447 μαρανθεὶς
1401 1413 1453 1440 ὑπὸ
1469 1413 1604 1448 φθινάδων
1615 1415 1711 1447 νόσων,

1000 1457 1061 1483 Ἐπὶ
1077 1457 1137 1483 δυσὶ
1149 1457 1203 1492 γὰρ
1220 1457 1292 1484 ἔτεσι
1308 1459 1356 1485 τοῦ
1375 1459 1492 1492 κράτους
1509 1460 1708 1494 άπολαύσαςδθ,

994 1503 1046 1530 Τὸν
1052 1503 1157 1530 Δοῦκαν
1166 1505 1214 1538 μὲν
1222 1506 1391 1540 κατακοσμεῖ
1398 1505 1445 1532 τοῦ
1453 1506 1632 1540 κράτουςτοτς
1640 1507 1784 1544 συμϐόλοις

1001 1549 1045 1581 Ὧς
1059 1550 1242 1582 ὑπανοίξαντα
1254 1551 1354 1583 πολλὰς
1369 1551 1444 1587 αὐτῷ
1460 1553 1675 1590 χρηματοθήκας

1614 1617 1691 1647 Vers.
1713 1618 1784 1647 σιιε

999 1666 1159 1700 pontiﬁcum
1178 1669 1319 1702 prscsules.
1340 1670 1478 1706 principes
1499 1675 1621 1704 senatus,
1637 1672 1786 1700 advocasse

999 1719 1073 1744 cum,
1094 1713 1138 1739 cui
1157 1720 1287 1740 coronam
1311 1715 1465 1743 tribuerent
1485 1724 1493 1743 :
1513 1721 1572 1744 erat
1587 1717 1660 1744 enim
1676 1718 1718 1745 vir
1733 1719 1786 1745 du-

1000 1757 1086 1784 cendo
1113 1759 1246 1785 exercitui
1273 1764 1353 1794 aptus
1371 1765 1398 1787 et
1425 1761 1471 1795 qui
1500 1762 1654 1796 gubernare
1681 1763 1786 1791 valeret

1000 1804 1104 1829 sacram
1120 1803 1194 1830 illam
1208 1810 1235 1831 et
1247 1805 1393 1832 salutarem
1411 1806 1519 1840 imperii
1535 1807 1637 1839 navim,
1659 1808 1701 1835 vir
1716 1816 1786 1843 prte-

1000 1849 1070 1875 scnti
1088 1850 1214 1881 consilio,
1233 1850 1328 1877 dexter
1350 1851 1384 1877 ad
1405 1859 1489 1885 opera
1505 1857 1532 1878 et
1550 1860 1663 1887 pugnas.
1681 1854 1786 1881 nemini

1001 1894 1138 1921 secundus
1147 1903 1239 1929 regum
1251 1896 1434 1930 antiquorum.
1445 1897 1529 1924 intrat
1541 1898 1623 1932 igitur
1630 1898 1786 1927 Comnenus

1002 1940 1097 1967 urbem
1119 1941 1262 1976 regalem]
1287 1942 1357 1969 llinc
1394 1943 1526 1970 intestino
1551 1950 1648 1972 exorto
1671 1945 1786 1973 dissidio

1002 1992 1099 2012 manus
1122 1990 1150 2012 ct
1175 1987 1266 2014 hastas
1284 1987 1398 2015 Romani
1414 1996 1475 2016 cum
1492 1990 1621 2018 Romanis
1637 1999 1787 2021 conserue-

1003 2037 1069 2058 runt
1093 2032 1280 2067 sanguineque
1305 2038 1422 2068 cognato
1447 2035 1617 2069 polluerunt,
1644 2036 1726 2065 divisi
1757 2043 1787 2066 et

1003 2077 1134 2104 commoti
1148 2077 1279 2105 adversus
1299 2086 1328 2106 se
1355 2079 1482 2112 invicem,
1498 2081 1580 2108 veluti
1603 2089 1653 2117 per
1677 2087 1786 2112 noctem

1001 2122 1074 2150 luna:
1098 2127 1248 2158 expertem,
1276 2123 1408 2152 fratribus
1431 2125 1458 2152 in
1483 2126 1581 2154 fratres
1606 2129 1785 2158 exacerbatis.

1001 2170 1122 2197 Tandem
1131 2170 1287 2198 Comnenus
1298 2173 1390 2207 prazlio
1403 2173 1528 2208 superior
1539 2175 1625 2204 evasit
1635 2181 1662 2204 et
1671 2176 1788 2205 Michae-

1002 2217 1045 2244 lus
1068 2217 1170 2245 imitus
1196 2218 1287 2245 amisit
1310 2219 1465 2254 imperium,
1481 2221 1554 2256 quod
1576 2229 1678 2250 annum
1702 2231 1786 2251 unum

1001 2263 1168 2290 obtinuerat.

1040 2309 1119 2343 13o
1136 2310 1229 2343 Itaque
1242 2309 1399 2338 Comnenus
1409 2312 1548 2345 celeriter,
1564 2319 1695 2349 occupata
1719 2315 1788 2342 urbe

1003 2354 1126 2389 principe
1143 2362 1175 2382 ac
1188 2355 1362 2390 imperatoria
1371 2365 1474 2384 corona
1491 2364 1609 2393 sumpta,
1625 2367 1682 2386 rem
1697 2360 1788 2395 publi-

1003 2407 1062 2426 cam
1078 2400 1210 2427 arbitratu
1237 2409 1288 2429 suo
1313 2402 1506 2431 administrare
1527 2406 1621 2439 ctepit,
1639 2413 1721 2440 seque
1737 2414 1788 2440 pro

1004 2445 1145 2480 majestate
1160 2453 1222 2481 erga
1240 2448 1362 2481 quosvis,
1379 2448 1557 2483 propinquos,
1580 2454 1710 2483 remotos,
1725 2458 1787 2478 cum

1005 2494 1139 2524 potestate
1156 2491 1237 2518 rebus
1249 2492 1402 2526 praefectos,
1415 2501 1519 2528 gerere.
1530 2498 1585 2521 toto
1596 2500 1706 2530 pectere
1720 2496 1788 2523 adu-

1003 2536 1155 2563 lationibus
1171 2537 1298 2566 infestus.
1320 2539 1385 2565 Eam
1400 2539 1436 2565 ob
1452 2547 1510 2566 rem
1526 2541 1634 2574 gravior
1648 2541 1787 2577 aliquanto

1002 2582 1142 2609 nonnullis
1153 2587 1183 2609 et
1201 2582 1318 2610 ferocior
1329 2591 1409 2618 quam
1423 2592 1471 2618 par
1484 2590 1557 2612 esset
1570 2586 1722 2614 videbatur.
1737 2588 1787 2615 Ubi

1001 2634 1056 2653 non
1077 2627 1156 2662 longo
1172 2631 1303 2662 tempore.
1323 2629 1452 2656 nimirum
1467 2629 1589 2663 biennio,
1611 2631 1714 2666 politus
1735 2633 1787 2659 im-

1001 2672 1078 2705 perio
1097 2672 1202 2704 fuisset,
1219 2680 1251 2699 ac
1273 2673 1311 2699 uti
1329 2674 1474 2708 proverbio
1495 2675 1607 2710 dicitur,
1623 2676 1708 2704 instar
1723 2685 1787 2713 gra-

835 2740 933 2770 Varim
960 2739 1126 2771 lectiones.

207 2799 232 2837 '_’_
244 2800 298 2827 τῶν
310 2800 425 2837 καρπῶν
440 2800 502 2832 τοὺς
515 2801 612 2833 πόνους
621 2802 677 2830 AR.
717 2804 738 2819 "
753 2804 856 2837 ὕϐρεως
872 2804 903 2830 Δ.

948 2805 969 2820 ²’
979 2805 1030 2830 οὐκ
1046 2802 1167 2836 ἐνεγκὼν
1180 2802 1227 2837 τὴν
1237 2803 1316 2838 ὕϐριν
1334 2803 1368 2831 R.
1407 2805 1429 2821 ⁸⁸
1443 2805 1555 2832 ἀσίαθεν
1569 2805 1604 2832 R.
1641 2806 1661 2821 “
1675 2807 1752 2834 ταῦθ’
1762 2809 1788 2836 ό.

172 2834 195 2876 ξς
211 2834 314 2876 yet-sus
327 2834 404 2862 uncis
421 2836 544 2876 inclusus
562 2838 624 2863 add.
642 2837 675 2865 ll.
714 2839 736 2854 "
750 2834 839 2865 σκότει
855 2839 919 2874 βέλη
936 2838 945 2865 1

1006 2840 1029 2854 δ’
1041 2834 1120 2865 Hunc
1134 2834 1243 2866 versum
1265 2834 1328 2868 cum
1345 2841 1469 2876 sequenti
1485 2849 1541 2868 om.
1559 2841 1594 2868 ll.
1631 2841 1654 2857 "
1669 2842 1717 2868 καὶ
1731 2834 1789 2871 All;

171 2869 196 2885 “
210 2869 289 2898 llunc
306 2877 414 2897 versuum
429 2878 484 2897 om.
500 2871 532 2897 lt.

354 2916 491 2948 PATBOL.
510 2918 569 2949 Gn.
590 2919 743 2950 CXXVII.

1592 2923 1629 2953 15
