2047 3153
267 263 321 295 οὓς
335 263 445 299 χάριτες
460 262 608 298 ἒμὸσχευόν
625 270 690 289 ποτε
708 263 891 298 μυραλοιφίας
901 283 910 297 ,

267 308 323 335 Καὶ
334 308 563 335 σκοτεινόπεπλον
574 308 624 343 τὴν
635 308 701 343 πρὶν
716 308 909 343 χρυσόπεπλον
925 308 1054 337 δεικνύει.

266 354 369 382 Μαθὼν
383 354 411 381 δὲ
427 355 474 381 καὶ
489 354 535 381 τὸν
558 354 698 389 Ῥωμανδν
711 354 793 381 πάλιν
807 355 1000 390 βασιλειῶντα,

266 401 320 427 Καὶ
336 400 416 426 πάλιν
430 397 464 435 ἦς
476 399 655 426 ἐκπέπτωκεν
669 401 757 435 ἀρχῆς
770 401 949 436 όρεκτιῶντα.

264 446 319 473 Kal.
336 447 457 481 μάχιμον
471 446 614 481 ἐγείροντα
627 446 750 481 κεντρίον
766 447 804 478 ὡς
818 447 950 483 σκορπίον

264 492 371 528 Πέμπει
391 493 457 524 τοὺς
486 493 694 528 πολεμήσοντας
719 494 767 520 καὶ
794 494 858 526 τοὺς
885 494 1056 529 συλληψομέ-

938 541 1010 578 [νους
1020 543 1053 569 τ’.

262 586 318 612 Kal
334 586 417 614 πάλιν
430 586 481 621 φεῦ
495 587 503 614 l
519 588 533 614 ὁ
550 587 686 622 δυστυχὴς
702 587 849 623 θηράτροις
864 587 1038 623 περιπίπτει,

261 633 414 668 Ζωγρείται
435 633 483 660 καὶ
502 633 558 660 τῶν
574 633 724 669 ὀφθαλμῶν
745 635 809 666 τοὺς
833 633 952 665 κύκλους
969 634 1054 660 ἀσσο-

938 679 1053 714 Ῐλοῦται.

267 723 313 750 Ἐν
326 724 486 760 λυπρογαίῳ
499 724 547 751 καὶ
561 724 672 761 σκληρῷ
686 726 822 760 ριπτεῐται
835 725 959 760 νησιδίῳ.

261 769 447 804 Ἀπαλλαγεὶς
461 771 489 797 δὲ
506 771 617 807 Μιχαὴλ
633 771 686 798 τῶν
701 770 884 806 παρεστώτων
898 771 1000 805 φόϐων,

268 815 449 850 ’Ᾱχείμαστόν
462 825 491 843 τε
507 817 557 850 τῆς
572 817 659 852 ἀρχῆς
672 816 838 852 παραλαϐὼν
855 816 885 842 τὸ
900 817 1019 851 σκάφος,

262 862 401 897 Θορύὸους
416 862 471 896 μὲν
481 863 609 898 ἀρεῖκοὺς
626 864 672 889 καὶ
689 862 899 898 θωρακοφορίας

263 907 319 934 Καὶ
335 908 415 944 θροῦν
430 908 476 934 τὸν
492 908 616 935 ἐνυάλιον
633 908 681 936 καὶ
697 904 813 943 μόχθους
831 909 876 935 καὶ
896 908 1037 941 κινδύνους

263 954 325 981 Οὐδ’
339 954 405 990 ὗναρ
421 955 602 989 ὲφαντάζετο,
621 955 758 990 σχολάζων
772 955 801 982 δὲ
815 957 874 987 ταῖς
888 955 991 990 βίϐλοις

262 1000 373 1032 Nona;
389 1001 509 1032 ἀΰπνους
525 1001 601 1027 ἴαυεν
612 1022 619 1032 ,
638 1001 717 1033 ἄλλος
733 999 767 1037 ἦν
782 1001 958 1037 Δημοσθένης

263 1048 298 1073 "ll
313 1047 430 1081 Δίδυμος
443 1047 633 1083 χαλκέντερος,
657 1048 851 1083 ’Δλεξανδρεὺς
865 1049 895 1075 τὸ
911 1049 1001 1082 γένος,

263 1092 314 1120 Ὃν
331 1092 418 1125 οὕτως
434 1093 617 1128 ἐπωνόμασαν
632 1093 669 1126 ὡς
683 1095 711 1121 ὲν
728 1093 766 1129 τῷ
779 1095 884 1129 χαίρειν
899 1094 989 1129 λόγοις

268 1139 410 1165 ’Λπόσιτον
426 1139 572 1174 γενόμενον
590 1140 697 1175 ἡμέρας
714 1140 760 1167 ἐπὶ
778 1140 897 1172 πλείους.

268 1184 410 1211 Ἐντεῦθεν
425 1185 620 1221 ἀνερράγησαν
637 1186 777 1222 ὲπίρῤοιαι
793 1187 963 1223 Βαρϐάρων,

261 1230 316 1257 Καὶ
331 1231 412 1258 πάλιν
429 1232 605 1268 ἐρυσὴθησαν
618 1233 749 1265 λαίλαπες
764 1233 949 1268 πανταχόθεν,

261 1276 316 1302 Kal
331 1276 474 1310 φλοίσϐους
490 1278 644 1312 ἁνωρύοντο
658 1280 705 1305 καὶ
724 1279 906 1313 παςλασμοὺς
922 1279 1031 1307 ἐποίουν
1044 1287 1051 1294 ·

262 1321 301 1348 Οὐ
316 1322 371 1357 γὰρ
389 1323 479 1359 παρῆν
491 1325 505 1350 ὁ
518 1324 654 1359 ναύαρχος
669 1324 683 1350 ό
697 1324 800 1356 ταύτας
816 1324 954 1359 ἀλεξήσων
962 1325 998 1358 ⁸ο,

261 1368 317 1394 Kal.
329 1368 414 1404 γῆθεν
428 1369 585 1404 ἁνεφύησαν
599 1370 763 1405 βλαστήσεις
779 1370 952 1405 ἀχερδὼδεις.

269 1412 299 1440 '0
320 1413 374 1449 γὰρ
390 1413 440 1449 τῆς
457 1413 548 1450 χώρας
564 1415 688 1450 γεωργὸς
705 1415 753 1451 ἔζη
771 1415 879 1450 κοχλίου
899 1415 976 1451 βίον,

260 1534 309 1562 rite
318 1534 405 1566 tonsis
417 1534 535 1569 capillis,
543 1541 613 1569 quos
622 1538 703 1561 antea
715 1533 840 1562 Charites
850 1533 916 1569 ipsa:
926 1541 1051 1570 unguen-

261 1581 297 1609 tis
311 1581 450 1611 delibutas
465 1581 621 1616 irrigarant,
637 1585 665 1607 et
679 1587 763 1607 aureo
777 1580 878 1607 vestitu
894 1588 956 1608 cum
972 1581 1050 1616 nigro

830 208 1085 253 CQNSTANTINI
1107 208 1295 241 MANASSIS

1067 262 1094 293 Δ
1112 263 1204 298 Ὀλίγα
1218 265 1421 300 προερχόμενος
1436 266 1484 292 καὶ
1497 265 1580 293 πάλιν
1595 266 1758 301 ὑποφεύγων

1846 213 1901 246 ιῑ8

1107 310 1162 337 Καὶ
1180 310 1263 337 πάλιν
1284 311 1480 346 ἐλυτρούμενος
1495 313 1552 343 τοῖς
1568 312 1661 347 δόμοις
1677 313 1716 345 ὠς
1733 313 1880 349 ὀστράκοις
1891 335 1901 348 ,

1107 356 1140 383 ἸΙ
1159 357 1259 392 μᾶλλον
1274 357 1312 389 ὡς
1328 357 1494 394 βυθότροφος
1512 358 1594 385 πίννα
1609 359 1829 394 χωματοςράγος,

1106 404 1237 437 Δεόμενος
1253 403 1300 430 τοῦ
1318 403 1443 436 νύξοντος
1457 404 1497 435 είς
1518 404 1672 438 βασιλείους
1687 405 1803 440 πράξεις

1106 450 1160 475 Καὶ
1175 448 1283 484 χρῄζων
1296 450 1499 484 ὑπομνήσοντας
1513 451 1554 477 ὅτι
1573 450 1718 485 Ῥωμαίων
1736 451 1827 486 ἄρχει.

1112 495 1252 522 Ἐντεῦθεν
1269 495 1350 522 πάλιν
1363 496 1499 531 εῖρπυσαν
1515 497 1663 532 δράκοντες
1678 498 1844 533 χασματίαι,

1104 543 1160 568 Καὶ
1179 543 1234 569 πᾶν
1254 542 1398 577 Ῥωμαίων
1412 543 1488 577 ὄριον
1503 543 1637 578 ὲρῤόφουν
1648 542 1670 558 ⁸⁸
1684 543 1723 574 ὡς
1738 543 1858 570 νοσσίον.

1106 585 1158 614 ἿΙν
1174 585 1221 614 οὖν
1235 588 1320 623 βαρὺς
1336 587 1516 623 σχετλιασμὸς
1531 589 1604 615 κατὰ
1617 588 1664 615 τοῦ
1681 588 1825 623 βασιλέως,

1105 635 1160 661 Ka‘t
1175 635 1275 666 πάντες
1290 634 1467 661 ὲπαθαίνοντο
1483 634 1627 670 βλέποντες
1641 635 1676 661 τὰ
1697 635 1843 670 Ῥωμαίων

1105 682 1162 708 Οὐκ
1175 682 1220 708 ἐπὶ
1234 681 1299 715 γόνυ
1313 681 1427 716 κείμενα
1443 681 1524 716 μόνον
1539 681 1592 708 οὐδ’
1606 681 1654 708 ἐπὶ
1668 682 1756 716 στόμα
1768 702 1777 715 ,

1104 727 1176 755 Ἀλλ’
1188 727 1238 763 ἠδη
1249 727 1448 763 ειαρρεύσαντα
1461 729 1507 754 καὶ
1523 728 1780 762 καταμαρανθέντα.

1105 770 1152 805 Εἷς
1164 773 1193 800 δέ
1205 781 1247 805 τις
1264 773 1450 809 μεγαλογενὴς
1466 773 1512 800 καὶ
1525 773 1579 800 τῶν
1597 775 1628 800 ἐκ
1643 773 1755 809 πρώτης
1768 774 1860 810 ῥίζης,

1104 820 1277 854 Γεραίτερος,
1293 819 1452 855 μακρόϐιος,
1466 819 1563 850 Πύλιος
1577 819 1657 850 ᾶλλος
1670 819 1784 855 Νέστωρ

1105 864 1305 898 (Βοτανειάτην
1321 864 1415 898 ἔλεγον
1430 864 1533 890 ἐκεῖνον
1548 863 1737 899 Νικηφόρον),

1110 910 1361 946 Ἐμπειροπόλεμος
1374 911 1454 946 ἀνὴρ,
1472 910 1622 945 καταϐελὴς
1633 911 1656 926 ⁶¹
1669 912 1719 942 τὰς
1737 911 1843 946 σάρκας

1069 941 1090 969 Β
1106 941 1172 983 "As:
1189 941 1299 988 πολλαῖς
1313 941 1475 991 *ἐνηθληκὼς
1491 955 1591 992 μάχαις
1602 941 1677 988 εξὲτι
1693 941 1810 991 βρέφους

1106 1003 1160 1030 Καὶ
1177 1002 1295 1037 γεγονὼς
1309 1002 1428 1037 ἀρεῖκῶν
1446 1002 1542 1036 μεστὸς
1564 1001 1765 1035 Ὀλυμπιάδων,

1105 1049 1191 1083 Χεῖρα
1204 1048 1443 1082 προσεταιρίζεται
1459 1047 1561 1082 μυρῖαν
1575 1056 1626 1082 any
1634 1048 1746 1082 μαχέδα.

1105 1093 1318 1128 Καταλαμϐάνει
1337 1093 1466 1126 Νίκαιαν,
1481 1093 1585 1127 πέμπει
1599 1093 1669 1128 πρὸς
1682 1094 1727 1120 τδν
1740 1092 1893 1128 κρατοῦντα

1105 1140 1225 1176 Γράμμα
1242 1140 1457 1175 παραινετήριον
1471 1139 1553 1174 δῆθεν
1563 1160 1571 1170 ,
1585 1139 1665 1166 aitth
1679 1139 1832 1174 συμπεῖθον

1105 1186 1256 1221 Ἀναιμωτὶ
1271 1185 1310 1221 τῷ
1323 1186 1431 1221 γέροντι
1443 1185 1498 1212 τῶν
1514 1186 1664 1221 σκήπτρων
1680 1185 1860 1219 ὑπεκστῆναι,

1103 1231 1190 1258 Αὑτὸν
1207 1231 1228 1257 δ’
1243 1230 1280 1262 ὡς
1297 1230 1483 1266 ἀπειρόμαχον
1497 1229 1548 1265 ζῇν
1566 1231 1594 1256 ὲν
1610 1229 1824 1266 ἀπραγμοσύνῃ.

1105 1278 1161 1305 Kal.
1175 1278 1200 1304 τί
1219 1278 1304 1304 πολλὰ
1321 1278 1368 1304 καὶ
1388 1278 1521 1313 mpura;
1537 1277 1635 1304 Φθάνει
1654 1278 1704 1312 τὴν
1725 1276 1848 1312 βασιλίδα
1860 1276 1895 1309 ³³,

1105 1325 1160 1351 Καὶ
1173 1325 1319 1360 πορφυρίδι
1339 1324 1389 1360 μὲν
1404 1325 1486 1357 αὐτὸς
1501 1325 1645 1359 κοσμεῖται
1660 1325 1858 1360 χρυσοπαστῳ,

1111 1370 1141 1397 ὐ
1155 1370 1220 1405 πρὶν
1235 1370 1262 1396 δὲ
1277 1370 1389 1406 κράτωρ
1403 1369 1512 1405 Μιχαὴλ
1528 1369 1634 1404 γίνεται
1650 1369 1839 1405 μελαμφόρος,

1106 1417 1214 1443 Ἐτεσιν
1227 1416 1256 1450 ἒξ
1270 1417 1438 1452 γευσάμενος
1451 1416 1497 1443 τοῦ
1514 1415 1650 1451 βασιλείου
1663 1416 1780 1451 κράτους
1793 1416 1826 1443 ³⁸.

1728 1480 1806 1507 νει-ε.
1822 1479 1894 1507 66Τό

1103 1540 1206 1572 ageret,
1225 1542 1286 1562 raro
1301 1535 1328 1563 in
1346 1534 1485 1570 publicutn
1500 1533 1634 1569 prodiret,
1649 1541 1711 1561 mox
1726 1541 1755 1561 se
1771 1533 1893 1562 vicissim

1103 1590 1136 1610 ex
1152 1581 1294 1609 hominum
1309 1585 1456 1616 conspectu
1473 1579 1652 1612 subduceret,
1667 1579 1740 1606 domi
1760 1584 1891 1616 tanquam

259 1632 432 1658 commutato
448 1627 564 1654 addixit.
583 1627 716 1655 l‘rreterea
739 1632 881 1662 comperto
895 1614 1049 1655 Romanum
1064 1614 1086 1643 θ
1105 1629 1179 1656 intra
1205 1632 1288 1655 testas
1308 1614 1463 1654 occultatus
1486 1626 1595 1659 lateret,
1613 1633 1725 1660 prorsus
1745 1625 1787 1653 uti
1809 1614 1894 1661 pinna

260 1675 296 1702 de
321 1674 428 1709 integro
451 1681 565 1708 regnum
586 1673 726 1705 affectare,
743 1673 833 1708 deque
858 1674 978 1708 imperii,
998 1682 1053 1709 quo

261 1721 347 1748 semel
359 1720 518 1750 excidisset.
531 1720 741 1755 recuperatione
756 1720 887 1755 cogitare,
904 1728 935 1748 ae
946 1728 1053 1756 pugna-

261 1767 418 1797 t~em,illum
439 1765 579 1794 stimulum
599 1766 626 1794 in
641 1773 744 1795 morem
761 1767 863 1801 scorpii
880 1774 976 1794 rursus
996 1767 1053 1794 eri-

261 1819 336 1847 gere,
360 1811 434 1839 misit
459 1811 505 1846 qui
534 1811 635 1838 bellum
663 1811 688 1838 ei
715 1810 837 1839 facerent
852 1811 1052 1847 hominemque

262 1851 541 1891 coinptchendereut.
568 1855 626 1883 Hoc
651 1855 733 1883 modo
757 1856 929 1885 miserrimus
952 1857 1052 1885 iterum

261 1903 289 1939 in
311 1903 425 1937 laqueos
443 1901 548 1932 incidit,
571 1901 649 1929 vivus
666 1903 783 1937 capitur,
798 1903 887 1931 oculis
903 1904 1050 1939 spoliatur,

261 1949 288 1977 in
300 1950 422 1977 sterilem
437 1957 469 1977 ac
486 1949 583 1978 duram
598 1949 714 1977 insulam
729 1949 902 1984 deportatur.

295 1995 432 2024 Caeterum
447 1995 598 2025 Michaelus
615 1995 769 2023 terroribus
788 2001 815 2023 et
830 1997 963 2031 periculis
980 1997 1051 2024 libe-

260 2048 338 2078 ratus
355 2041 548 2077 prmsentibus.
571 2041 744 2076 imperioque
762 2042 984 2078 jam.tranquillo
1004 2051 1053 2078 βο⁴

261 2089 338 2118 titus.
347 2088 461 2116 bellicos
474 2087 618 2119 tumultus,
631 2095 771 2115 armorum
786 2089 964 2123 gestationes,
979 2090 1053 2118 clas-

261 2135 319 2161 sica
343 2133 484 2164 militaria,
503 2132 623 2163 labores.
643 2133 776 2168 pericula,
793 2141 827 2161 ne
849 2142 899 2169 per
924 2142 1052 2163 somnum

261 2181 372 2215 quidem
393 2179 596 2214 imaginabatur
618 2184 666 2206 aut
691 2179 833 2211 tractabat,
852 2180 899 2207 sed
915 2181 994 2209 libris
1011 2181 1053 2209 in-

261 2225 396 2256 cumbens
420 2228 492 2253 totas
517 2230 614 2252 noctes
639 2224 780 2253 insomnes
806 2225 943 2260 exigebat.
973 2227 1051 2255 Alius

262 2272 368 2299 scilicet
393 2270 591 2302 Demosthenes
608 2270 720 2306 quidam
743 2276 813 2303 erat,
840 2271 922 2309 L35
946 2273 1051 2301 aliusve

261 2318 393 2354 Didymus
404 2317 618 2348 Alexandrinus,
645 2321 828 2351 cognomento
840 2317 1049 2352 Chalcenterus,

260 2365 301 2392 sic
327 2363 443 2392 ahencis
464 2363 499 2391 ab
521 2363 659 2391 intestinis
683 2369 874 2399 nuncupatus.
904 2370 1049 2400 propterea

258 2410 333 2446 quod
363 2409 507 2437 miriﬁcam
533 2417 549 2436 e
575 2409 730 2437 litterarum
756 2410 856 2438 studiis
880 2402 1049 2446 i‘oluptatem

258 2458 371 2494 capiens
386 2457 415 2484 in
429 2456 531 2485 multos
546 2456 606 2483 dies
627 2456 701 2483 cibis
711 2456 841 2484 caruerit.
861 2457 928 2485 Eam
940 2457 976 2484 ob
992 2465 1048 2485 rem

259 2505 360 2534 accidit
387 2509 417 2531 ut
439 2503 554 2531 Barbari
576 2503 678 2538 passim
699 2503 848 2534 irruerent,
871 2511 905 2530 ac
926 2504 1048 2538 undique

260 2558 371 2578 rursum
385 2550 512 2585 procella:
521 2557 550 2577 se
564 2553 770 2579 commovereut
786 2557 937 2584 gravesque
952 2550 1047 2578 turbas

259 2601 288 2624 et
297 2596 435 2630 strepitus.
445 2596 606 2623 excitarent.
623 2594 681 2622 Nec
694 2595 767 2621 enim
781 2594 926 2629 praefectus
945 2595 1046 2630 aliquis

259 2643 370 2672 navium
389 2642 422 2670 ad
441 2650 552 2670 manum
572 2645 646 2673 erat,
665 2641 712 2676 qui
733 2641 760 2668 in
781 2641 856 2668 hisce
875 2642 1047 2676 tempestati-

257 2691 310 2722 bus
327 2697 441 2717 suorum
455 2688 537 2716 saluti
554 2687 710 2715 consuleret
724 2694 827 2721 easque
846 2692 1046 2722 compesceret.

255 2736 354 2770 itidem
372 2743 388 2763 e
407 2740 479 2763 terra
503 2734 630 2770 germina.
646 2733 770 2768 quaedam
798 2733 945 2769 herbtnque
970 2734 1049 2761 malae

257 2782 474 2818 proveniebant,
500 2780 574 2816 quod
600 2780 691 2808 cultor
710 2779 769 2815 agri
790 2779 939 2807 testudinis
962 2779 1049 2807 vitam

1104 1675 1206 1709 degens
1225 1674 1252 1701 in
1275 1673 1371 1705 fundo,
1399 1671 1520 1699 hominis
1539 1679 1624 1707 egens
1643 1679 1726 1706 opera
1745 1673 1893 1707 pungendo

1104 1721 1137 1747 ad
1172 1719 1343 1755 negotiorum
1366 1718 1474 1753 imperii
1507 1717 1729 1753 procurationem
1762 1718 1895 1745 exstimu-

1104 1765 1197 1797 lantis,
1215 1769 1243 1792 et
1257 1764 1284 1791 in
1303 1763 1464 1790 memoriam
1484 1763 1509 1789 ei
1532 1761 1688 1789 revocantis
1701 1761 1775 1796 quod
1793 1761 1894 1788 Roma-

1103 1811 1147 1838 nis
1161 1818 1222 1838 cum
1237 1814 1372 1844 potestate
1388 1813 1527 1843 praeesset.
1545 1807 1614 1834 llinc
1627 1815 1736 1835 rursum
1757 1808 1892 1835 dracones

1104 1857 1212 1884 biantes
1230 1854 1369 1891 prodiere,
1393 1855 1439 1890 qui
1457 1854 1527 1882 ﬁnes
1545 1854 1732 1882 Romanorum
1749 1862 1800 1882 ceu
1815 1855 1894 1882 volu-

1103 1903 1159 1931 cris
1172 1903 1274 1937 pullum
1296 1901 1495 1937 deglutiebant.
1517 1901 1602 1928 Erant
1615 1908 1681 1937 ergo
1695 1900 1814 1935 querela:
1831 1908 1894 1935 gra-

1102 1957 1150 1977 ves
1165 1949 1198 1976 dc
1221 1949 1396 1984 imperatore,
1419 1947 1527 1975 cunctis
1548 1954 1610 1974 cum
1626 1946 1722 1974 dolore
1733 1946 1894 1974 videntibus

1103 2003 1148 2023 res
1163 1995 1305 2023 Romanas.
1316 2002 1369 2021 non
1386 1998 1491 2021 tantum
1508 1993 1534 2020 in
1551 2001 1641 2028 genua
1651 1993 1693 2020 vel
1711 1993 1800 2028 ipsutn
1814 1993 1842 2021 in
1857 2000 1890 2020 os

1102 2042 1244 2077 collapsas,
1260 2048 1355 2068 verum
1369 2040 1451 2067 etiam
1468 2039 1550 2075 plane
1564 2039 1720 2067 dimuentes
1740 2047 1771 2066 ac
1787 2046 1893 2066 marce-

1103 2093 1220 2119 scentes.
1236 2086 1358 2115 Tandem
1382 2093 1481 2121 magno
1506 2084 1616 2120 quidam
1634 2084 1813 2118 principeque
1831 2084 1893 2111 loco

1103 2139 1194 2166 natus,
1209 2135 1264 2169 jam
1282 2138 1410 2168 provecta
1435 2137 1525 2163 aetate,
1543 2132 1652 2159 Nestori
1670 2131 1752 2166 Pylio’
1766 2131 1893 2166 aequalis,

1103 2182 1146 2210 cui
1161 2188 1261 2208 nomen
1285 2185 1344 2208 erat
1357 2179 1527 2214 Nieephorns
1540 2177 1708 2210 Botam'ates,
1726 2177 1769 2204 vir
1780 2177 1889 2205 bellicis

1103 2228 1131 2256 in
1157 2228 1240 2255 rebus
1262 2226 1518 2262 experientissimus
1533 2246 1541 2257 ,
1565 2229 1624 2252 toto
1647 2224 1746 2259 passim
1773 2230 1891 2258 corpore

1104 2274 1247 2303 cicatrices
1260 2273 1361 2305 ferens,
1381 2272 1420 2299 uti
1436 2272 1482 2306 qui
1500 2279 1515 2298 a
1532 2277 1619 2305 puero
1637 2269 1731 2296 multis
1746 2269 1773 2296 in
1790 2268 1893 2304 pneliis

1103 2321 1210 2349 fortiter
1236 2327 1299 2347 cum
1324 2319 1403 2348 hoste
1425 2320 1585 2352 pugnasset,
1613 2316 1723 2350 jamque
1746 2314 1893 2342 Mavortias

1103 2366 1275 2403 olympiades
1290 2365 1446 2399 complures
1470 2362 1616 2397 attigisset,
1633 2361 1678 2388 hic
1699 2367 1764 2395 ergo
1781 2359 1891 2386 tandem

1103 2421 1214 2441 manum
1230 2411 1282 2440 sibi
1297 2410 1443 2446 quamdam
1456 2408 1658 2443 npitulatricem
1676 2406 1829 2441 adjungcns
1843 2404 1892 2431 Ni—

1102 2466 1185 2486 ca-am
1201 2461 1328 2491 occupat,
1348 2461 1375 2483 et
1400 2453 1499 2481 litteris
1512 2453 1546 2480 ad
1563 2453 1757 2487 imperatorem
1775 2449 1894 2484 perscri-

1102 2505 1156 2540 ptis
1170 2504 1296 2530 hortatur
1313 2506 1341 2529 ut
1353 2501 1447 2528 volens
1460 2499 1576 2534 imperio
1589 2498 1641 2526 sibi
1657 2497 1766 2525 cederet
1785 2495 1892 2529 absque

1100 2548 1401 2586 sanguiniseﬂ'usionc,
1424 2554 1455 2574 ac
1481 2546 1564 2572 vitam
1588 2544 1645 2579 ipse
1668 2543 1802 2570 bellorum
1821 2549 1892 2575 pra:—

1100 2596 1254 2630 liorumqnc
1277 2593 1353 2620 rudis
1375 2592 1495 2626 quietam
1519 2595 1546 2618 et
1564 2597 1580 2617 α
1607 2588 1725 2624 negotiis
1740 2587 1890 2613 immunem

1102 2645 1205 2677 ageret.
1215 2640 1284 2673 Quid
1294 2638 1388 2666 multis
1399 2645 1457 2665 rem
1469 2635 1702 2665 commemorent?
1713 2632 1892 2668 Byzantinam

1103 2687 1199 2714 urbem
1217 2684 1374 2713 Botaniatcs
1391 2686 1517 2717 occupat,
1531 2687 1557 2710 et
1571 2688 1691 2716 purpura
1708 2678 1818 2714 quidem
1833 2678 1891 2712 ipse

1103 2741 1170 2761 auro
1187 2733 1334 2760 intertexta
1358 2734 1386 2757 et
1411 2729 1540 2756 distincta
1555 2732 1721 2757 exornatur,
1740 2723 1892 2752 Michaelus

1103 2782 1204 2809 autem,
1221 2784 1276 2805 non
1301 2775 1336 2802 ita
1351 2774 1392 2810 pri
1405 2775 1455 2805 lein
1472 2773 1632 2808 imperator,
1649 2772 1676 2799 in
1692 2768 1891 2798 monasteriqu

935 2840 1037 2871 Varite
1053 2838 1218 2869 lectiones.

294 2894 317 2909 "'
337 2892 416 2919 llunc
432 2899 539 2919 vorsum
564 2899 620 2917 om.
649 2889 682 2917 Β.

261 2928 282 2944 ⁸³
297 2926 447 2957 Boias-citi:
467 2926 524 2953 All.
561 2926 585 2942 ’θ
596 2925 675 2953 llunc
692 2933 801 2953 versum
818 2925 917 2952 om.ll.

730 2891 753 2906 ⁸ο
770 2889 906 2925 ναύαρχος
917 2890 1019 2922 ταύτας
1045 2889 1225 2924 ἁπαλεξήσων
1245 2887 1301 2914 ΑΒ.

1352 2887 1373 2903 ¹¹
1391 2885 1507 2920 ὲζόφουν
1536 2884 1571 2912 ιι.
1631 2884 1654 2900 ³³
1672 2882 1832 2918 καταμελὴς
1854 2882 1889 2909 Δ.
