2047 3153
233 179 283 211 48⁵1

741 174 849 206 LUCJS
869 174 1029 205 ABBATIS
1048 173 1356 204 CRYPTOFERRAT.

1807 172 1862 206 iss

234 235 318 265 ravit,
335 233 470 267 veniaque
485 232 569 266 petita
587 235 616 257 et
635 229 791 264 impetrata,
814 229 925 255 domum
946 229 1024 255 lamis

1085 228 1110 254 ιὰ
1125 228 1174 262 τῆς
1185 227 1316 259 ὀπτασίας
1327 227 1493 262 ἀπαγγέλλει
1511 236 1517 244 ι
1533 226 1697 262 συγγνώμην
1727 235 1757 253 τε
1785 229 1865 263 αίτή-

204 303 207 305 .
235 287 369 308 reversus
381 283 433 307 cst.
447 279 479 305 Et
493 276 643 303 monachus
659 275 769 309 quidem
785 279 886 302 sancta:
901 275 1021 309 Deiparre

235 323 406 358 apparitione
430 321 583 352 convictus,
613 320 757 354 pristinam
785 319 819 346 de
843 324 937 346 sancto
962 319 1022 346 viro

236 369 393 403 opinionem
410 366 545 400 [idemque
569 365 752 400 recuperavit.
777 365 876 399 Cajetze
893 372 957 392 vero
973 365 1022 392 do-

236 416 338 446 minus,
356 421 409 440 non
424 413 506 440 modo
517 412 635 439 vinculis
651 412 758 438 solutus
774 411 825 438 fuit
840 416 921 446 atque
934 417 1023 438 custo-

236 461 292 490 dia,
317 459 364 488 sed
387 463 416 486 et
447 458 562 485 alterius
585 457 698 484 ditionis
718 457 841 484 dominio
864 465 878 484 a
899 457 1024 492 principe

235 509 332 532 auctus
347 503 407 535 fuit,
423 503 509 530 sancti
522 502 571 529 viri
582 502 791 529 intercessione.
809 502 897 536 Atque
914 502 949 528 ita
962 509 1023 528 cum

234 550 334 585 gaudio
354 550 381 576 iu
397 549 509 584 propria
525 548 617 581 rediit,
633 549 717 575 Deum
734 548 859 580 laudans,
874 551 1024 582 sanctoque

237 596 298 630 ejus
314 594 446 629 plurimas
460 594 563 629 gratias
577 601 669 628 agens.

273 693 316 720 l3.
336 692 454 720 Accedat
472 700 546 719 nunc
562 691 594 718 ad
612 691 767 718 faciendam
792 691 927 718 dictorum
945 690 1024 718 fidem

235 738 422 765 scholasticus
436 745 546 772 quoque
555 737 686 770 Joannes,
701 737 781 763 simul
797 741 906 764 narrata
924 737 1026 764 confir—

237 792 328 816 mans,
352 788 380 811 et
394 787 552 810 sanctorum
579 789 643 818 erga
666 786 793 809 sanctum
820 786 945 809 nostrum
961 782 1028 809 dile—

237 831 358 858 ctionem
385 829 543 856 ostendens.
567 828 617 856 llic
643 836 676 855 ex
702 828 791 855 insula
817 827 908 855 Sicilia
933 828 1025 863 digre-

239 876 331 908 diens,
359 875 423 910 quia
451 875 537 902 sancti
562 874 612 900 viri
637 874 754 901 virtutes
781 878 809 900 ct
836 873 976 908 ingenium
999 878 1028 901 et

243 922 430 956 eloquentiam
455 921 537 947 fando
558 920 710 951 audiverat,
740 919 799 953 ejus
823 926 933 953 quoque
960 926 1028 946 con—

240 972 365 1002 spectum
380 968 535 1001 exoptabat,
557 965 737 1001 ejusdemque
759 964 881 999 alloquio
893 969 920 991 ct
936 963 1029 999 preci-

242 1013 295 1040 bus
310 1012 374 1039 frui.
389 1012 460 1047 Ergo
476 1012 646 1048 propositum
662 1018 741 1037 suum
759 1010 786 1037 in
802 1017 859 1037 rem
873 1010 1029 1041 conferens,

241 1057 296 1084 iter
308 1056 437 1091 arripuit,
462 1060 491 1083 et
507 1056 576 1082 intra
590 1062 691 1090 paucos
705 1055 765 1081 dies
784 1054 817 1081 ad
834 1054 1029 1081 monasterium

242 1102 379 1138 pervenit,
405 1101 546 1136 aptatique
570 1101 622 1128 viri
649 1101 822 1135 praesentiam
849 1101 976 1135 adeptus,
1003 1104 1032 1127 et

241 1155 325 1183 supra
341 1147 442 1174 famam
455 1152 515 1174 esse
530 1153 561 1173 ea
571 1153 632 1181 qua:
645 1150 852 1180 exspectaverat
868 1152 1030 1180 agnoscens,

242 1194 358 1221 Romam
372 1201 481 1228 quoque
496 1192 573 1220 adire
586 1192 683 1223 voluit,
709 1195 738 1218 et
753 1191 940 1225 apostolorum
958 1191 1032 1225 prin-

243 1239 319 1274 cipes
337 1238 447 1266 Petrum
471 1246 504 1265 ac
520 1237 636 1264 Paulum
653 1236 789 1267 venerari,
816 1235 890 1270 quod
905 1239 933 1262 et
955 1235 1030 1262 fecit.

243 1284 349 1317 Quibus
362 1283 494 1314 adoratis,
510 1282 660 1317 paucisque
674 1281 772 1308 diebus
788 1280 881 1307 Roma:
895 1286 1031 1312 versatus,

243 1337 332 1364 neque
345 1329 443 1364 ajusto
454 1327 514 1354 viro
523 1326 724 1361 providentiam
738 1329 784 1351 aut
800 1332 894 1352 curam
908 1325 1031 1359 aliquam

243 1380 410 1403 consecutus
427 1374 620 1409 (dispositione
643 1373 760 1399 fortasse
780 1371 884 1403 divina,
904 1375 934 1398 ut
951 1368 1032 1406 quam

245 1421 385 1449 habebant
401 1420 488 1448 sancti
511 1418 629 1454 apostoli
644 1425 708 1453 erga
724 1417 828 1452 justum
845 1421 970 1444 nostrum
990 1417 1034 1444 di-

243 1468 327 1495 lectio
346 1469 510 1502 patesceret,
525 1465 591 1492 dum
615 1464 706 1491 adhuc
718 1464 746 1490 in
766 1463 818 1490 hoc
836 1462 939 1490 mundo
955 1462 1035 1498 dege-

245 1516 311 1550 ret),
328 1514 521 1545 scholasticus,
545 1513 667 1548 inquam,
681 1511 890 1538 inliumanitatis
909 1516 1034 1538 sanctum

243 1561 334 1588 virum
349 1560 422 1595 apud
443 1567 473 1587 se
485 1558 649 1590 accusabat;
676 1556 794 1591 ideoque
811 1556 957 1582 insalutato
973 1555 1032 1586 illo,

245 1614 335 1641 neque
359 1605 489 1641 precibus
504 1605 565 1640 ejus
585 1603 724 1638 expetitis,
738 1600 908 1639 postliminio
929 1601 956 1628 in
984 1609 1034 1636 pa-

246 1652 326 1679 triam
349 1651 449 1678 reverti
466 1650 598 1678 decrevit.
614 1649 704 1683 Quare
717 1649 845 1675 inscenso
860 1647 969 1683 navigio
985 1647 1037 1674 iter

245 1698 373 1726 iaciebat.
390 1697 442 1725 Sed
459 1697 534 1725 cnim
556 1696 603 1723 ille
618 1695 729 1730 quidem
757 1695 798 1721 sic
828 1694 988 1721 decreverat
1010 1699 1038 1720 et

248 1744 364 1779 agebat;
384 1747 410 1770 at
434 1743 480 1770 Dei
505 1742 682 1776 providentiae
696 1741 803 1768 diversa
818 1740 932 1767 consilia
948 1744 1036 1767 erant.

247 1790 334 1818 Simul
350 1797 382 1817 ac
394 1789 466 1817 enim
485 1789 562 1816 navis
575 1787 702 1823 progredi
718 1787 746 1814 in
764 1787 832 1813 mari
847 1786 940 1821 erepit,
963 1794 1031 1813 con-

249 1836 349 1863 trarius
362 1840 461 1863 ventus
488 1838 610 1866 coortus,
626 1833 652 1860 in
675 1833 727 1860 alia
742 1837 823 1867 atque
834 1832 885 1859 alia
898 1833 955 1859 loca
969 1832 1039 1858 hanc

248 1881 409 1908 transtulit:
432 1888 550 1915 cumque
579 1880 624 1906 hic
650 1880 686 1906 ita
705 1879 798 1906 multis
813 1877 911 1905 diebus
926 1878 954 1904 in
970 1877 1038 1904 mari

245 1929 362 1956 moleste
377 1928 540 1963 jactaretur,
559 1926 693 1961 angustia:
707 1930 735 1952 et
750 1926 874 1952 anxietas
890 1931 954 1951 eum
968 1924 1037 1950 arri-

245 1979 383 2009 puerunt;
407 1980 496 2008 neque
522 1972 597 1999 aliud
622 1972 676 2006 jam
701 1969 877 2005 exspectabat
905 1976 986 2004 quam
1010 1969 1037 1995 in

246 2019 325 2053 aquis
340 2026 449 2046 necem.
473 2019 542 2045 Dum
561 2024 626 2051 ergo
637 2016 664 2043 bi
680 2016 779 2043 incerti
791 2020 820 2042 et
832 2014 940 2041 turbine
956 2014 1038 2041 obsiti

246 2064 418 2098 navigarent,
430 2063 507 2089 navis
521 2062 606 2088 altera
616 2062 643 2088 in
658 2061 782 2095 proximo
794 2060 920 2094 apparuit
935 2069 942 2086 :
958 2067 1038 2094 quam

248 2111 427 2142 percontatus
449 2105 640 2137 scholasticus,
656 2109 684 2132 ct
704 2104 960 2138 Amalpbitanorum
977 2111 1039 2131 esse

249 2153 434 2187 comperiens,
452 2151 499 2186 qui
516 2151 630 2178 Romam
645 2149 861 2181 contendebant,
878 2154 909 2176 ut
931 2156 960 2176 se
974 2156 1042 2184 quo-

250 2205 305 2232 que
332 2197 490 2232 acciperent
518 2196 623 2231 rogavit
645 2204 652 2222 :
677 2203 732 2230 quo
756 2195 910 2230 impetrato,
936 2201 963 2222 ct
986 2195 1041 2223 illis

1075 281 1123 304 σας
1141 274 1186 300 καὶ
1200 273 1300 304 λαϐὼν,
1314 274 1405 300 οἶκαδε
1416 273 1519 308 χαίρων
1531 273 1696 307 ὑπέστρεφε.
1709 273 1764 300 Καὶ
1775 274 1789 299 ὁ
1815 275 1864 308 μὲν

1076 319 1202 353 μοναχδς,
1215 319 1248 353 τῇ
1264 318 1411 353 ἐπιστασίᾳ
1438 318 1488 352 τῆς
1504 318 1584 351 ἁγίας
1603 318 1735 344 Θεοτόκου
1760 318 1863 354 πληρο-

1075 364 1258 399 φορηθεὶς,τῇ
1271 365 1339 398 πρὶς
1363 364 1408 390 τὸν
1439 364 1516 396 ἅγιον
1543 365 1664 399 προτέρα
1687 364 1777 390 πίστει
1818 366 1864 392 καὶ

1075 409 1207 446 ὑπολήψει
1220 410 1318 444 εἴχετο,
1341 409 1370 435 ‘0
1385 409 1413 435 δὲ
1429 409 1528 440 Putta;
1552 409 1644 444 ἄρχων
1668 409 1698 436 οὐ
1715 409 1795 444 μόνον
1809 411 1864 437 τῶν

1074 455 1181 490 δεσμῶν
1205 455 1292 490 ἁνήθη
1314 454 1344 489 If.
1373 454 1478 491 ἀνείθη]
1505 455 1552 482 καὶ
1579 454 1630 489 τῆς
1650 456 1780 490 φρουρᾶς,
1796 455 1865 482 ἀλλὰ

1075 500 1123 526 καὶ
1139 500 1234 534 ἐτέρας
1244 500 1332 535 ἀρχῆς
1344 500 1468 531 ἐξουσίαν
1484 499 1560 533 παρὰ
1572 499 1619 526 τοῦ
1636 499 1784 533 πρίγκιπος
1805 502 1866 532 ταῖς

1077 545 1224 580 μεσιτείαις
1240 545 1288 571 τοῦ
1303 545 1380 578 ἁγίου
1395 545 1513 577 ἐδέξατο.
1529 545 1582 572 Καὶ
1593 545 1665 572 οὕτω
1685 546 1756 581 μετὰ
1778 548 1866 582 χαρᾶς

1076 592 1104 617 έν
1119 592 1174 622 τοῖς
1186 591 1261 622 ἰδίοις
1277 591 1444 626 ὑπέστρεφε,
1461 591 1580 624 δοξάζων
1596 592 1642 619 τὸν
1665 592 1743 625 Θεὸν,
1759 593 1807 619 καὶΙ
1820 593 1867 620 τὸν

1077 639 1150 665 ὅσιον
1164 638 1246 664 αὑτοῦ
1267 639 1381 665 πλεῖστα
1393 639 1615 674 ἀπευχαριστῶν.

1114 696 1158 727 ιγ’.
1177 693 1352 729 Προσκεὶσθω
1370 694 1397 719 δὲ
1411 693 1479 729 πρὸς
1492 694 1679 729 πληροφορίαν
1711 694 1766 721 τῶν
1791 694 1868 729 λεγο-

1080 736 1168 772 μένων
1188 738 1236 764 καὶ
1252 739 1266 764 ό
1283 738 1461 773 σχολαστικὸς
1477 739 1515 773 (5)
1537 739 1668 774 Ἰωάννης
1681 739 1715 766 τὰ
1730 740 1866 774 εἰρημένα

1079 782 1205 816 βεῦαιῶν,
1220 782 1268 808 καὶ
1282 783 1332 817 τὴν
1344 783 1413 817 πρὸς
1434 782 1479 808 τὸν
1495 783 1570 809 ὅσιον
1586 783 1699 818 ἀγάπην
1715 783 1770 810 τῶν
1780 785 1867 818 ἁγίων

1079 828 1232 862 ἐμφαίνων.
1246 825 1331 858 Οὗτος
1350 829 1381 854 ἐκ
1396 828 1445 862 τῆς
1460 829 1542 864 νήσου
1559 829 1608 864 τῆς
1633 830 1758 862 Σικελίας
1777 830 1868 865 ὁρμώ-

1082 882 1170 908 μενος,
1186 874 1239 899 τῶν
1250 874 1356 908 ἀρετῶν
1373 882 1402 899 τε
1418 874 1464 900 καὶ
1478 874 1526 909 τῆς
1540 874 1656 909 εὑφυῖας
1675 877 1722 902 καὶ
1744 876 1868 910 λογιότη-

1079 927 1123 950 τος
1144 918 1191 945 τοῦ
1209 919 1286 953 ἁγίου
1300 920 1433 954 κατήκοος
1449 918 1495 951 ὦν,
1511 919 1638 947 ἐπε-πόθει
1655 921 1700 948 καὶ
1710 921 1771 956 ww
1795 921 1868 948 ὲκεί-

1080 972 1126 990 νου
1155 964 1228 997 ίδείν,
1245 964 1292 990 καὶ
1312 964 1398 998 λόγων
1423 965 1578 992 ἀπολαῦσαι
1590 965 1646 992 τῶν
1659 967 1742 993 αὐτοῦ
1759 967 1807 993 καὶ
1821 968 1868 993 εὐ-

1083 1009 1148 1044 χῶν.
1169 1009 1204 1035 Τὸ
1229 1009 1370 1044 βουλευθέν
1387 1009 1433 1037 οὖν
1455 1011 1495 1042 είς
1512 1011 1595 1046 ἔργον
1611 1011 1786 1047 διαπεράνας,
1807 1013 1868 1039 ὁδοῦ

1081 1056 1179 1090 εἴχετο,
1195 1057 1241 1081 καὶ
1257 1055 1287 1082 τὺ
1302 1057 1564 1091 μοναστήριονὲντδς
1578 1057 1794 1093 ὀλίγωνήμερῶν
1803 1067 1869 1086 κατ-

1082 1101 1172 1132 έλαϐε,
1190 1101 1237 1128 τοῦ
1270 1102 1438 1137 ποθουμένου
1461 1111 1491 1129 τε
1518 1103 1556 1134 ὡς
1576 1103 1672 1138 ἐφετὸν
1699 1105 1868 1136 ἀπολαύσας,

1082 1145 1129 1172 καὶ
1149 1147 1219 1182 ὑπὲρ
1235 1147 1283 1182 τὴν
1298 1148 1393 1182 φήμην
1419 1147 1519 1182 μᾶλλον
1545 1147 1607 1174 ἰδὼν
1628 1149 1663 1175 τὰ
1689 1149 1868 1183 ἐλπιζόμενα,

1083 1191 1130 1218 καὶ
1146 1192 1214 1227 πρὸς
1228 1192 1277 1228 τὴν
1295 1192 1404 1226 Ῥώμην
1418 1193 1529 1228 ἀπάρας
1545 1193 1734 1226 ἐϐουλεύσατο,
1752 1194 1869 1226 καὶτοῖς

1083 1239 1241 1272 κορυφαεοις
1253 1238 1309 1265 τῶν
1322 1239 1478 1266 ἀποστόλων
1492 1240 1586 1276 Πέτρῳ
1604 1241 1650 1267 καὶ
1677 1240 1774 1276 Παύλῳ
1785 1249 1872 1276 προσ-

1083 1283 1197 1319 κύνησιν
1228 1285 1373 1320 ἀπονεῖμαι
1390 1293 1398 1300 ·
1423 1285 1437 1311 ὃ
1456 1285 1487 1321 δὴ
1509 1286 1556 1313 καὶ
1576 1286 1721 1321 πεποίηκε.
1747 1286 1872 1322 Προσκυ-

1084 1332 1168 1366 νήσας
1187 1329 1242 1364 οὖν,
1262 1332 1308 1358 καὶ
1322 1331 1431 1367 ἡμέρας
1441 1333 1470 1358 οὺ
1485 1333 1585 1367 συχνὰς
1603 1333 1632 1360 ἐν
1651 1333 1746 1368 Ῥώμῃ
1768 1333 1871 1367 Cuspi-

1083 1376 1147 1410 ψας,
1162 1377 1208 1403 καὶ
1222 1377 1259 1412 μὴ
1273 1378 1323 1412 τῆς
1339 1378 1414 1412 παρὰ
1440 1377 1486 1404 τοῦ
1501 1378 1605 1405 δικαίου
1631 1379 1720 1414 τυχὼν
1744 1380 1872 1414 προνοίας

1085 1424 1132 1449 καί
1144 1424 1313 1458 ἐπισκέψεως
1327 1424 1368 1458 (ἐξ
1381 1425 1536 1459 οἰκονομίας
1553 1426 1616 1457 ἴσως
1633 1427 1782 1461 Θειοτέρας,
1797 1427 1873 1458 ὅπως

1086 1470 1135 1496 καὶ
1149 1470 1182 1504 ἣν
1205 1467 1276 1504 εἶχον
1295 1470 1320 1496 οι
1340 1470 1412 1504 ἆγιοι
1438 1470 1582 1498 ἀπόστολοι
1607 1472 1676 1508 πρ“ς
1695 1473 1742 1499 τὸν
1770 1473 1875 1500 δίκαιον

1086 1513 1197 1547 ἀγάπην
1216 1514 1262 1539 καὶ
1277 1513 1316 1548 τῷ
1330 1513 1424 1550 κόσμῳ
1436 1514 1523 1550 τούτῳ
1539 1516 1706 1551 ἐνδημοῦντα
1722 1516 1874 1552 κατάδηλος

1047 1578 1069 1606 c
1088 1557 1221 1606 γένηταιὲ,
1236 1558 1423 1606 ἄσπλαγχνίαν
1434 1559 1481 1606 .τῴ
1493 1560 1565 1597 ἁγίῳ
1585 1561 1724 1596 κατέγνω,
1743 1563 1790 1589 καὶ
1806 1562 1874 1598 πρὸς

1087 1603 1122 1629 τὰ
1141 1604 1239 1635 οίκεῑα,
1257 1604 1394 1638 ουνταγῆς
1423 1604 1490 1640 ἄτερ
1505 1606 1553 1632 καὶ
1568 1606 1651 1641 εύχῆς
1666 1607 1773 1639 τούτου.
1793 1609 1874 1635 πάλιν

1087 1648 1215 1683 νοστῆσαι
1244 1649 1380 1686 διενοήθη.
1404 1651 1500 1677 Πλοίου
1530 1651 1576 1678 οὖν
1615 1652 1723 1687 ἐπιϐὰς,
1750 1653 1811 1681 ὀδοῦ
1840 1655 1859 1690 ἦ

1089 1701 1182 1720 πτετο.
1208 1694 1276 1720 Ἀλλ’
1289 1696 1392 1726 ἐκεῖνος
1416 1695 1486 1722 οὔτω
1512 1697 1561 1732 μὲν
1577 1698 1623 1723 καὶ
1638 1698 1815 1726 ἐϐουλεύσατο
1828 1701 1877 1726 καὶ

1087 1739 1195 1766 ἐποίει·
1210 1741 1226 1774 ἡ
1244 1740 1271 1766 δὲ
1300 1740 1417 1776 Πρόνοια
1452 1742 1533 1777 ἕτερα
1559 1743 1734 1770 ποικίλλουσα
1758 1742 1803 1778 ἦν.
1829 1745 1876 1777 Ὠς

1090 1785 1145 1820 γὰρ
1159 1784 1198 1820 τῷ
1216 1785 1328 1819 πελάγει
1345 1787 1361 1820 ὴ
1375 1786 1440 1817 ναῦς
1456 1787 1668 1822 προσώρμηοεν,
1682 1789 1802 1820 ἐναντίος
1815 1790 1877 1816 ἆνε-

1091 1839 1139 1864 μος
1152 1829 1283 1862 ἐπελθὼν,
1297 1831 1387 1863 ἄλλοις
1404 1831 1550 1866 ἀλλαχόθεν
1570 1833 1664 1864 τόποις
1677 1833 1780 1866 ταύτην
1794 1834 1876 1869 ἠμει-

1089 1875 1145 1903 6εν.
1169 1877 1212 1903 Ἐν
1226 1878 1332 1908 ἱκαναῖς
1349 1877 1370 1903 δ’
1385 1877 1503 1913 ἡμέραις
1532 1877 1628 1904 τούτου
1652 1879 1682 1905 ἐν
1699 1878 1738 1912 τῷ
1761 1879 1876 1912 πελάγει

1091 1926 1183 1954 κακῶς
1197 1923 1425 1958 περιφερομένου,
1440 1924 1568 1956 στένωσις
1582 1925 1628 1951 καὶ
1651 1925 1755 1960 ἀπορία
1780 1925 1880 1953 πάντο-

1091 1968 1136 1995 Θεν
1153 1970 1248 2011 τοῦτον
1274 1969 1436 2003 ἐλάμϐανεν.
1450 1970 1518 1996 Οὐδὲ
1541 1971 1596 2006 γὰρ
1621 1971 1717 2007 ἔτερόν
1735 1980 1762 1998 τι
1784 1969 1818 2007 ἦν
1847 1973 1877 1998 τ’)

1092 2015 1314 2049 προσδοκώμενον
1327 2015 1343 2050 ἢ
1354 2015 1368 2040 ό
1377 2015 1411 2041 δι’
1426 2015 1520 2047 ὓδατος
1530 2015 1653 2048 θάνατος.
1672 2016 1766 2049 οὕτως
1776 2017 1822 2044 οὖν
1831 2019 1881 2044 αύ-

1090 2061 1145 2086 τῶν
1163 2061 1191 2086 ἐν
1200 2061 1340 2096 ἀμηχανίᾳ
1349 2061 1396 2088 καὶ
1410 2062 1561 2098 σκοτοδινίᾳ
1575 2062 1710 2090 πλεόντων
1723 2062 1788 2095 ναῦς
1799 2064 1879 2099 ἑτέρα

1093 2105 1218 2139 φαίνεται
1244 2106 1434 2140 πλησιάζουσα
1461 2107 1583 2140 τούτοις·
1604 2109 1745 2145 ἐρωτήσας
1765 2109 1804 2140 δὲ,
1831 2109 1880 2136 καὶ

1094 2150 1187 2185 μαθὼν
1207 2151 1396 2185 ’Δμαλφηνοὺς
1412 2151 1492 2184 εἶναι,
1511 2154 1580 2188 πρὸς
1596 2154 1644 2189 τὴν
1661 2153 1768 2190 Ῥώμην
1789 2155 1817 2180 δέ
1831 2155 1880 2189 τὴν

1094 2196 1126 2232 [1.
1145 2196 1203 2232 τὸν]
1219 2197 1357 2223 ἀπόπλουν
1387 2198 1535 2231 ποιεῖσθαι,
1551 2200 1672 2226 δυσωπεῖ
1699 2200 1881 2236 συμπαραλα-

251 2251 382 2279 prospere
408 2242 601 2278 navigantibus
627 2246 654 2269 et
682 2242 834 2268 liomanum
856 2245 965 2276 portqu
1001 2242 1033 2268 in-

1095 2242 1152 2268 σείν
1168 2243 1215 2268 καὶ
1230 2243 1323 2271 αὐτόν.
1341 2241 1378 2270 Οὗ
1394 2244 1556 2279 γεναμένου,
1570 2245 1617 2270 καὶ
1648 2244 1739 2277 καλῶς
1769 2246 1880 2272 ἐκείνων

251 2290 366 2326 gressis,
393 2289 514 2317 Joannes
536 2287 720 2316 scholasticus
745 2287 806 2314 navi
834 2287 862 2314 in
893 2286 1040 2321 quemdam

251 2336 355 2364 littoris
384 2335 474 2362 locum
497 2341 633 2370 egressus,
649 2334 705 2361 illic
727 2332 877 2361 solitudine
899 2337 926 2359 et
948 2332 1042 2367 quiete

251 2382 408 2412 fruebatur.
433 2380 508 2408 curis
536 2386 627 2407 tamen
650 2385 770 2407 aestuans
800 2386 832 2406 ac
857 2386 987 2411 manens,
1013 2383 1042 2405 ct

252 2428 318 2464 quid
335 2432 430 2464 ageret
449 2427 600 2462 ambigens.

289 2521 334 2547 ιι.
350 2520 396 2547 Sic
408 2527 472 2554 ergo
482 2523 579 2546 ntcesto
592 2522 619 2545 et
631 2518 714 2545 animi
726 2517 901 2544 alllictionem
928 2517 1041 2551 patienti

254 2568 306 2595 viri
320 2567 374 2594 duo
387 2569 573 2601 apparuerunt
591 2573 639 2599 per
651 2564 734 2590 utaris
746 2562 919 2597 superficiem
930 2562 963 2588 ad
978 2569 1041 2588 eum

257 2614 417 2645 venientes,
449 2614 496 2647 qui
525 2611 629 2639 sanctis
659 2610 847 2644 apostolorum
871 2608 1043 2643 principibus

260 2662 344 2689 l‘etro
360 2665 389 2687 et
406 2659 490 2686 l‘aulo
519 2658 623 2685 similes
645 2657 818 2684 videbantur.
843 2655 876 2682 Et
888 2662 972 2689 prope
987 2655 1043 2689 jam

257 2707 433 2738 accedentes,
447 2706 537 2737 Salve,
549 2712 566 2731 ο
583 2704 680 2736 amice,
697 2703 841 2734 dixerunt;
859 2701 930 2728 unde
949 2700 1045 2728 venis?

256 2759 284 2781 ct
301 2762 355 2789 quo
365 2752 548 2788 proﬁcisceris
556 2751 568 2778 ?
577 2751 619 2778 vel
630 2758 679 2777 cur
691 2749 735 2776 ltic
748 2748 987 2783 solitariusjaces?
1000 2747 1045 2774 llle

294 2853 330 2888 (5)
353 2851 389 2878 De
402 2850 743 2888 y_oca_bulo_sclaola§t1cus,
762 2849 843 2876 docte
860 2848 1046 2888 Solutumarus

261 2882 379 2914 in‘a'dn.
402 2886 521 2914 XXVI“.
543 2885 593 2913 Est
617 2885 690 2912 enim
719 2884 881 2919 pleruman
904 2882 983 2909 ollicii
1005 2882 1047 2908 vel

1095 2289 1282 2322 πλευσάντων,
1297 2290 1343 2316 καὶ
1357 2290 1395 2325 τῷ
1420 2290 1508 2323 λιμένι
1521 2291 1569 2325 τῆς
1589 2290 1698 2326 Ῥώμης
1722 2299 1881 2326 προσορμη-

1094 2336 1198 2362 σάντων
1218 2335 1251 2372 [Γ.
1269 2335 1370 2372 -μισ.],
1383 2336 1429 2363 τοῦ
1442 2336 1533 2363 πλοίου
1557 2336 1683 2372 Ἰωάννης
1701 2338 1716 2363 ὁ
1740 2338 1881 2372 σχολαστι-

1094 2381 1141 2412 κὸς
1163 2381 1288 2414 ἐξελθὼν,
1309 2382 1337 2407 ὲν
1365 2381 1440 2416 τόπῳ
1463 2382 1516 2408 τινὶ
1535 2381 1749 2417 παραθαλασσίῳ
1764 2382 1880 2417 ἠρεμίας

1095 2428 1143 2452 καὶ
1177 2427 1338 2461 ἁναπαύλης
1358 2427 1516 2462 ἐτύγχανεν,
1534 2427 1682 2462 ἀδολεσχῶν
1699 2429 1746 2454 καὶ
1764 2427 1881 2463 ἀχθόμε-

1095 2480 1139 2502 νος
1154 2473 1201 2498 καὶ
1214 2473 1248 2506 τῇ
1263 2472 1361 2507 πράξει
1375 2472 1596 2507 διαπορούμενος.

1134 2516 1174 2544 ιδ’.
1200 2517 1372 2552 ’Δαλάλλοντι
1391 2516 1436 2544 οὖν
1457 2517 1588 2552 αὐτῷκαὶ
1611 2517 1660 2552 τὴν
1674 2517 1762 2554 ψυχὴν
1785 2518 1883 2545 παθαι-

1099 2562 1214 2596 νομένῳ,
1228 2563 1324 2597 ἄνδρες
1343 2563 1389 2589 δύο
1404 2563 1595 2596 ἐπιφαίνονται
1611 2563 1656 2589 ἐπὶ
1667 2564 1711 2589 τοῦ
1724 2563 1819 2594 ὓδατος
1834 2565 1883 2598 τῆς

1096 2608 1242 2642 θαλάςσης,
1258 2609 1305 2634 καὶ
1333 2608 1398 2643 πρὸς
1425 2609 1505 2635 αὑτὸν
1529 2609 1689 2643 ἐρχόμενοι·
1708 2609 1731 2635 οἳ
1758 2609 1804 2635 καὶ
1827 2611 1884 2639 τοῖς

1097 2653 1184 2686 ἁγίοις
1202 2657 1248 2681 καὶ
1274 2654 1432 2688 κορυφαίοις
1464 2655 1518 2681 τῶν
1547 2656 1703 2681 ἀποστόλων
1730 2655 1824 2689 Πέτρῳ
1838 2656 1885 2681 καὶ

1099 2700 1197 2735 Παύλῳ
1209 2699 1329 2734 ἐῴκεσαν
1340 2719 1347 2731 ,
1364 2700 1445 2734 ἐγγύς
1460 2709 1489 2726 τε
1502 2701 1652 2735 γενόμενοι,
1662 2700 1784 2735 Χαίροις,
1798 2698 1884 2732 εἷπον,

1099 2746 1189 2781 ἑταῖρε
1207 2755 1213 2761 ·
1240 2747 1321 2772 πόθεν
1335 2747 1403 2782 ἔρχῃ
1414 2754 1421 2779 ;
1433 2747 1479 2772 καὶ
1491 2747 1542 2772 ποῦ
1557 2746 1676 2782 πορεύῃ
1700 2747 1746 2772 καὶ
1762 2745 1819 2777 πῶς
1842 2754 1887 2780 μο-

1099 2845 1240 2880 dignitatis
1255 2845 1361 2872 titulus.
1379 2845 1520 2874 Interdum
1536 2845 1619 2873 etiam
1634 2845 1796 2880 simpliciter
1811 2844 1888 2872 litto-

1101 2886 1188 2907 ratunt
1205 2881 1350 2915 significat.
