2088 3159
247 249 298 281 507

968 248 1142 279 ΑΧΟΧΥΜΙ

1823 247 1884 279 508’

249 313 332 339 quam
363 306 521 333 defuturum
553 313 613 333 esse
637 305 704 337 scio,
733 305 868 340 siquidem
900 306 950 332 iste
979 307 1040 332 fons

1099 307 1228 340 γυναικῶν
1245 308 1303 338 ταῖς
1326 306 1420 341 οηλαῖς
1444 305 1501 340 (καὶ
1524 305 1562 340 μή
1589 312 1632 338 μοι
1648 303 1677 330 τὸ
1699 303 1874 339 παράδειγμα

250 349 395 376 mulierum
422 350 547 377 mammis
572 350 671 377 similis
698 355 740 377 est
772 351 839 383 (noli
869 356 961 378 autem
983 351 1035 377 hac

249 396 453 430 comparatione
481 395 582 423 oﬂ‘endi
598 405 604 423 :
621 396 688 423 nihil
713 397 786 423 enim
802 403 880 431 turpe
902 397 975 432 quod
988 405 1036 423 na-

252 447 312 468 tura
335 442 484 477 producit).
503 442 645 475 Quomodo
659 443 742 477 igitur
759 443 811 470 illa:
823 443 865 470 lac
884 443 959 470 illine
976 450 1036 470 sea-

252 486 357 513 turiens
394 487 564 515 effundunt?
599 496 655 515 non
683 493 726 515 cst
752 488 826 515 enim
862 488 915 515 tale
947 495 1036 522 neque

250 535 356 560 tantum
374 532 401 560 in
425 539 518 565 carne,
533 533 581 561 sed
602 534 673 561 labia
687 534 863 569 parvulorum
881 533 1036 567 sugentium

250 585 398 606 mammam
430 580 590 614 exsugentia
610 585 637 607 et
649 588 783 607 summam
799 579 946 606 mamillam
964 587 1038 606 com-

249 623 394 658 primentia
413 624 543 652 humores
559 625 586 652 in
602 626 739 660 profundo
755 625 872 653 latentes
886 625 1038 652 hauriendo

250 669 373 698 educunt
381 676 463 706 atque
475 671 611 706 proﬂuere
620 671 734 705 faciunt,
746 677 842 707 estque
852 680 917 700 sane
927 672 1039 699 evidens

251 725 282 744 ex
297 725 329 744 eo
343 717 428 752 quod,
454 718 536 745 simul
558 722 640 754 atque
663 719 793 754 parvulus
816 726 913 754 sugere
926 719 1037 750 desinit,

251 770 369 790 mamma
381 764 480 791 arescit
496 772 586 799 neque
603 765 720 800 amplius
732 765 774 792 lac
790 765 848 792 ﬂuit
866 773 871 790 :
886 764 1038 800 eodemque

253 808 336 836 modo
351 817 381 837 se
401 810 505 837 habent
529 811 617 846 putei,
636 811 663 838 in
681 811 781 846 quibus
797 819 845 846 per
863 811 1036 839 eﬂ'ossionem

254 863 324 889 aqua
340 855 478 887 educitur,
501 865 600 892 neque,
620 861 651 884 ut
666 857 790 884 nonnulli
806 857 964 892 opinantur,
990 865 1039 892 ap-

255 905 332 933 paret
354 901 535 936 agglomerata
561 902 588 929 in
616 902 778 937 quibusdam
796 903 977 934 convallibus,
991 903 1038 930 sed

254 946 350 974 latices
388 947 518 975 fodiendo
540 956 703 983 compressa:
731 948 903 975 abundanter
930 957 1039 984 proma-

1089 352 1255 387 ἐπιμέμῲοιο
1268 361 1273 367 ·
1286 352 1361 379 οὐδὲν
1372 351 1425 387 γὰρ
1437 350 1587 384 ἀπόϐλητον
1595 349 1675 385 ἔργον
1685 349 1733 383 τῆς
1744 348 1871 384 φύσεως).

1091 399 1151 429 Πῶς
1169 397 1216 425 οὖν
1234 399 1339 425 ἐκεῖναι
1351 397 1431 424 τοῦτο
1451 395 1619 430 πηγάζουσιν
1637 395 1702 421 αὐτὸ
1715 394 1744 421 τὸ
1763 395 1832 428 γάλα
1844 396 1874 420 τὸ

1091 446 1185 480 βλύζον
1201 445 1323 477 ἑκεῖθενς
1339 445 1377 472 Οὐ
1397 444 1517 471 τοιοῦτόν
1534 444 1617 473 ἐστιν.
1638 442 1693 468 ἀλλ’
1709 442 1768 468 οὐδὲ
1781 442 1874 468 τοσοῦ-

1089 500 1135 518 τον
1150 491 1178 517 ὲν
1197 492 1256 522 ταῖς
1276 490 1366 526 σαρξὶ,
1386 491 1420 516 τὰ
1436 488 1464 515 δὲ
1484 489 1538 515 τῶν
1557 488 1727 523 θηλαζόντων
1753 488 1873 522 στόματα

1092 539 1260 574 βρεφυλλίοιν
1275 539 1320 566 τὸν
1336 538 1439 572 μασθὸν
1454 537 1626 569 ἑκπιέζοντα,
1647 536 1693 562 καὶ
1712 535 1756 562 τὸν
1772 536 1874 570 ἔμπρο-

1092 587 1154 612 σθεν
1185 586 1236 621 μῦν
1264 584 1448 616 ὲπιθλίϐοντα,
1467 584 1514 615 τὰς
1540 583 1589 618 μὲν
1611 582 1872 617 ὲγκατεσπαρμένας

1091 633 1129 667 τῷ
1149 632 1225 668 βάθει
1251 631 1354 663 νοτίδας
1371 630 1410 666 τῷ
1439 629 1566 664 ἑλκυσμῷ
1594 629 1812 663 ἀνυγραίνουσιν,
1833 628 1874 658 εἰς

1093 680 1181 714 ῥεῦμα
1196 680 1223 706 δὲ
1238 677 1429 713 μεταποιοῐδσιν
1443 676 1507 703 αὐτό
1517 685 1524 691 ·
1541 677 1586 702 καὶ¹
1601 676 1759 710 τεκμήριον,
1776 675 1815 701 ὃτι
1828 675 1875 700 ἐὰν

1092 726 1210 752 ἐπιλίποι
1226 725 1254 751 τὸ
1274 723 1388 759 θηλάζον
1409 721 1577 757 βρεφύλλιον,
1601 721 1769 754 κατέψυκται
1783 721 1796 746 ό
1824 728 1875 753 μα-

1093 773 1164 803 στὸς.
1182 773 1228 798 καὶ
1242 770 1357 805 οὐδαμοῦ
1373 770 1402 796 τὸ
1413 769 1483 803 γάλα
1498 768 1642 803 προχέεται
1654 775 1660 782 '
1676 767 1723 794 καὶ
1733 767 1806 793 δοκεῖ
1818 766 1875 797 πῶς

1092 818 1121 844 τὸ
1134 819 1186 844 πᾶν
1200 817 1316 844 ἑοικέναι
1329 814 1486 850 φρεωρυχίᾳ
1497 822 1503 828 “
1517 812 1643 840 κάκεῖθεν
1656 813 1709 847 γὰρ
1725 813 1742 847 ἡ
1756 811 1875 846 διωρυχὴ

1093 863 1122 889 τὸ
1137 863 1207 898 ὕδωρ
1234 861 1362 891 ἐκθλίϐει,
1381 861 1428 886 καὶ
1449 860 1498 886 οὐκ
1521 858 1674 893 ἀναφαίνει,
1693 857 1783 889 καθώς
1804 865 1874 888 τινες

1093 909 1203 940 οἴονται,
1223 907 1462 941 ἐντεοανρισμένον
1474 906 1547 931 κάτω
1563 913 1612 930 που
1628 905 1683 935 τοῖς
1700 903 1875 937 κοιλώμασιν,

1093 954 1160 980 ἀλλὰ
1174 953 1270 984 vertas;
1286 951 1491 984 συνθλιϐόμεναι
1503 950 1556 980 τοῖς
1570 949 1716 984 ὀρύγμασι.
1737 948 1784 978 τὰς
1801 948 1876 981 ἑπιρ-

255 995 339 1018 nant:
360 991 400 1019 sic
414 1000 464 1027 ego
475 1001 584 1027 quoque
600 993 633 1020 iis
655 994 702 1028 qui
719 993 802 1020 verba
825 1001 884 1020 mea
894 994 1039 1028 eﬂ‘odiunt,

1099 1001 1158 1035 ῥοὰς
1177 998 1368 1025 ἐπιλείὸουσιν.
1387 996 1465 1023 Οὕτω
1484 995 1572 1021 τοίνυν
1597 995 1673 1027 κάγὼ
1689 995 1744 1024 τοῖς
1768 993 1820 1020 τῶν
1833 992 1878 1018 λό-

255 1037 404 1064 rationales
419 1038 507 1066 fontes
522 1039 678 1074 suppedito,
697 1039 845 1075 etquando
864 1047 906 1067 tne
923 1041 1039 1072 fodiunt,

254 1082 386 1109 scaturio.

293 1127 334 1155 10.
362 1127 467 1162 Quibus
498 1130 617 1162 auditis,
638 1130 764 1166 protinus
789 1131 891 1158 obticui
921 1131 1041 1165 laesique

255 1172 345 1199 animo
360 1181 392 1200 ac
408 1182 515 1202 mecum
538 1175 577 1202 sic
589 1175 646 1203 fere
666 1177 789 1210 reputavi
806 1177 968 1210 :Quomodo
984 1183 1042 1204 tan-

255 1219 316 1245 dem
333 1219 362 1245 lit
377 1220 458 1247 uthic
474 1220 525 1248 vir.
536 1221 630 1248 morali
642 1230 673 1248 ac
687 1222 797 1256 politica
809 1223 981 1257 philosophia
994 1231 1043 1258 op-

257 1265 492 1296 timeinstructus,
511 1271 539 1294 et
564 1267 591 1294 in
613 1268 748 1303 theologia
763 1269 974 1301 vcrsatissimus,
993 1278 1043 1296 nec

257 1309 284 1334 in
301 1317 390 1336 rerum
416 1312 580 1338 naturalium
613 1314 727 1340 scientia
764 1314 862 1349 hospes
892 1315 955 1341 sit?
983 1315 1042 1342 Jam

259 1361 324 1380 \ero
338 1355 456 1382 anitnam
474 1358 534 1391 ejus
548 1359 702 1392 comparavi
720 1367 780 1386 cum
799 1360 954 1394 margarita,
980 1368 1044 1387 can-

258 1399 398 1427 (iitiiSbilllﬂ
411 1405 438 1428 et
453 1401 572 1437 fulgente
583 1408 609 1430 et
619 1412 727 1431 sursum
743 1410 859 1432 coeunte
871 1410 898 1432 et
912 1406 945 1433 ad
958 1406 1042 1433 Deum

259 1451 398 1480 tergente.
418 1447 528 1475 Naturae
553 1449 627 1475 enim
653 1449 746 1476 studio
773 1450 947 1482 incumbens,
971 1451 1044 1478 velut

258 1490 421 1523 quibusdam
455 1491 572 1519 vinculis
595 1501 624 1520 se
653 1494 829 1524 constrinxit.
860 1494 931 1521 utad
959 1496 1045 1521 instar

258 1535 366 1569 lapidis.
392 1535 540 1571 digitorum
569 1538 771 1572 compressione
793 1540 820 1566 in
837 1541 922 1567 altum
938 1541 1043 1572 emissi,

259 1586 340 1614 atque
369 1581 402 1608 ad
429 1585 537 1609 modum
566 1584 671 1618 sagittae
691 1593 704 1612 a
723 1585 811 1620 perito
823 1586 964 1621 sagittario
979 1595 1043 1621 pro-

257 1627 346 1660 jecur,
360 1628 392 1654 ad
409 1629 546 1656 ccelcstcm
558 1637 670 1665 scopum
687 1631 861 1667 dirigerctur.

297 1765 339 1792 ll.
353 1766 384 1792 At
406 1771 444 1798 tu,
460 1774 476 1793 ο
488 1767 569 1794 Pater
595 1772 714 1802 patrum,
732 1769 861 1796 solitariae
874 1769 935 1795 vitm
950 1770 1004 1796 dux
1018 1775 1047 1797 et

259 1811 390 1846 magister
410 1812 598 1846 (ignorabatur
613 1813 698 1846 enim,
715 1821 777 1841 cum
799 1814 871 1840 inter
886 1822 934 1840 nos
952 1821 1047 1841 versa-

260 1864 345 1887 I'clut',
364 1863 491 1892 tanquam
505 1866 553 1886 vas
573 1859 733 1894 abjcctum).
745 1860 791 1894 qui
804 1860 869 1887 hinc
884 1859 1046 1892 discessisti,

259 1907 286 1930 et
307 1904 431 1931 asc-elicis
459 1905 509 1931 alis
529 1905 652 1932 sublatus
681 1913 754 1932 nunc
769 1906 841 1940 apud
858 1906 943 1933 Deum
959 1906 1046 1941 (legis,

254 1950 312 1987 jam
343 1950 415 1981 haud
445 1951 562 1988 amplius
581 1951 615 1981 de
638 1952 755 1981 terrenis
784 1961 877 1982 curam
895 1952 951 1989 agis
972 1952 1047 1981 :imo

258 1998 313 2031 lex,
340 1999 449 2034 opinor,
475 2007 523 2026 vos
551 2000 578 2026 in
603 2001 703 2027 caelum
732 2007 855 2035 receptos
869 2001 901 2028 ad
927 2006 1047 2027 nostram

260 2050 361 2071 terrain
389 2045 489 2071 reverti
524 2045 652 2078 prohibet
675 2055 680 2072 :
701 2054 751 2073 nos
770 2051 873 2077 autem,
904 2051 933 2072 ut
953 2046 1000 2072 ﬁlii
1017 2053 1049 2072 ac

262 2090 402 2124 discipuli,
418 2091 616 2125 supplicamus,
629 2091 841 2125 primogenitum
868 2095 945 2117 tuum
963 2091 1048 2118 [ilium

260 2141 289 2163 et
310 2137 456 2162 zelatorem
473 2139 500 2162 et
525 2134 634 2162 Patrem
652 2140 779 2163 nostrum
801 2140 928 2170 tanquam
944 2135 1048 2162 media-

263 2186 349 2207 toretn
380 2181 429 2207 tibi
457 2180 636 2212 adducentes.
649 2186 676 2208 ct
691 2189 835 2216 precamur
851 2185 891 2212 ut,
908 2180 1046 2214 siquidem

261 2227 354 2254 divina
384 2227 576 2258 mansuetudo,
604 2227 682 2262 cujus
703 2235 718 2253 a
732 2226 826 2260 pueris
849 2225 987 2253 tenebaris
1003 2226 1050 2253 de-

261 2273 375 2306 siderio,
397 2276 423 2299 te
448 2273 592 2307 recepitet
612 2273 639 2300 in
651 2273 753 2300 divinis
777 2271 1050 2307 immutabilibusque

262 2318 479 2346 habitationibus
492 2326 597 2346 summa
620 2322 646 2346 te
670 2319 813 2353 voluptate
843 2317 929 2345 imbui
951 2318 1049 2350 voluit,

261 2364 335 2391 haud
348 2363 520 2391 obliviscaris
541 2363 712 2391 intercedere
736 2363 808 2398 apud
828 2362 973 2390 Dominum
1000 2372 1050 2398 pro

262 2410 352 2442 nobis,
365 2417 484 2444 cumque
494 2409 623 2445 precibus
639 2410 694 2437 tuis
705 2409 853 2444 propitium
867 2409 1051 2438 reddasnobis

261 2457 320 2490 qui,
347 2456 473 2491 quamvis
490 2456 581 2483 adhuc
606 2456 633 2483 in
651 2460 737 2487 terra,
763 2456 801 2483 tui
821 2464 925 2482 suntus.
947 2456 987 2482 Tu
1002 2465 1051 2483 au-

262 2507 327 2534 tem,
360 2502 440 2529 Pater
468 2506 586 2533 nostras,
603 2507 627 2528 te
647 2501 736 2536 ipsum
752 2508 860 2533 accusa,
878 2501 900 2527 si
915 2501 1051 2528 sermonis

263 2546 350 2574 nostri
364 2546 516 2581 amplitudo
531 2554 661 2574 nauseam
681 2546 730 2573 tibi
747 2550 822 2574 creet
836 2554 842 2572 :
861 2550 888 2573 tu
903 2546 976 2573 enim
994 2546 1052 2580 ipse

263 2592 431 2628 profundum
460 2593 512 2620 hoc
540 2592 671 2627 poculum
700 2592 748 2620 tibi
781 2600 831 2620 nos
861 2592 1052 2628 miscerejus-

265 2639 334 2666 sisti.

300 2686 344 2712 l2.
357 2686 411 2712 Nos
436 2693 512 2716 vero,
544 2693 560 2711 ο
580 2685 676 2712 Patres
689 2690 717 2712 et
743 2684 851 2716 fratres,
865 2684 1052 2711 venerandum

265 2731 342 2758 illum
369 2731 478 2757 Patrem
494 2737 526 2757 ac
545 2730 711 2763 sempiterna
727 2730 860 2756 memoria
876 2729 1052 2756 recolendum

267 2778 369 2804 imitari
397 2775 725 2804 studeatnuszhabemus
751 2775 824 2802 enim
851 2775 948 2803 ducem
968 2776 1055 2803 imita—

269 2824 352 2851 tionis
360 2824 466 2851 huncce
482 2827 606 2850 nostrum
622 2827 818 2857 praeceptorem
829 2831 862 2850 ac
881 2823 1053 2858 magistrum,

269 2868 318 2901 qui
331 2868 363 2894 ad
376 2868 448 2895 illius
458 2868 539 2894 vitam
555 2871 583 2894 ct
599 2870 728 2898 tuentem,
745 2871 774 2894 ut
787 2875 866 2894 nemo
880 2867 951 2894 alius
961 2876 1055 2894 eorum

271 2912 317 2946 qui
332 2913 441 2946 adsunt,
464 2921 493 2940 se
516 2912 657 2943 formavit,
680 2913 796 2947 ejusque
810 2913 955 2947 imaginem
973 2913 1055 2940 simil-

270 2958 361 2985 limam
385 2964 412 2986 et
437 2967 528 2986 mores
543 2958 744 2985 sincerissimos
764 2958 885 2986 exhibet.
910 2959 1056 2992 llahcmus,

1058 1656 1079 1686 C

1094 1055 1149 1080 γων
1167 1054 1216 1079 μου
1227 1044 1394 1079 φρεωρύχοις
1405 1043 1452 1072 τὰς
1468 1041 1578 1075 λογικὰς
1590 1040 1738 1074 ἀποδίδωμι
1750 1039 1877 1069 πίδακας.

1095 1093 1125 1118 Ei
1142 1091 1196 1126 γὰρ
1211 1090 1357 1126 ὀρύττομαι
1373 1088 1436 1124 παρ’
1451 1087 1549 1120 αὐτῶν,
1565 1086 1770 1121 ἀνυγραίνομαι.

1131 1141 1156 1163 ι’.
1175 1137 1283 1163 Τούτων
1293 1135 1411 1166 ἀκούσας
1421 1134 1485 1168 ἐγὼ,
1504 1134 1672 1168 παραχρῆμα
1686 1132 1783 1165 γέγονα
1795 1131 1877 1161 ὲνεὺς,

1096 1185 1142 1210 καὶ
1156 1182 1299 1218 διηπόρουν
1322 1181 1381 1207 κατ’
1395 1180 1521 1214 ἐμαυτὸν,
1544 1179 1589 1205 καὶ
1602 1179 1696 1212 ὥσπερ
1711 1177 1879 1210 ὐπεᾳοεγγό-

1097 1237 1150 1264 μην
1167 1227 1204 1262 τῷ
1220 1226 1359 1260 λογισμῷ·
1379 1225 1463 1252 Πόθεν
1479 1224 1530 1259 ἄρα
1546 1224 1560 1249 ὁ
1577 1223 1717 1258 ἄνθρωπος
1736 1220 1812 1252 οὗτος
1831 1221 1879 1256 τὴν

1096 1274 1192 1310 ἠθικήν
1219 1282 1248 1298 τε
1273 1272 1318 1298 καὶ
1346 1270 1520 1305 οἰκονομικὴν
1545 1268 1703 1303 φιλοσοφίαν
1732 1268 1771 1299 εἰς
1796 1268 1879 1302 ἄκρον

1096 1318 1265 1353 ὲξασκηκὼ;,
1281 1317 1332 1352 ἠδη
1349 1317 1375 1342 δὲ
1396 1316 1443 1342 καὶ
1460 1316 1508 1349 τὴν
1525 1314 1662 1347 θεολογίαν
1679 1312 1879 1347 κατωρθωκὼς,

1096 1366 1156 1392 οὐδὲ
1168 1366 1218 1399 τῆς
1231 1363 1402 1399 φυσιολογίας
1413 1362 1497 1395 αὐτῆς
1511 1361 1702 1387 ἀπολέλειπται
1715 1368 1722 1392 ;
1741 1358 1822 1385 Ἀλλὰ
1835 1359 1881 1385 καὶ

1098 1413 1270 1448 μαργαρίτην
1288 1410 1436 1442 ἁπείκαζον
1449 1407 1516 1436 εἶναι
1531 1409 1580 1440 τὴν
1591 1407 1694 1434 ἐκείνου
1707 1406 1805 1441 ψυχὴν,
1820 1406 1882 1432 λευ-

1098 1459 1207 1486 κότατόν
1222 1467 1251 1484 τε
1275 1457 1320 1484 καὶ
1336 1456 1476 1483 στίλϐοντα
1490 1455 1537 1481 καὶ
1557 1455 1596 1486 εἰς
1615 1454 1698 1488 ἄκρον
1714 1453 1881 1487 σφαιρούμε-

1097 1513 1151 1537 νον,
1166 1505 1212 1530 καὶ
1228 1503 1292 1538 πρὸς
1303 1502 1370 1528 Θεὸν
1385 1503 1439 1529 ἄνω
1453 1500 1635 1534 πεμπόμενον.
1648 1499 1815 1532 Συνέσφιγγε
1828 1498 1881 1532 γὰρ

1098 1551 1192 1577 ἑαυτὸν
1208 1547 1251 1576 οἷά
1267 1556 1320 1574 τισι
1344 1547 1475 1581 πείσμασι
1491 1546 1550 1576 ταῖς
1572 1544 1625 1571 τῶν
1640 1544 1723 1570 ὄντων
1752 1543 1882 1578 περιπλο-

1098 1598 1169 1627 καῖς,
1186 1595 1228 1621 ἵνα
1247 1594 1340 1629 ὥσπερ
1354 1594 1378 1620 oi.
1401 1592 1530 1626 πυρῆνες,
1547 1590 1589 1617 διὰ
1612 1589 1659 1616 τοῦ
1675 1589 1727 1616 τῶν
1743 1588 1882 1616 δακτύλων

1100 1641 1248 1675 πιέσματος
1269 1638 1337 1673 πρὸς
1351 1637 1465 1672 οὐρανὸν
1484 1635 1605 1669 ἀφεθεὶς,
1628 1631 1671 1661 οἶα
1686 1633 1717 1667 δὴ
1746 1632 1823 1667 μέλος
1839 1633 1882 1656 ἒν-

1097 1687 1191 1722 τέχνου
1207 1685 1314 1718 τοξότου
1338 1683 1419 1719 χειρὶ,
1434 1682 1502 1717 πρδς
1521 1681 1565 1706 τὸν
1589 1680 1643 1707 ἄνω
1667 1679 1766 1704 σκοπὸν
1787 1679 1883 1704 ἀποτο-

1098 1731 1216 1766 ξευθείη.

1134 1777 1178 1805 ια’.
1201 1777 1283 1808 Ἀλλ’,
1300 1773 1321 1803 ὦ
1344 1774 1434 1808 Πάτερ
1451 1772 1588 1806 πατέρων,
1604 1770 1650 1797 καὶ
1665 1771 1712 1805 τῆς
1738 1768 1884 1805 μοναδικῆς

1097 1823 1236 1854 πολιτείας
1262 1820 1405 1855 καθηγητὰ
1430 1818 1478 1845 καὶ
1502 1817 1644 1844 διδάσκαλε
1672 1816 1806 1850 ίῆγνώητο
1829 1813 1884 1847 γὰρ

1099 1870 1164 1902 παρ’
1181 1869 1257 1903 ἡμῖν,
1273 1864 1327 1893 καὶ’
1338 1865 1374 1896 ὣς
1389 1874 1415 1891 τι
1433 1864 1528 1894 σκεῦος
1545 1862 1835 1896 ἀπεριττοάχρηστον),
1852 1861 1884 1886 σὺ

1101 1916 1150 1950 μὲν
1167 1914 1275 1948 ἀπάρας
1294 1910 1427 1938 ἐντεῦθεν.
1451 1910 1499 1936 καὶ
1516 1908 1673 1941 ἀσκητικοῖς
1696 1907 1804 1950 πτεροῖς
1822 1913 1886 1931 κου-

1099 1949 1214 1994 ᾡισθεὶς,
1228 1958 1275 1984 καὶ
1290 1955 1476 1992 τῷΚρείττονι
1491 1953 1698 1986 συγγενόμενος,
1711 1949 1791 1986 ἦττον
1807 1959 1887 1984 φρον-

1081 2026 1084 2030 ,
1098 2007 1182 2038 τέξεις
1199 2004 1253 2030 τῶν
1268 2001 1414 2037 λογυδρίων
1429 2000 1509 2035 ἡμῶν
1522 2007 1528 2012 ·
1548 1997 1614 2025 ἀλλὰ
1638 1997 1686 2022 καὶ
1705 1996 1785 2030 νόμος
1801 1996 1885 2026 ἐστὶν,

1065 2336 1090 2383 Ρ

1098 2052 1136 2082 ὡς
1162 2049 1262 2080 ἀκούω,
1284 2048 1339 2078 τοῖς
1365 2045 1559 2073 ἁποθεωθεῖσιν
1586 2043 1660 2076 ὑμῖν,
1693 2042 1791 2077 μηκέτι
1820 2041 1886 2075 πρὸς

1099 2097 1178 2132 τήνδε
1196 2095 1273 2129 ἡμῶν
1289 2093 1338 2128 τὴν
1355 2091 1483 2126 ἐσχατιὰν
1500 2087 1722 2124 ἐπιστρέφεσθαι.
1745 2086 1840 2121 Ἡμεῖς
1859 2086 1887 2111 δὲ

1101 2131 1149 2168 καὶ
1164 2140 1257 2169 παῖδες
1273 2138 1322 2164 καὶ
1339 2136 1458 2172 μαθηταὶ
1475 2133 1644 2168 ἱκετεύομεν,
1661 2133 1705 2158 τὸν
1721 2132 1766 2158 σὸν
1779 2131 1887 2166 πρωτό-

1100 2194 1180 2213 τοκον
1203 2185 1283 2211 παῖδα
1298 2183 1345 2210 καὶ
1358 2181 1481 2217 ζηλωτὴν
1505 2180 1549 2206 καὶ
1568 2179 1675 2213 Πατέρα
1701 2177 1833 2212 ἡμέτερον
1849 2176 1888 2206 εἰς

1103 2229 1242 2266 μεσιτείαν
1259 2237 1299 2255 σοι
1318 2226 1532 2262 προϐαλλόμενοι
1544 2233 1549 2238 ·
1564 2224 1610 2251 καὶ
1624 2222 1752 2258 ἀξιοῦμεν
1765 2222 1802 2253 ὡς
1814 2221 1889 2247 ὲπεί-

1103 2285 1156 2312 περ
1169 2277 1185 2311 ἡ
1202 2275 1261 2301 θεία
1275 2273 1410 2308 γλυκύτης
1421 2270 1465 2308 ἦν,
1475 2272 1509 2306 ἠν
1520 2271 1550 2296 ἐκ
1566 2270 1690 2304 νεότητος
1704 2267 1888 2302 ὲπεπόθησατ,

1105 2322 1172 2357 πρὸς
1188 2320 1286 2356 ἑαυτὴν
1301 2318 1488 2348 ἀνειλκύσατο,
1510 2316 1556 2342 καὶ
1571 2316 1630 2346 ταῖς
1646 2315 1731 2346 θείαις
1751 2315 1797 2340 καὶ
1820 2314 1890 2347 ἀκη-

1104 2369 1196 2406 ράτοις
1213 2368 1306 2403 μοναῖς
1331 2364 1503 2400 ὲπεντρυφᾷν
1518 2371 1547 2388 σε
1568 2362 1667 2395 ἠξίωσε
1681 2369 1688 2375 ³
1709 2361 1747 2396 μὴ
1773 2359 1891 2406 ὲπιλάθῃ

1102 2405 1264 2450 πρεσϐεύειν
1275 2413 1320 2438 τὸν
1334 2410 1473 2444 Δεσπότην
1489 2408 1558 2442 ὑπὲρ
1569 2407 1657 2441 ἡμῶν,
1675 2406 1722 2433 καὶ
1735 2405 1815 2432 ἵλεων
1829 2405 1891 2431 τοῦ-

1102 2469 1147 2487 τον
1161 2458 1309 2486 διατιθέναι
1331 2457 1396 2492 ἡμῖν
1422 2455 1477 2485 τοῖς
1499 2454 1573 2480 κάτω
1591 2454 1636 2479 καὶ
1662 2453 1728 2484 σοῖς,
1745 2453 1805 2483 ταῖς
1824 2451 1891 2486 πρὸς

1103 2506 1182 2533 αὐτὺν
1204 2504 1318 2534 ἱκεσίαις
1333 2510 1379 2528 σου
1390 2509 1396 2516 ·
1414 2500 1472 2527 ἀλλ’
1486 2498 1664 2534 ὲνεπλὴσθης,
1683 2494 1706 2524 ὦ
1718 2497 1807 2532 Πάτερ
1823 2498 1893 2531 ἡμε-

1104 2552 1182 2583 δαπὲ,
1207 2550 1256 2585 τῆς
1278 2549 1367 2583 ἅλμης
1389 2547 1443 2573 τῶν
1468 2547 1554 2580 λόγων
1579 2552 1649 2580 μου⁵
1671 2544 1767 2571 σαυτὸν
1794 2543 1890 2570 αίτιῶ·

1104 2597 1185 2628 αὐτὸς
1199 2596 1253 2631 γὰρ
1279 2593 1399 2625 ἐπελέξω
1418 2593 1448 2619 τὸ
1470 2592 1612 2619 θαλάττιον
1634 2591 1709 2625 πόμα
1731 2589 1789 2615 τάδε
1808 2589 1892 2624 κερα-

1106 2652 1150 2669 σαι
1167 2650 1206 2669 σε.

1141 2687 1184 2722 ιβ’.
1208 2687 1303 2721 Ἡμεῖς
1318 2685 1351 2717 δ’,
1367 2681 1389 2710 ὦ
1405 2683 1523 2719 Πατέρες
1546 2683 1592 2708 καὶ
1617 2682 1736 2716 ἀδελφοὶ,
1748 2682 1793 2708 τὸν
1812 2681 1895 2708 ἀοίδι-

1108 2741 1157 2769 μον
1185 2733 1289 2758 ἐκεῖνον
1313 2730 1422 2764 Πατέρα
1454 2729 1502 2755 καὶ
1526 2727 1689 2762 ἀείμνηστον
1721 2726 1894 2761 μιμήσασθαι

1107 2776 1323 2811 σπουδάσωμεν·
1354 2774 1453 2809 ἔχομεν
1470 2772 1526 2807 γὰρ
1550 2771 1697 2806 ὁδηγοῦντα
1725 2771 1799 2805 ἡμᾶς
1825 2771 1894 2805 πρὸς

1107 2823 1155 2857 τὴν
1176 2821 1292 2856 μίμησιν
1306 2821 1351 2847 τὸν
1366 2820 1498 2854 ἡμέτερον
1514 2817 1587 2844 τόνδε
1605 2816 1763 2851 καθηγητὴν
1788 2816 1835 2842 καὶ
1853 2816 1892 2841 δι-

1108 2867 1251 2899 δάσκαλον,
1267 2865 1373 2892 ἐκείνου
1391 2865 1438 2891 καὶ
1454 2863 1511 2898 βίον
1526 2862 1574 2889 καὶ
1587 2862 1665 2895 λόγον
1680 2862 1717 2893 ὡς
1733 2862 1782 2895 οὐχ
1800 2861 1893 2897 haec;

1109 2914 1162 2940 τῶν
1189 2913 1322 2939 συνόντων
1344 2908 1565 2944 ἀναμαξάμενον,
1581 2908 1628 2933 καὶ
1654 2907 1744 2933 εἰκόνα
1769 2906 1892 2940 ἀπαράλ-

1111 2961 1209 2987 λακτον
1230 2959 1276 2985 καὶ
1303 2955 1462 2993 χαρακτῆρα
1483 2954 1697 2988 ἀπαρᾶγταπτον
1725 2953 1804 2980 αὐτοῦ
1827 2961 1895 2988 “nr
