  <div class='ocr_page' id='page_1' title='image "/cluster/home/n/w/nwhite01/storage/ocr_20150623/127/njp.32101077773040/327.png"; bbox 0 0 2088 3159; ppageno 0'>
   <div class='ocr_carea' id='block_1_1' title="bbox 235 189 1869 236">
    <p class='ocr_par' dir='ltr' id='par_1_1' title="bbox 235 189 1869 236">
     <span class='ocr_line' id='line_1_1' title="bbox 235 189 1869 236; baseline 0.008 -15"><span class='ocrx_word' id='word_1_1' title='bbox 235 189 286 222; x_wconf 73' lang='grc'><strong>535</strong></span> <span class='ocrx_word' id='word_1_2' title='bbox 851 197 875 227; x_wconf 89' lang='grc' dir='ltr'><strong>Ν</strong></span> <span class='ocrx_word' id='word_1_3' title='bbox 879 197 1010 228; x_wconf 78' lang='lat' dir='ltr'><strong>ICETAS</strong></span> <span class='ocrx_word' id='word_1_4' title='bbox 1030 199 1260 231; x_wconf 74' lang='lat' dir='ltr'><strong>SERRONIUS-</strong></span> <span class='ocrx_word' id='word_1_5' title='bbox 1818 204 1869 236; x_wconf 82' lang='lat'><strong>536</strong></span> 
     </span>
    </p>
   </div>
   <div class='ocr_carea' id='block_1_2' title="bbox 227 249 1869 294">
    <p class='ocr_par' dir='ltr' id='par_1_2' title="bbox 227 249 1869 294">
     <span class='ocr_line' id='line_1_2' title="bbox 227 249 1869 294; baseline 0.009 -21"><span class='ocrx_word' id='word_1_6' title='bbox 227 249 419 283; x_wconf 80' lang='lat' dir='ltr'><strong>-admonitum,</strong></span> <span class='ocrx_word' id='word_1_7' title='bbox 437 259 510 281; x_wconf 81' lang='lat' dir='ltr'><strong>cum,</strong></span> <span class='ocrx_word' id='word_1_8' title='bbox 524 251 570 286; x_wconf 88' lang='lat' dir='ltr'><strong>qui</strong></span> <span class='ocrx_word' id='word_1_9' title='bbox 586 260 639 280; x_wconf 87' lang='lat' dir='ltr'><strong>non</strong></span> <span class='ocrx_word' id='word_1_10' title='bbox 656 252 884 288; x_wconf 84' lang='lat' dir='ltr'><strong>Olyiupiodorum</strong></span> <span class='ocrx_word' id='word_1_11' title='bbox 899 255 1091 284; x_wconf 72' lang='lat' dir='ltr'><strong>Alexandrinae</strong></span> <span class='ocrx_word' id='word_1_12' title='bbox 1112 257 1240 286; x_wconf 67' lang='lat' dir='ltr'><strong>Ecclesiae</strong></span> <span class='ocrx_word' id='word_1_13' title='bbox 1264 259 1420 291; x_wconf 79' lang='lat' dir='ltr'><strong>diaconum,</strong></span> <span class='ocrx_word' id='word_1_14' title='bbox 1444 260 1490 288; x_wconf 88' lang='lat' dir='ltr'><strong>sed</strong></span> <span class='ocrx_word' id='word_1_15' title='bbox 1512 259 1633 287; x_wconf 84' lang='lat' dir='ltr'><strong>Nicetam</strong></span> <span class='ocrx_word' id='word_1_16' title='bbox 1650 259 1788 289; x_wconf 60' lang='lat' dir='ltr'><strong>Heraclea!</strong></span> <span class='ocrx_word' id='word_1_17' title='bbox 1811 260 1869 294; x_wconf 76' lang='lat' dir='ltr'><strong>cpi:</strong></span> 
     </span>
    </p>
   </div>
   <div class='ocr_carea' id='block_1_3' title="bbox 235 295 1868 342">
    <p class='ocr_par' dir='ltr' id='par_1_3' title="bbox 235 295 1868 342">
     <span class='ocr_line' id='line_1_3' title="bbox 235 295 1868 342; baseline 0.007 -24"><span class='ocrx_word' id='word_1_18' title='bbox 235 300 348 342; x_wconf 59' lang='lat' dir='ltr'><strong>scopum</strong></span> <span class='ocrx_word' id='word_1_19' title='bbox 366 300 469 342; x_wconf 50' lang='lat' dir='ltr'><strong>cati-nee</strong></span> <span class='ocrx_word' id='word_1_20' title='bbox 481 295 719 342; x_wconf 68' lang='lat' dir='ltr'><strong>hujusauctorcm</strong></span> <span class='ocrx_word' id='word_1_21' title='bbox 735 298 924 332; x_wconf 85' lang='lat' dir='ltr'><strong>existimabat,</strong></span> <span class='ocrx_word' id='word_1_22' title='bbox 940 301 1061 329; x_wconf 81' lang='lat' dir='ltr'><strong>sensisse</strong></span> <span class='ocrx_word' id='word_1_23' title='bbox 1079 311 1109 330; x_wconf 89' lang='lat' dir='ltr'><strong>se</strong></span> <span class='ocrx_word' id='word_1_24' title='bbox 1128 304 1250 338; x_wconf 90' lang='lat' dir='ltr'><strong>captiosa</strong></span> <span class='ocrx_word' id='word_1_25' title='bbox 1276 304 1468 338; x_wconf 89' lang='lat' dir='ltr'><strong>probabilitate</strong></span> <span class='ocrx_word' id='word_1_26' title='bbox 1483 305 1637 340; x_wconf 85' lang='lat' dir='ltr'><strong>deceptum,</strong></span> <span class='ocrx_word' id='word_1_27' title='bbox 1651 304 1766 339; x_wconf 80' lang='lat' dir='ltr'><strong>ideoque</strong></span> <span class='ocrx_word' id='word_1_28' title='bbox 1784 305 1868 331; x_wconf 85' lang='lat' dir='ltr'><strong>semel</strong></span> 
     </span>
    </p>
   </div>
   <div class='ocr_carea' id='block_1_4' title="bbox 236 338 1868 386">
    <p class='ocr_par' dir='ltr' id='par_1_4' title="bbox 236 338 1868 386">
     <span class='ocr_line' id='line_1_4' title="bbox 236 338 1868 386; baseline 0.004 -24"><span class='ocrx_word' id='word_1_29' title='bbox 236 341 262 386; x_wconf 74' lang='lat' dir='ltr'><strong>ct</strong></span> <span class='ocrx_word' id='word_1_30' title='bbox 279 338 377 364; x_wconf 77' lang='lat' dir='ltr'><strong>iterum</strong></span> <span class='ocrx_word' id='word_1_31' title='bbox 401 338 471 366; x_wconf 87' lang='lat' dir='ltr'><strong>dalis</strong></span> <span class='ocrx_word' id='word_1_32' title='bbox 494 339 590 386; x_wconf 47' lang='lat' dir='ltr'><strong>litt-eris</strong></span> <span class='ocrx_word' id='word_1_33' title='bbox 615 341 702 368; x_wconf 86' lang='lat' dir='ltr'><strong>errati</strong></span> <span class='ocrx_word' id='word_1_34' title='bbox 728 342 769 369; x_wconf 91' lang='lat' dir='ltr'><strong>sui</strong></span> <span class='ocrx_word' id='word_1_35' title='bbox 792 342 898 370; x_wconf 88' lang='lat' dir='ltr'><strong>veniam</strong></span> <span class='ocrx_word' id='word_1_36' title='bbox 915 343 1103 379; x_wconf 74' lang='lat' dir='ltr'><strong>deprecatum,</strong></span> <span class='ocrx_word' id='word_1_37' title='bbox 1118 353 1145 375; x_wconf 83' lang='lat' dir='ltr'><strong>et</strong></span> <span class='ocrx_word' id='word_1_38' title='bbox 1162 348 1188 374; x_wconf 88' lang='lat' dir='ltr'><strong>in</strong></span> <span class='ocrx_word' id='word_1_39' title='bbox 1213 348 1377 375; x_wconf 82' lang='lat' dir='ltr'><strong>sententiam</strong></span> <span class='ocrx_word' id='word_1_40' title='bbox 1395 356 1472 376; x_wconf 81' lang='lat' dir='ltr'><strong>suam</strong></span> <span class='ocrx_word' id='word_1_41' title='bbox 1491 338 1618 376; x_wconf 81' lang='lat' dir='ltr'><strong>manibus</strong></span> <span class='ocrx_word' id='word_1_42' title='bbox 1633 338 1804 382; x_wconf 85' lang='lat' dir='ltr'><strong>pedibusque</strong></span> <span class='ocrx_word' id='word_1_43' title='bbox 1822 355 1868 374; x_wconf 75' lang='lat' dir='ltr'><strong>vc-</strong></span> 
     </span>
    </p>
   </div>
   <div class='ocr_carea' id='block_1_5' title="bbox 238 382 1869 423">
    <p class='ocr_par' dir='ltr' id='par_1_5' title="bbox 238 382 1869 423">
     <span class='ocr_line' id='line_1_5' title="bbox 238 382 1869 423; baseline 0.004 -16"><span class='ocrx_word' id='word_1_44' title='bbox 238 382 320 413; x_wconf 89' lang='lat' dir='ltr'><strong>uisse,</strong></span> <span class='ocrx_word' id='word_1_45' title='bbox 341 386 460 408; x_wconf 85' lang='lat' dir='ltr'><strong>erratqu</strong></span> <span class='ocrx_word' id='word_1_46' title='bbox 477 382 641 416; x_wconf 79' lang='lat' dir='ltr'><strong>professum.</strong></span> <span class='ocrx_word' id='word_1_47' title='bbox 659 384 734 412; x_wconf 87' lang='lat' dir='ltr'><strong>Licet</strong></span> <span class='ocrx_word' id='word_1_48' title='bbox 749 387 834 418; x_wconf 83' lang='lat' dir='ltr'><strong>enim,</strong></span> <span class='ocrx_word' id='word_1_49' title='bbox 852 392 881 414; x_wconf 89' lang='grc' dir='ltr'><strong>ιιι</strong></span> <span class='ocrx_word' id='word_1_50' title='bbox 895 388 939 416; x_wconf 86' lang='lat' dir='ltr'><strong>ille</strong></span> <span class='ocrx_word' id='word_1_51' title='bbox 952 391 1104 423; x_wconf 76' lang='lat' dir='ltr'><strong>asserebat,</strong></span> <span class='ocrx_word' id='word_1_52' title='bbox 1118 399 1133 418; x_wconf 66' lang='grc' dir='ltr'><strong>ο</strong></span> <span class='ocrx_word' id='word_1_53' title='bbox 1150 391 1255 418; x_wconf 73' lang='lat' dir='ltr'><strong>Joanne</strong></span> <span class='ocrx_word' id='word_1_54' title='bbox 1276 391 1440 420; x_wconf 68' lang='lat' dir='ltr'><strong>Parisiensig</strong></span> <span class='ocrx_word' id='word_1_55' title='bbox 1457 393 1584 420; x_wconf 52' lang='lat' dir='ltr'><strong>Ecclesia;</strong></span> <span class='ocrx_word' id='word_1_56' title='bbox 1607 392 1741 420; x_wconf 73' lang='lat' dir='ltr'><strong>canonico</strong></span> <span class='ocrx_word' id='word_1_57' title='bbox 1757 392 1869 420; x_wconf 58' lang='lat' dir='ltr'><strong>amicis.</strong></span> 
     </span>
    </p>
   </div>
   <div class='ocr_carea' id='block_1_6' title="bbox 205 425 1869 469">
    <p class='ocr_par' dir='ltr' id='par_1_6' title="bbox 205 425 1869 469">
     <span class='ocr_line' id='line_1_6' title="bbox 205 425 1869 469; baseline 0.006 -19"><span class='ocrx_word' id='word_1_58' title='bbox 205 463 208 467; x_wconf 32' lang='lat'><strong><em>.</em></strong></span> <span class='ocrx_word' id='word_1_59' title='bbox 236 429 287 469; x_wconf 76' lang='lat' dir='ltr'><strong>set.</strong></span> <span class='ocrx_word' id='word_1_60' title='bbox 317 431 372 451; x_wconf 91' lang='lat' dir='ltr'><strong>tum</strong></span> <span class='ocrx_word' id='word_1_61' title='bbox 404 425 430 452; x_wconf 90' lang='lat' dir='ltr'><strong>in</strong></span> <span class='ocrx_word' id='word_1_62' title='bbox 462 433 523 458; x_wconf 81' lang='lat' dir='ltr'><strong>suo,</strong></span> <span class='ocrx_word' id='word_1_63' title='bbox 540 430 596 453; x_wconf 90' lang='lat' dir='ltr'><strong>tum</strong></span> <span class='ocrx_word' id='word_1_64' title='bbox 630 428 655 454; x_wconf 91' lang='lat' dir='ltr'><strong>in</strong></span> <span class='ocrx_word' id='word_1_65' title='bbox 686 429 758 464; x_wconf 76' lang='lat' dir='ltr'><strong>regis</strong></span> <span class='ocrx_word' id='word_1_66' title='bbox 776 430 916 458; x_wconf 79' lang='lat' dir='ltr'><strong>Gallorum</strong></span> <span class='ocrx_word' id='word_1_67' title='bbox 932 433 971 465; x_wconf 87' lang='lat' dir='ltr'><strong>(et</strong></span> <span class='ocrx_word' id='word_1_68' title='bbox 993 433 1160 467; x_wconf 67' lang='lat' dir='ltr'><strong>Cmsaris,ct</strong></span> <span class='ocrx_word' id='word_1_69' title='bbox 1184 433 1210 460; x_wconf 91' lang='lat' dir='ltr'><strong>in</strong></span> <span class='ocrx_word' id='word_1_70' title='bbox 1231 434 1330 467; x_wconf 90' lang='lat' dir='ltr'><strong>ottob.)</strong></span> <span class='ocrx_word' id='word_1_71' title='bbox 1350 434 1554 469; x_wconf 76' lang='lat' dir='ltr'><strong>exemplaribus</strong></span> <span class='ocrx_word' id='word_1_72' title='bbox 1569 438 1597 461; x_wconf 90' lang='lat' dir='ltr'><strong>ct</strong></span> <span class='ocrx_word' id='word_1_73' title='bbox 1613 441 1667 461; x_wconf 91' lang='lat' dir='ltr'><strong>non</strong></span> <span class='ocrx_word' id='word_1_74' title='bbox 1696 433 1791 468; x_wconf 81' lang='lat' dir='ltr'><strong>paucis</strong></span> <span class='ocrx_word' id='word_1_75' title='bbox 1807 441 1869 468; x_wconf 72' lang='lat' dir='ltr'><strong>qua:</strong></span> 
     </span>
    </p>
   </div>
   <div class='ocr_carea' id='block_1_7' title="bbox 235 468 1867 512">
    <p class='ocr_par' dir='ltr' id='par_1_7' title="bbox 235 468 1867 512">
     <span class='ocr_line' id='line_1_7' title="bbox 235 468 1867 512; baseline 0.006 -19"><span class='ocrx_word' id='word_1_76' title='bbox 235 468 470 512; x_wconf 79' lang='lat' dir='ltr'><strong>Constantinopoli</strong></span> <span class='ocrx_word' id='word_1_77' title='bbox 489 470 625 505; x_wconf 86' lang='lat' dir='ltr'><strong>visuntur,</strong></span> <span class='ocrx_word' id='word_1_78' title='bbox 639 481 749 501; x_wconf 84' lang='lat' dir='ltr'><strong>summo</strong></span> <span class='ocrx_word' id='word_1_79' title='bbox 766 483 828 502; x_wconf 83' lang='lat' dir='ltr'><strong>cuin</strong></span> <span class='ocrx_word' id='word_1_80' title='bbox 848 483 995 509; x_wconf 79' lang='lat' dir='ltr'><strong>consensu,</strong></span> <span class='ocrx_word' id='word_1_81' title='bbox 1008 476 1110 504; x_wconf 78' lang='lat' dir='ltr'><strong>Nicetze</strong></span> <span class='ocrx_word' id='word_1_82' title='bbox 1125 485 1223 504; x_wconf 86' lang='lat' dir='ltr'><strong>nomen</strong></span> <span class='ocrx_word' id='word_1_83' title='bbox 1237 477 1377 511; x_wconf 61' lang='lat' dir='ltr'><strong>przelisum</strong></span> <span class='ocrx_word' id='word_1_84' title='bbox 1395 468 1539 509; x_wconf 68' lang='lat' dir='ltr'><strong>habeatur.</strong></span> <span class='ocrx_word' id='word_1_85' title='bbox 1555 481 1583 504; x_wconf 90' lang='lat' dir='ltr'><strong>et</strong></span> <span class='ocrx_word' id='word_1_86' title='bbox 1611 477 1697 512; x_wconf 78' lang='lat' dir='ltr'><strong>stylus</strong></span> <span class='ocrx_word' id='word_1_87' title='bbox 1726 483 1779 503; x_wconf 85' lang='lat' dir='ltr'><strong>una</strong></span> <span class='ocrx_word' id='word_1_88' title='bbox 1805 483 1867 503; x_wconf 88' lang='lat' dir='ltr'><strong>cum</strong></span> 
     </span>
    </p>
   </div>
   <div class='ocr_carea' id='block_1_8' title="bbox 236 511 1871 560">
    <p class='ocr_par' dir='ltr' id='par_1_8' title="bbox 236 511 1871 560">
     <span class='ocr_line' id='line_1_8' title="bbox 236 511 1871 560; baseline 0.006 -23"><span class='ocrx_word' id='word_1_89' title='bbox 236 513 348 560; x_wconf 72' lang='lat' dir='ltr'><strong>reliquis</strong></span> <span class='ocrx_word' id='word_1_90' title='bbox 363 511 465 540; x_wconf 66' lang='lat' dir='ltr'><strong>Nicetae</strong></span> <span class='ocrx_word' id='word_1_91' title='bbox 481 515 610 548; x_wconf 79' lang='lat' dir='ltr'><strong>operibus</strong></span> <span class='ocrx_word' id='word_1_92' title='bbox 627 517 706 551; x_wconf 78' lang='lat' dir='ltr'><strong>plane</strong></span> <span class='ocrx_word' id='word_1_93' title='bbox 720 520 886 551; x_wconf 85' lang='lat' dir='ltr'><strong>consentiat,</strong></span> <span class='ocrx_word' id='word_1_94' title='bbox 903 528 955 547; x_wconf 88' lang='lat' dir='ltr'><strong>suo</strong></span> <span class='ocrx_word' id='word_1_95' title='bbox 971 526 1062 548; x_wconf 82' lang='lat' dir='ltr'><strong>tamen</strong></span> <span class='ocrx_word' id='word_1_96' title='bbox 1078 521 1183 555; x_wconf 84' lang='lat' dir='ltr'><strong>judicio</strong></span> <span class='ocrx_word' id='word_1_97' title='bbox 1195 520 1356 553; x_wconf 86' lang='lat' dir='ltr'><strong>Comitolus,</strong></span> <span class='ocrx_word' id='word_1_98' title='bbox 1371 525 1398 548; x_wconf 92' lang='lat' dir='ltr'><strong>et</strong></span> <span class='ocrx_word' id='word_1_99' title='bbox 1416 521 1532 548; x_wconf 87' lang='lat' dir='ltr'><strong>aliorum</strong></span> <span class='ocrx_word' id='word_1_100' title='bbox 1549 511 1713 548; x_wconf 74' lang='lat' dir='ltr'><strong>eximiorum</strong></span> <span class='ocrx_word' id='word_1_101' title='bbox 1731 521 1871 546; x_wconf 62' lang='lat' dir='ltr'><strong>virorum.</strong></span> 
     </span>
    </p>
   </div>
   <div class='ocr_carea' id='block_1_9' title="bbox 235 555 1867 599">
    <p class='ocr_par' dir='ltr' id='par_1_9' title="bbox 235 555 1867 599">
     <span class='ocr_line' id='line_1_9' title="bbox 235 555 1867 599; baseline 0.006 -18"><span class='ocrx_word' id='word_1_102' title='bbox 235 555 405 584; x_wconf 73' lang='lat' dir='ltr'><strong>diversorum</strong></span> <span class='ocrx_word' id='word_1_103' title='bbox 421 559 618 593; x_wconf 75' lang='lat' dir='ltr'><strong>exemplarium</strong></span> <span class='ocrx_word' id='word_1_104' title='bbox 634 562 761 591; x_wconf 81' lang='lat' dir='ltr'><strong>diversos</strong></span> <span class='ocrx_word' id='word_1_105' title='bbox 775 571 837 591; x_wconf 88' lang='lat' dir='ltr'><strong>esse</strong></span> <span class='ocrx_word' id='word_1_106' title='bbox 863 570 991 592; x_wconf 84' lang='lat' dir='ltr'><strong>auctores</strong></span> <span class='ocrx_word' id='word_1_107' title='bbox 1012 569 1116 597; x_wconf 81' lang='lat' dir='ltr'><strong>censet,</strong></span> <span class='ocrx_word' id='word_1_108' title='bbox 1128 569 1154 591; x_wconf 88' lang='lat' dir='ltr'><strong>et</strong></span> <span class='ocrx_word' id='word_1_109' title='bbox 1172 563 1272 591; x_wconf 77' lang='lat' dir='ltr'><strong>Nicetae</strong></span> <span class='ocrx_word' id='word_1_110' title='bbox 1298 565 1417 592; x_wconf 89' lang='lat' dir='ltr'><strong>nominis</strong></span> <span class='ocrx_word' id='word_1_111' title='bbox 1443 564 1601 599; x_wconf 75' lang='lat' dir='ltr'><strong>huiusmodi</strong></span> <span class='ocrx_word' id='word_1_112' title='bbox 1631 564 1707 592; x_wconf 84' lang='lat' dir='ltr'><strong>libris</strong></span> <span class='ocrx_word' id='word_1_113' title='bbox 1732 564 1804 591; x_wconf 87' lang='lat' dir='ltr'><strong>allixi</strong></span> <span class='ocrx_word' id='word_1_114' title='bbox 1821 571 1867 590; x_wconf 91' lang='lat' dir='ltr'><strong>re-</strong></span> 
     </span>
    </p>
   </div>
   <div class='ocr_carea' id='block_1_10' title="bbox 234 599 1868 643">
    <p class='ocr_par' dir='ltr' id='par_1_10' title="bbox 234 599 1868 643">
     <span class='ocr_line' id='line_1_10' title="bbox 234 599 1868 643; baseline 0.006 -18"><span class='ocrx_word' id='word_1_115' title='bbox 234 599 307 634; x_wconf 73' lang='lat' dir='ltr'><strong>pcllit</strong></span> <span class='ocrx_word' id='word_1_116' title='bbox 327 601 519 636; x_wconf 81' lang='lat' dir='ltr'><strong>antiquitatem</strong></span> <span class='ocrx_word' id='word_1_117' title='bbox 543 612 549 630; x_wconf 88' lang='lat'><strong>:</strong></span> <span class='ocrx_word' id='word_1_118' title='bbox 569 608 626 631; x_wconf 94' lang='lat' dir='ltr'><strong>tum</strong></span> <span class='ocrx_word' id='word_1_119' title='bbox 655 605 766 634; x_wconf 90' lang='lat' dir='ltr'><strong>demum</strong></span> <span class='ocrx_word' id='word_1_120' title='bbox 795 608 860 642; x_wconf 83' lang='lat' dir='ltr'><strong>quia</strong></span> <span class='ocrx_word' id='word_1_121' title='bbox 878 608 979 636; x_wconf 66' lang='lat' dir='ltr'><strong>Graecae</strong></span> <span class='ocrx_word' id='word_1_122' title='bbox 1004 608 1119 640; x_wconf 85' lang='lat' dir='ltr'><strong>nationi,</strong></span> <span class='ocrx_word' id='word_1_123' title='bbox 1135 615 1190 642; x_wconf 88' lang='lat' dir='ltr'><strong>quo</strong></span> <span class='ocrx_word' id='word_1_124' title='bbox 1209 608 1360 642; x_wconf 69' lang='lat' dir='ltr'><strong>prmsertim</strong></span> <span class='ocrx_word' id='word_1_125' title='bbox 1387 613 1509 643; x_wconf 86' lang='lat' dir='ltr'><strong>tempore</strong></span> <span class='ocrx_word' id='word_1_126' title='bbox 1536 608 1570 635; x_wconf 89' lang='lat' dir='ltr'><strong>ab</strong></span> <span class='ocrx_word' id='word_1_127' title='bbox 1595 608 1718 634; x_wconf 79' lang='lat' dir='ltr'><strong>Romana</strong></span> <span class='ocrx_word' id='word_1_128' title='bbox 1747 607 1868 634; x_wconf 65' lang='lat' dir='ltr'><strong>Ecclesia</strong></span> 
     </span>
    </p>
   </div>
   <div class='ocr_carea' id='block_1_11' title="bbox 234 644 1871 693">
    <p class='ocr_par' dir='ltr' id='par_1_11' title="bbox 234 644 1871 693">
     <span class='ocr_line' id='line_1_11' title="bbox 234 644 1871 693; baseline 0.001 -17"><span class='ocrx_word' id='word_1_129' title='bbox 234 644 360 693; x_wconf 43' lang='grc' dir='ltr'><strong>ξθεξξξεί-ῑο</strong></span> <span class='ocrx_word' id='word_1_130' title='bbox 381 646 503 673; x_wconf 89' lang='lat' dir='ltr'><strong>solemne</strong></span> <span class='ocrx_word' id='word_1_131' title='bbox 517 646 577 679; x_wconf 82' lang='lat' dir='ltr'><strong>luit,</strong></span> <span class='ocrx_word' id='word_1_132' title='bbox 599 648 761 677; x_wconf 87' lang='lat' dir='ltr'><strong>adulterinis</strong></span> <span class='ocrx_word' id='word_1_133' title='bbox 777 652 848 678; x_wconf 80' lang='lat' dir='ltr'><strong>notis</strong></span> <span class='ocrx_word' id='word_1_134' title='bbox 863 652 948 679; x_wconf 89' lang='lat' dir='ltr'><strong>libros</strong></span> <span class='ocrx_word' id='word_1_135' title='bbox 961 659 1127 687; x_wconf 63' lang='lat' dir='ltr'><strong>aspergere:</strong></span> <span class='ocrx_word' id='word_1_136' title='bbox 1145 658 1172 680; x_wconf 88' lang='lat' dir='ltr'><strong>et</strong></span> <span class='ocrx_word' id='word_1_137' title='bbox 1191 653 1282 680; x_wconf 90' lang='lat' dir='ltr'><strong>varios</strong></span> <span class='ocrx_word' id='word_1_138' title='bbox 1300 660 1363 680; x_wconf 89' lang='lat' dir='ltr'><strong>esse</strong></span> <span class='ocrx_word' id='word_1_139' title='bbox 1382 657 1510 680; x_wconf 83' lang='lat' dir='ltr'><strong>auctores</strong></span> <span class='ocrx_word' id='word_1_140' title='bbox 1537 652 1663 684; x_wconf 85' lang='lat' dir='ltr'><strong>suadent,</strong></span> <span class='ocrx_word' id='word_1_141' title='bbox 1683 652 1726 679; x_wconf 59' lang='grc' dir='ltr'><strong>ντὶ</strong></span> <span class='ocrx_word' id='word_1_142' title='bbox 1740 651 1871 678; x_wconf 76' lang='lat' dir='ltr'><strong>erunibus</strong></span> 
     </span>
    </p>
   </div>
   <div class='ocr_carea' id='block_1_12' title="bbox 236 688 1870 737">
    <p class='ocr_par' dir='ltr' id='par_1_12' title="bbox 236 688 1870 737">
     <span class='ocr_line' id='line_1_12' title="bbox 236 688 1870 737; baseline 0.006 -24"><span class='ocrx_word' id='word_1_143' title='bbox 282 688 359 737; x_wconf 43' lang='lat' dir='ltr'><strong>libr-is</strong></span> <span class='ocrx_word' id='word_1_144' title='bbox 385 697 439 717; x_wconf 89' lang='lat' dir='ltr'><strong>non</strong></span> <span class='ocrx_word' id='word_1_145' title='bbox 464 692 590 719; x_wconf 87' lang='lat' dir='ltr'><strong>eumdem</strong></span> <span class='ocrx_word' id='word_1_146' title='bbox 618 701 679 721; x_wconf 86' lang='lat' dir='ltr'><strong>esse</strong></span> <span class='ocrx_word' id='word_1_147' title='bbox 704 695 913 730; x_wconf 88' lang='lat' dir='ltr'><strong>explanatorum</strong></span> <span class='ocrx_word' id='word_1_148' title='bbox 941 704 1098 728; x_wconf 88' lang='lat' dir='ltr'><strong>numerum,</strong></span> <span class='ocrx_word' id='word_1_149' title='bbox 1111 697 1154 723; x_wconf 79' lang='lat' dir='ltr'><strong>vel</strong></span> <span class='ocrx_word' id='word_1_150' title='bbox 1181 696 1405 731; x_wconf 85' lang='lat' dir='ltr'><strong>explanationum</strong></span> <span class='ocrx_word' id='word_1_151' title='bbox 1429 700 1574 724; x_wconf 89' lang='lat' dir='ltr'><strong>auctorum</strong></span> <span class='ocrx_word' id='word_1_152' title='bbox 1593 704 1646 723; x_wconf 90' lang='lat' dir='ltr'><strong>non</strong></span> <span class='ocrx_word' id='word_1_153' title='bbox 1664 704 1726 724; x_wconf 87' lang='lat' dir='ltr'><strong>csse</strong></span> <span class='ocrx_word' id='word_1_154' title='bbox 1744 697 1870 723; x_wconf 79' lang='lat' dir='ltr'><strong>eamdem</strong></span> 
     </span>
    </p>
   </div>
   <div class='ocr_carea' id='block_1_13' title="bbox 235 733 1872 776">
    <p class='ocr_par' dir='ltr' id='par_1_13' title="bbox 235 733 1872 776">
     <span class='ocr_line' id='line_1_13' title="bbox 235 733 1872 776; baseline 0.006 -19"><span class='ocrx_word' id='word_1_155' title='bbox 235 733 442 766; x_wconf 76' lang='lat' dir='ltr'><strong>dispositionem</strong></span> <span class='ocrx_word' id='word_1_156' title='bbox 459 739 485 762; x_wconf 91' lang='lat' dir='ltr'><strong>et</strong></span> <span class='ocrx_word' id='word_1_157' title='bbox 501 736 636 769; x_wconf 86' lang='lat' dir='ltr'><strong>ordinem,</strong></span> <span class='ocrx_word' id='word_1_158' title='bbox 650 738 691 765; x_wconf 87' lang='lat' dir='ltr'><strong>vel</strong></span> <span class='ocrx_word' id='word_1_159' title='bbox 706 739 739 766; x_wconf 85' lang='lat' dir='ltr'><strong>ad</strong></span> <span class='ocrx_word' id='word_1_160' title='bbox 760 739 870 766; x_wconf 87' lang='lat' dir='ltr'><strong>eosdem</strong></span> <span class='ocrx_word' id='word_1_161' title='bbox 889 740 962 767; x_wconf 79' lang='lat' dir='ltr'><strong>loeas</strong></span> <span class='ocrx_word' id='word_1_162' title='bbox 979 747 1063 767; x_wconf 76' lang='lat' dir='ltr'><strong>sacrae</strong></span> <span class='ocrx_word' id='word_1_163' title='bbox 1085 740 1232 776; x_wconf 71' lang='lat' dir='ltr'><strong>Scriptum</strong></span> <span class='ocrx_word' id='word_1_164' title='bbox 1249 749 1304 768; x_wconf 89' lang='lat' dir='ltr'><strong>non</strong></span> <span class='ocrx_word' id='word_1_165' title='bbox 1325 742 1484 769; x_wconf 88' lang='lat' dir='ltr'><strong>eorumdem</strong></span> <span class='ocrx_word' id='word_1_166' title='bbox 1506 741 1650 769; x_wconf 88' lang='lat' dir='ltr'><strong>doctorum</strong></span> <span class='ocrx_word' id='word_1_167' title='bbox 1675 741 1872 775; x_wconf 76' lang='lat' dir='ltr'><strong>explicationes</strong></span> 
     </span>
    </p>
   </div>
   <div class='ocr_carea' id='block_1_14' title="bbox 236 775 1871 820">
    <p class='ocr_par' dir='ltr' id='par_1_14' title="bbox 236 775 1871 820">
     <span class='ocr_line' id='line_1_14' title="bbox 236 775 1871 820; baseline 0.009 -19"><span class='ocrx_word' id='word_1_168' title='bbox 236 775 372 810; x_wconf 80' lang='lat' dir='ltr'><strong>adhiberi,</strong></span> <span class='ocrx_word' id='word_1_169' title='bbox 387 777 428 805; x_wconf 88' lang='lat' dir='ltr'><strong>vel</strong></span> <span class='ocrx_word' id='word_1_170' title='bbox 441 780 600 808; x_wconf 82' lang='lat' dir='ltr'><strong>eorumdem</strong></span> <span class='ocrx_word' id='word_1_171' title='bbox 611 781 756 810; x_wconf 86' lang='lat' dir='ltr'><strong>doctorum</strong></span> <span class='ocrx_word' id='word_1_172' title='bbox 778 783 977 818; x_wconf 78' lang='lat' dir='ltr'><strong>explicationes</strong></span> <span class='ocrx_word' id='word_1_173' title='bbox 1001 784 1028 811; x_wconf 94' lang='lat' dir='ltr'><strong>in</strong></span> <span class='ocrx_word' id='word_1_174' title='bbox 1052 785 1190 812; x_wconf 79' lang='lat' dir='ltr'><strong>nonnullis</strong></span> <span class='ocrx_word' id='word_1_175' title='bbox 1207 785 1285 813; x_wconf 84' lang='lat' dir='ltr'><strong>libris</strong></span> <span class='ocrx_word' id='word_1_176' title='bbox 1299 785 1434 817; x_wconf 88' lang='lat' dir='ltr'><strong>concisas,</strong></span> <span class='ocrx_word' id='word_1_177' title='bbox 1450 785 1476 813; x_wconf 91' lang='lat' dir='ltr'><strong>in</strong></span> <span class='ocrx_word' id='word_1_178' title='bbox 1494 785 1556 813; x_wconf 88' lang='lat' dir='ltr'><strong>aliis</strong></span> <span class='ocrx_word' id='word_1_179' title='bbox 1571 786 1657 820; x_wconf 81' lang='lat' dir='ltr'><strong>magis</strong></span> <span class='ocrx_word' id='word_1_180' title='bbox 1672 785 1785 812; x_wconf 78' lang='lat' dir='ltr'><strong>dili‘nsas</strong></span> <span class='ocrx_word' id='word_1_181' title='bbox 1797 791 1871 816; x_wconf 65' lang='lat' dir='ltr'><strong>esse.</strong></span> 
     </span>
    </p>
   </div>
   <div class='ocr_carea' id='block_1_15' title="bbox 237 821 1872 864">
    <p class='ocr_par' dir='ltr' id='par_1_15' title="bbox 237 821 1872 864">
     <span class='ocr_line' id='line_1_15' title="bbox 237 821 1872 864; baseline 0.005 -18"><span class='ocrx_word' id='word_1_182' title='bbox 237 821 277 848; x_wconf 84' lang='lat' dir='ltr'><strong>vel</strong></span> <span class='ocrx_word' id='word_1_183' title='bbox 299 821 400 848; x_wconf 86' lang='lat' dir='ltr'><strong>nullam</strong></span> <span class='ocrx_word' id='word_1_184' title='bbox 418 824 520 856; x_wconf 79' lang='lat' dir='ltr'><strong>prtellxi</strong></span> <span class='ocrx_word' id='word_1_185' title='bbox 537 825 658 853; x_wconf 86' lang='lat' dir='ltr'><strong>nominis</strong></span> <span class='ocrx_word' id='word_1_186' title='bbox 671 825 773 855; x_wconf 69' lang='lat' dir='ltr'><strong>Nicetaa</strong></span> <span class='ocrx_word' id='word_1_187' title='bbox 790 832 883 855; x_wconf 89' lang='lat' dir='ltr'><strong>notam</strong></span> <span class='ocrx_word' id='word_1_188' title='bbox 899 828 1098 856; x_wconf 86' lang='lat' dir='ltr'><strong>vetustioribus</strong></span> <span class='ocrx_word' id='word_1_189' title='bbox 1112 829 1254 857; x_wconf 84' lang='lat' dir='ltr'><strong>codicibus</strong></span> <span class='ocrx_word' id='word_1_190' title='bbox 1272 829 1369 857; x_wconf 89' lang='lat' dir='ltr'><strong>videri.</strong></span> <span class='ocrx_word' id='word_1_191' title='bbox 1386 829 1462 857; x_wconf 85' lang='lat' dir='ltr'><strong>Adde</strong></span> <span class='ocrx_word' id='word_1_192' title='bbox 1478 829 1504 856; x_wconf 92' lang='lat' dir='ltr'><strong>in</strong></span> <span class='ocrx_word' id='word_1_193' title='bbox 1520 830 1579 864; x_wconf 85' lang='lat' dir='ltr'><strong>ipsa</strong></span> <span class='ocrx_word' id='word_1_194' title='bbox 1595 829 1788 863; x_wconf 85' lang='lat' dir='ltr'><strong>inscriptione.</strong></span> <span class='ocrx_word' id='word_1_195' title='bbox 1809 836 1872 862; x_wconf 76' lang='lat' dir='ltr'><strong>quze</strong></span> 
     </span>
    </p>
   </div>
   <div class='ocr_carea' id='block_1_16' title="bbox 237 865 1869 908">
    <p class='ocr_par' dir='ltr' id='par_1_16' title="bbox 237 865 1869 908">
     <span class='ocr_line' id='line_1_16' title="bbox 237 865 1869 908; baseline 0.004 -17"><span class='ocrx_word' id='word_1_196' title='bbox 237 865 359 893; x_wconf 72' lang='lat' dir='ltr'><strong>Nicetam</strong></span> <span class='ocrx_word' id='word_1_197' title='bbox 387 867 506 902; x_wconf 67' lang='lat' dir='ltr'><strong>praal&#39;ert,</strong></span> <span class='ocrx_word' id='word_1_198' title='bbox 522 869 589 896; x_wconf 90' lang='lat' dir='ltr'><strong>nihil</strong></span> <span class='ocrx_word' id='word_1_199' title='bbox 616 870 738 899; x_wconf 84' lang='lat' dir='ltr'><strong>recinere</strong></span> <span class='ocrx_word' id='word_1_200' title='bbox 767 879 877 906; x_wconf 88' lang='lat' dir='ltr'><strong>purum,</strong></span> <span class='ocrx_word' id='word_1_201' title='bbox 893 872 960 900; x_wconf 92' lang='lat' dir='ltr'><strong>nihil</strong></span> <span class='ocrx_word' id='word_1_202' title='bbox 978 873 1080 900; x_wconf 85' lang='lat' dir='ltr'><strong>veteris</strong></span> <span class='ocrx_word' id='word_1_203' title='bbox 1106 873 1205 908; x_wconf 67' lang='lat' dir='ltr'><strong>linguae</strong></span> <span class='ocrx_word' id='word_1_204' title='bbox 1221 873 1323 901; x_wconf 57' lang='grc' dir='ltr'><strong>(ἐι-πυρίη</strong></span> <span class='ocrx_word' id='word_1_205' title='bbox 1351 880 1480 901; x_wconf 83' lang='lat' dir='ltr'><strong>resonare</strong></span> <span class='ocrx_word' id='word_1_206' title='bbox 1507 874 1700 901; x_wconf 89' lang='lat' dir='ltr'><strong>domesticum.</strong></span> <span class='ocrx_word' id='word_1_207' title='bbox 1723 873 1869 907; x_wconf 81' lang='grc' dir='ltr'><strong>Ἐξήγησις</strong></span> 
     </span>
    </p>
   </div>
   <div class='ocr_carea' id='block_1_17' title="bbox 237 910 1870 953">
    <p class='ocr_par' dir='ltr' id='par_1_17' title="bbox 237 910 1870 953">
     <span class='ocr_line' id='line_1_17' title="bbox 237 910 1870 953; baseline 0.002 -12"><span class='ocrx_word' id='word_1_208' title='bbox 237 910 277 941; x_wconf 77' lang='grc' dir='ltr'><strong>εἰς</strong></span> <span class='ocrx_word' id='word_1_209' title='bbox 295 910 340 936; x_wconf 81' lang='grc' dir='ltr'><strong>τδν</strong></span> <span class='ocrx_word' id='word_1_210' title='bbox 365 911 499 947; x_wconf 79' lang='grc' dir='ltr'><strong>μακάριον</strong></span> <span class='ocrx_word' id='word_1_211' title='bbox 520 913 592 947; x_wconf 80' lang='grc' dir='ltr'><strong>Ἰὼϐ,</strong></span> <span class='ocrx_word' id='word_1_212' title='bbox 617 917 806 950; x_wconf 78' lang='grc' dir='ltr'><strong>συγγραφεῐσα</strong></span> <span class='ocrx_word' id='word_1_213' title='bbox 833 917 909 951; x_wconf 74' lang='grc' dir='ltr'>παρὰ</span> <span class='ocrx_word' id='word_1_214' title='bbox 935 917 984 944; x_wconf 82' lang='grc' dir='ltr'><strong>τοῦ</strong></span> <span class='ocrx_word' id='word_1_215' title='bbox 1012 917 1159 953; x_wconf 81' lang='grc' dir='ltr'><strong>ἱερωτάτου</strong></span> <span class='ocrx_word' id='word_1_216' title='bbox 1187 917 1387 952; x_wconf 77' lang='grc' dir='ltr'><strong>μητροπολίτου</strong></span> <span class='ocrx_word' id='word_1_217' title='bbox 1416 917 1581 952; x_wconf 79' lang='grc' dir='ltr'><strong>Ἡρακλείας</strong></span> <span class='ocrx_word' id='word_1_218' title='bbox 1597 939 1604 951; x_wconf 87' lang='grc'><em>,</em></span> <span class='ocrx_word' id='word_1_219' title='bbox 1627 916 1724 952; x_wconf 80' lang='grc' dir='ltr'><strong>κυρίου</strong></span> <span class='ocrx_word' id='word_1_220' title='bbox 1750 916 1870 952; x_wconf 71' lang='grc' dir='ltr'><strong>Νικήτα.</strong></span> 
     </span>
    </p>
   </div>
   <div class='ocr_carea' id='block_1_18' title="bbox 237 953 1870 996">
    <p class='ocr_par' dir='ltr' id='par_1_18' title="bbox 237 953 1870 996">
     <span class='ocr_line' id='line_1_18' title="bbox 237 953 1870 996; baseline 0.004 -17"><span class='ocrx_word' id='word_1_221' title='bbox 237 953 357 989; x_wconf 63' lang='lat' dir='ltr'><strong>Nutu-toﬁ</strong></span> <span class='ocrx_word' id='word_1_222' title='bbox 375 955 460 989; x_wconf 88' lang='lat' dir='ltr'><strong>enim,</strong></span> <span class='ocrx_word' id='word_1_223' title='bbox 477 957 500 984; x_wconf 83' lang='lat' dir='ltr'><strong>si</strong></span> <span class='ocrx_word' id='word_1_224' title='bbox 517 958 619 992; x_wconf 78' lang='lat' dir='ltr'><strong>regulis</strong></span> <span class='ocrx_word' id='word_1_225' title='bbox 634 960 876 994; x_wconf 77' lang='lat' dir='ltr'><strong>grammaticorum</strong></span> <span class='ocrx_word' id='word_1_226' title='bbox 895 961 1023 989; x_wconf 86' lang='lat' dir='ltr'><strong>insistere</strong></span> <span class='ocrx_word' id='word_1_227' title='bbox 1041 961 1184 992; x_wconf 83' lang='lat' dir='ltr'><strong>voluisset.</strong></span> <span class='ocrx_word' id='word_1_228' title='bbox 1200 960 1346 988; x_wconf 86' lang='lat' dir='ltr'><strong>dicendum</strong></span> <span class='ocrx_word' id='word_1_229' title='bbox 1372 965 1443 988; x_wconf 85' lang='lat' dir='ltr'><strong>erat.</strong></span> <span class='ocrx_word' id='word_1_230' title='bbox 1459 961 1570 988; x_wconf 66' lang='lat' dir='ltr'><strong>Graecos</strong></span> <span class='ocrx_word' id='word_1_231' title='bbox 1585 968 1668 996; x_wconf 92' lang='lat' dir='ltr'><strong>porro</strong></span> <span class='ocrx_word' id='word_1_232' title='bbox 1683 967 1738 987; x_wconf 90' lang='lat' dir='ltr'><strong>non</strong></span> <span class='ocrx_word' id='word_1_233' title='bbox 1757 967 1870 987; x_wconf 87' lang='lat' dir='ltr'><strong>suorum</strong></span> 
     </span>
    </p>
   </div>
   <div class='ocr_carea' id='block_1_19' title="bbox 237 998 1872 1040">
    <p class='ocr_par' dir='ltr' id='par_1_19' title="bbox 237 998 1872 1040">
     <span class='ocr_line' id='line_1_19' title="bbox 237 998 1872 1040; baseline 0.004 -16"><span class='ocrx_word' id='word_1_234' title='bbox 237 998 284 1024; x_wconf 86' lang='lat' dir='ltr'><strong>sed</strong></span> <span class='ocrx_word' id='word_1_235' title='bbox 310 999 462 1027; x_wconf 87' lang='lat' dir='ltr'><strong>alienorum</strong></span> <span class='ocrx_word' id='word_1_236' title='bbox 478 1001 588 1029; x_wconf 89' lang='lat' dir='ltr'><strong>nomina</strong></span> <span class='ocrx_word' id='word_1_237' title='bbox 603 1010 729 1031; x_wconf 86' lang='lat' dir='ltr'><strong>assuesse</strong></span> <span class='ocrx_word' id='word_1_238' title='bbox 756 1004 834 1032; x_wconf 85' lang='lat' dir='ltr'><strong>libris</strong></span> <span class='ocrx_word' id='word_1_239' title='bbox 860 1005 1009 1040; x_wconf 63' lang='lat' dir='ltr'><strong>praeﬁgere.</strong></span> <span class='ocrx_word' id='word_1_240' title='bbox 1027 1005 1144 1040; x_wconf 86' lang='lat' dir='ltr'><strong>probant</strong></span> <span class='ocrx_word' id='word_1_241' title='bbox 1166 1004 1362 1032; x_wconf 87' lang='lat' dir='ltr'><strong>Commentarii</strong></span> <span class='ocrx_word' id='word_1_242' title='bbox 1382 1005 1408 1032; x_wconf 88' lang='lat' dir='ltr'><strong>in</strong></span> <span class='ocrx_word' id='word_1_243' title='bbox 1431 1004 1578 1036; x_wconf 82' lang='lat' dir='ltr'><strong>Joannem.</strong></span> <span class='ocrx_word' id='word_1_244' title='bbox 1593 1005 1638 1040; x_wconf 84' lang='lat' dir='ltr'><strong>qui</strong></span> <span class='ocrx_word' id='word_1_245' title='bbox 1655 1003 1748 1039; x_wconf 86' lang='lat' dir='ltr'><strong>Cyrilli</strong></span> <span class='ocrx_word' id='word_1_246' title='bbox 1774 1010 1872 1030; x_wconf 80' lang='lat' dir='ltr'><strong>nomen</strong></span> 
     </span>
    </p>
   </div>
   <div class='ocr_carea' id='block_1_20' title="bbox 239 1042 1870 1083">
    <p class='ocr_par' dir='ltr' id='par_1_20' title="bbox 239 1042 1870 1083">
     <span class='ocr_line' id='line_1_20' title="bbox 239 1042 1870 1083; baseline 0.004 -15"><span class='ocrx_word' id='word_1_247' title='bbox 239 1042 417 1075; x_wconf 63' lang='lat' dir='ltr'><strong>praeferebant</strong></span> <span class='ocrx_word' id='word_1_248' title='bbox 434 1044 480 1079; x_wconf 75' lang='grc' dir='ltr'><strong>(ε),</strong></span> <span class='ocrx_word' id='word_1_249' title='bbox 494 1053 556 1073; x_wconf 90' lang='lat' dir='ltr'><strong>cum</strong></span> <span class='ocrx_word' id='word_1_250' title='bbox 568 1052 660 1074; x_wconf 83' lang='lat' dir='ltr'><strong>essent</strong></span> <span class='ocrx_word' id='word_1_251' title='bbox 673 1047 876 1083; x_wconf 84' lang='lat' dir='ltr'><strong>Chrysostomi;</strong></span> <span class='ocrx_word' id='word_1_252' title='bbox 889 1049 1084 1077; x_wconf 85' lang='lat' dir='ltr'><strong>Commentarii</strong></span> <span class='ocrx_word' id='word_1_253' title='bbox 1096 1048 1220 1082; x_wconf 81' lang='lat' dir='ltr'><strong>Origenis</strong></span> <span class='ocrx_word' id='word_1_254' title='bbox 1233 1048 1259 1075; x_wconf 91' lang='lat' dir='ltr'><strong>in</strong></span> <span class='ocrx_word' id='word_1_255' title='bbox 1271 1048 1333 1081; x_wconf 80' lang='lat' dir='ltr'><strong>Job,</strong></span> <span class='ocrx_word' id='word_1_256' title='bbox 1349 1048 1394 1083; x_wconf 91' lang='lat' dir='ltr'><strong>qui</strong></span> <span class='ocrx_word' id='word_1_257' title='bbox 1406 1055 1520 1083; x_wconf 76' lang='lat' dir='ltr'><strong>prorsus</strong></span> <span class='ocrx_word' id='word_1_258' title='bbox 1531 1047 1657 1083; x_wconf 80' lang='lat' dir='ltr'><strong>Origcnis</strong></span> <span class='ocrx_word' id='word_1_259' title='bbox 1670 1055 1724 1075; x_wconf 88' lang='lat' dir='ltr'><strong>non</strong></span> <span class='ocrx_word' id='word_1_260' title='bbox 1738 1051 1803 1074; x_wconf 88' lang='lat' dir='ltr'><strong>sunt</strong></span> <span class='ocrx_word' id='word_1_261' title='bbox 1818 1046 1870 1080; x_wconf 80' lang='lat' dir='ltr'><strong>(tl).</strong></span> 
     </span>
    </p>
   </div>
   <div class='ocr_carea' id='block_1_21' title="bbox 237 1086 1873 1129">
    <p class='ocr_par' dir='ltr' id='par_1_21' title="bbox 237 1086 1873 1129">
     <span class='ocr_line' id='line_1_21' title="bbox 237 1086 1873 1129; baseline 0.003 -17"><span class='ocrx_word' id='word_1_262' title='bbox 237 1086 293 1113; x_wconf 79' lang='lat' dir='ltr'><strong>Nec</strong></span> <span class='ocrx_word' id='word_1_263' title='bbox 306 1091 396 1120; x_wconf 85' lang='lat' dir='ltr'><strong>potest</strong></span> <span class='ocrx_word' id='word_1_264' title='bbox 406 1087 588 1122; x_wconf 88' lang='lat' dir='ltr'><strong>dissimulari,</strong></span> <span class='ocrx_word' id='word_1_265' title='bbox 604 1092 688 1118; x_wconf 85' lang='lat' dir='ltr'><strong>multa</strong></span> <span class='ocrx_word' id='word_1_266' title='bbox 703 1091 873 1129; x_wconf 82' lang='lat' dir='ltr'><strong>Hieronymo</strong></span> <span class='ocrx_word' id='word_1_267' title='bbox 891 1102 945 1121; x_wconf 90' lang='lat' dir='ltr'><strong>non</strong></span> <span class='ocrx_word' id='word_1_268' title='bbox 956 1093 1124 1129; x_wconf 79' lang='lat' dir='ltr'><strong>Hieronymi,</strong></span> <span class='ocrx_word' id='word_1_269' title='bbox 1142 1092 1295 1127; x_wconf 68' lang='lat' dir='ltr'><strong>Augustino</strong></span> <span class='ocrx_word' id='word_1_270' title='bbox 1313 1091 1397 1119; x_wconf 84' lang='lat' dir='ltr'><strong>multa</strong></span> <span class='ocrx_word' id='word_1_271' title='bbox 1408 1092 1524 1126; x_wconf 85' lang='lat' dir='ltr'><strong>ascripta</strong></span> <span class='ocrx_word' id='word_1_272' title='bbox 1533 1099 1594 1120; x_wconf 87' lang='lat' dir='ltr'><strong>esse</strong></span> <span class='ocrx_word' id='word_1_273' title='bbox 1605 1099 1658 1118; x_wconf 90' lang='lat' dir='ltr'><strong>non</strong></span> <span class='ocrx_word' id='word_1_274' title='bbox 1668 1090 1813 1126; x_wconf 79' lang='lat' dir='ltr'><strong>Augustini</strong></span> <span class='ocrx_word' id='word_1_275' title='bbox 1826 1089 1873 1125; x_wconf 74' lang='grc' dir='ltr'><strong>(ε).</strong></span> 
     </span>
    </p>
   </div>
   <div class='ocr_carea' id='block_1_22' title="bbox 241 1129 1871 1169">
    <p class='ocr_par' dir='ltr' id='par_1_22' title="bbox 241 1129 1871 1169">
     <span class='ocr_line' id='line_1_22' title="bbox 241 1129 1871 1169; baseline 0.002 -14"><span class='ocrx_word' id='word_1_276' title='bbox 241 1129 277 1155; x_wconf 64' lang='lat' dir='ltr'><strong>lle</strong></span> <span class='ocrx_word' id='word_1_277' title='bbox 290 1129 360 1163; x_wconf 86' lang='lat' dir='ltr'><strong>stylo</strong></span> <span class='ocrx_word' id='word_1_278' title='bbox 375 1137 484 1166; x_wconf 88' lang='lat' dir='ltr'><strong>quoque</strong></span> <span class='ocrx_word' id='word_1_279' title='bbox 501 1131 600 1161; x_wconf 76' lang='lat' dir='ltr'><strong>Nicetze</strong></span> <span class='ocrx_word' id='word_1_280' title='bbox 615 1139 713 1168; x_wconf 59' lang='lat' dir='ltr'><strong>praeter</strong></span> <span class='ocrx_word' id='word_1_281' title='bbox 728 1143 784 1163; x_wconf 87' lang='lat' dir='ltr'><strong>rem</strong></span> <span class='ocrx_word' id='word_1_282' title='bbox 799 1144 859 1164; x_wconf 90' lang='lat' dir='ltr'><strong>esse</strong></span> <span class='ocrx_word' id='word_1_283' title='bbox 875 1137 992 1169; x_wconf 86' lang='lat' dir='ltr'><strong>videtur,</strong></span> <span class='ocrx_word' id='word_1_284' title='bbox 1007 1145 1068 1165; x_wconf 88' lang='lat' dir='ltr'><strong>cum</strong></span> <span class='ocrx_word' id='word_1_285' title='bbox 1089 1136 1193 1163; x_wconf 92' lang='lat' dir='ltr'><strong>nullum</strong></span> <span class='ocrx_word' id='word_1_286' title='bbox 1216 1136 1243 1162; x_wconf 95' lang='lat' dir='ltr'><strong>in</strong></span> <span class='ocrx_word' id='word_1_287' title='bbox 1266 1135 1318 1163; x_wconf 85' lang='lat' dir='ltr'><strong>hoc</strong></span> <span class='ocrx_word' id='word_1_288' title='bbox 1330 1139 1388 1163; x_wconf 85' lang='lat' dir='ltr'><strong>toto</strong></span> <span class='ocrx_word' id='word_1_289' title='bbox 1407 1135 1614 1163; x_wconf 86' lang='lat' dir='ltr'><strong>Commentario</strong></span> <span class='ocrx_word' id='word_1_290' title='bbox 1638 1133 1739 1162; x_wconf 73' lang='lat' dir='ltr'><strong>Niceta:</strong></span> <span class='ocrx_word' id='word_1_291' title='bbox 1758 1133 1871 1161; x_wconf 76' lang='lat' dir='ltr'><strong>verbum</strong></span> 
     </span>
    </p>
   </div>
   <div class='ocr_carea' id='block_1_23' title="bbox 239 1174 1873 1216">
    <p class='ocr_par' dir='ltr' id='par_1_23' title="bbox 239 1174 1873 1216">
     <span class='ocr_line' id='line_1_23' title="bbox 239 1174 1873 1216; baseline 0.004 -18"><span class='ocrx_word' id='word_1_292' title='bbox 239 1174 405 1207; x_wconf 63' lang='lat' dir='ltr'><strong>reperiatur,</strong></span> <span class='ocrx_word' id='word_1_293' title='bbox 418 1175 465 1202; x_wconf 90' lang='lat' dir='ltr'><strong>sed</strong></span> <span class='ocrx_word' id='word_1_294' title='bbox 489 1177 582 1203; x_wconf 88' lang='lat' dir='ltr'><strong>omnia</strong></span> <span class='ocrx_word' id='word_1_295' title='bbox 607 1178 724 1206; x_wconf 88' lang='lat' dir='ltr'><strong>aliorum</strong></span> <span class='ocrx_word' id='word_1_296' title='bbox 747 1180 838 1208; x_wconf 88' lang='lat' dir='ltr'><strong>verbis</strong></span> <span class='ocrx_word' id='word_1_297' title='bbox 860 1182 1001 1216; x_wconf 82' lang='lat' dir='ltr'><strong>exposita,</strong></span> <span class='ocrx_word' id='word_1_298' title='bbox 1018 1186 1046 1207; x_wconf 92' lang='lat' dir='ltr'><strong>et</strong></span> <span class='ocrx_word' id='word_1_299' title='bbox 1061 1181 1124 1208; x_wconf 86' lang='lat' dir='ltr'><strong>licet</strong></span> <span class='ocrx_word' id='word_1_300' title='bbox 1143 1187 1241 1207; x_wconf 88' lang='lat' dir='ltr'><strong>omnes</strong></span> <span class='ocrx_word' id='word_1_301' title='bbox 1270 1180 1331 1207; x_wconf 71' lang='lat' dir='ltr'><strong>alize</strong></span> <span class='ocrx_word' id='word_1_302' title='bbox 1356 1184 1468 1210; x_wconf 59' lang='lat' dir='ltr'><strong>catenae,</strong></span> <span class='ocrx_word' id='word_1_303' title='bbox 1494 1187 1555 1214; x_wconf 66' lang='lat' dir='ltr'><strong>quin</strong></span> <span class='ocrx_word' id='word_1_304' title='bbox 1569 1186 1631 1206; x_wconf 89' lang='lat' dir='ltr'><strong>eum</strong></span> <span class='ocrx_word' id='word_1_305' title='bbox 1646 1178 1748 1206; x_wconf 75' lang='lat' dir='ltr'><strong>Niceta:</strong></span> <span class='ocrx_word' id='word_1_306' title='bbox 1762 1177 1873 1205; x_wconf 87' lang='lat' dir='ltr'><strong>nomine</strong></span> 
     </span>
    </p>
   </div>
   <div class='ocr_carea' id='block_1_24' title="bbox 239 1216 1872 1259">
    <p class='ocr_par' dir='ltr' id='par_1_24' title="bbox 239 1216 1872 1259">
     <span class='ocr_line' id='line_1_24' title="bbox 239 1216 1872 1259; baseline 0.003 -16"><span class='ocrx_word' id='word_1_307' title='bbox 239 1216 457 1252; x_wconf 62' lang='lat' dir='ltr'><strong>conjungunltll&#39;y</strong></span> <span class='ocrx_word' id='word_1_308' title='bbox 473 1218 573 1247; x_wconf 71' lang='lat' dir='ltr'><strong>Nic-cla:</strong></span> <span class='ocrx_word' id='word_1_309' title='bbox 590 1221 662 1253; x_wconf 78' lang='lat' dir='ltr'><strong>sint,</strong></span> <span class='ocrx_word' id='word_1_310' title='bbox 683 1230 764 1257; x_wconf 86' lang='lat' dir='ltr'><strong>quam</strong></span> <span class='ocrx_word' id='word_1_311' title='bbox 787 1228 830 1251; x_wconf 85' lang='lat' dir='ltr'><strong>est</strong></span> <span class='ocrx_word' id='word_1_312' title='bbox 852 1224 1047 1259; x_wconf 85' lang='lat' dir='ltr'><strong>interpretatus</strong></span> <span class='ocrx_word' id='word_1_313' title='bbox 1070 1224 1231 1256; x_wconf 79' lang='lat' dir='ltr'><strong>Comitolns,</strong></span> <span class='ocrx_word' id='word_1_314' title='bbox 1249 1224 1322 1251; x_wconf 90' lang='lat' dir='ltr'><strong>nullo</strong></span> <span class='ocrx_word' id='word_1_315' title='bbox 1345 1224 1425 1252; x_wconf 88' lang='lat' dir='ltr'><strong>modo</strong></span> <span class='ocrx_word' id='word_1_316' title='bbox 1442 1223 1544 1251; x_wconf 70' lang='lat' dir='ltr'><strong>Nicone</strong></span> <span class='ocrx_word' id='word_1_317' title='bbox 1558 1222 1733 1250; x_wconf 84' lang='lat' dir='ltr'><strong>tribuendam</strong></span> <span class='ocrx_word' id='word_1_318' title='bbox 1749 1229 1819 1250; x_wconf 83' lang='lat' dir='ltr'><strong>esse.</strong></span> <span class='ocrx_word' id='word_1_319' title='bbox 1837 1221 1872 1248; x_wconf 86' lang='lat' dir='ltr'><strong>Et</strong></span> 
     </span>
    </p>
   </div>
   <div class='ocr_carea' id='block_1_25' title="bbox 241 1261 1871 1309">
    <p class='ocr_par' dir='ltr' id='par_1_25' title="bbox 241 1261 1871 1309">
     <span class='ocr_line' id='line_1_25' title="bbox 241 1261 1871 1309; baseline 0.003 -22"><span class='ocrx_word' id='word_1_320' title='bbox 241 1261 298 1309; x_wconf 65' lang='lat' dir='ltr'><strong>hzec</strong></span> <span class='ocrx_word' id='word_1_321' title='bbox 314 1261 424 1309; x_wconf 78' lang='lat' dir='ltr'><strong>quidem</strong></span> <span class='ocrx_word' id='word_1_322' title='bbox 441 1267 507 1290; x_wconf 88' lang='lat' dir='ltr'><strong>sunt</strong></span> <span class='ocrx_word' id='word_1_323' title='bbox 531 1263 659 1294; x_wconf 84' lang='lat' dir='ltr'><strong>Comitoli</strong></span> <span class='ocrx_word' id='word_1_324' title='bbox 685 1271 848 1302; x_wconf 75' lang='lat' dir='ltr'><strong>argumenta</strong></span> <span class='ocrx_word' id='word_1_325' title='bbox 865 1267 998 1296; x_wconf 80' lang='lat' dir='ltr'><strong>adversus</strong></span> <span class='ocrx_word' id='word_1_326' title='bbox 1019 1276 1075 1301; x_wconf 85' lang='lat' dir='ltr'><strong>eos,</strong></span> <span class='ocrx_word' id='word_1_327' title='bbox 1091 1269 1137 1303; x_wconf 87' lang='lat' dir='ltr'><strong>qui</strong></span> <span class='ocrx_word' id='word_1_328' title='bbox 1155 1268 1270 1303; x_wconf 79' lang='lat' dir='ltr'><strong>hujusce</strong></span> <span class='ocrx_word' id='word_1_329' title='bbox 1295 1272 1399 1296; x_wconf 62' lang='lat' dir='ltr'><strong>catenae</strong></span> <span class='ocrx_word' id='word_1_330' title='bbox 1422 1269 1450 1296; x_wconf 90' lang='lat' dir='ltr'><strong>in</strong></span> <span class='ocrx_word' id='word_1_331' title='bbox 1474 1266 1575 1295; x_wconf 81' lang='lat' dir='ltr'><strong>Jobum</strong></span> <span class='ocrx_word' id='word_1_332' title='bbox 1592 1273 1732 1295; x_wconf 86' lang='lat' dir='ltr'><strong>auctorem</strong></span> <span class='ocrx_word' id='word_1_333' title='bbox 1749 1266 1871 1293; x_wconf 75' lang='lat' dir='ltr'><strong>Nicctam</strong></span> 
     </span>
    </p>
   </div>
   <div class='ocr_carea' id='block_1_26' title="bbox 240 1310 409 1333">
    <p class='ocr_par' dir='ltr' id='par_1_26' title="bbox 240 1310 409 1333">
     <span class='ocr_line' id='line_1_26' title="bbox 240 1310 409 1333; baseline 0.012 -2"><span class='ocrx_word' id='word_1_334' title='bbox 240 1310 409 1333; x_wconf 68' lang='lat' dir='ltr'><strong>CSISUmaIIL</strong></span> 
     </span>
    </p>
   </div>
   <div class='ocr_carea' id='block_1_27' title="bbox 276 1356 1872 1400">
    <p class='ocr_par' dir='ltr' id='par_1_27' title="bbox 276 1356 1872 1400">
     <span class='ocr_line' id='line_1_27' title="bbox 276 1356 1872 1400; baseline 0.002 -14"><span class='ocrx_word' id='word_1_335' title='bbox 276 1356 500 1394; x_wconf 84' lang='lat' dir='ltr'><strong>Olympiodorum</strong></span> <span class='ocrx_word' id='word_1_336' title='bbox 521 1368 585 1389; x_wconf 76' lang='lat' dir='ltr'><strong>vero</strong></span> <span class='ocrx_word' id='word_1_337' title='bbox 597 1362 742 1391; x_wconf 87' lang='lat' dir='ltr'><strong>diaconum</strong></span> <span class='ocrx_word' id='word_1_338' title='bbox 759 1363 841 1399; x_wconf 82' lang='lat' dir='ltr'><strong>hujus</strong></span> <span class='ocrx_word' id='word_1_339' title='bbox 858 1364 959 1399; x_wconf 88' lang='lat' dir='ltr'><strong>opilicii</strong></span> <span class='ocrx_word' id='word_1_340' title='bbox 973 1372 1034 1392; x_wconf 87' lang='lat' dir='ltr'><strong>esse</strong></span> <span class='ocrx_word' id='word_1_341' title='bbox 1054 1370 1193 1393; x_wconf 87' lang='lat' dir='ltr'><strong>auctorem</strong></span> <span class='ocrx_word' id='word_1_342' title='bbox 1213 1366 1370 1394; x_wconf 77' lang='lat' dir='ltr'><strong>necessario</strong></span> <span class='ocrx_word' id='word_1_343' title='bbox 1391 1365 1498 1400; x_wconf 86' lang='lat' dir='ltr'><strong>probat,</strong></span> <span class='ocrx_word' id='word_1_344' title='bbox 1514 1363 1586 1399; x_wconf 78' lang='lat' dir='ltr'><strong>quod</strong></span> <span class='ocrx_word' id='word_1_345' title='bbox 1602 1367 1704 1391; x_wconf 75' lang='lat' dir='ltr'><strong>calente</strong></span> <span class='ocrx_word' id='word_1_346' title='bbox 1724 1366 1822 1390; x_wconf 88' lang='lat' dir='ltr'><strong>auctor</strong></span> <span class='ocrx_word' id='word_1_347' title='bbox 1844 1361 1872 1389; x_wconf 89' lang='lat' dir='ltr'><strong>in</strong></span> 
     </span>
    </p>
   </div>
   <div class='ocr_carea' id='block_1_28' title="bbox 240 1402 1876 1443">
    <p class='ocr_par' dir='ltr' id='par_1_28' title="bbox 240 1402 1876 1443">
     <span class='ocr_line' id='line_1_28' title="bbox 240 1402 1876 1443; baseline 0.003 -16"><span class='ocrx_word' id='word_1_348' title='bbox 240 1405 362 1430; x_wconf 82' lang='lat' dir='ltr'><strong>extrema</strong></span> <span class='ocrx_word' id='word_1_349' title='bbox 378 1404 548 1438; x_wconf 67' lang='lat' dir='ltr'><strong>prmlatione,</strong></span> <span class='ocrx_word' id='word_1_350' title='bbox 565 1413 627 1434; x_wconf 89' lang='lat' dir='ltr'><strong>cum</strong></span> <span class='ocrx_word' id='word_1_351' title='bbox 645 1406 835 1443; x_wconf 81' lang='lat' dir='ltr'><strong>Chrysostomi</strong></span> <span class='ocrx_word' id='word_1_352' title='bbox 849 1409 973 1436; x_wconf 89' lang='lat' dir='ltr'><strong>oratione</strong></span> <span class='ocrx_word' id='word_1_353' title='bbox 992 1416 1070 1436; x_wconf 90' lang='lat' dir='ltr'><strong>suam</strong></span> <span class='ocrx_word' id='word_1_354' title='bbox 1086 1414 1263 1442; x_wconf 84' lang='lat' dir='ltr'><strong>connectens,</strong></span> <span class='ocrx_word' id='word_1_355' title='bbox 1282 1408 1361 1436; x_wconf 82' lang='lat' dir='ltr'><strong>Nunc</strong></span> <span class='ocrx_word' id='word_1_356' title='bbox 1374 1409 1408 1436; x_wconf 86' lang='lat' dir='ltr'><strong>ad</strong></span> <span class='ocrx_word' id='word_1_357' title='bbox 1421 1410 1506 1443; x_wconf 85' lang='lat' dir='ltr'><strong>ipsam</strong></span> <span class='ocrx_word' id='word_1_358' title='bbox 1519 1408 1665 1440; x_wconf 80' lang='lat' dir='ltr'><strong>verborum,</strong></span> <span class='ocrx_word' id='word_1_359' title='bbox 1679 1407 1777 1442; x_wconf 88' lang='lat' dir='ltr'><strong>inquit,</strong></span> <span class='ocrx_word' id='word_1_360' title='bbox 1792 1402 1876 1433; x_wconf 50' lang='lat' dir='ltr'><strong>inter;</strong></span> 
     </span>
    </p>
   </div>
   <div class='ocr_carea' id='block_1_29' title="bbox 239 1447 1873 1489">
    <p class='ocr_par' dir='ltr' id='par_1_29' title="bbox 239 1447 1873 1489">
     <span class='ocr_line' id='line_1_29' title="bbox 239 1447 1873 1489; baseline 0.003 -17"><span class='ocrx_word' id='word_1_361' title='bbox 239 1447 416 1479; x_wconf 78' lang='lat' dir='ltr'><strong>pretationem</strong></span> <span class='ocrx_word' id='word_1_362' title='bbox 442 1449 596 1476; x_wconf 79' lang='lat' dir='ltr'><strong>veniendum</strong></span> <span class='ocrx_word' id='word_1_363' title='bbox 623 1455 682 1483; x_wconf 72' lang='lat' dir='ltr'><strong>est;</strong></span> <span class='ocrx_word' id='word_1_364' title='bbox 705 1459 866 1487; x_wconf 66' lang='lat' dir='ltr'><strong>quacunque</strong></span> <span class='ocrx_word' id='word_1_365' title='bbox 891 1449 951 1479; x_wconf 75' lang='lat' dir='ltr'><strong>véra</strong></span> <span class='ocrx_word' id='word_1_366' title='bbox 974 1453 1093 1481; x_wconf 78' lang='lat' dir='ltr'><strong>historia:</strong></span> <span class='ocrx_word' id='word_1_367' title='bbox 1118 1459 1276 1489; x_wconf 82' lang='lat' dir='ltr'><strong>congruunt,</strong></span> <span class='ocrx_word' id='word_1_368' title='bbox 1293 1459 1372 1489; x_wconf 83' lang='lat' dir='ltr'><strong>atque</strong></span> <span class='ocrx_word' id='word_1_369' title='bbox 1387 1454 1532 1488; x_wconf 67' lang='lat' dir='ltr'><strong>allegoria,</strong></span> <span class='ocrx_word' id='word_1_370' title='bbox 1548 1458 1601 1479; x_wconf 87' lang='lat' dir='ltr'><strong>etc.</strong></span> <span class='ocrx_word' id='word_1_371' title='bbox 1620 1451 1701 1487; x_wconf 84' lang='lat' dir='ltr'><strong>Atqui</strong></span> <span class='ocrx_word' id='word_1_372' title='bbox 1717 1451 1799 1479; x_wconf 84' lang='lat' dir='ltr'><strong>verba</strong></span> <span class='ocrx_word' id='word_1_373' title='bbox 1814 1451 1873 1478; x_wconf 66' lang='lat' dir='ltr'><strong>haec</strong></span> 
     </span>
    </p>
   </div>
   <div class='ocr_carea' id='block_1_30' title="bbox 242 1493 1872 1532">
    <p class='ocr_par' dir='ltr' id='par_1_30' title="bbox 242 1493 1872 1532">
     <span class='ocr_line' id='line_1_30' title="bbox 242 1493 1872 1532; baseline 0.002 -15"><span class='ocrx_word' id='word_1_374' title='bbox 242 1498 355 1523; x_wconf 76' lang='lat' dir='ltr'><strong>prorsus</strong></span> <span class='ocrx_word' id='word_1_375' title='bbox 368 1493 546 1527; x_wconf 83' lang='lat' dir='ltr'><strong>consequitur</strong></span> <span class='ocrx_word' id='word_1_376' title='bbox 562 1501 662 1522; x_wconf 90' lang='lat' dir='ltr'><strong>nomen</strong></span> <span class='ocrx_word' id='word_1_377' title='bbox 678 1494 875 1530; x_wconf 83' lang='lat' dir='ltr'><strong>Olympiodori,</strong></span> <span class='ocrx_word' id='word_1_378' title='bbox 887 1495 1000 1531; x_wconf 87' lang='lat' dir='ltr'><strong>ejusque</strong></span> <span class='ocrx_word' id='word_1_379' title='bbox 1021 1497 1189 1532; x_wconf 88' lang='lat' dir='ltr'><strong>protbeoria.</strong></span> <span class='ocrx_word' id='word_1_380' title='bbox 1205 1497 1234 1525; x_wconf 89' lang='lat' dir='ltr'><strong>Si</strong></span> <span class='ocrx_word' id='word_1_381' title='bbox 1250 1498 1374 1532; x_wconf 90' lang='lat' dir='ltr'><strong>superior</strong></span> <span class='ocrx_word' id='word_1_382' title='bbox 1388 1498 1476 1525; x_wconf 88' lang='lat' dir='ltr'><strong>oratio</strong></span> <span class='ocrx_word' id='word_1_383' title='bbox 1492 1501 1533 1524; x_wconf 86' lang='lat' dir='ltr'><strong>est</strong></span> <span class='ocrx_word' id='word_1_384' title='bbox 1548 1500 1649 1524; x_wconf 61' lang='lat' dir='ltr'><strong>catenae</strong></span> <span class='ocrx_word' id='word_1_385' title='bbox 1666 1495 1797 1527; x_wconf 87' lang='lat' dir='ltr'><strong>auctoris,</strong></span> <span class='ocrx_word' id='word_1_386' title='bbox 1816 1499 1872 1521; x_wconf 94' lang='lat' dir='ltr'><strong>tum</strong></span> 
     </span>
    </p>
   </div>
   <div class='ocr_carea' id='block_1_31' title="bbox 241 1535 1871 1576">
    <p class='ocr_par' dir='ltr' id='par_1_31' title="bbox 241 1535 1871 1576">
     <span class='ocr_line' id='line_1_31' title="bbox 241 1535 1871 1576; baseline 0.002 -15"><span class='ocrx_word' id='word_1_387' title='bbox 241 1535 398 1568; x_wconf 84' lang='lat' dir='ltr'><strong>historiam,</strong></span> <span class='ocrx_word' id='word_1_388' title='bbox 416 1541 472 1564; x_wconf 93' lang='lat' dir='ltr'><strong>tum</strong></span> <span class='ocrx_word' id='word_1_389' title='bbox 489 1537 632 1571; x_wconf 85' lang='lat' dir='ltr'><strong>theoriam,</strong></span> <span class='ocrx_word' id='word_1_390' title='bbox 650 1546 712 1566; x_wconf 89' lang='lat' dir='ltr'><strong>emn</strong></span> <span class='ocrx_word' id='word_1_391' title='bbox 727 1547 770 1566; x_wconf 90' lang='lat' dir='ltr'><strong>res</strong></span> <span class='ocrx_word' id='word_1_392' title='bbox 785 1539 863 1572; x_wconf 79' lang='lat' dir='ltr'><strong>feret,</strong></span> <span class='ocrx_word' id='word_1_393' title='bbox 877 1540 903 1566; x_wconf 90' lang='lat' dir='ltr'><strong>in</strong></span> <span class='ocrx_word' id='word_1_394' title='bbox 916 1540 1024 1575; x_wconf 81' lang='lat' dir='ltr'><strong>singula</strong></span> <span class='ocrx_word' id='word_1_395' title='bbox 1039 1542 1126 1576; x_wconf 85' lang='lat' dir='ltr'><strong>capita</strong></span> <span class='ocrx_word' id='word_1_396' title='bbox 1145 1541 1317 1576; x_wconf 85' lang='lat' dir='ltr'><strong>pollicentis,</strong></span> <span class='ocrx_word' id='word_1_397' title='bbox 1340 1549 1402 1569; x_wconf 93' lang='lat' dir='ltr'><strong>cum</strong></span> <span class='ocrx_word' id='word_1_398' title='bbox 1425 1541 1453 1568; x_wconf 88' lang='lat' dir='ltr'><strong>in</strong></span> <span class='ocrx_word' id='word_1_399' title='bbox 1471 1541 1616 1574; x_wconf 86' lang='lat' dir='ltr'><strong>utriusque</strong></span> <span class='ocrx_word' id='word_1_400' title='bbox 1631 1547 1730 1567; x_wconf 83' lang='lat' dir='ltr'><strong>sensus</strong></span> <span class='ocrx_word' id='word_1_401' title='bbox 1742 1542 1769 1565; x_wconf 90' lang='lat' dir='ltr'><strong>et</strong></span> <span class='ocrx_word' id='word_1_402' title='bbox 1784 1538 1871 1565; x_wconf 88' lang='lat' dir='ltr'><strong>histo-</strong></span> 
     </span>
    </p>
   </div>
   <div class='ocr_carea' id='block_1_32' title="bbox 241 1579 1874 1620">
    <p class='ocr_par' dir='ltr' id='par_1_32' title="bbox 241 1579 1874 1620">
     <span class='ocr_line' id='line_1_32' title="bbox 241 1579 1874 1620; baseline 0.001 -14"><span class='ocrx_word' id='word_1_403' title='bbox 241 1579 290 1606; x_wconf 82' lang='lat' dir='ltr'><strong>rici</strong></span> <span class='ocrx_word' id='word_1_404' title='bbox 304 1584 331 1607; x_wconf 86' lang='lat' dir='ltr'><strong>et</strong></span> <span class='ocrx_word' id='word_1_405' title='bbox 354 1580 469 1608; x_wconf 88' lang='lat' dir='ltr'><strong>theorici</strong></span> <span class='ocrx_word' id='word_1_406' title='bbox 493 1582 726 1618; x_wconf 76' lang='lat' dir='ltr'><strong>pervestigatione</strong></span> <span class='ocrx_word' id='word_1_407' title='bbox 756 1583 839 1610; x_wconf 88' lang='lat' dir='ltr'><strong>luerit</strong></span> <span class='ocrx_word' id='word_1_408' title='bbox 865 1583 1077 1619; x_wconf 86' lang='lat' dir='ltr'><strong>Olympiodorus</strong></span> <span class='ocrx_word' id='word_1_409' title='bbox 1095 1585 1288 1620; x_wconf 81' lang='lat' dir='ltr'><strong>perdiligenter</strong></span> <span class='ocrx_word' id='word_1_410' title='bbox 1309 1590 1454 1617; x_wconf 83' lang='lat' dir='ltr'><strong>versatus,</strong></span> <span class='ocrx_word' id='word_1_411' title='bbox 1481 1591 1544 1612; x_wconf 93' lang='lat' dir='ltr'><strong>cum</strong></span> <span class='ocrx_word' id='word_1_412' title='bbox 1573 1583 1647 1611; x_wconf 87' lang='lat' dir='ltr'><strong>illius</strong></span> <span class='ocrx_word' id='word_1_413' title='bbox 1664 1583 1797 1609; x_wconf 84' lang='lat' dir='ltr'><strong>duntaxat</strong></span> <span class='ocrx_word' id='word_1_414' title='bbox 1818 1581 1874 1609; x_wconf 77' lang='lat' dir='ltr'><strong>sint</strong></span> 
     </span>
    </p>
   </div>
   <div class='ocr_carea' id='block_1_33' title="bbox 241 1624 1903 1664">
    <p class='ocr_par' dir='ltr' id='par_1_33' title="bbox 241 1624 1903 1664">
     <span class='ocr_line' id='line_1_33' title="bbox 241 1624 1903 1664; baseline 0.001 -14"><span class='ocrx_word' id='word_1_415' title='bbox 241 1631 338 1651; x_wconf 86' lang='lat' dir='ltr'><strong>omnes</strong></span> <span class='ocrx_word' id='word_1_416' title='bbox 354 1624 407 1652; x_wconf 70' lang='lat' dir='ltr'><strong>illa:</strong></span> <span class='ocrx_word' id='word_1_417' title='bbox 422 1625 604 1660; x_wconf 76' lang='lat' dir='ltr'><strong>protlieorize,</strong></span> <span class='ocrx_word' id='word_1_418' title='bbox 623 1626 686 1661; x_wconf 86' lang='lat' dir='ltr'><strong>quis</strong></span> <span class='ocrx_word' id='word_1_419' title='bbox 709 1627 817 1654; x_wconf 84' lang='lat' dir='ltr'><strong>vocabit</strong></span> <span class='ocrx_word' id='word_1_420' title='bbox 841 1627 868 1654; x_wconf 92' lang='lat' dir='ltr'><strong>in</strong></span> <span class='ocrx_word' id='word_1_421' title='bbox 884 1627 1008 1661; x_wconf 91' lang='lat' dir='ltr'><strong>dubium,</strong></span> <span class='ocrx_word' id='word_1_422' title='bbox 1028 1629 1095 1663; x_wconf 88' lang='lat' dir='ltr'><strong>quin</strong></span> <span class='ocrx_word' id='word_1_423' title='bbox 1116 1630 1187 1657; x_wconf 85' lang='lat' dir='ltr'><strong>idem</strong></span> <span class='ocrx_word' id='word_1_424' title='bbox 1217 1630 1254 1658; x_wconf 74' lang='lat' dir='ltr'><strong>Sit</strong></span> <span class='ocrx_word' id='word_1_425' title='bbox 1285 1630 1442 1664; x_wconf 82' lang='lat' dir='ltr'><strong>interpres?</strong></span> <span class='ocrx_word' id='word_1_426' title='bbox 1468 1627 1653 1664; x_wconf 85' lang='lat' dir='ltr'><strong>Olympiodori</strong></span> <span class='ocrx_word' id='word_1_427' title='bbox 1684 1627 1874 1660; x_wconf 83' lang='lat' dir='ltr'><strong>interpretatio</strong></span> <span class='ocrx_word' id='word_1_428' title='bbox 1899 1635 1903 1638; x_wconf 44' lang='grc' dir='ltr'>ι</span> 
     </span>
    </p>
   </div>
   <div class='ocr_carea' id='block_1_34' title="bbox 240 1669 1872 1707">
    <p class='ocr_par' dir='ltr' id='par_1_34' title="bbox 240 1669 1872 1707">
     <span class='ocr_line' id='line_1_34' title="bbox 240 1669 1872 1707; baseline 0.001 -12"><span class='ocrx_word' id='word_1_429' title='bbox 240 1676 304 1696; x_wconf 86' lang='lat' dir='ltr'><strong>cum</strong></span> <span class='ocrx_word' id='word_1_430' title='bbox 326 1669 495 1704; x_wconf 87' lang='lat' dir='ltr'><strong>reliquorum</strong></span> <span class='ocrx_word' id='word_1_431' title='bbox 515 1669 660 1698; x_wconf 88' lang='lat' dir='ltr'><strong>doctorum</strong></span> <span class='ocrx_word' id='word_1_432' title='bbox 675 1671 917 1705; x_wconf 83' lang='lat' dir='ltr'><strong>explanationibus</strong></span> <span class='ocrx_word' id='word_1_433' title='bbox 932 1672 968 1699; x_wconf 90' lang='lat' dir='ltr'><strong>ita</strong></span> <span class='ocrx_word' id='word_1_434' title='bbox 986 1673 1117 1704; x_wconf 64' lang='lat' dir='ltr'><strong>cohaeret.</strong></span> <span class='ocrx_word' id='word_1_435' title='bbox 1130 1678 1161 1701; x_wconf 87' lang='lat' dir='ltr'><strong>ut</strong></span> <span class='ocrx_word' id='word_1_436' title='bbox 1181 1681 1235 1701; x_wconf 93' lang='lat' dir='ltr'><strong>non</strong></span> <span class='ocrx_word' id='word_1_437' title='bbox 1260 1673 1408 1701; x_wconf 91' lang='lat' dir='ltr'><strong>multorum</strong></span> <span class='ocrx_word' id='word_1_438' title='bbox 1423 1673 1569 1707; x_wconf 81' lang='lat' dir='ltr'><strong>expositio,</strong></span> <span class='ocrx_word' id='word_1_439' title='bbox 1588 1671 1634 1699; x_wconf 78' lang='lat' dir='ltr'><strong>sed</strong></span> <span class='ocrx_word' id='word_1_440' title='bbox 1651 1671 1732 1698; x_wconf 89' lang='lat' dir='ltr'><strong>unius</strong></span> <span class='ocrx_word' id='word_1_441' title='bbox 1750 1674 1872 1697; x_wconf 84' lang='lat' dir='ltr'><strong>tantum-</strong></span> 
     </span>
    </p>
   </div>
   <div class='ocr_carea' id='block_1_35' title="bbox 243 1713 1873 1750">
    <p class='ocr_par' dir='ltr' id='par_1_35' title="bbox 243 1713 1873 1750">
     <span class='ocr_line' id='line_1_35' title="bbox 243 1713 1873 1750; baseline 0.001 -11"><span class='ocrx_word' id='word_1_442' title='bbox 243 1713 325 1740; x_wconf 90' lang='lat' dir='ltr'><strong>modo</strong></span> <span class='ocrx_word' id='word_1_443' title='bbox 340 1713 464 1740; x_wconf 86' lang='lat' dir='ltr'><strong>videatur</strong></span> <span class='ocrx_word' id='word_1_444' title='bbox 479 1721 539 1741; x_wconf 88' lang='lat' dir='ltr'><strong>esse</strong></span> <span class='ocrx_word' id='word_1_445' title='bbox 555 1714 736 1741; x_wconf 86' lang='lat' dir='ltr'><strong>continuatio.</strong></span> <span class='ocrx_word' id='word_1_446' title='bbox 754 1714 902 1743; x_wconf 66' lang='lat' dir='ltr'><strong>Sententia:</strong></span> <span class='ocrx_word' id='word_1_447' title='bbox 921 1716 994 1743; x_wconf 89' lang='lat' dir='ltr'><strong>illius</strong></span> <span class='ocrx_word' id='word_1_448' title='bbox 1023 1724 1056 1744; x_wconf 85' lang='lat' dir='ltr'><strong>ex</strong></span> <span class='ocrx_word' id='word_1_449' title='bbox 1082 1718 1198 1744; x_wconf 88' lang='lat' dir='ltr'><strong>aliorum</strong></span> <span class='ocrx_word' id='word_1_450' title='bbox 1221 1716 1366 1744; x_wconf 87' lang='lat' dir='ltr'><strong>sententiis</strong></span> <span class='ocrx_word' id='word_1_451' title='bbox 1393 1716 1577 1748; x_wconf 74' lang='lat' dir='ltr'><strong>clllurescunt,</strong></span> <span class='ocrx_word' id='word_1_452' title='bbox 1592 1720 1619 1742; x_wconf 90' lang='lat' dir='ltr'><strong>et</strong></span> <span class='ocrx_word' id='word_1_453' title='bbox 1645 1716 1780 1750; x_wconf 75' lang='lat' dir='ltr'><strong>pleraeque</strong></span> <span class='ocrx_word' id='word_1_454' title='bbox 1800 1713 1873 1740; x_wconf 82' lang='lat' dir='ltr'><strong>illius</strong></span> 
     </span>
    </p>
   </div>
   <div class='ocr_carea' id='block_1_36' title="bbox 240 1757 1873 1796">
    <p class='ocr_par' dir='ltr' id='par_1_36' title="bbox 240 1757 1873 1796">
     <span class='ocr_line' id='line_1_36' title="bbox 240 1757 1873 1796; baseline -0.001 -12"><span class='ocrx_word' id='word_1_455' title='bbox 240 1758 487 1785; x_wconf 85' lang='lat' dir='ltr'><strong>commentationes</strong></span> <span class='ocrx_word' id='word_1_456' title='bbox 504 1757 532 1785; x_wconf 89' lang='lat' dir='ltr'><strong>in</strong></span> <span class='ocrx_word' id='word_1_457' title='bbox 548 1757 638 1785; x_wconf 78' lang='lat' dir='ltr'><strong>aliena</strong></span> <span class='ocrx_word' id='word_1_458' title='bbox 653 1758 796 1793; x_wconf 89' lang='lat' dir='ltr'><strong>junctiouc</strong></span> <span class='ocrx_word' id='word_1_459' title='bbox 817 1760 960 1787; x_wconf 81' lang='lat' dir='ltr'><strong>verborum</strong></span> <span class='ocrx_word' id='word_1_460' title='bbox 978 1768 1049 1796; x_wconf 79' lang='lat' dir='ltr'><strong>saepe</strong></span> <span class='ocrx_word' id='word_1_461' title='bbox 1064 1760 1222 1793; x_wconf 88' lang='lat' dir='ltr'><strong>considunt,</strong></span> <span class='ocrx_word' id='word_1_462' title='bbox 1237 1759 1353 1787; x_wconf 87' lang='lat' dir='ltr'><strong>aliorum</strong></span> <span class='ocrx_word' id='word_1_463' title='bbox 1372 1759 1452 1786; x_wconf 80' lang='lat' dir='ltr'><strong>verba</strong></span> <span class='ocrx_word' id='word_1_464' title='bbox 1472 1765 1498 1787; x_wconf 86' lang='lat' dir='ltr'><strong>et</strong></span> <span class='ocrx_word' id='word_1_465' title='bbox 1522 1759 1665 1787; x_wconf 65' lang='lat' dir='ltr'><strong>sententiae</strong></span> <span class='ocrx_word' id='word_1_466' title='bbox 1686 1757 1873 1794; x_wconf 85' lang='lat' dir='ltr'><strong>Olympiodori</strong></span> 
     </span>
    </p>
   </div>
   <div class='ocr_carea' id='block_1_37' title="bbox 240 1801 1874 1839">
    <p class='ocr_par' dir='ltr' id='par_1_37' title="bbox 240 1801 1874 1839">
     <span class='ocr_line' id='line_1_37' title="bbox 240 1801 1874 1839; baseline 0 -12"><span class='ocrx_word' id='word_1_467' title='bbox 240 1802 534 1837; x_wconf 75' lang='lat' dir='ltr'><strong>comprehensionibus</strong></span> <span class='ocrx_word' id='word_1_468' title='bbox 561 1803 774 1838; x_wconf 76' lang='lat' dir='ltr'><strong>astringantur:</strong></span> <span class='ocrx_word' id='word_1_469' title='bbox 793 1804 909 1831; x_wconf 88' lang='lat' dir='ltr'><strong>aliorum</strong></span> <span class='ocrx_word' id='word_1_470' title='bbox 935 1805 1114 1839; x_wconf 86' lang='lat' dir='ltr'><strong>interpretum</strong></span> <span class='ocrx_word' id='word_1_471' title='bbox 1140 1804 1255 1832; x_wconf 81' lang='lat' dir='ltr'><strong>infracta</strong></span> <span class='ocrx_word' id='word_1_472' title='bbox 1285 1804 1320 1831; x_wconf 86' lang='lat' dir='ltr'><strong>ab</strong></span> <span class='ocrx_word' id='word_1_473' title='bbox 1341 1803 1536 1839; x_wconf 71' lang='lat' dir='ltr'><strong>Olympiodoro</strong></span> <span class='ocrx_word' id='word_1_474' title='bbox 1563 1807 1707 1835; x_wconf 80' lang='lat' dir='ltr'><strong>sanantur,</strong></span> <span class='ocrx_word' id='word_1_475' title='bbox 1720 1806 1748 1830; x_wconf 89' lang='lat' dir='ltr'><strong>et</strong></span> <span class='ocrx_word' id='word_1_476' title='bbox 1775 1801 1874 1835; x_wconf 78' lang='lat' dir='ltr'><strong>vitiosa</strong></span> 
     </span>
    </p>
   </div>
   <div class='ocr_carea' id='block_1_38' title="bbox 242 1845 1875 1883">
    <p class='ocr_par' dir='ltr' id='par_1_38' title="bbox 242 1845 1875 1883">
     <span class='ocr_line' id='line_1_38' title="bbox 242 1845 1875 1883; baseline 0 -12"><span class='ocrx_word' id='word_1_477' title='bbox 242 1854 358 1881; x_wconf 71' lang='lat' dir='ltr'><strong>qumque</strong></span> <span class='ocrx_word' id='word_1_478' title='bbox 371 1847 640 1883; x_wconf 66' lang='lat' dir='ltr'><strong>compleutur:quze</strong></span> <span class='ocrx_word' id='word_1_479' title='bbox 657 1847 741 1875; x_wconf 77' lang='lat' dir='ltr'><strong>variis</strong></span> <span class='ocrx_word' id='word_1_480' title='bbox 759 1855 792 1875; x_wconf 77' lang='lat' dir='ltr'><strong>ex</strong></span> <span class='ocrx_word' id='word_1_481' title='bbox 810 1851 904 1876; x_wconf 85' lang='lat' dir='ltr'><strong>eadem</strong></span> <span class='ocrx_word' id='word_1_482' title='bbox 920 1853 1016 1876; x_wconf 82' lang='lat' dir='ltr'><strong>catena</strong></span> <span class='ocrx_word' id='word_1_483' title='bbox 1037 1849 1162 1877; x_wconf 85' lang='lat' dir='ltr'><strong>adductis</strong></span> <span class='ocrx_word' id='word_1_484' title='bbox 1185 1848 1318 1882; x_wconf 81' lang='lat' dir='ltr'><strong>exemplis</strong></span> <span class='ocrx_word' id='word_1_485' title='bbox 1342 1847 1495 1874; x_wconf 85' lang='lat' dir='ltr'><strong>Comitolus</strong></span> <span class='ocrx_word' id='word_1_486' title='bbox 1517 1847 1672 1874; x_wconf 82' lang='lat' dir='ltr'><strong>conﬁrmat.</strong></span> <span class='ocrx_word' id='word_1_487' title='bbox 1697 1845 1875 1879; x_wconf 82' lang='lat' dir='ltr'><strong>Tandemque</strong></span> 
     </span>
    </p>
   </div>
   <div class='ocr_carea' id='block_1_39' title="bbox 242 1887 1874 1927">
    <p class='ocr_par' dir='ltr' id='par_1_39' title="bbox 242 1887 1874 1927">
     <span class='ocr_line' id='line_1_39' title="bbox 242 1887 1874 1927; baseline -0.003 -9"><span class='ocrx_word' id='word_1_488' title='bbox 242 1891 389 1919; x_wconf 76' lang='lat' dir='ltr'><strong>cardinalis</strong></span> <span class='ocrx_word' id='word_1_489' title='bbox 401 1892 528 1920; x_wconf 86' lang='lat' dir='ltr'><strong>Gulielmi</strong></span> <span class='ocrx_word' id='word_1_490' title='bbox 546 1891 648 1924; x_wconf 89' lang='lat' dir='ltr'><strong>Sirleti,</strong></span> <span class='ocrx_word' id='word_1_491' title='bbox 665 1891 806 1920; x_wconf 83' lang='lat' dir='ltr'><strong>Francisci</strong></span> <span class='ocrx_word' id='word_1_492' title='bbox 822 1892 960 1927; x_wconf 87' lang='lat' dir='ltr'><strong>Turriani,</strong></span> <span class='ocrx_word' id='word_1_493' title='bbox 977 1897 1004 1921; x_wconf 92' lang='lat' dir='ltr'><strong>et</strong></span> <span class='ocrx_word' id='word_1_494' title='bbox 1021 1891 1095 1919; x_wconf 85' lang='lat' dir='ltr'><strong>Petri</strong></span> <span class='ocrx_word' id='word_1_495' title='bbox 1119 1889 1239 1918; x_wconf 81' lang='lat' dir='ltr'><strong>Galesini</strong></span> <span class='ocrx_word' id='word_1_496' title='bbox 1263 1889 1446 1925; x_wconf 87' lang='lat' dir='ltr'><strong>protouotarii</strong></span> <span class='ocrx_word' id='word_1_497' title='bbox 1475 1889 1618 1923; x_wconf 80' lang='lat' dir='ltr'><strong>apostolici</strong></span> <span class='ocrx_word' id='word_1_498' title='bbox 1642 1887 1802 1919; x_wconf 89' lang='lat' dir='ltr'><strong>sententias,</strong></span> <span class='ocrx_word' id='word_1_499' title='bbox 1817 1893 1874 1914; x_wconf 68' lang='lat' dir='ltr'><strong>sua:</strong></span> 
     </span>
    </p>
   </div>
   <div class='ocr_carea' id='block_1_40' title="bbox 242 1931 1874 1972">
    <p class='ocr_par' dir='ltr' id='par_1_40' title="bbox 242 1931 1874 1972">
     <span class='ocr_line' id='line_1_40' title="bbox 242 1931 1874 1972; baseline -0.002 -10"><span class='ocrx_word' id='word_1_500' title='bbox 242 1935 358 1962; x_wconf 81' lang='lat' dir='ltr'><strong>comites</strong></span> <span class='ocrx_word' id='word_1_501' title='bbox 371 1935 479 1971; x_wconf 74' lang='lat' dir='ltr'><strong>allegat,</strong></span> <span class='ocrx_word' id='word_1_502' title='bbox 494 1939 523 1962; x_wconf 92' lang='lat' dir='ltr'><strong>et</strong></span> <span class='ocrx_word' id='word_1_503' title='bbox 535 1934 670 1963; x_wconf 87' lang='lat' dir='ltr'><strong>Vincentii</strong></span> <span class='ocrx_word' id='word_1_504' title='bbox 686 1935 782 1963; x_wconf 87' lang='lat' dir='ltr'><strong>Pinelli</strong></span> <span class='ocrx_word' id='word_1_505' title='bbox 799 1937 922 1964; x_wconf 89' lang='lat' dir='ltr'><strong>codlcem</strong></span> <span class='ocrx_word' id='word_1_506' title='bbox 941 1939 1141 1972; x_wconf 78' lang='lat' dir='ltr'><strong>pervetustum,</strong></span> <span class='ocrx_word' id='word_1_507' title='bbox 1156 1935 1184 1961; x_wconf 92' lang='lat' dir='ltr'><strong>in</strong></span> <span class='ocrx_word' id='word_1_508' title='bbox 1206 1934 1285 1969; x_wconf 84' lang='lat' dir='ltr'><strong>cujus</strong></span> <span class='ocrx_word' id='word_1_509' title='bbox 1305 1934 1401 1968; x_wconf 87' lang='lat' dir='ltr'><strong>primis</strong></span> <span class='ocrx_word' id='word_1_510' title='bbox 1421 1933 1529 1968; x_wconf 71' lang='lat' dir='ltr'><strong>paginis</strong></span> <span class='ocrx_word' id='word_1_511' title='bbox 1544 1937 1586 1960; x_wconf 89' lang='lat' dir='ltr'><strong>est</strong></span> <span class='ocrx_word' id='word_1_512' title='bbox 1602 1931 1798 1967; x_wconf 81' lang='lat' dir='ltr'><strong>Olympiodori.</strong></span> <span class='ocrx_word' id='word_1_513' title='bbox 1812 1935 1874 1958; x_wconf 67' lang='lat' dir='ltr'><strong>tan-</strong></span> 
     </span>
    </p>
   </div>
   <div class='ocr_carea' id='block_1_41' title="bbox 243 1975 1874 2014">
    <p class='ocr_par' dir='ltr' id='par_1_41' title="bbox 243 1975 1874 2014">
     <span class='ocr_line' id='line_1_41' title="bbox 243 1975 1874 2014; baseline -0.003 -9"><span class='ocrx_word' id='word_1_514' title='bbox 243 1987 326 2012; x_wconf 72' lang='lat' dir='ltr'><strong>quam</strong></span> <span class='ocrx_word' id='word_1_515' title='bbox 341 1979 454 2014; x_wconf 76' lang='lat' dir='ltr'><strong>legitimi</strong></span> <span class='ocrx_word' id='word_1_516' title='bbox 470 1980 602 2012; x_wconf 86' lang='lat' dir='ltr'><strong>auctoris,</strong></span> <span class='ocrx_word' id='word_1_517' title='bbox 619 1980 715 2007; x_wconf 87' lang='lat' dir='ltr'><strong>litteris</strong></span> <span class='ocrx_word' id='word_1_518' title='bbox 733 1980 837 2007; x_wconf 88' lang='lat' dir='ltr'><strong>Latinis</strong></span> <span class='ocrx_word' id='word_1_519' title='bbox 855 1988 957 2008; x_wconf 88' lang='lat' dir='ltr'><strong>nomen</strong></span> <span class='ocrx_word' id='word_1_520' title='bbox 976 1981 1138 2014; x_wconf 88' lang='lat' dir='ltr'><strong>ascriptum.</strong></span> <span class='ocrx_word' id='word_1_521' title='bbox 1159 1977 1338 2012; x_wconf 85' lang='lat' dir='ltr'><strong>Tandemque</strong></span> <span class='ocrx_word' id='word_1_522' title='bbox 1357 1976 1554 2005; x_wconf 75' lang='lat' dir='ltr'><strong>Parisiensium</strong></span> <span class='ocrx_word' id='word_1_523' title='bbox 1571 1977 1681 2003; x_wconf 86' lang='lat' dir='ltr'><strong>Patrum</strong></span> <span class='ocrx_word' id='word_1_524' title='bbox 1697 1980 1724 2003; x_wconf 85' lang='lat' dir='ltr'><strong>et</strong></span> <span class='ocrx_word' id='word_1_525' title='bbox 1739 1975 1874 2003; x_wconf 87' lang='lat' dir='ltr'><strong>sodalium</strong></span> 
     </span>
    </p>
   </div>
   <div class='ocr_carea' id='block_1_42' title="bbox 243 2020 1874 2059">
    <p class='ocr_par' dir='ltr' id='par_1_42' title="bbox 243 2020 1874 2059">
     <span class='ocr_line' id='line_1_42' title="bbox 243 2020 1874 2059; baseline -0.003 -9"><span class='ocrx_word' id='word_1_526' title='bbox 243 2031 358 2051; x_wconf 81' lang='lat' dir='ltr'><strong>suorum</strong></span> <span class='ocrx_word' id='word_1_527' title='bbox 376 2023 561 2058; x_wconf 86' lang='lat' dir='ltr'><strong>patrocinium</strong></span> <span class='ocrx_word' id='word_1_528' title='bbox 575 2023 706 2055; x_wconf 87' lang='lat' dir='ltr'><strong>adnectit,</strong></span> <span class='ocrx_word' id='word_1_529' title='bbox 723 2024 768 2058; x_wconf 91' lang='lat' dir='ltr'><strong>qui</strong></span> <span class='ocrx_word' id='word_1_530' title='bbox 782 2032 844 2051; x_wconf 89' lang='lat' dir='ltr'><strong>cum</strong></span> <span class='ocrx_word' id='word_1_531' title='bbox 859 2032 907 2051; x_wconf 83' lang='lat' dir='ltr'><strong>sua</strong></span> <span class='ocrx_word' id='word_1_532' title='bbox 922 2032 1005 2052; x_wconf 88' lang='lat' dir='ltr'><strong>causa</strong></span> <span class='ocrx_word' id='word_1_533' title='bbox 1019 2024 1092 2059; x_wconf 75' lang='lat' dir='ltr'><strong>regis</strong></span> <span class='ocrx_word' id='word_1_534' title='bbox 1107 2023 1261 2058; x_wconf 62' lang='lat' dir='ltr'><strong>reginaeque</strong></span> <span class='ocrx_word' id='word_1_535' title='bbox 1278 2021 1459 2050; x_wconf 69' lang='lat' dir='ltr'><strong>bibliothecas</strong></span> <span class='ocrx_word' id='word_1_536' title='bbox 1473 2021 1529 2048; x_wconf 88' lang='lat' dir='ltr'><strong>acri</strong></span> <span class='ocrx_word' id='word_1_537' title='bbox 1545 2021 1635 2048; x_wconf 80' lang='lat' dir='ltr'><strong>studio</strong></span> <span class='ocrx_word' id='word_1_538' title='bbox 1651 2020 1874 2055; x_wconf 81' lang='lat' dir='ltr'><strong>perlustrassent.</strong></span> 
     </span>
    </p>
   </div>
   <div class='ocr_carea' id='block_1_43' title="bbox 243 2063 1874 2104">
    <p class='ocr_par' dir='ltr' id='par_1_43' title="bbox 243 2063 1874 2104">
     <span class='ocr_line' id='line_1_43' title="bbox 243 2063 1874 2104; baseline -0.003 -10"><span class='ocrx_word' id='word_1_539' title='bbox 243 2069 422 2103; x_wconf 79' lang='lat' dir='ltr'><strong>singulosque</strong></span> <span class='ocrx_word' id='word_1_540' title='bbox 439 2068 524 2095; x_wconf 85' lang='lat' dir='ltr'><strong>libros</strong></span> <span class='ocrx_word' id='word_1_541' title='bbox 540 2076 572 2095; x_wconf 91' lang='lat' dir='ltr'><strong>ac</strong></span> <span class='ocrx_word' id='word_1_542' title='bbox 592 2068 725 2095; x_wconf 90' lang='lat' dir='ltr'><strong>librorum</strong></span> <span class='ocrx_word' id='word_1_543' title='bbox 743 2069 846 2096; x_wconf 89' lang='lat' dir='ltr'><strong>indices</strong></span> <span class='ocrx_word' id='word_1_544' title='bbox 861 2069 1019 2104; x_wconf 81' lang='lat' dir='ltr'><strong>diligentius</strong></span> <span class='ocrx_word' id='word_1_545' title='bbox 1036 2068 1232 2102; x_wconf 81' lang='lat' dir='ltr'><strong>inspexissent,</strong></span> <span class='ocrx_word' id='word_1_546' title='bbox 1252 2066 1452 2101; x_wconf 88' lang='lat' dir='ltr'><strong>responderunt</strong></span> <span class='ocrx_word' id='word_1_547' title='bbox 1466 2075 1473 2092; x_wconf 89' lang='lat'><strong><em>:</em></strong></span> <span class='ocrx_word' id='word_1_548' title='bbox 1487 2064 1549 2092; x_wconf 86' lang='lat' dir='ltr'><strong>Non</strong></span> <span class='ocrx_word' id='word_1_549' title='bbox 1567 2070 1604 2092; x_wconf 78' lang='lat' dir='ltr'><strong>est</strong></span> <span class='ocrx_word' id='word_1_550' title='bbox 1632 2068 1720 2091; x_wconf 83' lang='lat' dir='ltr'><strong>autem</strong></span> <span class='ocrx_word' id='word_1_551' title='bbox 1732 2063 1802 2098; x_wconf 84' lang='lat' dir='ltr'><strong>quod</strong></span> <span class='ocrx_word' id='word_1_552' title='bbox 1821 2070 1874 2089; x_wconf 80' lang='lat' dir='ltr'><strong>rea.</strong></span> 
     </span>
    </p>
   </div>
   <div class='ocr_carea' id='block_1_44' title="bbox 243 2107 1876 2147">
    <p class='ocr_par' dir='ltr' id='par_1_44' title="bbox 243 2107 1876 2147">
     <span class='ocr_line' id='line_1_44' title="bbox 243 2107 1876 2147; baseline -0.003 -9"><span class='ocrx_word' id='word_1_553' title='bbox 243 2117 345 2146; x_wconf 77' lang='lat' dir='ltr'><strong>patrem</strong></span> <span class='ocrx_word' id='word_1_554' title='bbox 363 2111 520 2138; x_wconf 83' lang='lat' dir='ltr'><strong>Comitolum</strong></span> <span class='ocrx_word' id='word_1_555' title='bbox 533 2112 619 2146; x_wconf 84' lang='lat' dir='ltr'><strong>pigeat</strong></span> <span class='ocrx_word' id='word_1_556' title='bbox 634 2111 801 2146; x_wconf 65' lang='lat' dir='ltr'><strong>conjecturae.</strong></span> <span class='ocrx_word' id='word_1_557' title='bbox 814 2117 933 2138; x_wconf 74' lang='lat' dir='ltr'><strong>catenam</strong></span> <span class='ocrx_word' id='word_1_558' title='bbox 944 2114 1023 2139; x_wconf 79' lang='lat' dir='ltr'><strong>istaut</strong></span> <span class='ocrx_word' id='word_1_559' title='bbox 1042 2111 1229 2147; x_wconf 80' lang='lat' dir='ltr'><strong>Olympiodoro</strong></span> <span class='ocrx_word' id='word_1_560' title='bbox 1246 2110 1392 2138; x_wconf 70' lang='lat' dir='ltr'><strong>tribuentis.</strong></span> <span class='ocrx_word' id='word_1_561' title='bbox 1405 2109 1477 2136; x_wconf 89' lang='lat' dir='ltr'><strong>Nam</strong></span> <span class='ocrx_word' id='word_1_562' title='bbox 1493 2115 1517 2136; x_wconf 79' lang='grc' dir='ltr'><strong>ει</strong></span> <span class='ocrx_word' id='word_1_563' title='bbox 1533 2110 1559 2136; x_wconf 86' lang='lat' dir='ltr'><strong>in</strong></span> <span class='ocrx_word' id='word_1_564' title='bbox 1577 2108 1698 2143; x_wconf 81' lang='lat' dir='ltr'><strong>Epitome</strong></span> <span class='ocrx_word' id='word_1_565' title='bbox 1711 2107 1876 2134; x_wconf 72' lang='lat' dir='ltr'><strong>bibliotheca:</strong></span> 
     </span>
    </p>
   </div>
   <div class='ocr_carea' id='block_1_45' title="bbox 245 2151 1874 2190">
    <p class='ocr_par' dir='ltr' id='par_1_45' title="bbox 245 2151 1874 2190">
     <span class='ocr_line' id='line_1_45' title="bbox 245 2151 1874 2190; baseline -0.003 -9"><span class='ocrx_word' id='word_1_566' title='bbox 245 2156 365 2186; x_wconf 65' lang='lat' dir='ltr'><strong>Gesner-1&#39;,</strong></span> <span class='ocrx_word' id='word_1_567' title='bbox 384 2159 408 2181; x_wconf 85' lang='lat' dir='ltr'><strong>et</strong></span> <span class='ocrx_word' id='word_1_568' title='bbox 421 2157 449 2181; x_wconf 78' lang='lat' dir='ltr'><strong>tu</strong></span> <span class='ocrx_word' id='word_1_569' title='bbox 463 2155 592 2190; x_wconf 84' lang='lat' dir='ltr'><strong>Catalogo</strong></span> <span class='ocrx_word' id='word_1_570' title='bbox 605 2155 732 2182; x_wconf 85' lang='lat' dir='ltr'><strong>librorum</strong></span> <span class='ocrx_word' id='word_1_571' title='bbox 748 2156 818 2182; x_wconf 86' lang='lat' dir='ltr'><strong>edito</strong></span> <span class='ocrx_word' id='word_1_572' title='bbox 830 2163 846 2182; x_wconf 89' lang='lat' dir='ltr'><strong>a</strong></span> <span class='ocrx_word' id='word_1_573' title='bbox 862 2155 975 2182; x_wconf 84' lang='lat' dir='ltr'><strong>Simlero</strong></span> <span class='ocrx_word' id='word_1_574' title='bbox 990 2164 1059 2182; x_wconf 83' lang='lat' dir='ltr'><strong>anno</strong></span> <span class='ocrx_word' id='word_1_575' title='bbox 1079 2154 1159 2186; x_wconf 80' lang='lat' dir='ltr'><strong>l586,</strong></span> <span class='ocrx_word' id='word_1_576' title='bbox 1180 2158 1273 2180; x_wconf 83' lang='lat' dir='ltr'><strong>catena</strong></span> <span class='ocrx_word' id='word_1_577' title='bbox 1287 2154 1315 2180; x_wconf 85' lang='lat' dir='ltr'><strong>in</strong></span> <span class='ocrx_word' id='word_1_578' title='bbox 1327 2153 1378 2180; x_wconf 83' lang='lat' dir='ltr'><strong>Job</strong></span> <span class='ocrx_word' id='word_1_579' title='bbox 1401 2153 1588 2189; x_wconf 82' lang='lat' dir='ltr'><strong>Olympiodoro</strong></span> <span class='ocrx_word' id='word_1_580' title='bbox 1604 2153 1729 2179; x_wconf 80' lang='lat' dir='ltr'><strong>tribuitur</strong></span> <span class='ocrx_word' id='word_1_581' title='bbox 1740 2151 1874 2186; x_wconf 58' lang='lat' dir='ltr'><strong>quadam,</strong></span> 
     </span>
    </p>
   </div>
   <div class='ocr_carea' id='block_1_46' title="bbox 235 2194 1875 2234">
    <p class='ocr_par' dir='ltr' id='par_1_46' title="bbox 235 2194 1875 2234">
     <span class='ocr_line' id='line_1_46' title="bbox 235 2194 1875 2234; baseline -0.003 -8"><span class='ocrx_word' id='word_1_582' title='bbox 235 2207 304 2233; x_wconf 63' lang='lat' dir='ltr'><strong>qua!</strong></span> <span class='ocrx_word' id='word_1_583' title='bbox 319 2199 419 2225; x_wconf 72' lang='lat' dir='ltr'><strong>dicitur</strong></span> <span class='ocrx_word' id='word_1_584' title='bbox 433 2199 461 2225; x_wconf 82' lang='lat' dir='ltr'><strong>in</strong></span> <span class='ocrx_word' id='word_1_585' title='bbox 472 2198 629 2226; x_wconf 81' lang='lat' dir='ltr'><strong>bibliotheca</strong></span> <span class='ocrx_word' id='word_1_586' title='bbox 649 2199 775 2226; x_wconf 82' lang='lat' dir='ltr'><strong>Sambitci</strong></span> <span class='ocrx_word' id='word_1_587' title='bbox 793 2200 893 2226; x_wconf 81' lang='lat' dir='ltr'><strong>seruari</strong></span> <span class='ocrx_word' id='word_1_588' title='bbox 908 2208 917 2226; x_wconf 85' lang='lat'><strong><em>:</em></strong></span> <span class='ocrx_word' id='word_1_589' title='bbox 934 2200 1048 2234; x_wconf 81' lang='lat' dir='ltr'><strong>itemque</strong></span> <span class='ocrx_word' id='word_1_590' title='bbox 1071 2199 1189 2230; x_wconf 78' lang='lat' dir='ltr'><strong>eiusdem</strong></span> <span class='ocrx_word' id='word_1_591' title='bbox 1207 2197 1390 2233; x_wconf 80' lang='lat' dir='ltr'><strong>Olympiodori</strong></span> <span class='ocrx_word' id='word_1_592' title='bbox 1415 2198 1522 2224; x_wconf 81' lang='lat' dir='ltr'><strong>diaconi</strong></span> <span class='ocrx_word' id='word_1_593' title='bbox 1537 2197 1689 2232; x_wconf 68' lang='lat' dir='ltr'><strong>ltypotheses</strong></span> <span class='ocrx_word' id='word_1_594' title='bbox 1706 2196 1732 2222; x_wconf 82' lang='lat' dir='ltr'><strong>in</strong></span> <span class='ocrx_word' id='word_1_595' title='bbox 1746 2194 1808 2222; x_wconf 76' lang='lat' dir='ltr'><strong>Job.</strong></span> <span class='ocrx_word' id='word_1_596' title='bbox 1827 2195 1875 2222; x_wconf 87' lang='lat' dir='ltr'><strong>His</strong></span> 
     </span>
    </p>
   </div>
   <div class='ocr_carea' id='block_1_47' title="bbox 245 2239 1876 2278">
    <p class='ocr_par' dir='ltr' id='par_1_47' title="bbox 245 2239 1876 2278">
     <span class='ocr_line' id='line_1_47' title="bbox 245 2239 1876 2278; baseline -0.002 -8"><span class='ocrx_word' id='word_1_597' title='bbox 245 2242 387 2270; x_wconf 83' lang='lat' dir='ltr'><strong>concludit</strong></span> <span class='ocrx_word' id='word_1_598' title='bbox 403 2249 464 2270; x_wconf 77' lang='lat' dir='ltr'><strong>esse</strong></span> <span class='ocrx_word' id='word_1_599' title='bbox 488 2250 553 2270; x_wconf 88' lang='lat' dir='ltr'><strong>vero</strong></span> <span class='ocrx_word' id='word_1_600' title='bbox 573 2250 655 2278; x_wconf 85' lang='lat' dir='ltr'><strong>quam</strong></span> <span class='ocrx_word' id='word_1_601' title='bbox 674 2242 846 2270; x_wconf 89' lang='lat' dir='ltr'><strong>simillimum</strong></span> <span class='ocrx_word' id='word_1_602' title='bbox 872 2242 954 2278; x_wconf 82' lang='lat' dir='ltr'><strong>hujus</strong></span> <span class='ocrx_word' id='word_1_603' title='bbox 980 2248 1084 2271; x_wconf 61' lang='lat' dir='ltr'><strong>eatena;</strong></span> <span class='ocrx_word' id='word_1_604' title='bbox 1103 2243 1265 2277; x_wconf 79' lang='lat' dir='ltr'><strong>scriptorem</strong></span> <span class='ocrx_word' id='word_1_605' title='bbox 1280 2242 1515 2278; x_wconf 83' lang='lat' dir='ltr'><strong>Olympiodorum,</strong></span> <span class='ocrx_word' id='word_1_606' title='bbox 1534 2240 1725 2268; x_wconf 61' lang='lat' dir='ltr'><strong>Alexandrinae</strong></span> <span class='ocrx_word' id='word_1_607' title='bbox 1746 2239 1876 2267; x_wconf 69' lang='lat' dir='ltr'><strong>Ecclesia:</strong></span> 
     </span>
    </p>
   </div>
   <div class='ocr_carea' id='block_1_48' title="bbox 237 2283 1875 2323">
    <p class='ocr_par' dir='ltr' id='par_1_48' title="bbox 237 2283 1875 2323">
     <span class='ocr_line' id='line_1_48' title="bbox 237 2283 1875 2323; baseline -0.001 -11"><span class='ocrx_word' id='word_1_608' title='bbox 237 2287 404 2319; x_wconf 65' lang='lat' dir='ltr'><strong>diaconum,</strong></span> <span class='ocrx_word' id='word_1_609' title='bbox 419 2286 566 2314; x_wconf 82' lang='lat' dir='ltr'><strong>exstitisse.</strong></span> <span class='ocrx_word' id='word_1_610' title='bbox 585 2287 638 2314; x_wconf 83' lang='lat' dir='ltr'><strong>Pro</strong></span> <span class='ocrx_word' id='word_1_611' title='bbox 662 2295 715 2321; x_wconf 86' lang='lat' dir='ltr'><strong>qua</strong></span> <span class='ocrx_word' id='word_1_612' title='bbox 742 2288 878 2315; x_wconf 85' lang='lat' dir='ltr'><strong>sententia</strong></span> <span class='ocrx_word' id='word_1_613' title='bbox 895 2287 1077 2320; x_wconf 81' lang='lat' dir='ltr'><strong>defendenda,</strong></span> <span class='ocrx_word' id='word_1_614' title='bbox 1101 2287 1226 2323; x_wconf 80' lang='lat' dir='ltr'><strong>ingentes</strong></span> <span class='ocrx_word' id='word_1_615' title='bbox 1253 2287 1381 2315; x_wconf 91' lang='lat' dir='ltr'><strong>Comitoli</strong></span> <span class='ocrx_word' id='word_1_616' title='bbox 1407 2292 1532 2319; x_wconf 75' lang='lat' dir='ltr'><strong>conatus,</strong></span> <span class='ocrx_word' id='word_1_617' title='bbox 1552 2290 1579 2313; x_wconf 92' lang='lat' dir='ltr'><strong>ct</strong></span> <span class='ocrx_word' id='word_1_618' title='bbox 1598 2285 1765 2312; x_wconf 88' lang='lat' dir='ltr'><strong>concitatum</strong></span> <span class='ocrx_word' id='word_1_619' title='bbox 1790 2283 1875 2311; x_wconf 86' lang='lat' dir='ltr'><strong>animi</strong></span> 
     </span>
    </p>
   </div>
   <div class='ocr_carea' id='block_1_49' title="bbox 245 2328 1871 2365">
    <p class='ocr_par' dir='ltr' id='par_1_49' title="bbox 245 2328 1871 2365">
     <span class='ocr_line' id='line_1_49' title="bbox 245 2328 1871 2365; baseline -0.001 -8"><span class='ocrx_word' id='word_1_620' title='bbox 245 2331 371 2357; x_wconf 82' lang='lat' dir='ltr'><strong>ardorem</strong></span> <span class='ocrx_word' id='word_1_621' title='bbox 390 2331 578 2365; x_wconf 88' lang='lat' dir='ltr'><strong>conspexeris.</strong></span> <span class='ocrx_word' id='word_1_622' title='bbox 596 2331 637 2358; x_wconf 87' lang='lat' dir='ltr'><strong>Ad</strong></span> <span class='ocrx_word' id='word_1_623' title='bbox 653 2330 779 2358; x_wconf 90' lang='lat' dir='ltr'><strong>Comitoli</strong></span> <span class='ocrx_word' id='word_1_624' title='bbox 796 2339 905 2365; x_wconf 89' lang='lat' dir='ltr'><strong>quoque</strong></span> <span class='ocrx_word' id='word_1_625' title='bbox 922 2333 1085 2359; x_wconf 85' lang='lat' dir='ltr'><strong>sententiam</strong></span> <span class='ocrx_word' id='word_1_626' title='bbox 1102 2332 1208 2360; x_wconf 79' lang='lat' dir='ltr'><strong>aecetlit</strong></span> <span class='ocrx_word' id='word_1_627' title='bbox 1222 2331 1392 2360; x_wconf 83' lang='lat' dir='ltr'><strong>Possevinus</strong></span> <span class='ocrx_word' id='word_1_628' title='bbox 1405 2331 1430 2357; x_wconf 93' lang='lat' dir='ltr'><strong>iu</strong></span> <span class='ocrx_word' id='word_1_629' title='bbox 1450 2334 1593 2364; x_wconf 82' lang='lat' dir='ltr'><strong>apparatu,</strong></span> <span class='ocrx_word' id='word_1_630' title='bbox 1611 2330 1636 2356; x_wconf 92' lang='lat' dir='ltr'><strong>in</strong></span> <span class='ocrx_word' id='word_1_631' title='bbox 1655 2328 1871 2364; x_wconf 80' lang='lat' dir='ltr'><strong>Olympiodoro:</strong></span> 
     </span>
    </p>
   </div>
   <div class='ocr_carea' id='block_1_50' title="bbox 245 2371 1876 2411">
    <p class='ocr_par' dir='ltr' id='par_1_50' title="bbox 245 2371 1876 2411">
     <span class='ocr_line' id='line_1_50' title="bbox 245 2371 1876 2411; baseline -0.001 -11"><span class='ocrx_word' id='word_1_632' title='bbox 245 2375 347 2402; x_wconf 78' lang='lat' dir='ltr'><strong>Accedo</strong></span> <span class='ocrx_word' id='word_1_633' title='bbox 359 2375 428 2402; x_wconf 81' lang='lat' dir='ltr'><strong>enim</strong></span> <span class='ocrx_word' id='word_1_634' title='bbox 440 2375 531 2402; x_wconf 82' lang='lat' dir='ltr'><strong>lubens</strong></span> <span class='ocrx_word' id='word_1_635' title='bbox 547 2375 581 2401; x_wconf 87' lang='lat' dir='ltr'><strong>ad</strong></span> <span class='ocrx_word' id='word_1_636' title='bbox 596 2375 752 2402; x_wconf 79' lang='lat' dir='ltr'><strong>sententiam</strong></span> <span class='ocrx_word' id='word_1_637' title='bbox 775 2374 856 2402; x_wconf 82' lang='lat' dir='ltr'><strong>Pauli</strong></span> <span class='ocrx_word' id='word_1_638' title='bbox 873 2374 1010 2407; x_wconf 84' lang='lat' dir='ltr'><strong>Comitoli,</strong></span> <span class='ocrx_word' id='word_1_639' title='bbox 1022 2377 1068 2411; x_wconf 82' lang='lat' dir='ltr'><strong>qui</strong></span> <span class='ocrx_word' id='word_1_640' title='bbox 1083 2377 1200 2404; x_wconf 64' lang='lat' dir='ltr'><strong>scindent</strong></span> <span class='ocrx_word' id='word_1_641' title='bbox 1222 2381 1354 2407; x_wconf 83' lang='lat' dir='ltr'><strong>catenam,</strong></span> <span class='ocrx_word' id='word_1_642' title='bbox 1370 2379 1399 2402; x_wconf 84' lang='lat' dir='ltr'><strong>ut</strong></span> <span class='ocrx_word' id='word_1_643' title='bbox 1426 2374 1491 2400; x_wconf 86' lang='lat' dir='ltr'><strong>alibi</strong></span> <span class='ocrx_word' id='word_1_644' title='bbox 1508 2374 1636 2405; x_wconf 70' lang='lat' dir='ltr'><strong>diximus,</strong></span> <span class='ocrx_word' id='word_1_645' title='bbox 1651 2381 1665 2400; x_wconf 90' lang='lat' dir='ltr'><strong>e</strong></span> <span class='ocrx_word' id='word_1_646' title='bbox 1680 2373 1772 2400; x_wconf 75' lang='lat' dir='ltr'><strong>erca</strong></span> <span class='ocrx_word' id='word_1_647' title='bbox 1800 2371 1876 2399; x_wconf 84' lang='lat' dir='ltr'><strong>Lati-</strong></span> 
     </span>
    </p>
   </div>
   <div class='ocr_carea' id='block_1_51' title="bbox 246 2415 1874 2455">
    <p class='ocr_par' dir='ltr' id='par_1_51' title="bbox 246 2415 1874 2455">
     <span class='ocr_line' id='line_1_51' title="bbox 246 2415 1874 2455; baseline -0.002 -9"><span class='ocrx_word' id='word_1_648' title='bbox 246 2428 306 2446; x_wconf 83' lang='lat' dir='ltr'><strong>num</strong></span> <span class='ocrx_word' id='word_1_649' title='bbox 326 2420 387 2454; x_wconf 69' lang='lat' dir='ltr'><strong>fecit</strong></span> <span class='ocrx_word' id='word_1_650' title='bbox 403 2419 544 2455; x_wconf 80' lang='lat' dir='ltr'><strong>elcganter.</strong></span> <span class='ocrx_word' id='word_1_651' title='bbox 565 2419 617 2452; x_wconf 82' lang='lat' dir='ltr'><strong>Qui</strong></span> <span class='ocrx_word' id='word_1_652' title='bbox 634 2421 695 2446; x_wconf 87' lang='lat' dir='ltr'><strong>item</strong></span> <span class='ocrx_word' id='word_1_653' title='bbox 720 2420 812 2446; x_wconf 73' lang='lat' dir='ltr'><strong>solidis</strong></span> <span class='ocrx_word' id='word_1_654' title='bbox 841 2420 988 2447; x_wconf 77' lang='lat' dir='ltr'><strong>rationibus</strong></span> <span class='ocrx_word' id='word_1_655' title='bbox 1013 2421 1039 2447; x_wconf 79' lang='lat' dir='ltr'><strong>iu</strong></span> <span class='ocrx_word' id='word_1_656' title='bbox 1058 2421 1171 2448; x_wconf 79' lang='lat' dir='ltr'><strong>editione</strong></span> <span class='ocrx_word' id='word_1_657' title='bbox 1194 2420 1301 2452; x_wconf 84' lang='lat' dir='ltr'><strong>Veneta,</strong></span> <span class='ocrx_word' id='word_1_658' title='bbox 1317 2427 1375 2454; x_wconf 80' lang='lat' dir='ltr'><strong>qua:</strong></span> <span class='ocrx_word' id='word_1_659' title='bbox 1396 2417 1495 2453; x_wconf 87' lang='lat' dir='ltr'><strong>prodiit</strong></span> <span class='ocrx_word' id='word_1_660' title='bbox 1509 2417 1580 2452; x_wconf 85' lang='lat' dir='ltr'><strong>apud</strong></span> <span class='ocrx_word' id='word_1_661' title='bbox 1600 2417 1694 2445; x_wconf 78' lang='lat' dir='ltr'><strong>Iulitos</strong></span> <span class='ocrx_word' id='word_1_662' title='bbox 1708 2426 1778 2444; x_wconf 79' lang='lat' dir='ltr'><strong>attito</strong></span> <span class='ocrx_word' id='word_1_663' title='bbox 1796 2415 1874 2449; x_wconf 82' lang='lat'><strong>1587,</strong></span> 
     </span>
    </p>
   </div>
   <div class='ocr_carea' id='block_1_52' title="bbox 245 2463 1377 2500">
    <p class='ocr_par' dir='ltr' id='par_1_52' title="bbox 245 2463 1377 2500">
     <span class='ocr_line' id='line_1_52' title="bbox 245 2463 1377 2500; baseline -0.002 -8"><span class='ocrx_word' id='word_1_664' title='bbox 245 2465 340 2492; x_wconf 73' lang='lat' dir='ltr'><strong>crincit</strong></span> <span class='ocrx_word' id='word_1_665' title='bbox 356 2473 413 2492; x_wconf 88' lang='lat' dir='ltr'><strong>eam</strong></span> <span class='ocrx_word' id='word_1_666' title='bbox 428 2472 483 2492; x_wconf 68' lang='lat' dir='ltr'><strong>esse</strong></span> <span class='ocrx_word' id='word_1_667' title='bbox 497 2472 548 2491; x_wconf 85' lang='lat' dir='ltr'><strong>non</strong></span> <span class='ocrx_word' id='word_1_668' title='bbox 564 2464 667 2492; x_wconf 71' lang='lat' dir='ltr'><strong>Nicctte</strong></span> <span class='ocrx_word' id='word_1_669' title='bbox 685 2463 868 2492; x_wconf 71' lang='lat' dir='ltr'><strong>Heracleensis</strong></span> <span class='ocrx_word' id='word_1_670' title='bbox 884 2465 1009 2500; x_wconf 74' lang='lat' dir='ltr'><strong>episcopi,</strong></span> <span class='ocrx_word' id='word_1_671' title='bbox 1023 2466 1068 2492; x_wconf 58' lang='lat' dir='ltr'><strong>sed</strong></span> <span class='ocrx_word' id='word_1_672' title='bbox 1085 2466 1166 2500; x_wconf 73' lang='lat' dir='ltr'><strong>ipsius</strong></span> <span class='ocrx_word' id='word_1_673' title='bbox 1183 2464 1377 2500; x_wconf 80' lang='lat' dir='ltr'><strong>O‘ympiodori.</strong></span> 
     </span>
    </p>
   </div>
   <div class='ocr_carea' id='block_1_53' title="bbox 284 2563 1037 2599">
    <p class='ocr_par' dir='ltr' id='par_1_53' title="bbox 284 2563 1037 2599">
     <span class='ocr_line' id='line_1_53' title="bbox 284 2563 1037 2599; baseline -0.001 -8"><span class='ocrx_word' id='word_1_674' title='bbox 284 2566 319 2599; x_wconf 86' lang='lat' dir='ltr'><strong>(c)</strong></span> <span class='ocrx_word' id='word_1_675' title='bbox 340 2563 449 2592; x_wconf 78' lang='lat' dir='ltr'><strong>Meruini</strong></span> <span class='ocrx_word' id='word_1_676' title='bbox 465 2571 562 2599; x_wconf 87' lang='lat' dir='ltr'><strong>reapse</strong></span> <span class='ocrx_word' id='word_1_677' title='bbox 580 2571 624 2592; x_wconf 70' lang='lat' dir='ltr'><strong>ure</strong></span> <span class='ocrx_word' id='word_1_678' title='bbox 639 2564 731 2591; x_wconf 69' lang='lat' dir='ltr'><strong>videre</strong></span> <span class='ocrx_word' id='word_1_679' title='bbox 747 2563 774 2591; x_wconf 92' lang='lat' dir='ltr'><strong>in</strong></span> <span class='ocrx_word' id='word_1_680' title='bbox 795 2563 957 2591; x_wconf 84' lang='lat' dir='ltr'><strong>bibliotheca</strong></span> <span class='ocrx_word' id='word_1_681' title='bbox 982 2563 1037 2590; x_wconf 84' lang='lat' dir='ltr'><strong>Va-</strong></span> 
     </span>
    </p>
   </div>
   <div class='ocr_carea' id='block_1_54' title="bbox 248 2599 1037 2634">
    <p class='ocr_par' dir='ltr' id='par_1_54' title="bbox 248 2599 1037 2634">
     <span class='ocr_line' id='line_1_54' title="bbox 248 2599 1037 2634; baseline 0 -8"><span class='ocrx_word' id='word_1_682' title='bbox 248 2601 339 2627; x_wconf 79' lang='lat' dir='ltr'><strong>ticana</strong></span> <span class='ocrx_word' id='word_1_683' title='bbox 358 2601 479 2628; x_wconf 88' lang='lat' dir='ltr'><strong>codicem</strong></span> <span class='ocrx_word' id='word_1_684' title='bbox 495 2608 622 2634; x_wconf 68' lang='lat' dir='ltr'><strong>magnum</strong></span> <span class='ocrx_word' id='word_1_685' title='bbox 636 2600 781 2634; x_wconf 59' lang='lat' dir='ltr'><strong>insignem,</strong></span> <span class='ocrx_word' id='word_1_686' title='bbox 801 2599 901 2634; x_wconf 74' lang='lat' dir='ltr'><strong>litteris</strong></span> <span class='ocrx_word' id='word_1_687' title='bbox 913 2600 1037 2626; x_wconf 71' lang='lat' dir='ltr'><strong>venustis</strong></span> 
     </span>
    </p>
   </div>
   <div class='ocr_carea' id='block_1_55' title="bbox 247 2633 1034 2669">
    <p class='ocr_par' dir='ltr' id='par_1_55' title="bbox 247 2633 1034 2669">
     <span class='ocr_line' id='line_1_55' title="bbox 247 2633 1034 2669; baseline -0.004 -7"><span class='ocrx_word' id='word_1_688' title='bbox 247 2640 400 2667; x_wconf 66' lang='lat' dir='ltr'><strong>exaratum,</strong></span> <span class='ocrx_word' id='word_1_689' title='bbox 415 2642 477 2662; x_wconf 90' lang='lat' dir='ltr'><strong>cum</strong></span> <span class='ocrx_word' id='word_1_690' title='bbox 495 2633 606 2669; x_wconf 63' lang='lat' dir='ltr'><strong>praillxo</strong></span> <span class='ocrx_word' id='word_1_691' title='bbox 629 2633 709 2662; x_wconf 83' lang='lat' dir='ltr'><strong>titulo</strong></span> <span class='ocrx_word' id='word_1_692' title='bbox 728 2634 820 2669; x_wconf 77' lang='lat' dir='ltr'><strong>Cyr-illi</strong></span> <span class='ocrx_word' id='word_1_693' title='bbox 844 2635 870 2660; x_wconf 93' lang='lat' dir='ltr'><strong>in</strong></span> <span class='ocrx_word' id='word_1_694' title='bbox 891 2633 1034 2665; x_wconf 77' lang='lat' dir='ltr'><strong>Joannem,</strong></span> 
     </span>
    </p>
   </div>
   <div class='ocr_carea' id='block_1_56' title="bbox 247 2669 1037 2705">
    <p class='ocr_par' dir='ltr' id='par_1_56' title="bbox 247 2669 1037 2705">
     <span class='ocr_line' id='line_1_56' title="bbox 247 2669 1037 2705; baseline -0.001 -8"><span class='ocrx_word' id='word_1_695' title='bbox 247 2679 310 2697; x_wconf 88' lang='lat' dir='ltr'><strong>cum</strong></span> <span class='ocrx_word' id='word_1_696' title='bbox 340 2676 430 2697; x_wconf 85' lang='lat' dir='ltr'><strong>tamen</strong></span> <span class='ocrx_word' id='word_1_697' title='bbox 454 2670 521 2696; x_wconf 78' lang='lat' dir='ltr'><strong>nilnil</strong></span> <span class='ocrx_word' id='word_1_698' title='bbox 544 2670 637 2705; x_wconf 80' lang='lat' dir='ltr'><strong>Cyrilli</strong></span> <span class='ocrx_word' id='word_1_699' title='bbox 670 2671 810 2704; x_wconf 82' lang='lat' dir='ltr'><strong>proprium</strong></span> <span class='ocrx_word' id='word_1_700' title='bbox 841 2669 969 2705; x_wconf 44' lang='lat' dir='ltr'><strong>inesset;</strong></span> <span class='ocrx_word' id='word_1_701' title='bbox 988 2670 1037 2696; x_wconf 82' lang='lat' dir='ltr'><strong>sed</strong></span> 
     </span>
    </p>
   </div>
   <div class='ocr_carea' id='block_1_57' title="bbox 247 2704 1036 2740">
    <p class='ocr_par' dir='ltr' id='par_1_57' title="bbox 247 2704 1036 2740">
     <span class='ocr_line' id='line_1_57' title="bbox 247 2704 1036 2740; baseline -0.001 -8"><span class='ocrx_word' id='word_1_702' title='bbox 247 2706 446 2738; x_wconf 77' lang='lat' dir='ltr'><strong>Coiupcndiutn</strong></span> <span class='ocrx_word' id='word_1_703' title='bbox 460 2705 551 2739; x_wconf 80' lang='lat' dir='ltr'><strong>potius</strong></span> <span class='ocrx_word' id='word_1_704' title='bbox 569 2704 757 2740; x_wconf 72' lang='lat' dir='ltr'><strong>ChrySOstonii</strong></span> <span class='ocrx_word' id='word_1_705' title='bbox 775 2705 851 2737; x_wconf 87' lang='lat' dir='ltr'><strong>illud,</strong></span> <span class='ocrx_word' id='word_1_706' title='bbox 869 2704 942 2740; x_wconf 84' lang='lat' dir='ltr'><strong>quod</strong></span> <span class='ocrx_word' id='word_1_707' title='bbox 957 2704 1036 2731; x_wconf 81' lang='lat' dir='ltr'><strong>Pata-</strong></span> 
     </span>
    </p>
   </div>
   <div class='ocr_carea' id='block_1_58' title="bbox 247 2739 727 2768">
    <p class='ocr_par' dir='ltr' id='par_1_58' title="bbox 247 2739 727 2768">
     <span class='ocr_line' id='line_1_58' title="bbox 247 2739 727 2768; baseline 0.002 -2"><span class='ocrx_word' id='word_1_708' title='bbox 247 2741 282 2767; x_wconf 88' lang='lat' dir='ltr'><strong>\ii</strong></span> <span class='ocrx_word' id='word_1_709' title='bbox 297 2741 453 2768; x_wconf 65' lang='lat' dir='ltr'><strong>obwrvavit</strong></span> <span class='ocrx_word' id='word_1_710' title='bbox 467 2739 675 2767; x_wconf 42' lang='lat' dir='ltr'><strong>ComitolusiA.</strong></span> <span class='ocrx_word' id='word_1_711' title='bbox 692 2739 727 2767; x_wconf 86' lang='lat' dir='ltr'><strong>M.</strong></span> 
     </span>
    </p>
   </div>
   <div class='ocr_carea' id='block_1_59' title="bbox 284 2774 1036 2811">
    <p class='ocr_par' dir='ltr' id='par_1_59' title="bbox 284 2774 1036 2811">
     <span class='ocr_line' id='line_1_59' title="bbox 284 2774 1036 2811; baseline -0.001 -8"><span class='ocrx_word' id='word_1_712' title='bbox 284 2776 322 2811; x_wconf 72' lang='lat' dir='ltr'><strong>(tl)</strong></span> <span class='ocrx_word' id='word_1_713' title='bbox 342 2776 424 2803; x_wconf 77' lang='lat' dir='ltr'><strong>Recte</strong></span> <span class='ocrx_word' id='word_1_714' title='bbox 438 2776 496 2802; x_wconf 61' lang='lat' dir='ltr'><strong>hanc</strong></span> <span class='ocrx_word' id='word_1_715' title='bbox 520 2776 658 2803; x_wconf 72' lang='lat' dir='ltr'><strong>dicuntur.</strong></span> <span class='ocrx_word' id='word_1_716' title='bbox 674 2775 781 2801; x_wconf 74' lang='lat' dir='ltr'><strong>Etenim</strong></span> <span class='ocrx_word' id='word_1_717' title='bbox 792 2782 848 2811; x_wconf 74' lang='lat' dir='ltr'><strong>ego</strong></span> <span class='ocrx_word' id='word_1_718' title='bbox 861 2774 1036 2811; x_wconf 77' lang='lat' dir='ltr'><strong>Commenta-</strong></span> 
     </span>
    </p>
   </div>
   <div class='ocr_carea' id='block_1_60' title="bbox 247 2810 1034 2844">
    <p class='ocr_par' dir='ltr' id='par_1_60' title="bbox 247 2810 1034 2844">
     <span class='ocr_line' id='line_1_60' title="bbox 247 2810 1034 2844; baseline 0 -7"><span class='ocrx_word' id='word_1_719' title='bbox 247 2812 280 2837; x_wconf 81' lang='lat' dir='ltr'><strong>rii</strong></span> <span class='ocrx_word' id='word_1_720' title='bbox 298 2812 386 2838; x_wconf 77' lang='lat' dir='ltr'><strong>adhuc</strong></span> <span class='ocrx_word' id='word_1_721' title='bbox 399 2810 492 2838; x_wconf 74' lang='lat' dir='ltr'><strong>Griece</strong></span> <span class='ocrx_word' id='word_1_722' title='bbox 510 2811 603 2838; x_wconf 89' lang='lat' dir='ltr'><strong>incditi</strong></span> <span class='ocrx_word' id='word_1_723' title='bbox 620 2811 646 2837; x_wconf 92' lang='lat' dir='ltr'><strong>in</strong></span> <span class='ocrx_word' id='word_1_724' title='bbox 661 2811 770 2841; x_wconf 84' lang='lat' dir='ltr'><strong>Jobum,</strong></span> <span class='ocrx_word' id='word_1_725' title='bbox 788 2810 886 2837; x_wconf 78' lang='lat' dir='ltr'><strong>falsum</strong></span> <span class='ocrx_word' id='word_1_726' title='bbox 908 2810 1034 2844; x_wconf 80' lang='lat' dir='ltr'><strong>Origcnis</strong></span> 
     </span>
    </p>
   </div>
   <div class='ocr_carea' id='block_1_61' title="bbox 249 2846 1032 2879">
    <p class='ocr_par' dir='ltr' id='par_1_61' title="bbox 249 2846 1032 2879">
     <span class='ocr_line' id='line_1_61' title="bbox 249 2846 1032 2879; baseline 0.001 -8"><span class='ocrx_word' id='word_1_727' title='bbox 249 2855 346 2872; x_wconf 82' lang='lat' dir='ltr'><strong>nomen</strong></span> <span class='ocrx_word' id='word_1_728' title='bbox 379 2847 404 2872; x_wconf 89' lang='lat' dir='ltr'><strong>iu</strong></span> <span class='ocrx_word' id='word_1_729' title='bbox 433 2846 573 2872; x_wconf 77' lang='lat' dir='ltr'><strong>codicibus</strong></span> <span class='ocrx_word' id='word_1_730' title='bbox 604 2846 734 2879; x_wconf 58' lang='lat' dir='ltr'><strong>percutis,</strong></span> <span class='ocrx_word' id='word_1_731' title='bbox 767 2853 860 2871; x_wconf 68' lang='lat' dir='ltr'><strong>verum</strong></span> <span class='ocrx_word' id='word_1_732' title='bbox 894 2850 1032 2872; x_wconf 82' lang='lat' dir='ltr'><strong>auctorem</strong></span> 
     </span>
    </p>
   </div>
   <div class='ocr_carea' id='block_1_62' title="bbox 249 2880 1031 2913">
    <p class='ocr_par' dir='ltr' id='par_1_62' title="bbox 249 2880 1031 2913">
     <span class='ocr_line' id='line_1_62' title="bbox 249 2880 1031 2913; baseline 0 -8"><span class='ocrx_word' id='word_1_733' title='bbox 249 2882 380 2913; x_wconf 63' lang='lat' dir='ltr'><strong>mist-um</strong></span> <span class='ocrx_word' id='word_1_734' title='bbox 409 2881 513 2908; x_wconf 74' lang='lat' dir='ltr'><strong>srilicct</strong></span> <span class='ocrx_word' id='word_1_735' title='bbox 535 2887 561 2907; x_wconf 78' lang='lat' dir='ltr'><strong>ct</strong></span> <span class='ocrx_word' id='word_1_736' title='bbox 588 2882 666 2907; x_wconf 67' lang='lat' dir='ltr'><strong>latitat</strong></span> <span class='ocrx_word' id='word_1_737' title='bbox 683 2880 783 2907; x_wconf 79' lang='lat' dir='ltr'><strong>nobilis</strong></span> <span class='ocrx_word' id='word_1_738' title='bbox 799 2880 953 2913; x_wconf 75' lang='lat' dir='ltr'><strong>lmutiuctu)</strong></span> <span class='ocrx_word' id='word_1_739' title='bbox 970 2888 1031 2906; x_wconf 85' lang='lat' dir='ltr'><strong>cum</strong></span> 
     </span>
    </p>
   </div>
   <div class='ocr_carea' id='block_1_63' title="bbox 250 2914 1033 2951">
    <p class='ocr_par' dir='ltr' id='par_1_63' title="bbox 250 2914 1033 2951">
     <span class='ocr_line' id='line_1_63' title="bbox 250 2914 1033 2951; baseline 0.003 -10"><span class='ocrx_word' id='word_1_740' title='bbox 250 2924 309 2950; x_wconf 71' lang='lat' dir='ltr'><strong>ipso</strong></span> <span class='ocrx_word' id='word_1_741' title='bbox 324 2924 404 2950; x_wconf 66' lang='grc' dir='ltr'><strong>θυι-ω</strong></span> <span class='ocrx_word' id='word_1_742' title='bbox 420 2917 580 2951; x_wconf 61' lang='lat' dir='ltr'><strong>\‘ulgaturus</strong></span> <span class='ocrx_word' id='word_1_743' title='bbox 596 2916 742 2951; x_wconf 66' lang='lat' dir='ltr'><strong>aliquando</strong></span> <span class='ocrx_word' id='word_1_744' title='bbox 760 2923 830 2943; x_wconf 86' lang='lat' dir='ltr'><strong>sum.</strong></span> <span class='ocrx_word' id='word_1_745' title='bbox 847 2915 883 2942; x_wconf 84' lang='lat' dir='ltr'><strong>De</strong></span> <span class='ocrx_word' id='word_1_746' title='bbox 903 2914 1033 2943; x_wconf 78' lang='lat' dir='ltr'><strong>Comitoli</strong></span> 
     </span>
    </p>
   </div>
   <div class='ocr_carea' id='block_1_64' title="bbox 1090 2562 1874 2592">
    <p class='ocr_par' dir='ltr' id='par_1_64' title="bbox 1090 2562 1874 2592">
     <span class='ocr_line' id='line_1_64' title="bbox 1090 2562 1874 2592; baseline -0.001 -1"><span class='ocrx_word' id='word_1_747' title='bbox 1090 2570 1182 2591; x_wconf 76' lang='lat' dir='ltr'><strong>autem</strong></span> <span class='ocrx_word' id='word_1_748' title='bbox 1216 2563 1355 2592; x_wconf 89' lang='lat' dir='ltr'><strong>nonnullis</strong></span> <span class='ocrx_word' id='word_1_749' title='bbox 1368 2562 1626 2591; x_wconf 83' lang='lat' dir='ltr'><strong>hallucinationilms</strong></span> <span class='ocrx_word' id='word_1_750' title='bbox 1658 2564 1739 2591; x_wconf 86' lang='lat' dir='ltr'><strong>verba</strong></span> <span class='ocrx_word' id='word_1_751' title='bbox 1766 2562 1817 2591; x_wconf 83' lang='lat' dir='ltr'><strong>l‘eci</strong></span> <span class='ocrx_word' id='word_1_752' title='bbox 1846 2562 1874 2590; x_wconf 94' lang='lat' dir='ltr'><strong>in</strong></span> 
     </span>
    </p>
   </div>
   <div class='ocr_carea' id='block_1_65' title="bbox 1090 2598 1757 2635">
    <p class='ocr_par' dir='ltr' id='par_1_65' title="bbox 1090 2598 1757 2635">
     <span class='ocr_line' id='line_1_65' title="bbox 1090 2598 1757 2635; baseline -0.001 -9"><span class='ocrx_word' id='word_1_753' title='bbox 1090 2605 1164 2626; x_wconf 83' lang='lat' dir='ltr'><strong>tonio</strong></span> <span class='ocrx_word' id='word_1_754' title='bbox 1174 2600 1207 2632; x_wconf 76' lang='grc' dir='ltr'><strong>Χ,</strong></span> <span class='ocrx_word' id='word_1_755' title='bbox 1225 2608 1252 2635; x_wconf 88' lang='lat' dir='ltr'><strong>p.</strong></span> <span class='ocrx_word' id='word_1_756' title='bbox 1270 2599 1334 2631; x_wconf 75' lang='grc'><strong>201,</strong></span> <span class='ocrx_word' id='word_1_757' title='bbox 1350 2606 1407 2632; x_wconf 86' lang='lat' dir='ltr'><strong>seq.</strong></span> <span class='ocrx_word' id='word_1_758' title='bbox 1422 2598 1559 2634; x_wconf 77' lang='lat' dir='ltr'><strong>Spicilt-gii</strong></span> <span class='ocrx_word' id='word_1_759' title='bbox 1577 2599 1657 2628; x_wconf 81' lang='lat' dir='ltr'><strong>Rom.</strong></span> <span class='ocrx_word' id='word_1_760' title='bbox 1675 2599 1707 2626; x_wconf 84' lang='lat' dir='ltr'><strong>A.</strong></span> <span class='ocrx_word' id='word_1_761' title='bbox 1724 2599 1757 2625; x_wconf 84' lang='lat' dir='ltr'><strong>M.</strong></span> 
     </span>
    </p>
   </div>
   <div class='ocr_carea' id='block_1_66' title="bbox 1125 2634 1875 2670">
    <p class='ocr_par' dir='ltr' id='par_1_66' title="bbox 1125 2634 1875 2670">
     <span class='ocr_line' id='line_1_66' title="bbox 1125 2634 1875 2670; baseline -0.003 -8"><span class='ocrx_word' id='word_1_762' title='bbox 1125 2635 1160 2670; x_wconf 75' lang='grc' dir='ltr'><strong>(ε)</strong></span> <span class='ocrx_word' id='word_1_763' title='bbox 1178 2635 1329 2669; x_wconf 74' lang='lat' dir='ltr'><strong>Augustino</strong></span> <span class='ocrx_word' id='word_1_764' title='bbox 1343 2634 1442 2669; x_wconf 84' lang='lat' dir='ltr'><strong>scripta</strong></span> <span class='ocrx_word' id='word_1_765' title='bbox 1457 2634 1560 2667; x_wconf 77' lang='lat' dir='ltr'><strong>aliquot</strong></span> <span class='ocrx_word' id='word_1_766' title='bbox 1573 2635 1643 2661; x_wconf 79' lang='lat' dir='ltr'><strong>falso</strong></span> <span class='ocrx_word' id='word_1_767' title='bbox 1661 2635 1755 2668; x_wconf 87' lang='lat' dir='ltr'><strong>utique</strong></span> <span class='ocrx_word' id='word_1_768' title='bbox 1774 2634 1875 2661; x_wconf 88' lang='lat' dir='ltr'><strong>inscri-</strong></span> 
     </span>
    </p>
   </div>
   <div class='ocr_carea' id='block_1_67' title="bbox 1088 2669 1877 2704">
    <p class='ocr_par' dir='ltr' id='par_1_67' title="bbox 1088 2669 1877 2704">
     <span class='ocr_line' id='line_1_67' title="bbox 1088 2669 1877 2704; baseline 0.001 -9"><span class='ocrx_word' id='word_1_769' title='bbox 1088 2676 1132 2704; x_wconf 85' lang='lat' dir='ltr'><strong>pta</strong></span> <span class='ocrx_word' id='word_1_770' title='bbox 1149 2672 1259 2697; x_wconf 85' lang='lat' dir='ltr'><strong>luerunt</strong></span> <span class='ocrx_word' id='word_1_771' title='bbox 1271 2679 1277 2696; x_wconf 88' lang='lat'><strong>:</strong></span> <span class='ocrx_word' id='word_1_772' title='bbox 1291 2670 1337 2697; x_wconf 82' lang='lat' dir='ltr'><strong>sed</strong></span> <span class='ocrx_word' id='word_1_773' title='bbox 1353 2670 1405 2696; x_wconf 85' lang='lat' dir='ltr'><strong>alia</strong></span> <span class='ocrx_word' id='word_1_774' title='bbox 1422 2669 1540 2696; x_wconf 72' lang='lat' dir='ltr'><strong>vicissim</strong></span> <span class='ocrx_word' id='word_1_775' title='bbox 1554 2675 1646 2704; x_wconf 80' lang='lat' dir='ltr'><strong>erepta</strong></span> <span class='ocrx_word' id='word_1_776' title='bbox 1664 2670 1751 2696; x_wconf 86' lang='lat' dir='ltr'><strong>eidem</strong></span> <span class='ocrx_word' id='word_1_777' title='bbox 1767 2673 1877 2696; x_wconf 84' lang='lat' dir='ltr'><strong>constat</strong></span> 
     </span>
    </p>
   </div>
   <div class='ocr_carea' id='block_1_68' title="bbox 1089 2705 1876 2740">
    <p class='ocr_par' dir='ltr' id='par_1_68' title="bbox 1089 2705 1876 2740">
     <span class='ocr_line' id='line_1_68' title="bbox 1089 2705 1876 2740; baseline -0.001 -9"><span class='ocrx_word' id='word_1_778' title='bbox 1089 2705 1289 2740; x_wconf 79' lang='lat' dir='ltr'><strong>philologorum</strong></span> <span class='ocrx_word' id='word_1_779' title='bbox 1317 2706 1414 2732; x_wconf 88' lang='lat' dir='ltr'><strong>audaci</strong></span> <span class='ocrx_word' id='word_1_780' title='bbox 1434 2705 1546 2739; x_wconf 86' lang='lat' dir='ltr'><strong>judicio,</strong></span> <span class='ocrx_word' id='word_1_781' title='bbox 1566 2705 1779 2733; x_wconf 82' lang='lat' dir='ltr'><strong>reclamantibus</strong></span> <span class='ocrx_word' id='word_1_782' title='bbox 1797 2705 1876 2731; x_wconf 82' lang='lat' dir='ltr'><strong>valde</strong></span> 
     </span>
    </p>
   </div>
   <div class='ocr_carea' id='block_1_69' title="bbox 1088 2739 1875 2775">
    <p class='ocr_par' dir='ltr' id='par_1_69' title="bbox 1088 2739 1875 2775">
     <span class='ocr_line' id='line_1_69' title="bbox 1088 2739 1875 2775; baseline -0.001 -8"><span class='ocrx_word' id='word_1_783' title='bbox 1088 2739 1229 2768; x_wconf 86' lang='lat' dir='ltr'><strong>codicibus</strong></span> <span class='ocrx_word' id='word_1_784' title='bbox 1254 2740 1456 2775; x_wconf 83' lang='lat' dir='ltr'><strong>antiquissimis</strong></span> <span class='ocrx_word' id='word_1_785' title='bbox 1483 2745 1510 2768; x_wconf 82' lang='lat' dir='ltr'><strong>et</strong></span> <span class='ocrx_word' id='word_1_786' title='bbox 1534 2741 1658 2774; x_wconf 71' lang='lat' dir='ltr'><strong>ingenua:</strong></span> <span class='ocrx_word' id='word_1_787' title='bbox 1678 2740 1757 2766; x_wconf 75' lang='lat' dir='ltr'><strong>fama:</strong></span> <span class='ocrx_word' id='word_1_788' title='bbox 1779 2739 1875 2773; x_wconf 83' lang='lat' dir='ltr'><strong>primis</strong></span> 
     </span>
    </p>
   </div>
   <div class='ocr_carea' id='block_1_70' title="bbox 1086 2774 1877 2810">
    <p class='ocr_par' dir='ltr' id='par_1_70' title="bbox 1086 2774 1877 2810">
     <span class='ocr_line' id='line_1_70' title="bbox 1086 2774 1877 2810; baseline -0.001 -10"><span class='ocrx_word' id='word_1_789' title='bbox 1086 2776 1248 2803; x_wconf 86' lang='lat' dir='ltr'><strong>editoribus.</strong></span> <span class='ocrx_word' id='word_1_790' title='bbox 1261 2775 1306 2803; x_wconf 87' lang='lat' dir='ltr'><strong>Sic</strong></span> <span class='ocrx_word' id='word_1_791' title='bbox 1318 2774 1362 2802; x_wconf 84' lang='lat' dir='ltr'><strong>ex.</strong></span> <span class='ocrx_word' id='word_1_792' title='bbox 1379 2784 1418 2810; x_wconf 78' lang='lat' dir='ltr'><strong>gr.</strong></span> <span class='ocrx_word' id='word_1_793' title='bbox 1436 2780 1530 2803; x_wconf 79' lang='lat' dir='ltr'><strong>nostra</strong></span> <span class='ocrx_word' id='word_1_794' title='bbox 1545 2776 1602 2803; x_wconf 83' lang='lat' dir='ltr'><strong>fere</strong></span> <span class='ocrx_word' id='word_1_795' title='bbox 1615 2779 1695 2803; x_wconf 67' lang='lat' dir='ltr'><strong>aetate</strong></span> <span class='ocrx_word' id='word_1_796' title='bbox 1708 2774 1773 2801; x_wconf 81' lang='lat' dir='ltr'><strong>Mita</strong></span> <span class='ocrx_word' id='word_1_797' title='bbox 1789 2775 1877 2806; x_wconf 70' lang='lat' dir='ltr'><strong>Chry-</strong></span> 
     </span>
    </p>
   </div>
   <div class='ocr_carea' id='block_1_71' title="bbox 1086 2810 1875 2845">
    <p class='ocr_par' dir='ltr' id='par_1_71' title="bbox 1086 2810 1875 2845">
     <span class='ocr_line' id='line_1_71' title="bbox 1086 2810 1875 2845; baseline -0.003 -9"><span class='ocrx_word' id='word_1_798' title='bbox 1086 2811 1221 2845; x_wconf 61' lang='lat' dir='ltr'><strong>sologum,</strong></span> <span class='ocrx_word' id='word_1_799' title='bbox 1250 2811 1356 2838; x_wconf 82' lang='lat' dir='ltr'><strong>Brunus</strong></span> <span class='ocrx_word' id='word_1_800' title='bbox 1384 2810 1531 2837; x_wconf 82' lang='lat' dir='ltr'><strong>Maximum</strong></span> <span class='ocrx_word' id='word_1_801' title='bbox 1558 2816 1638 2840; x_wconf 80' lang='lat' dir='ltr'><strong>taur.,</strong></span> <span class='ocrx_word' id='word_1_802' title='bbox 1660 2810 1724 2837; x_wconf 89' lang='lat' dir='ltr'><strong>dum</strong></span> <span class='ocrx_word' id='word_1_803' title='bbox 1754 2810 1875 2845; x_wconf 78' lang='lat' dir='ltr'><strong>studiose</strong></span> 
     </span>
    </p>
   </div>
   <div class='ocr_carea' id='block_1_72' title="bbox 1086 2844 1875 2880">
    <p class='ocr_par' dir='ltr' id='par_1_72' title="bbox 1086 2844 1875 2880">
     <span class='ocr_line' id='line_1_72' title="bbox 1086 2844 1875 2880; baseline -0.001 -9"><span class='ocrx_word' id='word_1_804' title='bbox 1086 2844 1193 2872; x_wconf 79' lang='lat' dir='ltr'><strong>illorum</strong></span> <span class='ocrx_word' id='word_1_805' title='bbox 1208 2852 1296 2873; x_wconf 90' lang='lat' dir='ltr'><strong>tomos</strong></span> <span class='ocrx_word' id='word_1_806' title='bbox 1312 2847 1478 2880; x_wconf 85' lang='lat' dir='ltr'><strong>amplilicare</strong></span> <span class='ocrx_word' id='word_1_807' title='bbox 1494 2846 1705 2880; x_wconf 69' lang='lat' dir='ltr'><strong>\‘olnnt,alicuis</strong></span> <span class='ocrx_word' id='word_1_808' title='bbox 1720 2853 1774 2873; x_wconf 91' lang='lat' dir='ltr'><strong>non</strong></span> <span class='ocrx_word' id='word_1_809' title='bbox 1791 2844 1875 2872; x_wconf 56' lang='lat' dir='ltr'><strong>semel</strong></span> 
     </span>
    </p>
   </div>
   <div class='ocr_carea' id='block_1_73' title="bbox 1084 2880 1509 2914">
    <p class='ocr_par' dir='ltr' id='par_1_73' title="bbox 1084 2880 1509 2914">
     <span class='ocr_line' id='line_1_73' title="bbox 1084 2880 1509 2914; baseline 0 -7"><span class='ocrx_word' id='word_1_810' title='bbox 1084 2882 1183 2914; x_wconf 79' lang='lat' dir='ltr'><strong>plumis</strong></span> <span class='ocrx_word' id='word_1_811' title='bbox 1203 2886 1412 2910; x_wconf 59' lang='lat' dir='ltr'><strong>exornat-erunt.</strong></span> <span class='ocrx_word' id='word_1_812' title='bbox 1428 2883 1460 2908; x_wconf 88' lang='lat' dir='ltr'><strong>A.</strong></span> <span class='ocrx_word' id='word_1_813' title='bbox 1475 2880 1509 2908; x_wconf 83' lang='grc' dir='ltr'><strong>Μ.</strong></span> 
     </span>
    </p>
   </div>
  </div>
