2088 3159
219 211 270 242 537
961 217 1035 247 NO'I‘
1040 217 1076 247 IT
1081 216 1090 246 l
1096 218 1127 247 Α.
1792 220 1844 252 538

255 269 327 304 Quid
346 270 453 299 interim
470 273 536 300 nos?
553 274 581 301 In
598 278 672 302 tanta
688 275 911 311 conjecturarum
939 275 1028 310 copia,
1043 278 1070 301 et
1093 274 1256 302 cximiornm
1285 275 1427 303 hominum
1455 283 1592 305 consensu
1611 277 1844 312 acquiesccmns?

221 313 308 341 Etiam
326 316 348 342 si
366 315 497 349 producta
512 318 647 345 sententia
661 326 742 353 qttam
758 319 919 354 longissime
947 319 1055 345 abesset
1076 327 1090 345 a
1107 327 1182 348 vero.
1197 324 1270 347 tanta
1291 321 1399 348 dicendi
1425 322 1503 356 copia
1524 327 1695 357 prmstructa,
1710 331 1759 350 nos
1777 331 1845 358 quo.

221 367 274 393 quc
285 359 367 386 etiam
383 360 482 388 inritos
504 362 537 388 ad
553 369 582 389 se
595 363 762 397 pellexisset.
780 364 833 390 Sed
865 363 986 390 veritatis
1013 364 1148 395 studium,
1168 372 1223 398 quo
1246 372 1354 400 semper
1374 366 1576 394 incontinenter
1593 368 1748 394 exarsimus
1763 375 1842 393 com-

222 403 308 436 pellit,
324 408 353 430 ut
368 403 454 432 dictas
471 406 644 440 conjecturas
659 408 826 442 coniecturis
842 408 903 436 aliis
920 407 992 442 (qua:
1010 407 1082 434 enim
1100 408 1127 434 in
1149 409 1230 436 rebus
1251 409 1408 444 hnjusmndi
1431 410 1630 437 demonstratio
1646 410 1757 443 fuerit?)
1777 419 1843 444 pon-

221 447 340 479 dcratas,
358 448 554 482 sapientior-um
567 451 686 477 examini
712 452 927 478 committamus.
942 450 993 483 Qui
1015 451 1098 478 semel
1114 453 1268 486 oppositum
1285 453 1430 485 sentiebat,
1458 454 1612 482 rationibus
1639 454 1766 481 (lomitoli
1785 463 1846 488 pur-

223 499 329 522 suasua,
350 491 376 518 in
393 493 554 520 sententiam
569 494 695 521 Comitoli
709 495 791 521 venit.
813 495 921 529 Optime
935 494 1049 526 factum,
1070 495 1151 522 laudo
1177 495 1326 531 ingenium,
1343 497 1369 523 id
1396 504 1505 531 quoque
1527 505 1628 524 suasus
1653 497 1708 537 ipso
1726 497 1842 526 faciant;

222 539 248 561 et
262 535 284 562 si
300 540 440 569 peccatum
453 542 505 568 est,
526 537 622 564 talibus
638 538 665 565 in
682 539 763 566 rebus
788 539 894 566 diversa
919 539 953 566 ab
972 539 1034 566 aliis
1046 539 1157 570 sentire.
1174 540 1278 566 veniam
1299 541 1480 575 deprecabor;
1499 546 1525 568 et
1554 550 1609 568 rem
1630 535 1718 575 agam.
1732 540 1846 568 Joannis

222 579 386 607 Parisiensis
400 581 525 608 canonici
540 582 623 609 codex
637 582 758 610 Nicctam
775 583 936 618 pra'fercbat
950 588 1091 610 auctorem
1113 582 1195 617 huius
1212 587 1326 615 catcnre,
1340 589 1367 611 et
1384 585 1455 619 regis
1472 585 1565 612 Gallia:
1580 585 1730 619 exrtnplur,
1750 590 1775 611 et
1793 593 1845 612 non

223 631 307 656 pauca
323 624 388 656 alia,
404 632 464 659 qum
480 625 716 661 Constantinopoli
733 627 871 658 visuntur,
886 627 1010 661 quamvis
1025 627 1176 654 Ceuiitolus
1194 628 1294 657 nullam
1305 633 1415 655 exstare
1439 630 1465 655 in
1491 629 1655 657 bibliotheca
1673 629 1746 663 regia
1774 634 1847 655 catc-

223 675 284 693 nam
305 666 438 700 allii-inet;
456 668 502 695 sed
521 668 767 705 Constantinopoli.
781 670 919 697 exstitisse
948 671 1029 698 tradit
1052 672 1248 705 grammaticus
1276 672 1302 698 in
1329 671 1460 707 Catalogo
1486 672 1607 700 exhibito
1631 673 1657 699 in
1684 673 1847 699 bibliotheca

223 710 385 744 patriarcha:
399 711 702 747 Constantinopolitlni,
719 717 749 740 ut
765 721 797 741 ex
815 714 925 740 Antonii
951 713 1070 742 Vertlerii
1087 716 1276 750 supplemento
1301 716 1419 750 colligo;
1447 715 1474 742 in
1501 716 1595 750 Anglia
1625 716 1679 742 duo
1708 715 1847 742 Bodleiani

223 754 350 799 codices,
365 762 398 799 ett
424 755 528 799 quibus
555 763 632 783 suam
658 757 740 790 eruit,
755 757 893 799 ediditque
921 757 1057 786 Patricius
1080 760 1188 788 Junius.
1216 760 1439 795 Olympiodorntn
1458 767 1529 786 unus
1545 760 1717 787 solummodo
1735 760 1779 793 qtti
1798 759 1848 786 fuit

224 797 362 826 Sambuci.
379 798 484 831 Quibus
503 799 570 826 lides
587 800 738 828 adhibenda
755 797 817 828 est“?
845 802 929 828 unine
951 803 1143 830 tantummodo
1168 804 1308 835 Sambnci,
1325 804 1410 830 relato
1426 802 1461 830 ab
1476 803 1702 838 epitomateribus
1718 802 1845 833 Gesncri,

223 851 257 870 an
273 848 312 870 tot
326 844 398 876 aliis,
417 844 463 878 qui
480 844 559 871 nobis
573 843 692 872 Nicetam
706 847 864 880 praeﬁgunt?
879 846 909 873 Et
926 846 948 874 si
964 846 1096 873 attentius
1120 848 1200 874 verba
1221 848 1431 882 epilomatornm
1453 847 1672 876 considerentur.
1691 854 1745 872 non
1769 846 1849 873 nobis

224 888 446 922 Olympiodorum
462 893 603 915 auctorem
619 894 720 916 catena:
731 889 806 922 dant,
825 890 872 917 sed
886 897 970 916 unum
995 897 1026 916 ex
1049 890 1093 922 iis,
1119 898 1151 917 ex
1171 891 1270 924 quibus
1290 891 1527 925 interpretationes
1550 891 1603 917 illa:
1627 890 1749 917 collecta:
1773 895 1848 916 sunt.

226 931 264 958 lin
279 932 360 959 verba
378 940 385 958 ε
403 932 582 966 Olympiodori
598 937 623 959 et
640 933 752 959 aliorum
769 934 891 968 piissima
905 938 997 960 catena
1017 935 1043 960 in
1060 933 1120 963 Job.
1136 935 1163 959 in
1177 933 1332 960 bibliotheca
1349 933 1484 960 Sambuci.
1497 932 1527 960 Ni
1543 934 1611 960 alios
1628 940 1737 968 quoque
1755 937 1850 959 aucto-

224 983 266 1002 res
281 981 384 1003 catena:
398 980 525 1002 auctores
538 977 842 1017 sttbstituerc_velimus.
861 978 893 1004 Et
908 984 970 1004 cum
994 977 1146 1004 Comitolns
1160 977 1243 1009 dicat,
1259 978 1421 1004 diversorum
1435 978 1624 1010 cuntplarinm
1649 982 1770 1003 auctores
1795 985 1850 1003 esse

223 1020 348 1051 diversos,
380 1020 514 1047 undenam
535 1021 580 1047 ille
608 1021 703 1048 habuit
726 1021 752 1048 in
781 1020 966 1048 Sambuciatto
980 1022 1027 1048 illo
1046 1021 1139 1048 colice
1159 1025 1282 1048 catenam
1299 1029 1314 1047 ει
1330 1029 1360 1048 se
1380 1029 1497 1052 versam,
1513 1025 1539 1047 et
1557 1028 1637 1054 quam
1656 1019 1850 1055 Olympiodoro

224 1063 281 1098 ipse
299 1064 426 1095 vindicat,
444 1068 473 1091 ct
491 1071 545 1091 non
561 1064 642 1091 aliam
661 1069 742 1098 atque
752 1064 898 1095 diversam,
916 1065 1070 1091 contineri?
1093 1064 1183 1097 Quare
1199 1065 1225 1091 in
1243 1064 1398 1098 huiusmodi
1419 1064 1589 1098 conjectura,
1605 1063 1642 1090 rei
1660 1063 1748 1090 dubia!
1762 1063 1850 1096 majo-

226 1116 281 1133 rem
297 1107 375 1134 lidctn
391 1108 493 1135 faciunt
508 1109 601 1143 plures
616 1108 735 1139 codices.
750 1108 896 1142 pluresque
912 1113 997 1135 testes
1013 1109 1141 1135 ﬁrmioris
1165 1109 1337 1135 auctoritatis
1359 1112 1532 1142 reputantur.
1550 1107 1620 1140 Quid
1636 1107 1658 1134 si
1673 1106 1850 1141 Olympiodo-

225 1158 284 1176 rttm
302 1151 392 1178 nullus
405 1151 477 1178 alius
490 1152 578 1182 testis,
595 1152 686 1179 nullus
701 1151 815 1185 hujusce
835 1152 1074 1179 commentationis
1093 1151 1175 1179 fictus
1199 1152 1279 1183 alius,
1293 1151 1415 1178 Nicetam
1438 1158 1528 1178 autem
1543 1151 1584 1178 lue
1599 1156 1625 1177 et
1642 1151 1668 1177 itt
1684 1150 1752 1177 alios
1766 1157 1852 1177 sacra:

225 1195 371 1230 Scriptnrte
387 1196 482 1228 libros,
496 1196 637 1230 perplures
656 1189 832 1223 coirectiones
855 1196 1004 1223 accusant?
1020 1196 1053 1222 At
1073 1194 1173 1222 Nicetzc
1193 1195 1281 1230 stylus
1303 1203 1365 1221 cum
1379 1194 1440 1222 aliis
1458 1195 1585 1229 operibus
1598 1193 1698 1221 Niccta:
1715 1201 1768 1220 non
1783 1200 1852 1219 con-

224 1239 315 1266 sentit.
330 1239 398 1266 Cunt
417 1239 509 1266 nullus
524 1239 568 1266 hic
581 1243 722 1271 cernatur,
735 1246 830 1266 verum
848 1245 907 1272 est;
933 1245 996 1267 sunt
1012 1240 1083 1267 enim
1105 1239 1220 1266 aliorum
1243 1239 1407 1271 scriptorum
1426 1238 1568 1265 scnlcntim
1584 1238 1742 1266 eorutndvtn
1760 1237 1851 1263 verbis

223 1282 365 1316 expositae,
385 1283 424 1309 vel
437 1282 603 1317 quandoque
617 1283 698 1309 etiam
714 1283 871 1314 decurtata.
890 1284 917 1310 in
935 1291 990 1318 quo
1006 1283 1079 1310 nulla
1094 1289 1166 1310 certa
1184 1283 1245 1319 Styli
1265 1283 1335 1310 ratio
1353 1283 1465 1309 formari
1483 1287 1583 1317 potest.
1597 1281 1728 1315 Quamvis
1744 1281 1771 1308 in
1788 1281 1851 1307 aliis

225 1326 284 1352 suis
313 1325 431 1359 scriptis,
448 1326 476 1352 in
506 1325 606 1359 quibus
633 1325 767 1358 λογοειδὲς
788 1325 895 1352 dicendi
910 1333 994 1359 genus
1011 1332 1142 1359 sectatur,
1164 1336 1216 1355 non
1238 1328 1376 1362 inelegans
1402 1327 1449 1358 sit.
1473 1328 1519 1354 sed
1544 1328 1644 1362 gravis,
1663 1327 1807 1356 facundus.
1825 1331 1853 1353 et

226 1370 321 1404 plenus
341 1369 494 1396 sententiis.
508 1370 546 1396 At.
560 1369 604 1396 hic
617 1369 644 1395 in
659 1369 838 1403 inscriptione
862 1369 928 1396 nihil
954 1377 1050 1403 purum
1070 1372 1178 1403 retinet,
1197 1371 1264 1398 nihil
1280 1371 1381 1398 Grmcte
1405 1370 1504 1405 lingua:
1532 1371 1713 1398 domesticum
1730 1375 1851 1397 resonat.

225 1413 292 1446 Quis
309 1413 334 1439 id
349 1413 406 1440 ait?
422 1412 474 1440 lies
490 1412 559 1446 ipsa,
576 1413 599 1440 si
617 1413 753 1440 Comitolo
774 1413 911 1440 credimus
931 1413 989 1441 viro
1003 1415 1028 1440 in
1044 1414 1146 1442 Gratcis
1163 1415 1262 1442 litteris
1279 1415 1479 1442 versatissituo.
1496 1415 1605 1449 Νικήτςι
1628 1415 1699 1442 enim
1717 1413 1782 1440 illttd
1803 1421 1852 1448 pro

227 1457 346 1492 Νικτιτῡῦ
361 1465 414 1484 non
429 1457 563 1484 videture
577 1457 819 1491 grammaticorum
833 1458 937 1486 schola.
956 1459 988 1486 Et
1005 1463 1096 1486 tatnen
1122 1466 1220 1493 purum
1247 1459 1437 1486 helleuismunt
1455 1464 1545 1486 sonat.
1570 1457 1674 1485 Nomen
1696 1459 1768 1485 enim
1786 1458 1851 1485 illud

227 1502 319 1529 l‘ercin
339 1501 466 1529 otnnibus
495 1502 577 1528 etiam
605 1501 805 1535 antiquioribus
831 1502 866 1529 ita
891 1504 1051 1530 enuntiatur

1027 1512 1060 1532 tr.
1091 1503 1160 1531 llinc
1190 1504 1290 1539 legitur
1304 1512 1311 1531 ί
1327 1503 1474 1538 Συνανωγὴ
1501 1503 1657 1538 ἐξηγήσεων
1672 1503 1711 1534 εἰς
1728 1503 1758 1529 τὺ
1780 1503 1851 1529 κατὴ

226 1547 333 1572 Λουκᾶν
347 1546 422 1581 παρὰ
435 1545 542 1580 Νικήτα
557 1545 695 1572 διακόνου.
710 1545 817 1580 Νικήτα
833 1546 944 1580 Σερῤὦν
957 1547 997 1579 εις
1012 1548 1165 1584 Γρηγόριον
1184 1549 1231 1574 τὸν
1246 1548 1388 1582 Θεολόγον.
1408 1548 1515 1582 Νικήτα
1537 1547 1699 1581 μονάζοντος
1712 1547 1759 1573 τοῦ
1782 1547 1852 1580 Στη-

228 1590 309 1616 οάτου
323 1590 362 1621 sl;
379 1590 408 1616 τὸ
427 1589 528 1624 βιὸλίον
553 1589 607 1615 τῶν
632 1589 712 1615 υείων
734 1588 836 1624 ὓμνων.
852 1589 958 1626 Νικὴτα
973 1592 1019 1618 τοῦ
1038 1593 1052 1618 Ε

1038 1593 1200 1624 Βυζαντὶου.
1216 1593 1322 1628 Νικὴτα
1339 1593 1386 1619 τοῦ
1409 1592 1567 1627 φιλθπόφδυ.
1596 1591 1626 1619 Et
1641 1592 1667 1618 in
1691 1591 1771 1618 editis
1788 1598 1853 1617 con«

226 1634 299 1663 ciliis
313 1634 452 1666 lloman’s,
467 1632 574 1662 de‘Vita
587 1633 674 1660 sancti
691 1632 785 1668 lgnatii
802 1643 808 1661 :
825 1634 986 1669 Συνεγράφη
1003 1635 1031 1662 δὲ
1046 1645 1050 1661 τ

1028 1645 1031 1661 t
1046 1636 1120 1671 παρὰ
1141 1636 1248 1670 Νικήτα
1264 1637 1357 1663 δούλου
1377 1635 1466 1672 Ἰησοῦ
1485 1635 1615 1671 Χριετηῦ.
1633 1635 1677 1662 Sir
1692 1635 1774 1661 etiam
1791 1635 1852 1660 vul-

228 1684 318 1714 gatum
337 1684 388 1711 est,
403 1679 512 1713 Νικήτα
525 1677 572 1704 τοῦ
588 1679 738 1705 Χωνιὰτου.
756 1678 789 1704 Et
803 1679 829 1704 in
849 1679 1022 1712 expositione
1037 1679 1052 1706 Ε

1037 1679 1131 1706 Graeca
1147 1681 1299 1707 carminum
1312 1680 1437 1715 Gregorii
1459 1680 1634 1710 Nazianzeni.
1654 1679 1760 1714 Νικὴτι
1777 1678 1853 1712 φιλο-

214 1723 321 1760 ¹σόφου.
338 1722 385 1748 τοῦ
411 1721 459 1748 καὶ
485 1721 567 1748 ama
583 1721 726 1756 ἂρμηνεὶι.
739 1720 850 1748 Possem
866 1723 947 1749 etiam
973 1723 1076 1749 inﬁnita
1108 1724 1160 1750 alia
1183 1732 1216 1751 ex
1239 1724 1377 1751 historicis
1394 1724 1508 1755 referre,
1525 1724 1571 1758 qui
1593 1723 1692 1750 Nicctzc
1707 1730 1804 1750 nomen
1825 1721 1853 1748 in

229 1767 348 1794 secundo
361 1773 426 1792 casu
441 1766 476 1793 ita
494 1765 620 1798 eﬂ'erunt,
636 1773 722 1800 neque
738 1772 880 1801 propterea
896 1770 993 1800 pra-ter
1012 1767 1158 1801 puritatem
1175 1768 1260 1794 δι’ωοὶ
1287 1767 1423 1794 sermonis
1448 1768 1553 1795 locutos
1571 1775 1619 1794 eos
1643 1767 1728 1794 fuisse
1754 1765 1854 1800 aliquis

229 1811 388 1838 criminatus
402 1815 453 1837 est.
475 1809 515 1836 An
529 1817 595 1844 ergo
615 1814 651 1836 tot
665 1814 789 1836 auctores
811 1809 846 1836 ob
860 1810 941 1837 unius
972 1810 1084 1845 syllaba:
1117 1811 1187 1838 ntale
1201 1811 1311 1845 scriptae
1334 1811 1360 1837 in
1380 1811 1439 1845 ipso
1451 1810 1540 1841 titulo,
1559 1811 1617 1837 suis
1641 1809 1854 1837 Commentariis

230 1855 363 1890 Spnliaudi
376 1854 459 1881 sunt?
476 1854 512 1880 De
527 1853 619 1881 Niceta
632 1853 818 1883 llcraclecnsi,
829 1855 899 1880 etde
912 1855 963 1881 hac
974 1858 1068 1881 catena
1083 1855 1269 1881 tantummodo
1283 1855 1308 1881 id
1321 1854 1481 1885 decernere,
1492 1853 1525 1880 de
1539 1854 1563 1880 al
1577 1854 1599 1880 is
1613 1861 1666 1880 non
1681 1854 1756 1882 item,
1770 1852 1854 1886 λῆρος

230 1900 307 1934 plane
325 1903 407 1929 esset.
426 1899 472 1925 καὶ
484 1897 559 1924 οὐδὲν
574 1897 659 1931 ὑγιὲς.
673 1897 751 1931 Quod
767 1898 790 1925 si
807 1897 915 1925 Nicctas
930 1898 990 1924 ideo
1001 1905 1033 1924 ex
1048 1898 1099 1924 hac
1117 1903 1212 1924 catena
1225 1897 1450 1925 exterminandas
1469 1902 1521 1928 est,
1536 1897 1609 1931 quod
1626 1897 1652 1922 itt
1672 1895 1854 1922 cxscribcndo

231 1943 258 1970 in
273 1942 456 1970 declinatione
481 1947 622 1975 peccatqu
648 1947 698 1973 est,
716 1941 835 1968 fortasse
859 1941 942 1968 etiant
965 1940 1176 1975 Olympiodorus
1188 1941 1340 1973 ejiciendus
1365 1948 1397 1968 ex
1422 1941 1476 1967 hoc
1498 1940 1593 1967 eodem
1609 1947 1690 1972 opere
1706 1942 1758 1970 est,
1775 1938 1854 1972 cujus

231 1995 329 2014 nomen
344 1987 370 2014 in
386 1986 610 2013 emendatissimo
622 1985 782 2020 exemplari,
803 1984 876 2019 quod
889 1985 988 2012 asserit
1001 1984 1134 2012 l'atricius
1147 1984 1254 2017 Junius,
1269 1989 1428 2011 constanter
1450 1989 1477 2011 ct
1498 1991 1546 2018 per
1561 1983 1653 2009 omnia
1669 1983 1704 2008 ita
1721 1982 1853 2014 scriptun

232 2031 375 2066 reperitur,
390 2031 446 2065 lege
461 2029 680 2064 compositionis.
700 2033 730 2055 ut
745 2029 860 2061 videtur,
875 2029 954 2056 aliter
970 2029 1132 2064 postulante,
1149 2036 1197 2064 per
1211 2037 1234 2055 ω
1253 2029 1279 2055 in
1291 2028 1504 2063 antepenultima
1518 2027 1680 2062 exprimitur
1698 2025 1857 2059 Ὀλυμπιω-

229 2076 328 2112 δώρου.
345 2074 396 2102 Sed
413 2073 514 2100 nimius
526 2074 583 2108 ipse
595 2080 656 2100 sum
672 2072 699 2099 in
713 2072 848 2100 similibus
867 2073 1028 2100 referendis.

266 2131 378 2166 Reliqua
392 2129 518 2157 Contitoli
530 2129 683 2156 videantur.
701 2129 829 2156 Solcmne
841 2128 891 2156 luit
904 2128 1004 2156 Graeca:
1019 2128 1122 2156 nationi
1137 2128 1298 2156 adulterinis
1321 2128 1394 2156 notis
1418 2128 1501 2156 libros
1525 2133 1679 2162 aspergere.
1696 2125 1736 2152 Sit
1751 2130 1854 2152 ccrlttm

232 2181 311 2209 atque
324 2175 516 2205 indubitatum,
534 2181 622 2208 tteQIte
639 2174 712 2200 enitn
732 2180 805 2200 nunc
820 2180 870 2208 ego
890 2173 992 2200 Graecae
1018 2173 1137 2200 nationis
1155 2181 1266 2200 causam
1283 2181 1343 2208 ago.
1360 2173 1430 2206 Quid
1444 2180 1508 2207 ergo
1532 2172 1594 2198 in.lc
1614 2169 1761 2205 sequitur?
1784 2169 1857 2204 Ergo

231 2224 255 2246 et
270 2219 321 2246 hoc
340 2226 448 2253 quoque
463 2225 573 2249 nomen,
588 2224 666 2243 eraso
684 2223 747 2243 vero
763 2221 886 2247 auctore,
906 2221 1008 2243 catena:
1025 2217 1211 2251 prmlixerunt.
1227 2215 1283 2243 Hoc
1298 2224 1362 2243 vero
1387 2216 1554 2249 probandum
1569 2219 1621 2247 est,
1637 2218 1666 2240 ut
1683 2214 1710 2240 in
1725 2213 1857 2247 exemplis

231 2264 320 2290 allatis
336 2263 369 2290 de
382 2262 485 2298 Cyrillo
499 2266 526 2288 et
543 2261 660 2295 Origene
679 2260 820 2295 probatur.
849 2259 942 2295 Neque
957 2265 1099 2295 propterea
1125 2260 1218 2288 licebit
1245 2260 1391 2291 Comitolo.
1413 2260 1491 2294 pulso
1520 2259 1623 2291 hiccta,
1639 2258 1722 2285 alium
1752 2257 1856 2285 substi-

233 2312 321 2334 litClt‘.
341 2307 410 2334 Tum
426 2306 499 2333 enitn
519 2310 546 2332 cl
557 2305 584 2332 in
603 2305 676 2331 libris
691 2311 800 2339 quoque
820 2304 923 2331 Latinis
938 2303 963 2331 id
980 2303 1069 2332 facere
1088 2312 1138 2339 pro
1159 2304 1270 2331 libidittc
1282 2305 1497 2338 uniuscujusque
1510 2303 1722 2336 corum-deretur;
1738 2311 1813 2333 cum.
1827 2306 1857 2328 nt

232 2352 276 2380 ille
292 2352 338 2383 ait,
356 2351 523 2378 dissimulari
538 2356 591 2376 non
611 2349 704 2383 possit.
727 2349 811 2375 mttlta
829 2348 994 2384 llieronymo
1009 2355 1063 2374 non
1087 2347 1256 2383 Hieronymi,
1273 2348 1425 2382 Augustino
1454 2348 1538 2374 multa
1566 2346 1684 2381 ascripta
1714 2353 1774 2372 esse
1802 2353 1856 2371 non

232 2396 387 2429 Augustini.
411 2395 479 2421 llinc
507 2393 653 2423 concludet
683 2393 777 2420 nescio
793 2393 854 2427 quis
873 2393 950 2427 plane
977 2400 1031 2418 non
1059 2391 1185 2419 dissimili
1201 2397 1363 2426 argumento
1382 2401 1388 2418 :
1413 2392 1483 2425 Ergo
1500 2395 1594 2417 catt-ua
1608 2398 1667 2424 qum
1683 2393 1789 2423 prostat
1805 2388 1858 2414 sub

236 2439 344 2464 uominc
358 2439 410 2465 diri
429 2438 540 2465 Tltonne
555 2437 709 2473 Aquinatis,
725 2437 778 2464 divi
793 2436 904 2464 Thomae
922 2445 976 2464 non
990 2441 1049 2468 est,
1065 2443 1126 2463 cutn
1150 2435 1239 2462 Latini
1255 2436 1394 2463 sueveriut
1417 2434 1555 2462 nonnullis
1571 2434 1647 2460 libris
1664 2441 1695 2459 ac
1711 2432 1858 2459 volumini-

236 2481 288 2507 bus
308 2488 360 2506 non
386 2489 495 2508 suorum
519 2486 673 2512 auctorum,
689 2481 735 2508 sed
754 2481 905 2508 alienorum
926 2480 1047 2511 nomina,
1065 2481 1214 2514 titulosque
1231 2480 1348 2514 alligcrc.
1370 2479 1428 2506 luto
1448 2479 1580 2514 permulta
1599 2477 1716 2504 inlibris
1731 2484 1787 2504 sua:
1804 2475 1857 2502 So-

237 2523 352 2555 cietatis.
367 2523 389 2550 si
406 2524 476 2551 hunc
489 2525 612 2552 eumdem
630 2525 811 2552 ratiocinandi
837 2525 947 2552 ntoduttt
964 2531 1121 2559 sequemur,
1141 2524 1249 2550 decerni
1265 2524 1379 2557 possint.
1402 2523 1534 2550 Audiatur
1557 2521 1709 2549 (Tozttitolns
1723 2529 1729 2547 :
1746 2519 1857 2546 "teren-

235 2576 294 2594 mus
312 2567 339 2593 iu
360 2567 458 2593 nostris
485 2567 516 2593 In
535 2570 581 2595 huc
596 2569 655 2601 ipsa
671 2574 774 2602 catena,
790 2577 848 2603 qua
863 2569 998 2602 superiore
1020 2576 1090 2594 anno
1104 2573 1143 2595 est
1160 2568 1287 2602 impressa
1310 2566 1442 2601 Lugduni,
1457 2574 1546 2592 amton
1578 2569 1664 2592 exstat
1682 2564 1802 2599 Epistula
1819 2563 1854 2590 ad

236 2612 379 2639 Antonium
396 2611 527 2645 Cura/Tant
545 2613 706 2639 curdinalent
723 2613 939 2647 amplissimum?
956 2620 1035 2647 quam
1062 2620 1120 2638 cum
1146 2612 1268 2646 temporis
1289 2611 1430 2645 ttttgttstiw,
1442 2617 1583 2644 carumque
1600 2616 1688 2643 preces
1704 2609 1748 2642 qui
1762 2607 1858 2633 editio.

236 2665 293 2684 nunt
321 2657 456 2690 urgebant,
472 2655 503 2681 alt
528 2656 640 2682 universi
667 2657 750 2683 nostri
773 2655 873 2682 ordinis
897 2656 1062 2682 moderatore
1090 2654 1178 2680 acrius
1207 2657 1401 2687 extorquet-ent,
1419 2652 1566 2686 videretque
1595 2658 1688 2678 eorum
1718 2649 1858 2684 cupiditati

236 2701 360 2735 satisﬁeri
377 2707 427 2726 non
442 2707 525 2733 posse,
543 2700 565 2725 si
582 2709 597 2725 α
615 2707 653 2725 me
666 2700 842 2733 exspectanda
864 2699 975 2727 Romam
993 2703 1050 2726 erat
1071 2698 1204 2733 Epistola,
1228 2697 1285 2731 ejus
1295 2696 1439 2723 scribenda:
1465 2695 1562 2722 diserto
1589 2694 1676 2722 sodali
1702 2694 1794 2720 datum
1815 2697 1855 2719 est

237 2747 369 2781 negotium
387 2753 396 2772 :
412 2752 494 2779 neque
511 2752 540 2771 ea
564 2751 591 2770 re
610 2745 736 2770 mentitur
750 2744 880 2779 Epistola,
899 2745 968 2779 quod
990 2752 1041 2770 non
1059 2744 1093 2770 sit
1111 2747 1247 2769 auctorem
1272 2740 1386 2767 Paulum
1404 2745 1500 2771 nacta;
1514 2739 1612 2772 prodiit
1629 2739 1698 2764 cnim
1716 2738 1772 2770 ipsa
1791 2743 1856 2781 meo:

237 2799 336 2824 mirque
359 2790 430 2817 lenis
454 2789 568 2823 Ιοσιιριει
596 2787 751 2820 minutalia,
772 2789 897 2824 illumque
911 2790 988 2823 quasi
1005 2788 1104 2822 prolem
1132 2795 1215 2813 meum
1233 2785 1337 2820 agnoui.
1355 2784 1438 2817 Quasi
1454 2791 1517 2811 vero
1533 2781 1700 2815 integerrimi
1715 2780 1859 2808 sanctissi-

241 2823 329 2868 mith
347 2834 450 2865 Patres,
464 2838 490 2861 ct
506 2833 641 2868 pra-cipue
657 2833 722 2858 tanti
743 2833 845 2860 ordinis
870 2834 1037 2864 tnmlerator,
1057 2831 1220 2866 Scriptioncs
1233 2831 1311 2864 jussu
1324 2837 1374 2856 suo
1393 2829 1427 2856 ab
1446 2829 1495 2855 hoc
1510 2827 1551 2854 vel
1578 2827 1624 2853 illo
1650 2824 1736 2852 sodali
1760 2823 1855 2868 factas,

241 2867 305 2904 nutu
322 2886 371 2905 suo
388 2878 448 2904 aliis
462 2886 494 2904 ex
507 2867 576 2904 rsuis
599 2876 757 2906 distribuat,
774 2880 800 2903 et
822 2876 926 2904 alienos
943 2876 1061 2907 labores,
1081 2875 1123 2902 (ui
1149 2874 1199 2908 ipsi
1225 2873 1333 2900 libuerit
1350 2877 1493 2908 sitpponat.
1508 2871 1560 2898 Sed
1575 2870 1628 2897 vim
1642 2868 1796 2903 argumenti
1817 2867 1858 2893 in-

240 2922 394 2957 spniamns.
414 2922 499 2951 Gncci
513 2922 576 2950 item
590 2926 670 2956 atque
687 2919 776 2947 Latini
805 2921 889 2948 tnulta
916 2920 1017 2948 auctori
1041 2927 1094 2947 non
1112 2926 1162 2947 suo
1183 2917 1260 2945 falsis
1281 2917 1506 2953 inscriptic-nibus
1531 2915 1643 2947 donant,
1659 2918 1686 2941 et
1709 2911 1856 2947 aliquando
