2088 3159
248 187 302 220 539
857 188 1016 218 NICETAS
1036 189 1072 218 SE

1052 189 1268 220 LERRONIUS.
1825 191 1876 223 [40

248 244 404 272 moderator
425 245 568 272 Sociclatis
580 244 728 279 Epistulam
744 245 778 271 ab
791 245 844 271 alio
864 246 1003 280 scriptam,
1022 247 1133 281 periule
1161 251 1243 281 atque
1269 248 1290 275 si
1323 247 1422 277 Paulus
1446 250 1598 278 Comitolns
1629 257 1687 277 cam
1709 250 1877 283 scripsisset,

249 289 410 323 publicarit.
429 288 497 322 Ergo
512 293 606 314 catena
625 288 650 314 in
668 287 766 314 Jubum
784 297 797 315 a
817 289 952 316 Comi'olo
975 298 1064 321 versa,
1088 290 1151 317 licet
1175 290 1276 318 Nicetat
1299 300 1397 319 nomen
1419 295 1557 328 pra-ferat.
1573 295 1673 322 Nicone
1690 302 1741 320 non
1756 299 1807 320 est.
1824 294 1878 320 An-

249 340 303 359 non
320 332 434 359 solidius
447 331 626 358 conclusisset
638 336 760 358 catenam
780 333 877 366 ipsam,
891 340 952 367 qum
968 333 1018 360 sub
1037 334 1163 361 Comitoli
1188 336 1298 362 nomine
1315 345 1380 363 cusa
1395 342 1445 366 est.
1463 338 1591 365 Comitoli
1611 346 1663 365 non
1679 337 1762 364 esse?
1777 337 1805 363 Et
1825 345 1877 370 qua

249 377 276 403 in
306 382 444 410 posterum
474 376 638 403 ccrtitudinc
664 377 722 404 suis
745 377 905 404 auctoribus
936 381 1070 404 tractatus
1094 381 1122 403 et
1139 377 1223 403 libros
1256 377 1468 408 vimlicabimus.
1489 379 1511 406 si
1538 379 1648 413 pondus
1665 379 1777 414 aliquod
1794 387 1876 412 argu-

252 425 376 446 mentum
395 420 446 446 hoc
461 419 486 446 in
505 428 533 447 se
548 420 720 446 contineret?
738 421 817 447 Ccrtc
835 421 919 448 nulla.
936 421 989 456 Par
1002 420 1073 446 enim
1090 426 1171 454 a‘que
1187 428 1271 447 unum
1290 423 1411 448 omnium
1431 422 1563 454 judicium
1581 423 1643 449 crit.

285 464 355 496 Quid
374 471 455 498 porro
475 472 523 498 pro
537 463 732 499 Olympiodoro
749 472 799 491 suo
811 465 975 499 argutatur?
995 464 1059 497 Qua'
1075 465 1201 498 superius
1216 465 1332 492 breviter
1350 467 1549 500 csprcssimus.
1574 466 1606 493 Et
1627 467 1729 493 diccrct
1755 466 1878 493 fortass's

250 508 363 540 a‘iqnid,
382 509 403 535 si
421 507 606 544 Oiympiodori
626 509 706 535 verba
722 508 765 535 illa
779 514 880 536 essent.
893 509 925 535 At
941 516 1001 535 cum
1017 508 1137 535 aucturis
1159 513 1260 535 catenae
1281 509 1345 538 sint.
1363 510 1464 537 frustra
1490 515 1529 537 tot
1553 511 1657 545 aggerit
1681 510 1814 544 exeuipla.
1832 512 1880 534 So-

251 551 266 578 l-
279 556 308 577 nl
323 552 426 578 sciliert
447 552 634 586 hujuscemodi
653 553 846 579 tractationum
864 558 999 584 auctores,
1017 560 1050 578 ne
1068 552 1209 579 sententia.-
1224 553 1311 579 allata:
1333 553 1454 580 clumch
1478 559 1558 587 atquc
1576 554 1724 582 dissolutas.
1747 554 1879 580 orationis

252 596 350 622 seriem
385 596 531 632 infrirgcre
556 597 708 627 videantur,
737 597 838 631 aliquid
868 597 901 624 de
931 605 982 624 suo
1016 597 1155 626 addentes.
1184 596 1308 630 apposito
1331 597 1411 623 veluti
1453 597 1571 627 vinculo.
1603 597 1788 623 antecedentia
1816 605 1878 623 cmn

253 640 484 673 subsequentibus
504 640 640 675 colligere.
656 640 682 666 ld
701 640 779 667 facile
794 641 1012 674 deprehenderit,
1030 643 1075 675 qui
1099 648 1208 669 catenas
1236 643 1373 676 antiquas.
1391 648 1418 670 et
1442 644 1555 678 hujusce
1580 644 1680 670 Nicclas
1708 644 1878 677 potissimum

253 684 397 710 examinet.
411 683 542 718 Namque,
561 684 634 711 verbi
652 684 747 718 gratia,
763 692 823 711 cum
843 685 904 711 dure
925 685 965 711 viil
983 691 1037 713 tres
1053 686 1169 719 alicujus
1180 687 1360 721 expositionis
1387 696 1478 715 causze
1496 696 1550 714 non
1579 689 1613 714 ab
1636 689 1730 714 codem
1756 693 1880 718 auctore,

254 727 300 753 scd
320 735 334 753 a
353 727 469 755 diversis
490 727 649 758 redduntur,
670 727 712 754 ille
724 729 755 754 de
771 735 820 755 suo
831 728 900 755 solet
915 729 1035 756 addere:
1054 729 1154 764 Dup’ca:
1173 735 1211 757 cst
1231 730 1310 764 hujus
1326 731 1378 757 loci
1400 732 1539 765 expositio,
1558 736 1603 757 aut
1615 732 1682 757 enim
1701 731 1749 758 hoc
1764 731 1840 759 dicit.
1855 736 1881 757 et

255 776 347 804 postea
362 779 459 798 notncn
477 772 597 798 auctoris
611 772 745 806 appingit;
759 779 844 806 caque
859 772 991 799 sententia
1008 772 1094 805 finita,
1113 773 1187 807 ponit
1209 775 1288 801 verba
1306 775 1350 802 illa
1366 784 1373 801 :
1392 776 1444 801 Aut
1465 776 1492 802 id
1508 776 1594 810 potius
1614 775 1764 810 signiﬁcare
1777 775 1879 806 voluit,-

254 819 280 840 et
297 820 351 840 tum
368 815 481 842 a'tcrius
499 823 598 842 nomen
616 815 907 848 sulnlitJllultiplexest
925 815 965 842 his
981 816 1064 843 verbis
1082 818 1196 851 subjecta
1214 819 1355 851 sententia,
1372 824 1417 845 aut
1432 819 1500 845 enim
1513 819 1561 845 hoc
1574 819 1660 850 dicit;
1673 823 1730 845 tum
1745 817 1881 852 profertur

256 861 388 887 srntentia
399 868 430 887 cx
447 860 536 894 aliquo
549 865 667 887 auctore.
686 860 861 887 Postmoduin
876 860 1029 894 subjicitur,
1042 861 1095 888 Aut
1119 869 1177 888 t'ero
1198 862 1247 889 hoc
1262 862 1346 895 aliud,
1361 866 1387 890 et
1403 863 1512 890 similia.
1528 863 1560 889 Et
1574 871 1635 890 cum
1660 863 1710 890 ista
1734 861 1883 889 sententia-

257 912 316 930 rum
335 905 468 932 connexio
485 905 517 932 de
533 906 686 932 substantia
704 913 793 931 rerum
807 905 872 932 nihil
892 909 988 936 mutet,
1007 913 1061 932 non
1074 912 1143 939 opus
1167 909 1225 932 erat
1246 905 1272 932 in
1296 905 1372 933 hisce
1389 906 1509 934 verbulis
1523 913 1663 934 auctorem
1682 910 1784 933 catena:
1800 913 1881 932 suum

255 955 353 974 nomen
365 956 510 982 apponere.
529 948 667 976 Undenam
686 949 712 975 id
733 949 866 976 habeam?
881 949 954 976 dicet
968 949 1128 976 Comitolus.
1142 949 1179 976 Ex
1200 949 1257 984 ipsa
1274 953 1430 976 catenarum
1449 954 1557 978 natura.
1569 949 1628 976 Non
1643 949 1748 984 placet?
1762 949 1859 976 Audiat
1874 957 1882 976 ε

256 992 347 1018 Potuit
362 993 387 1018 id
408 992 441 1020 ita
460 992 527 1019 fieri.
541 993 702 1019 Contemnet
720 993 775 1020 lure
790 993 962 1020 Comitolus‘!
980 998 1136 1020 contemnat
1150 1000 1214 1028 ergo
1230 997 1258 1020 ct
1271 993 1317 1020 illa
1335 986 1395 1025 sua,
1416 993 1480 1020 dum
1498 993 1620 1021 Nicctam
1639 999 1786 1028 oppugnat,
1802 993 1882 1020 toties

257 1035 391 1063 inculcata
409 1045 416 1063 :
436 1036 526 1063 Potuit
556 1036 760 1071 Olympiodorus
790 1046 805 1063 a
831 1038 914 1072 primo
934 1038 1049 1072 integras
1077 1036 1264 1071 absolutusque
1286 1037 1515 1070 interpretationes
1538 1038 1649 1072 singulis
1666 1038 1782 1064 historia!
1799 1044 1884 1064 sacrm

255 1079 375 1112 partibus
387 1080 548 1112 adhibuisse,
567 1085 619 1107 etc.
636 1079 727 1106 Potuit
741 1083 826 1114 prium
836 1087 958 1115 separato
974 1081 1180 1113 Commentario,
1194 1086 1246 1108 etc.
1266 1082 1358 1108 Potuit
1371 1090 1482 1108 suarum
1499 1083 1687 1108 sententiarum
1700 1089 1732 1107 ac
1748 1081 1884 1108 verborum

254 1122 393 1150 selectione
422 1129 508 1157 utens,
535 1129 587 1151 etc.
605 1123 633 1150 Si
666 1124 710 1150 ille
735 1124 799 1159 quia
827 1125 927 1159 potuit,
952 1125 1032 1157 fecit;
1064 1132 1149 1159 quare
1174 1132 1228 1152 non
1246 1130 1273 1152 et
1294 1124 1413 1157 Nicetas,
1430 1125 1478 1160 qui
1493 1125 1559 1160 jnon
1580 1125 1671 1152 minus
1685 1123 1883 1160 Olympiodoro

255 1168 365 1201 potuit?
1372 1171 1376 1173 “

293 1210 326 1237 Ut
344 1219 408 1238 vero
424 1211 456 1238 de
468 1211 593 1239 formulis
606 1212 640 1239 ab
655 1212 850 1248 Olympiodoro
867 1213 1005 1247 usurpatis
1018 1212 1119 1248 aliquid
1135 1214 1263 1242 exactius
1277 1214 1423 1246 habeatur,
1438 1214 1555 1241 dicimus
1569 1212 1793 1249 Olympiodorum
1811 1211 1884 1240 hunc

255 1255 402 1281 diaconum
419 1255 634 1282 Alexandrinum
659 1264 673 1282 a
703 1255 808 1283 Joanne
822 1257 1031 1291 archiepiscopo
1059 1257 1253 1290 Alexandrino,
1278 1262 1458 1293 cognomento
1474 1258 1590 1289 Nieiota,
1611 1262 1776 1292 promotum.
1795 1257 1886 1284 varios

256 1305 341 1325 sacra:
353 1298 499 1334 Scriptum:
517 1299 600 1326 libros
613 1299 671 1327 suis
684 1300 900 1334 expositionibus
917 1301 1068 1328 clucidasse
1082 1302 1132 1333 sic.
1144 1306 1174 1329 ut
1190 1306 1253 1329 ante
1265 1302 1372 1336 singula
1390 1301 1479 1336 capita
1501 1309 1566 1328 suas
1584 1301 1755 1336 protheorias
1781 1301 1885 1327 scribe-

256 1348 307 1372 rel.
325 1343 426 1377 quibus
446 1343 584 1370 succincte
601 1348 628 1370 et
649 1343 767 1370 breviter
783 1349 973 1379 argumentum
997 1349 1024 1372 et
1053 1353 1132 1373 sensa
1158 1350 1334 1381 proponeret,
1352 1349 1446 1380 postea
1476 1353 1542 1373 suas
1567 1345 1763 1379 expositiones,
1783 1351 1887 1378 easque

257 1385 433 1413 brevissimus
447 1386 635 1421 subjungerrt,
653 1391 681 1413 ut
697 1387 788 1414 vidcrc
805 1387 922 1422 quisque
939 1388 1036 1422 poterit.
1061 1389 1087 1415 in
1111 1389 1331 1424 Expositiouihus
1359 1389 1393 1416 ab
1419 1389 1514 1416 eodem
1529 1388 1702 1416 concinnatis
1715 1388 1741 1414 in
1759 1387 1888 1415 .lcremia:

257 1428 426 1463 Prophctias.
442 1429 661 1458 Lamentationes
675 1436 700 1457 ct
715 1430 861 1465 Epistolas,
880 1439 983 1459 necnon
997 1432 1021 1459 iu
1040 1431 1172 1461 vaticinia
1194 1433 1311 1465 Baruch,
1324 1441 1385 1468 qua:
1398 1433 1423 1460 in
1434 1433 1637 1467 antiquissimo.
1649 1435 1763 1468 optimo,
1784 1437 1810 1459 et
1824 1439 1887 1458 vere

257 1482 339 1501 aureo
354 1474 446 1502 codice
459 1475 634 1503 bibliotheca:
650 1475 805 1503 Barherinae
820 1482 1005 1504 asscrvantur.
1024 1477 1057 1505 Ut
1072 1486 1136 1505 vero
1158 1486 1224 1506 suas
1245 1478 1417 1513 protheorias
1435 1482 1463 1505 et
1483 1478 1678 1512 explicationes
1699 1481 1888 1507 connecterct,

259 1513 386 1544 formulis
400 1518 462 1551 illis,
481 1527 549 1554 quas
568 1519 671 1554 colligit
687 1519 850 1552 Comitolus,
869 1521 952 1547 utitur
970 1522 1073 1556 :Atque
1086 1522 1112 1548 in
1131 1522 1171 1549 Itis
1185 1527 1263 1556 caput
1279 1523 1395 1556 primum
1409 1522 1490 1548 situm
1505 1527 1542 1548 est
1560 1529 1569 1547 :
1585 1529 1654 1548 nunc
1665 1521 1698 1547 ad
1719 1520 1826 1547 secundi
1840 1527 1887 1546 ra-

257 1562 320 1596 pi'is
335 1562 515 1596 protltem'iam
531 1563 747 1598 aggrediendum.
766 1564 817 1591 Sed
832 1565 864 1591 de
877 1566 991 1592 secundo
1013 1567 1099 1600 capite
1118 1570 1268 1593 tractemus.
1285 1565 1376 1600 Igitur
1398 1565 1493 1600 capitis
1517 1565 1588 1591 tertii
1608 1564 1784 1598 protheariam
1806 1563 1887 1589 iusti-

258 1611 359 1634 tuentes
373 1607 495 1634 dicimus.
516 1607 600 1642 Atque
619 1608 771 1642 huiusmodi
800 1613 838 1635 est
863 1610 1028 1643 superiorum
1053 1618 1173 1637 versuum
1199 1610 1347 1641 sententia;
1362 1617 1447 1642 operas
1476 1609 1589 1643 pretium
1605 1613 1692 1635 tamen
1706 1612 1754 1639 est,
1769 1607 1887 1641 singulos

257 1659 347 1677 tvm-sus
375 1659 493 1678 seorsum
522 1660 659 1686 expauere.
677 1655 729 1678 Αιιι
754 1661 787 1680 ea:
809 1653 896 1687 priore
917 1654 1130 1687 interpretatione
1146 1654 1268 1681 debemus
1284 1653 1448 1688 intelligere;
1463 1657 1509 1679 aut
1532 1660 1592 1679 ocra
1615 1651 1649 1678 ad
1669 1652 1716 1678 illa
1739 1652 1795 1685 ipsa
1810 1651 1887 1678 urbe

257 1697 324 1721 hunc
351 1696 508 1722 sententia»:
535 1697 757 1723 accommodobis.
773 1697 856 1732 Atque
881 1697 936 1724 ha'c
957 1702 996 1724 est
1017 1697 1100 1724 verbis
1115 1697 1175 1725 Jubi
1189 1698 1307 1731 subjecta
1331 1697 1473 1727 sententia,
1486 1697 1606 1730 deinceps
1621 1696 1725 1730 singula
1741 1696 1887 1722 videamus.

260 1739 340 1767 Nunc
354 1741 438 1776 igitur
452 1742 486 1767 ad
505 1741 633 1775 reliquam
650 1742 892 1776 interpretationem
919 1750 1069 1776 pergamus.
1095 1743 1127 1768 Et
1152 1742 1224 1776 quod
1243 1742 1279 1768 illi
1310 1741 1506 1768 validissimum
1535 1741 1663 1766 videtur:
1682 1739 1751 1774 Ergo
1768 1740 1890 1766 historia:

257 1783 320 1810 Jobi
336 1785 421 1818 prima
437 1790 514 1819 atque
534 1791 651 1812 extrema
672 1790 733 1812 sunt
756 1785 920 1819 hujusmodi.
935 1785 1018 1819 Atque
1037 1787 1074 1812 ita
1094 1789 1133 1812 est
1149 1785 1224 1811 nobis
1238 1785 1315 1818 hujus
1337 1785 1419 1818 ipsius
1438 1784 1501 1810 libri
1514 1784 1666 1818 explanatio
1682 1784 1717 1809 ad
1728 1784 1827 1809 exitum
1841 1785 1889 1808 ml-

260 1828 350 1854 ducta.
365 1828 441 1861 Quod
458 1829 480 1855 si
493 1829 620 1856 nonnulla
638 1831 788 1863 conjectura
802 1831 899 1863 potius,
918 1838 997 1864 quam
1016 1834 1087 1856 certa
1105 1829 1332 1864 comprehensione
1348 1829 1421 1855 ducti
1436 1829 1602 1862 interpretati
1620 1836 1721 1857 sumus.
1737 1836 1800 1854 sane
1815 1832 1884 1854 certo

260 1873 287 1898 id
300 1881 345 1899 nec
359 1881 375 1899 a
391 1873 483 1907 primi.»-
500 1873 584 1904 uobis,
597 1882 643 1900 nec
667 1882 682 1899 (ι
702 1874 766 1900 solis
786 1879 823 1900 cst
839 1874 1000 1908 factitatum.
1017 1873 1068 1901 Sed
1083 1873 1131 1900 hoc
1145 1873 1231 1908 ipsum
1245 1881 1305 1899 cum
1320 1873 1352 1899 iis
1368 1872 1488 1899 omnibus
1514 1872 1564 1905 fuit
1581 1873 1654 1898 nobis
1675 1880 1821 1901 commune.
1837 1871 1883 1905 qui

259 1917 338 1951 hujus
353 1917 415 1944 libri
431 1918 584 1952 interpretes
602 1923 625 1944 et
641 1918 825 1952 explanatores
842 1918 960 1952 fuerunt.
978 1918 1033 1945 Has
1052 1917 1142 1953 itaque
1168 1917 1311 1948 formulas,
1328 1923 1398 1951 quas
1413 1915 1633 1951 Olympiodorus,
1651 1915 1673 1943 si
1688 1920 1779 1942 tamen
1795 1915 1888 1950 Olym-

261 1961 365 1995 piodori
393 1966 467 1993 sunt,
495 1962 521 1988 in
555 1969 604 1988 sua
636 1962 859 1996 interpretatione
877 1961 935 1988 Jobi
960 1967 1146 1996 usttrpavcrat,
1164 1965 1260 1989 auctor
1281 1965 1384 1988 catente
1397 1967 1460 1987 cum
1480 1960 1512 1986 ad
1532 1959 1681 1987 sententias
1702 1959 1888 1993 expositorum

261 2005 429 2040 colligandas
443 2005 594 2040 judicassct
611 2006 780 2040 aptissimas,
797 2014 829 2032 ne
847 2006 879 2032 de
895 2013 946 2032 suo
962 2005 1052 2033 minus
1064 2005 1169 2039 aptiora
1182 2009 1341 2039 apponeret,
1360 2003 1387 2029 in
1407 2006 1536 2030 contextu
1561 2007 1664 2029 catenae
1680 2001 1842 2030 immiscuit.
1861 2005 1891 2026 ut

261 2050 459 2076 connexionem
478 2050 560 2076 etiam
577 2056 608 2075 ex
625 2050 734 2080 alienis,
750 2050 980 2083 quemadmodum
999 2055 1026 2076 et
1044 2049 1147 2083 reliqua
1165 2049 1231 2080 alia,
1247 2046 1469 2082 ingeniosissime
1487 2052 1662 2080 comparasse
1677 2045 1890 2071 demonstraret.

263 2091 296 2118 Et
311 2100 366 2118 rem
384 2092 419 2118 ita
435 2099 464 2118 sc
481 2092 582 2118 habere
603 2093 745 2126 perspicue
763 2093 903 2127 intelliget.
920 2093 967 2126 qui
994 2093 1075 2120 hasce
1098 2092 1195 2118 allatas
1210 2099 1224 2117 a
1241 2090 1377 2118 Comitolo
1397 2098 1458 2116 cum
1474 2090 1587 2124 reliquis
1610 2088 1806 2124 Olympiodori,
1823 2095 1892 2122 qua-

262 2143 321 2161 rum
337 2142 419 2168 supra
434 2134 609 2161 meminimus
626 2135 651 2161 in
677 2135 822 2163 Jeremiam
845 2140 872 2163 et
892 2135 998 2162 Baruch
1023 2135 1247 2169 Expositionibus
1261 2136 1392 2162 conferet.
1412 2133 1444 2161 Et
1464 2134 1504 2161 hat
1527 2138 1626 2160 nostra“.
1658 2132 1822 2166 conjectura:
1843 2138 1892 2165 pro

264 2179 356 2205 Nccta
372 2179 503 2205 adversus
519 2179 741 2213 Olympiodorum
757 2184 831 2207 sunt.
850 2180 1063 2207 Committantur
1077 2179 1168 2213 itaque
1194 2178 1357 2212 conjectum
1374 2186 1434 2205 cum
1463 2177 1637 2212 conjecturis,
1651 2181 1677 2204 et
1692 2183 1756 2203 vero
1776 2175 1892 2203 similiu-

263 2222 340 2248 tibus
354 2221 520 2248 attcndatur.
537 2221 632 2256 Neque
649 2222 721 2249 enim
740 2223 764 2249 id
780 2223 848 2249 mihi
864 2230 963 2255 arrogo
981 2227 1085 2249 certum
1107 2221 1221 2256 hujusce
1240 2225 1343 2249 catena:
1362 2227 1512 2256 parentem.
1529 2229 1544 2248 e
1560 2221 1678 2249 tenebris
1694 2224 1801 2247 erutum
1819 2218 1892 2245 anti-

263 2265 376 2298 quitatis
405 2270 467 2292 ante
495 2266 668 2292 curiosorum
696 2266 791 2294 oculos
809 2274 921 2300 ponere.
938 2270 964 2293 ct
994 2266 1120 2293 latentem
1142 2266 1168 2292 itt
1190 2271 1314 2301 apertum
1337 2267 1462 2293 educere.
1480 2265 1523 2298 Et,
1546 2270 1575 2292 ut
1596 2266 1713 2300 ingenue
1731 2264 1828 2294 fatear,
1842 2270 1892 2296 pro

264 2309 460 2345 Olympiodoro
479 2317 668 2345 argumentum
699 2310 919 2338 efﬁcacissimum
947 2310 1038 2343 fuerit,
1062 2309 1156 2338 Patres
1183 2310 1210 2337 in
1236 2311 1288 2337 hac
1310 2315 1402 2337 catena
1430 2310 1564 2341 laudatos,
1585 2317 1680 2336 onutes
1705 2313 1766 2335 ante
1791 2315 1892 2334 annum

264 2353 507 2385 sescentesimum,
524 2354 597 2380 circa
627 2363 687 2388 quae
715 2360 835 2389 tetnpora
859 2354 1082 2390 Olympiodorum
1115 2362 1222 2389 quoque
1249 2354 1374 2381 floruisse
1392 2362 1455 2380 vero
1482 2353 1650 2380 simillimum
1665 2357 1718 2383 est,
1737 2352 1893 2386 scripsisse,

265 2399 426 2432 nullumque
450 2398 494 2432 qui
521 2404 583 2433 post
602 2399 626 2425 id
645 2404 751 2432 tempus
771 2399 892 2426 ﬂoruerit
909 2399 1019 2426 adduci.
1035 2398 1110 2431 Quod
1127 2398 1221 2431 utique
1242 2404 1295 2423 non
1310 2395 1375 2422 facit
1400 2395 1517 2425 Nicetas,
1542 2395 1588 2429 qui
1605 2403 1665 2422 cum
1684 2394 1729 2421 illo
1746 2395 1825 2428 longe
1849 2401 1895 2420 re-

263 2442 371 2469 centior
392 2443 437 2475 sit,
456 2443 538 2470 multa
558 2451 588 2469 ex
608 2443 736 2470 Simeone
747 2443 939 2478 llictaphrastc.
956 2442 1050 2470 Niceta
1068 2442 1179 2473 Davide,
1190 2440 1295 2468 Joanne
1308 2439 1485 2468 Damasceno.
1499 2438 1607 2465 Joanne
1623 2437 1779 2468 Geometra,
1794 2437 1892 2464 Costna

266 2487 401 2513 monacho
422 2491 448 2513 ct
462 2487 532 2518 aliis.
548 2487 593 2521 qui
620 2492 681 2521 post
704 2495 734 2514 ea
759 2491 880 2522 tempora
900 2488 1038 2519 vixerunt,
1054 2487 1080 2514 in
1095 2487 1152 2514 suis
1170 2487 1275 2514 catenis
1296 2490 1447 2512 mutuatur.
1467 2484 1493 2511 ld
1509 2486 1532 2512 si
1556 2483 1687 2511 momenti
1704 2483 1820 2517 alicujus
1837 2489 1891 2508 non

267 2536 320 2560 νει,
341 2532 433 2558 nescio
446 2532 508 2566 quid
527 2532 599 2558 aliud
617 2532 698 2559 fuerit
714 2542 720 2559 :
739 2539 792 2558 non
809 2532 909 2559 evincit
927 2537 1028 2564 tamen,
1049 2531 1270 2567 Olympiodorum
1289 2530 1402 2564 hujusce
1420 2535 1522 2556 catena:
1540 2532 1680 2555 auctorem
1703 2527 1788 2554 fuisse
1805 2535 1812 2552 :
1831 2533 1893 2552 cutn

267 2574 359 2602 forsan
375 2583 406 2602 cx
428 2575 469 2602 ltis
486 2576 525 2602 vel
538 2576 598 2603 aliis
613 2576 792 2610 scriptoribus
808 2576 1015 2607 recentioribus,
1031 2577 1102 2610 quod
1118 2576 1150 2602 ad
1172 2575 1339 2609 propoaitum
1361 2573 1471 2603 faceret.
1499 2572 1540 2600 vel
1564 2580 1616 2598 non
1636 2570 1779 2601 invenerit.
1796 2569 1837 2596 vel
1855 2569 1896 2595 in-

267 2625 390 2651 ventum,
410 2621 593 2655 prolixitatem
613 2621 755 2656 cll‘ugiu-ns,
771 2615 928 2655 neglexerit,
950 2620 1094 2654 przccipuis
1115 2618 1302 2645 tantummodo
1326 2617 1453 2644 l'alribus
1472 2617 1498 2643 in
1517 2616 1567 2643 hac
1590 2614 1764 2649 Expositione
1785 2619 1896 2640 conten-

267 2669 322 2692 tus.
337 2664 430 2700 Neque
447 2665 519 2692 enim
533 2665 624 2692 omnia
640 2665 771 2692 adnotare
787 2672 884 2692 oinnes
901 2665 1039 2698 cogimur;
1068 2663 1113 2690 sed
1132 2663 1240 2697 genium
1253 2662 1370 2697 quisque
1385 2661 1510 2695 sequitur
1525 2668 1617 2688 suum.
1800 2669 1805 2671 λ

305 2722 458 2756 Antequam
471 2721 572 2753 finiam,
585 2720 650 2747 illud
662 2722 744 2747 etiam
759 2721 932 2754 subjungam,
947 2720 973 2746 in
991 2726 1131 2746 sermones
1144 2718 1265 2752 Gregorii
1278 2718 1437 2746 Nazianzeni
1448 2722 1555 2745 exstare
1563 2722 1619 2744 tum
1634 2715 1897 2744 Nicetzrllcraclccn-

271 2766 320 2798 sis,
334 2771 390 2792 tttm
407 2766 472 2792 Elia;
484 2764 845 2797 CretensisCommentario,
855 2771 886 2791 ea
902 2763 1088 2794 distinctione,

1073 2772 1088 2794 τ,
1097 2769 1126 2790 ιιι
1135 2762 1234 2790 Nicena
1245 2762 1300 2789 sint
1314 2763 1353 2793 εἰς
1363 2763 1423 2793 τοὺς
1440 2762 1536 2796 λόγους
1546 2761 1609 2791 τοὺς
1617 2759 1897 2792 ἁναγινωσκομένους.

270 2811 298 2836 in
311 2817 443 2836 sermones
457 2809 500 2842 qui
515 2808 648 2844 teguntur.
668 2807 742 2841 Elim,
756 2808 782 2835 in
796 2815 938 2837 sermones
952 2809 1014 2839 τοὺς
1031 2808 1068 2842 μὴ
1086 2808 1094 2833 ἑ

1086 2807 1367 2840 ἁναγινωσκομὲνηυς,
1385 2807 1410 2832 in
1430 2814 1473 2832 eos
1494 2806 1539 2840 qui
1564 2813 1615 2831 non
1638 2804 1769 2838 leguntur.
1789 2802 1895 2828 Primos

274 2853 420 2885 sexdecim.
435 2852 573 2880 secundos
585 2851 801 2887 vigintiquinque
821 2857 975 2879 numerant.
991 2851 1129 2884 Quaeritur
1143 2858 1157 2878 a
1176 2851 1314 2878 nonnullis
1328 2850 1459 2877 vocabula
1481 2850 1539 2876 haec
1558 2848 1623 2883 quid
1640 2848 1714 2875 sint?
1728 2845 1755 2872 In
1770 2849 1896 2880 promptu

275 2897 420 2931 responsio
437 2902 495 2925 est:
513 2895 763 2930 ἀναγινωσκόμενοι
789 2901 863 2929 sunt,
879 2897 924 2931 qui
943 2896 968 2923 in
987 2895 1115 2924 Ecclcsiis
1140 2895 1201 2930 legi,
1220 2895 1451 2929 qucmadmolum
1470 2899 1496 2922 ct
1512 2893 1630 2921 aliorum
1655 2891 1763 2919 Patrutu
1793 2888 1896 2923 scripta
