2088 3159
205 190 256 220 553

611 188 754 218 ORATIO
777 188 816 218 IN
836 187 1129 217 CONCEPTIONEM
1155 187 1207 216 SS.
1230 185 1417 216 DEIPARJE.

1775 189 1828 220 15‘.

204 246 346 279 ἐξετάσει,
377 244 572 281 ἀκριϐέστατος
601 243 765 279 λογοθέτης·
793 243 880 274 οὕτως
913 243 988 274 Θείας

1043 247 1068 269 ιιι
1081 243 1106 269 in
1127 242 1230 276 legibus
1250 241 1431 276 adimpleudis
1446 241 1510 268 etin
1527 241 1640 271 occultis
1655 243 1829 271 conscientia:

202 294 296 327 ἠγεῖτο
318 291 352 318 τὰ
368 292 430 326 περὶ
446 291 528 317 αξιτοῦ
553 290 682 325 προνοίας
701 290 818 317 ᾶπαντα.
840 288 889 315 Διὰ
911 288 989 314 τοῦτο

205 339 236 366 οὐ
253 337 392 372 διηνέχθη,
409 337 439 363 οὐ
460 337 516 368 τοῖς
535 336 625 370 λόγοις
644 335 836 369 ἁντικατέστη,
853 334 884 360 ού
899 333 930 360 τὸ
952 333 989 368 μὴ

202 384 372 412 κεκωλῦσθαι
386 383 439 409 τῶν
457 383 559 417 ἐθίμων
577 382 673 417 μέχρις
696 381 816 407 ἐκείνου·
836 380 880 406 διά
902 388 930 406 τε
960 379 990 404 τὸ

200 430 247 457 τοῦ
263 430 319 465 βίου
336 430 383 456 καὶ
400 429 429 455 τὸ
452 429 506 454 τῶν
525 428 634 463 δωρεῶν
647 427 840 462 ἀνεπίληπτον,
858 425 990 460 προσελά-

201 477 280 503 ϐετο·
307 476 365 502 ἀλλ’
385 475 453 511 ὁμοῦ
477 484 505 501 τε
527 474 575 509 τὴν
603 474 638 501 δι⁹
663 473 815 508 ὀνειδισμοῦ
844 471 989 506 ἐπίπληξιν

209 521 371 554 εἰσεδέξατο,
393 521 439 547 καὶ
459 521 504 547 ἐπὶ
529 520 573 546 τὸν
587 520 641 546 τῶν
663 519 825 554 ἀπορρήτων
842 518 989 552 ἐξεταστὴν

201 568 369 603 καταφεύγει
386 567 452 594 Θεὸν
464 574 473 583 ·
486 567 532 594 καὶ
546 567 594 602 τὴν
608 567 725 602 ἐρημίαν
744 567 780 597 ὼς
796 565 926 600 συνεργὸν
938 566 988 599 τῆς

201 614 268 649 πρὸς
284 615 330 640 τὸν
356 613 420 640 Θεὸν
446 613 554 648 ὁμιλίας
576 612 804 647 καταλαμϐάνει·
823 613 890 647 μήτε
918 612 988 645 αὐτῇ

199 662 232 696 τῇ
249 660 364 695 συνοίκῳ
377 660 424 686 καὶ
439 659 613 694 ὁμογνώμονι
626 660 732 693 φανεὶς,
753 658 769 694 ἢ
787 657 989 693 κοινωσάμενος

198 707 247 742 τὴν
276 706 399 741 γνώμην,
429 706 497 741 μήτε
517 707 572 737 τοῖς
597 706 657 732 κατ’
679 703 753 731 οἷκον
775 704 824 740 τὴν
843 705 908 739 περὶ
935 703 989 730 τῶν

191 753 277 792 1ἐκτὸς
297 752 456 786 ἐπιμέλειαν
471 751 637 786 διαθέμενος.
659 752 707 782 Τίς
721 751 849 786 τοιαύτην
866 751 916 776 κάν
932 750 989 780 τοῖς

198 799 260 826 καθ’
280 799 353 833 ἡμᾶς
375 799 469 825 ἐλπίδα
494 798 561 834 πρὸς
582 799 648 825 Θεὸν
672 798 845 828 ἀδίστακτον,
863 796 910 823 καὶ
935 795 988 822 τῶν

199 844 342 879 παρόντων
360 846 564 879 καταφρόνησιν
580 844 754 876 ἐπεδείξατο;
774 844 873 878 μήτιγε
889 843 916 868 ἐν
933 842 988 872 τοῖς

199 889 259 915 κατ’
275 890 364 915 ἐκεῖνο
378 890 492 924 καιροῖς,
509 890 537 914 ἐν
553 886 592 920 οἷς
608 888 720 915 καὶτῶν
734 888 927 924 μετριωτέρων
942 886 988 913 καὶ

1042 289 1210 324 inquirendis
1226 293 1337 316 exactor
1352 294 1409 316 erat
1424 289 1622 316 solertissimus
1633 291 1640 316 ί
1653 290 1721 317 adeo
1732 291 1830 318 divinze

1040 335 1216 370 providentia:
1241 335 1344 366 omnia,
1361 342 1422 369 qua:
1438 335 1471 362 ad
1493 342 1523 362 se
1542 335 1720 370 pertinerent,
1744 338 1830 372 depu-

1041 382 1131 408 tabat!
1149 382 1253 409 idcirco
1268 389 1321 408 non
1344 382 1491 413 contendit,
1513 389 1567 408 non
1588 382 1693 410 rixatus
1706 387 1759 413 est.
1777 391 1828 411 non

1041 427 1151 462 objecit,
1169 429 1215 455 sed
1235 428 1268 454 ad
1287 429 1360 455 illam
1377 436 1463 462 usque
1481 427 1551 454 diem
1575 436 1715 463 nunquam
1730 437 1744 456 a
1763 437 1829 457 οοιιη

1040 473 1125 501 suetis
1141 473 1219 500 donis
1236 473 1381 500 oﬂ'erendis
1400 473 1566 508 prohibitura
1587 473 1751 504 l‘uisse.sire
1769 476 1830 502 vitm.

1041 527 1098 547 suae
1114 520 1171 546 sive
1188 520 1322 546 donorum
1340 519 1444 546 ratione
1472 520 1576 552 habita,
1594 521 1665 554 quod
1684 525 1830 556 utrumque

1040 565 1254 600 reprehensione
1280 569 1396 592 careret.
1422 565 1520 592 Verum
1550 571 1576 593 et
1603 568 1828 594 co.:tnmeliosam

1040 612 1174 646 patienter
1201 611 1261 638 tulit
1283 611 1512 646 obiurgationem,
1538 619 1570 638 ac
1591 613 1673 639 simul
1697 613 1730 640 ad
1749 614 1829 640 Deum

1041 657 1211 684 occultorum
1229 661 1409 684 scrutatorem
1433 657 1572 691 confugit;
1591 659 1712 692 atquein
1733 661 1831 687 solitu-

1040 702 1130 729 dinem
1153 706 1282 736 tanquam
1305 702 1410 736 agendo
1435 710 1496 729 cutn
1523 702 1577 729 Deo
1600 703 1781 737 aptissimam,
1797 714 1831 732 ne

1041 747 1093 782 ipsi
1114 747 1222 782 quidem
1252 747 1372 782 coniugi,
1397 748 1477 779 eique
1502 749 1635 780 unanimi,
1662 757 1691 776 se
1719 750 1830 783 sistens,

1040 798 1088 821 aut
1103 793 1250 821 consilium
1269 801 1348 820 suum
1375 794 1498 828 aperiens
1518 794 1584 829 (ll),
1600 803 1687 829 neque
1702 795 1832 822 domesti‘

1041 840 1081 867 cis
1103 847 1196 867 curam
1226 844 1402 866 externorum
1427 841 1610 872 eonnnittens,
1629 848 1688 868 sese
1720 842 1830 876 recepit.

1041 885 1108 918 Quis
1125 886 1166 912 vel
1190 885 1292 912 nostris
1316 885 1393 911 hisee
1413 885 1580 919 temporibus
1600 886 1704 923 lit-mam
1720 885 1788 912 adeo
1805 886 1831 912 in

196 935 419 970 τεΟεσπιο-μένων
443 935 549 968 ἀρετῶν
571 934 694 970 ἐργώδης
708 932 742 970 ἦν
769 935 784 970 ἡ
802 933 986 968 ἐκπλήρωσις.

1044 931 1127 958 Deum
1152 939 1240 966 spem,
1259 937 1291 957 ac
1319 930 1508 964 temporalium
1531 935 1717 964 contemp'um
1741 936 1833 958 osten-

197 983 300 1011 disset?
320 984 420 1012 nedum
441 989 519 1012 (etate
546 985 602 1016 illa,
627 984 737 1019 quando
760 983 841 1010 etiam
867 982 998 1013 modicas,
1031 981 1113 1007 etiam
1135 980 1309 1015 prtescriptas
1333 979 1445 1007 virtutes
1478 987 1605 1007 exercere
1623 980 1736 1007 arduum
1756 979 1832 1007 vide-

1695 1023 1701 1033 I

197 1029 286 1056 batur.

236 1075 275 1102 ll'.
290 1076 345 1102 Καὶ
374 1075 514 1111 παρείσθω
533 1075 580 1102 νῦν
604 1077 639 1102 τὰ
660 1075 731 1102 κατὰ
745 1075 790 1101 τὸν
815 1075 990 1109 πατριάρχην

205 1122 342 1158 Ἀϐραάμ.
366 1121 570 1157 ’Υπεξηρῆσθαι
591 1121 645 1156 γὰρ
662 1122 702 1157 τῷ
727 1122 815 1157 χρὸνῳ
830 1123 877 1149 καὶ
889 1123 926 1157 τῷ
940 1123 991 1157 τῆς

199 1167 373 1202 δικαιοσύνης
402 1167 558 1202 ἐνεστηκότι
577 1167 614 1199 ὡς
637 1167 692 1193 τῶν
713 1167 806 1200 πάλαι,
826 1167 872 1195 καὶ
896 1168 990 1195 τούτου

197 1213 301 1245 δόξειεν
317 1213 349 1240 ἄν
372 1222 437 1240 τισι.
456 1214 528 1247 Πλὴν
544 1215 568 1240 εί
591 1214 738 1241 καὶταῦτα
757 1223 797 1246 τις
821 1214 992 1247 ἀνεξετάζειν

199 1260 316 1290 ἐκείνοις
336 1259 467 1294 βούλοιτο,
481 1259 580 1294 πολλὴν
597 1259 629 1286 ἂν
646 1261 694 1294 τὴν
709 1259 845 1295 ὑπεροχὴν
856 1259 908 1286 τῶν
926 1268 993 1294 προ-

199 1305 337 1340 κειμένων
353 1304 508 1338 κατόψοιτο.
530 1304 643 1340 Ἑκείνῳ
665 1305 714 1340 μὲν
730 1305 784 1338 γὰρ
803 1304 852 1339 ἦτε
870 1304 989 1338 μετανά-

199 1359 307 1383 στασις,
324 1351 370 1377 καὶ
394 1352 410 1386 ἡ
433 1348 506 1387 ἐφ“ᾖ
527 1352 559 1377 ἂν
585 1352 780 1386 παροικήσειεν
807 1351 909 1387 ἐρῤήοη
935 1351 988 1385 γῆ’

198 1397 240 1423 ἔτι
260 1397 314 1431 μὴν
339 1396 417 1431 καὶὴ
443 1396 493 1430 τῆς
515 1396 644 1427 ἀπαιδίας
670 1396 717 1422 καὶ
743 1395 912 1431 στειρώσεως
941 1396 990 1430 τῆς

198 1443 310 1478 Σάρρας
335 1441 422 1475 λύσις,
447 1442 499 1468 ὑπὸ
523 1442 570 1468 τοῦ
593 1442 726 1476 ἀψευδοῦς
753 1441 988 1477 προεπήγγελται·

199 1490 273 1524 ἆπερ
286 1489 318 1524 δὴ
335 1489 457 1523 κατέχων
471 1489 627 1523 ὑποσχέσει,
642 1488 690 1524 τὴν
705 1489 756 1524 μέν
771 1489 867 1515 ἐλπίδα
880 1489 988 1524 ἔτρεφε,

198 1536 249 1571 τὴν
263 1535 291 1562 δὲ
301 1536 414 1570 γνώμην
430 1535 497 1570 πρὸς
512 1535 560 1570 τὴν
581 1535 614 1562 δι’
627 1536 762 1570 αἰτήσεως
784 1535 908 1568 ἑκϐασιν,
925 1536 992 1570 ἐψυ-

1080 1069 1146 1097 ῊΙΙ.
1163 1070 1194 1098 Ει
1217 1070 1327 1098 silentio
1342 1070 1452 1104 quidem
1478 1080 1550 1099 nunc
1574 1076 1772 1106 praetereantur
1788 1075 1832 1100 res

1041 1117 1203 1154 patriarcha:
1217 1117 1344 1144 Abrahaz.
1362 1116 1411 1145 llic
1425 1117 1498 1145 enim
1516 1118 1746 1153 quemadmodum
1765 1124 1833 1146 tem-

1041 1171 1118 1199 pore,
1146 1164 1187 1191 sic
1212 1168 1238 1191 et
1269 1164 1378 1191 virtutis
1404 1164 1552 1192 eminentia
1580 1172 1633 1192 non
1666 1165 1832 1192 vetustiores

1042 1211 1134 1241 modo,
1150 1210 1197 1238 sed
1220 1216 1247 1238 et
1267 1211 1356 1238 virum
1382 1210 1465 1238 istum
1493 1203 1637 1246 superasse
1666 1211 1829 1246 quibusdam

1041 1256 1112 1284 forte
1141 1257 1284 1285 videbitur.
1308 1256 1470 1292 Quanquam
1494 1258 1515 1284 si
1530 1258 1593 1292 quis
1616 1265 1646 1297 ea
1669 1263 1755 1292 gesta,
1771 1266 1831 1292 qnzu

1038 1311 1111 1330 nuttc
1127 1303 1302 1337 exponimus,
1315 1311 1377 1330 cum
1394 1304 1447 1332 illis
1462 1304 1587 1332 conferre
1604 1305 1695 1335 vellet.
1714 1305 1828 1332 multum

1038 1350 1176 1376 enimvero
1191 1350 1335 1384 prieseutia
1352 1350 1409 1377 haze
1428 1350 1481 1377 illis
1497 1350 1659 1377 antecellere
1679 1351 1830 1385 deprchen-

1039 1395 1125 1423 deret.
1150 1395 1182 1422 Et
1206 1403 1272 1423 sane
1294 1396 1332 1423 illi
1352 1400 1408 1423 tum
1432 1397 1647 1432 transmigratio,
1672 1401 1728 1424 tum
1746 1401 1829 1427 terra.

1041 1442 1137 1476 inqua
1161 1441 1251 1468 sedem
1267 1442 1406 1476 deligeret,
1423 1443 1604 1477 praenuntiata
1632 1443 1697 1475 luit;
1720 1443 1832 1478 insuper

1043 1489 1077 1517 ab
1093 1496 1136 1522 eo,
1155 1490 1201 1524 qui
1219 1489 1327 1517 mentiri
1350 1491 1455 1524 nequit,
1473 1495 1529 1518 tum
1554 1490 1683 1519 orbitatis
1703 1491 1831 1523 filiorum,

1044 1542 1101 1565 tum
1126 1537 1200 1564 Sara:
1223 1538 1375 1565 sterilitatis
1403 1539 1521 1565 cessatio
1536 1539 1664 1573 praedicta
1687 1538 1748 1566 fuit.
1766 1538 1833 1572 Quia

198 1580 332 1615 χαγὼγει.
349 1580 381 1606 ΤΞ
408 1582 462 1617 γὰρ
477 1581 509 1608 ἆν
534 1581 716 1616 εὐθυμότερον
744 1581 793 1616 τῆς
820 1581 990 1616 ὑποσχέσεως

1045 1584 1156 1618 quidem
1171 1591 1233 1611 cum
1255 1589 1364 1620 propter
1389 1585 1598 1620 promissionem
1613 1585 1670 1620 jam
1692 1586 1772 1613 veluti
1795 1591 1833 1613 te-

197 1625 297 1661 ὀιρθείη
310 1625 392 1659 Θεοῦ;

1045 1635 1133 1661 notet,
1149 1637 1223 1664 spem
1249 1631 1355 1657 interim
1374 1631 1472 1664 alebat,
1492 1632 1668 1668 animumque
1688 1627 1832 1660 conlirma-

200 1675 249 1701 bat
279 1674 313 1701 ad
337 1674 441 1702 felicem
467 1674 570 1702 exitum
601 1675 728 1709 precibus
754 1676 987 1711 consequendum.
1017 1676 1088 1711 Quid
1110 1678 1182 1707 enim
1215 1679 1249 1706 ad
1270 1679 1415 1715 crigendos
1442 1680 1548 1708 animos
1568 1680 1712 1715 efﬁcacius,
1751 1691 1831 1717 quam

200 1722 250 1749 Dei
267 1721 414 1756 promissio
429 1721 512 1748 videri
531 1722 629 1756 queat?

242 1767 272 1794 '0
284 1767 312 1793 δὲ
328 1767 540 1802 ἁνεπαγγέλτως
556 1768 604 1803 μὲν
624 1768 700 1804 παρὰ
713 1769 760 1795 τού
776 1769 890 1796 δυνατοῦ
905 1769 993 1796 πάντα

198 1813 234 1840 τὰ
252 1812 289 1848 μὴ
317 1812 418 1839 δυνατὰ.
444 1812 634 1848 περαιοῦσθαι,
662 1815 708 1840 καὶ
733 1815 784 1849 τὴν
802 1815 884 1849 φύσιν
908 1823 994 1850 μετα-

200 1859 385 1894 ρύθμίςεσθαι
413 1859 573 1892 πιστεύσας,
589 1860 657 1895 πρὸς
672 1861 764 1895 ἀφανῆ
779 1860 808 1887 δὲ
835 1861 885 1895 τὴν
909 1860 992 1887 αὑτοῦ

200 1905 375 1940 προμηθείαν
392 1905 426 1932 τὰ
442 1905 492 1941 τῆς
515 1906 623 1937 ἐλπίδος
640 1906 759 1941 ἐρείσας,
781 1906 853 1933 οὕτω
870 1907 918 1933 καὶ
941 1907 992 1942 τὴν

199 1951 257 1978 τῶν
269 1951 379 1978 οἰκείων
394 1952 544 1984 διάστασιν,
562 1954 608 1979 καί
623 1953 672 1987 τὴν
688 1953 807 1988 ἔμμονον
826 1953 895 1987 πρὸς
910 1953 991 1980 αὑτὸν

198 1997 234 2024 δι’
250 1997 396 2030 ἐντεύξεως
409 1999 526 2025 ποιεῖται
539 1999 657 2033 ὁμιλίαν.

239 2043 296 2069 Καὶ
311 2043 326 2068 ὁ
350 2043 409 2078 μὲν,
434 2044 593 2079 τεκμηρίων
606 2044 654 2078 τῆς
670 2052 699 2070 τε
725 2045 917 2080 κατασχέσεως
941 2045 991 2079 τῆς

199 2082 256 2123 γῆς
271 2089 382 2124 καὶτῆς
400 2089 447 2115 τοῦ
467 2089 564 2123 γένους
587 2090 732 2122 ἐπιδόσεως
751 2090 853 2117 δεῖται·
871 2091 917 2118 καὶ
938 2091 991 2126 ὅτῳ

201 2135 297 2169 τρόπῳ
321 2135 355 2161 τὰ
375 2135 601 2169 ἐπαγγελλόμενα
619 2135 800 2171 πληρωθεῖεν,
822 2137 969 2169 ὲξαιτείται
982 2146 989 2154 ο

201 2182 216 2208 ὁ
238 2182 277 2215 δέ,
292 2182 386 2217 ὥσπερ
406 2184 435 2210 ἐν
456 2185 488 2219 τῇ
515 2183 581 2219 εὐχῇ
597 2184 628 2211 τὸ
645 2185 841 2218 ἀνενδοίαστον,
861 2185 931 2212 οὕτω
944 2185 992 2212 καὶ

202 2229 236 2254 τὸ
253 2230 415 2265 είσεπήκοον
433 2230 611 2265 ἀνενεχθῆναι
630 2231 790 2265 πιστεύσας,
803 2233 849 2259 καὶ
872 2232 924 2258 ὑπὸ
940 2233 992 2266 ἀγ-

203 2274 286 2307 γέλου
303 2275 348 2301 τὸν
362 2275 440 2301 τόκον
455 2275 650 2312 εὐαγγελίσθη,
667 2277 713 2303 καὶ
727 2277 784 2312 οὐχ’
798 2277 835 2309 ὠς
849 2278 882 2304 ἂν
892 2278 990 2314 ἐκϐαίη

203 2320 236 2345 τὸ
252 2320 495 2356 εὐαγγελιζόμενον
522 2319 708 2354 αἰτεῖται-ὡς
730 2323 784 2358 γὰρ
806 2323 942 2358 πλήρωμα
961 2323 992 2350 τὸ

205 2366 319 2400 μήνυμα
331 2366 486 2402 κατασχὼν,
504 2365 586 2402 εἶχεν.

251 2495 332 2522 Ἀλλὰ
347 2496 400 2532 γὰρ
412 2499 458 2525 καὶ
470 2499 499 2526 τδ
511 2500 558 2535 τῆς
574 2500 668 2533 θυσίας
681 2501 806 2528 ἐνταυθοῖ
822 2503 991 2538 προσκαλού-

206 2551 291 2579 μενον
299 2543 478 2578 ἐξετασθῆναι
487 2546 646 2580 παράδοεον,
664 2546 736 2583 [οὐκ]
750 2549 853 2575 ἐατέον·
862 2549 936 2581 ὅπως
945 2549 996 2585 μὲν

204 2591 312 2621 ἐκεῖνος
327 2590 484 2624 προστάξει,
498 2591 732 2628 αὺτοπροαιρέτως
742 2595 770 2621 δὲ
783 2591 872 2628 οὗτος,
889 2596 994 2631 ἱερούρ-

205 2644 277 2671 γησε
288 2644 294 2651 ·
314 2636 361 2662 καὶ
388 2636 521 2671 μονογενῆ
539 2638 598 2672 μὲν,
614 2640 716 2674 κυρίως
732 2638 809 2672 οὗτος
820 2649 827 2656 ⁸
846 2642 948 2673 ἐκεῖνος
965 2643 993 2668 δὲ

205 2682 246 2715 τῷ
261 2682 312 2716 τῆς
337 2682 504 2716 ἐπαγγελίας
527 2682 615 2718 λόγῳ·
640 2685 687 2712 καὶ
711 2686 750 2712 ὅτι
778 2688 917 2722 προσάξεις
945 2689 994 2723 μὲν

206 2728 311 2759 ἐκεῖνος
326 2729 355 2755 τὸ
377 2729 474 2763 ἱερεῖον
497 2729 701 2764 ἀντικομίζεται
715 2740 722 2747 ·
739 2730 814 2764 οὗτος
830 2734 858 2760 δὲ
881 2734 920 2770 τῷ
937 2735 993 2762 ὄντι

247 2817 299 2850 (ll)
329 2817 381 2844 Alii
414 2824 508 2845 contra
540 2824 667 2853 narrant,
699 2824 838 2850 communi
878 2826 993 2852 consilio

206 2852 379 2893 Joachituum
402 2858 430 2893 et
451 2854 557 2881 Atinam
574 2856 606 2893 ad
621 2852 723 2890 jejunio
738 2866 770 2884 ac
786 2865 880 2893 preces
897 2861 994 2888 conin—

209 2889 291 2922 gisse.
308 2889 489 2922 Nil‘mirmn;
508 2889 627 2925 quoties
642 2889 714 2918 enim
739 2893 772 2920 de
786 2889 832 2921 'rei
857 2896 992 2930 adiunctis

365 2936 499 2968 PATROL.
521 2938 577 2969 Gtt.
602 2939 756 2972 CXXVII.

1079 1769 1129 1797 llic
1146 1778 1211 1798 vero
1233 1771 1307 1798 nulla
1331 1772 1420 1799 adhuc
1439 1773 1621 1807 promissione
1635 1781 1756 1810 accepta,
1771 1785 1834 1805 crc-

1042 1815 1122 1849 didit,
1142 1816 1176 1844 ab
1201 1816 1392 1852 Otnnipotcnte
1412 1818 1493 1845 etiam
1520 1819 1700 1854 impossibilia
1725 1823 1830 1856 perlici,

1042 1868 1223 1898 naturamque
1240 1871 1320 1898 posse
1334 1864 1482 1896 immutari,
1500 1865 1662 1901 lirmamque
1678 1867 1704 1893 in
1723 1869 1830 1896 occulta

1042 1909 1116 1938 illius
1142 1911 1312 1944 providentia
1345 1918 1420 1946 spem
1449 1912 1560 1945 deﬁxit;
1587 1921 1620 1940 ac
1647 1919 1789 1949 propterea
1816 1926 1830 1943 ιι

1043 1954 1202 1983 domesticis
1217 1963 1278 1983 sese
1294 1957 1367 1984 curis
1381 1956 1545 1986 subtrahens
1558 1959 1591 1986 ad
1606 1958 1692 1988 Deum
1705 1962 1831 1996 precibus

1042 2001 1170 2029 insistere
1185 2007 1350 2036 perseverat.

1079 2048 1128 2074 llle
1144 2048 1264 2082 quidem,
1280 2056 1314 2075 ne
1334 2049 1367 2076 de
1384 2048 1474 2078 futura
1496 2055 1574 2079 terra:
1591 2053 1775 2087 possessione,
1785 2054 1831 2082 de-

1043 2101 1098 2128 que
1118 2094 1188 2121 miro
1219 2095 1384 2129 posteritatis
1407 2103 1464 2123 suae
1488 2098 1656 2126 incremento
1685 2099 1830 2131 dubitaret.

1044 2140 1123 2175 signo
1148 2140 1241 2175 aliquo
1275 2141 1391 2176 indiguit
1418 2148 1501 2171 :tum
1531 2145 1611 2171 etiam
1643 2153 1696 2180 qua
1725 2146 1834 2174 ratione

1047 2185 1182 2220 implenda
1198 2194 1230 2214 ea
1247 2192 1349 2219 essent,
1364 2196 1425 2223 quaI
1447 2190 1688 2223 promittebantur,
1713 2192 1835 2226 exquisi-

1048 2232 1094 2258 vit.
1117 2232 1166 2259 llic
1185 2238 1276 2260 autem
1292 2238 1367 2262 certo
1380 2235 1506 2268 credens,
1528 2236 1617 2270 qualis
1641 2237 1775 2272 cujusque
1799 2239 1832 2265 sit

1047 2277 1073 2304 in
1091 2278 1195 2305 orando
1214 2279 1324 2312 liducia,
1343 2280 1424 2307 talem
1445 2281 1514 2308 votis
1540 2282 1642 2309 exitum
1658 2284 1832 2318 respondere,

1047 2322 1151 2350 idcirco
1175 2323 1210 2350 ab
1239 2324 1335 2358 angelo
1360 2325 1393 2351 de
1417 2325 1592 2360 suscipienda
1616 2327 1693 2361 prole
1714 2330 1834 2357 monitus

1046 2373 1099 2400 est,
1123 2376 1211 2403 neque
1224 2374 1313 2397 tamen
1335 2378 1389 2405 qua
1409 2371 1513 2399 ratione
1534 2377 1695 2400 eventurum
1712 2373 1738 2400 id
1750 2380 1833 2406 esset,

1047 2414 1081 2440 ab
1097 2414 1192 2448 angelo
1207 2420 1382 2449 percontatus
1404 2422 1456 2444 est.
1471 2417 1602 2445 Nuntium
1626 2418 1699 2446 enim
1723 2421 1834 2454 perinde

1047 2467 1079 2486 ac
1098 2459 1227 2494 promissi
1243 2461 1474 2495 complementum
1492 2463 1598 2492 habuit.

1081 2505 1326 2534 Verumenintvero
1359 2515 1409 2535 nec
1435 2510 1626 2537 admirandum
1651 2511 1718 2539 illud
1747 2514 1834 2541 sacri-

1049 2551 1142 2579 ﬁcium
1164 2553 1190 2579 in
1208 2553 1327 2581 medium
1345 2555 1434 2582 accire
1450 2562 1482 2582 ac
1505 2557 1673 2591 perpendere
1695 2559 1739 2586 hic
1753 2560 1834 2588 abso-

1047 2606 1113 2626 num
1130 2599 1255 2627 videatur
1271 2609 1278 2627 :
1295 2601 1434 2635 quomodo
1451 2601 1580 2629 nimirum
1597 2603 1641 2631 ille
1657 2605 1767 2639 quidem
1783 2606 1835 2632 itit-

1047 2646 1123 2680 perio
1141 2651 1262 2681 accepto,
1280 2646 1325 2674 hic
1348 2651 1438 2674 autem
1464 2656 1513 2677 sua
1540 2654 1637 2684 sponte
1663 2652 1836 2679 sacriﬁcave-

1047 2690 1084 2717 rit
1109 2699 1115 2716 :
1144 2695 1224 2725 atque
1247 2691 1291 2719 hic
1317 2692 1427 2727 quidem
1452 2694 1563 2728 proprie
1587 2695 1773 2730 unigenitam:
1791 2697 1837 2724 ille

1048 2744 1112 2765 vero
1137 2745 1209 2771 eum,
1223 2738 1269 2773 qui
1287 2740 1478 2774 promissionis
1491 2745 1597 2770 tantum
1614 2743 1719 2770 ratione
1744 2744 1835 2772 habita

1048 2827 1119 2868 silet_
1134 2827 1259 2868 historia,
1276 2834 1410 2868 perpetuo
1423 2832 1560 2862 usuvenit.
1581 2836 1621 2864 ιιι,
1637 2832 1701 2859 dum
1719 2832 1836 2868 quisque

1048 2863 1120 2903 quod
1136 2864 1187 2890 sibi
1204 2863 1352 2903 verisimile
1370 2867 1485 2903 videtur.
1498 2863 1644 2902 excogitat,
1656 2868 1682 2894 in
1699 2863 1835 2903 pluresue

1048 2900 1169 2927 diversas
1189 2901 1340 2929 sententias
1354 2902 1452 2938 singuli
1470 2900 1577 2931 abeant:

1640 2951 1675 2980 18
