2088 3159
224 202 277 236 557

630 197 775 229 ORATIO
793 194 834 226 ΙΝ
851 191 1145 225 CONCEPTIONEM
1161 191 1212 222 SS.
1232 190 1421 221 DEIPAKE.

1795 191 1848 221 sas

260 259 315 288 Καὶ
329 259 401 287 διατι
420 257 458 294 μὴ
471 258 582 292 ταμεῖον
598 257 821 292 ἁπερικτυπητον
835 255 863 280 ὲν
880 254 937 284 τοῖς
951 249 1010 278 κατ’

1098 249 1132 276 At
1149 244 1199 276 εἴη·
1213 257 1264 275 non
1281 249 1337 283 ipsa
1355 250 1436 275 domo
1457 247 1612 276 cubiculum
1631 248 1731 284 delegit
1744 257 1758 276 a
1778 254 1846 278 stre-

223 305 295 333 οἶκον
324 303 509 334 ἀπολαϐοῦσα,
530 302 559 327 ἐν
579 301 667 336 τούτῳ
684 300 718 326 τὰ
741 299 811 326 κατὰ
830 297 861 324 τδ
881 298 1007 332 κρύφιον,

224 352 269 378 καὶ
283 349 332 385 τὴν
353 348 520 384 ώδινομένην
539 346 692 382 προσευχὴν
714 346 836 372 ἀνέτεινε
856 343 931 379 Θεῴ;
949 343 1009 368 ’Ὁτι

223 397 272 424 οῦκ
287 395 319 422 ἂν
336 394 408 422 οὕτω
419 394 448 420 τὸ
464 395 518 420 πᾶν
535 394 604 428 αὐτῇ
616 393 663 427 τῆς
676 391 824 426 ἐπιθυμίας
839 390 991 424 ἀπήρτιστο
1002 396 1008 401 ·

223 442 309 468 toni
326 441 375 476 μὲν
391 440 490 476 ἐχούσῃ
505 440 540 466 τὰ
556 439 626 466 κατὰ
645 438 764 464 διάνοιαν
784 437 832 468 τῆς
855 434 1010 470 προσευχῆς

223 487 388 522 ἐκφέρεσθαι
417 486 559 522 μέλλοντα,
586 485 623 520 μὴ
644 483 858 519 συγχωρουμένῃ
872 482 900 508 δὲ
925 483 1011 508 ταῦτα

224 533 353 568 καθαρῶς
383 532 581 567 παραγυμνοῦν
601 530 639 564 τῷ
658 529 727 564 Θεῷ,
752 530 796 556 διὰ.
809 537 838 555 τε
854 529 917 559 τοὺς
942 528 1011 555 οἴκοι

224 580 356 615 θορύϐους
375 579 422 605 καὶ
437 579 485 610 τὰς
501 579 556 604 τῶν
577 577 806 612 παραγινομένων
831 574 1012 609 συμφυλετῶν

224 627 390 662 ὲνοχὶήσεις.
410 626 518 660 Ταύτης
537 625 617 651 ἕνεκα
631 624 680 659 τῆς
698 623 799 656 αἰτίας,
811 623 871 650 οῦδὲ
887 624 931 650 τὴν
949 622 1012 649 ναὸν

224 673 427 703 καταλαϐοῦσα,
449 673 478 698 ἐν
505 671 592 706 τούτῳ
615 671 650 696 τὰ
670 671 718 705 τῆς
737 670 857 705 δεήσεως
881 669 1012 704 ἀναφέρει

223 718 263 753 τῷ
282 718 403 753 Δεσπότῃ
428 718 549 752 ῥήματα,
570 717 660 743 καίτοι
684 717 767 742 πᾶσιν
781 713 858 747 οὗτος
875 717 930 746 τοῖς
948 716 1014 750 ὀμο-

225 764 320 798 φύ).οις
344 764 382 794 εἰς
406 764 561 799 προσευχὴν
587 763 728 797 ἀφώριστο
747 762 840 792 τόπος.
863 760 933 786 ’Λ).λ’
952 760 1013 786 οὐδὲ

224 806 301 841 οὗτος
317 809 385 844 αὐτῇ
404 809 450 835 τὸν
467 808 680 844 ἐπιζητούμενον
697 807 747 841 τῆς
762 807 878 842 ἡσυχίας
899 806 1012 841 παρεῖχε

225 856 332 890 καιρδν,
349 855 435 881 πη).λᾶ
450 855 536 886 διδοὺς
557 855 659 889 ὑφορᾷν
675 854 709 880 τὰ
731 853 921 879 διακόπῖοντα.
939 853 1012 878 Ἑνε-

224 901 278 928 νόει
293 901 321 928 δὲ
338 900 399 928 καθ’
411 900 521 936 ἑαυτὴν,
539 900 605 926 ὡσεὶ
626 901 672 926 καὶ
685 898 927 935 καρποφοροῦντας
945 898 1013 924 ἰδόν-

224 954 269 977 τες
286 947 372 980 αὑτήν
389 955 418 972 τε
446 947 492 972 καὶ.
509 945 554 971 τὸν
577 943 712 979 ὁμόζυγον
735 944 868 978 πρότερον
882 943 920 978 τῷ
943 943 1013 977 Θεῷ,
1035 939 1051 964 [ἶ

225 993 271 1019 καὶ
286 993 332 1019 τὸν
347 991 406 1018 ὅλον
436 992 650 1025 εὐεργετοῦντας
671 990 746 1023 λαὸν,
762 989 852 1024 φθόνῳ
876 989 916 1023 τῷ
947 989 1015 1024 προς

225 1038 323 1070 αὐτοὺς
340 1039 363 1065 οἱ
387 1036 681 1073 συγκαρποιροροῦντες
705 1036 758 1062 τῶν
783 1035 917 1061 Ἰουδαίων
943 1036 1016 1061 ἐπω-

225 1085 384 1111 νείδισᾰντε
405 1085 452 1111 καὶ
471 1083 685 1118 ἀπεπέμψαντω
705 1082 767 1108 τίνα
789 1082 849 1108 κατ’
866 1082 952 1116 αὐτῆς
967 1082 1016 1108 οὐκ

225 1130 257 1158 ἂν
274 1132 448 1165 ἐπινοήσειαν
466 1128 635 1163 σκώμματα,
661 1128 742 1162 μόνον
768 1127 851 1161 αὐτὴν
875 1127 922 1154 καὶ
941 1127 1016 1162 παρά

227 1176 321 1210 καιρὸν
337 1175 454 1210 ὁρῶντες
471 1173 717 1208 διακαρτεροῦσαν,
732 1174 760 1199 ἐν
782 1173 821 1207 τῷ
833 1173 882 1207 τῆς
898 1181 1017 1208 προτευ-

227 1222 278 1256 χῆς
302 1220 444 1254 ὲπιμὸνῳ;
463 1219 546 1246 Οὐδὲν
573 1219 602 1245 δὲ
622 1219 651 1245 τὸ
669 1218 772 1244 κωλῦον
794 1219 844 1253 τὴν
868 1218 1018 1252 Ίουδαῖκὴν

229 1265 423 1300 παραπληείαν
447 1265 565 1299 ὑπῆρχε,
587 1264 685 1298 μανίαν
706 1263 766 1290 τινὰ
790 1263 805 1297 ἢ
834 1263 928 1298 μέθην,
947 1263 1017 1290 οὕτω

229 1311 414 1345 διακειμένης,
442 1311 510 1344 αὐτῇ
533 1309 787 1344 καταψηφίσασθαι.
809 1308 887 1335 Οῦτω
907 1308 962 1344 γὰρ
983 1310 1015 1343 τῇ

229 1355 354 1390 μακαρίᾳ
379 1356 426 1381 καὶ
442 1355 587 1389 προφήτιδι
611 1355 644 1390 τῇ
665 1354 804 1389 ὁμωνύμῳ
821 1353 921 1388 ταύτης
946 1354 1017 1389 φημὶ

227 1400 360 1436 πρότερον
377 1400 471 1436 'Avvg,
485 1401 508 1426 si
522 1401 576 1426 τῶν
590 1399 678 1426 ἄλλων
695 1401 894 1434 ἐπιεικέστεροι
909 1400 1017 1427 δοκοῦν-

226 1455 272 1478 τες
289 1444 370 1478 εἶναι,
393 1446 437 1472 διὰ
454 1447 484 1472 τὸ
500 1446 551 1481 τῆς
575 1446 726 1481 ἱερωσύνης
742 1446 913 1480 ἀντέχεσθαι,
937 1446 1017 1481 χαλε-

228 1491 288 1524 πῶς
313 1492 470 1527 ἐπιθέμενοι
499 1492 724 1528 προσωνείδιζον,
753 1492 839 1527 μέθην
862 1491 947 1527 αὐτῆς
968 1491 1018 1527 τὴν

227 1539 298 1574 προς
316 1538 381 1565 Θεὸν
404 1529 631 1573 διαλοιδοροῦντες
656 1537 785 1570 ἔντευξιν.
803 1537 878 1572 Αὐτὴ
899 1538 948 1573 μὲν
962 1538 1017 1573 γὰρ

229 1585 262 1610 ὲκ
282 1583 415 1619 διαπύρου
438 1585 484 1610 καὶ
510 1585 640 1617 νήφοντος
669 1583 811 1618 λογισμοῦ,
828 1583 878 1619 τὴν
902 1583 1017 1617 ζέουσαν

1064 296 1121 330 pitu
1147 300 1293 326 remotum,
1322 294 1348 321 in
1364 302 1418 329 quo
1430 299 1534 321 secreta
1554 302 1603 322 sua
1625 299 1652 322 et
1676 303 1771 329 preces
1786 303 1848 324 cun-

1064 341 1215 376 gemitibus
1232 340 1286 368 Deo
1305 340 1435 368 offerret?
1463 340 1533 373 Quia
1548 341 1599 368 hoc
1623 346 1702 376 pacto
1714 342 1850 370 desiderio

1065 395 1115 415 suo
1143 396 1195 415 non
1229 388 1306 421 plene
1330 387 1526 420 satisfecisset;
1556 388 1640 414 multa
1661 389 1732 414 enim
1758 390 1850 417 animo

1065 434 1187 460 volvebat
1203 433 1412 468 perorationem
1426 433 1572 465 eil'ereuda,
1591 442 1678 469 neque
1692 442 1738 470 per
1758 437 1852 463 turbas

1065 481 1241 510 domesticas,
1262 484 1289 506 et
1304 483 1482 514 Cognatorum
1496 479 1699 507 adventantium
1713 482 1852 510 molestias

1067 527 1164 554 licebat
1183 527 1232 560 ipsi
1246 533 1276 553 ea
1293 527 1360 561 pure
1372 525 1427 553 Deo
1442 526 1594 561 adaperire.
1605 526 1704 554 Eadem
1719 528 1752 555 de
1767 536 1851 556 causa

1066 581 1153 608 neque
1166 573 1309 606 templum,
1323 572 1349 598 itt
1372 580 1427 607 quo
1457 580 1505 606 per
1518 581 1611 606 preces
1628 572 1773 601 Dominum
1787 574 1854 601 alle-

1066 622 1205 653 queretur,
1221 618 1297 648 adiit,
1312 617 1371 644 licet
1391 617 1467 644 locus
1487 617 1531 644 ille
1546 617 1674 645 omnibus
1688 620 1853 646 contribuli-

1067 664 1117 691 bus
1130 664 1187 691 suis
1201 664 1232 690 ad
1244 663 1375 690 orandum
1392 663 1549 698 designatus
1566 669 1649 691 esset.
1667 664 1719 692 Sed
1734 674 1766 692 ne
1782 666 1852 693 istud

1067 709 1176 744 quidem
1192 714 1384 744 opportunam,
1401 717 1481 743 quain
1499 710 1645 743 quaerebat,
1659 711 1776 744 quietetn
1796 713 1854 746 pol-

1066 755 1211 787 licebatur,
1227 763 1288 781 eum
1302 755 1386 781 multa
1406 754 1432 781 in
1447 762 1479 781 eo
1499 760 1599 787 essent,
1619 756 1717 790 quibus
1730 757 1853 791 impediti

1067 811 1096 831 se
1109 812 1188 839 posse
1204 808 1345 831 metueret.
1368 804 1401 832 Ut
1419 805 1491 831 enim
1506 812 1599 832 secum
1618 806 1674 839 ipsa
1700 807 1853 841 rcputabat,

1067 851 1090 878 si
1117 849 1213 881 Judaei,
1239 851 1284 884 qui
1318 849 1471 877 oblationes
1497 850 1579 877 simul
1607 851 1768 885 aﬂerehant,
1791 860 1854 879 cum

1068 897 1154 931 ipsam
1180 904 1315 931 suumque
1339 896 1483 931 coniugem
1513 897 1585 923 dona
1617 896 1673 924 Deo
1699 896 1854 932 aﬂ‘ereatcs,

1067 946 1222 976 cunctoque
1250 942 1350 977 populo
1382 942 1585 970 benefacientes
1606 943 1683 977 prius
1711 945 1854 978 vidissent,

1069 991 1198 1022 coner-pta
1214 987 1314 1014 invidia
1328 995 1376 1015 eos
1398 988 1530 1015 conviciis
1556 989 1761 1023 lacessiverunt,
1774 996 1855 1026 atque

1069 1040 1083 1059 a
1106 1033 1207 1067 templo
1236 1033 1372 1067 ejeeeraut
1390 1042 1397 1062 :
1416 1034 1506 1068 qualia
1530 1042 1602 1061 nunc
1619 1035 1646 1062 in
1666 1043 1726 1062 eam
1742 1036 1854 1064 dicteria

1070 1086 1123 1105 non
1137 1078 1304 1110 intulissent,
1321 1079 1342 1106 si
1360 1081 1445 1114 ipsam
1458 1080 1543 1107 solam
1556 1084 1582 1107 el.
1599 1080 1767 1116 intempestis
1782 1083 1856 1109 horis

1070 1124 1096 1150 in
1127 1123 1256 1150 diuturna
1289 1125 1412 1152 oratione
1447 1130 1606 1152 constanter
1632 1133 1854 1161 perseverantem

1070 1169 1304 1203 conspexissent?
1327 1169 1400 1196 Nihil
1430 1177 1495 1197 sane
1520 1169 1662 1198 Judaicam
1688 1171 1858 1200 cohibuisset

1070 1213 1216 1244 insaniam,
1233 1222 1265 1241 ne
1283 1214 1355 1241 illam
1367 1215 1394 1242 in
1409 1222 1441 1242 eo
1457 1215 1653 1250 deprehensam
1670 1221 1717 1244 aut
1732 1219 1857 1246 amentize

1070 1264 1117 1286 aut
1132 1260 1269 1286 ebrietatis
1286 1260 1486 1288 insimularent.
1510 1261 1556 1290 Sic
1567 1263 1639 1289 enim
1663 1263 1728 1290 olim
1750 1264 1856 1293 beatam

1071 1304 1163 1337 illam,
1197 1309 1277 1340 atque
1308 1306 1388 1340 hujus
1420 1308 1622 1342 cognominem,
1650 1309 1755 1337 Annam
1779 1313 1787 1327 ¹
1817 1313 1859 1339 in-

1071 1358 1164 1385 quam,
1180 1351 1198 1377 ii
1214 1351 1259 1386 qui
1290 1359 1344 1385 pra:
1359 1352 1422 1380 aliis
1433 1353 1597 1381 videbantur
1621 1355 1812 1390 modestiores,
1829 1365 1859 1386 ut

1071 1401 1133 1432 pote
1157 1397 1203 1431 qui
1233 1397 1412 1432 fungerentur
1431 1399 1596 1434 sacerdotio,
1619 1402 1738 1436 graviter
1759 1403 1857 1432 invecti

1071 1444 1190 1471 dicteriis
1205 1445 1390 1478 exagitarunt,
1402 1446 1462 1481 ejus
1477 1446 1511 1473 ad
1533 1446 1617 1474 Deum
1632 1448 1858 1483 supplicationem

1071 1489 1227 1517 ebrietatem
1244 1498 1291 1524 per
1306 1498 1442 1518 summum
1460 1491 1589 1526 probrum
1605 1493 1783 1528 appellantes.
1800 1496 1859 1530 Ipsa

1071 1543 1137 1563 sane
1151 1537 1256 1564 ardenti
1274 1537 1383 1569 aﬂeetu,
1401 1545 1434 1565 ac
1450 1542 1540 1566 mente
1555 1539 1647 1567 sobria
1665 1539 1797 1569 ferventia
1814 1543 1858 1569 illa

1072 1587 1135 1610 veta
1149 1583 1309 1617 promebat;
1339 1584 1357 1610 ii
1387 1591 1450 1612 vero
1470 1585 1645 1614 sobrietatem
1664 1594 1713 1622 pro
1726 1587 1859 1615 ebrietate

227 1629 338 1664 ἐκείνην
353 1629 513 1664 ἀνέπεμπεν
532 1629 649 1660 ἱκεσίαν,
664 1630 689 1655 ol.
705 1629 734 1655 δὲ
752 1629 838 1665 μέθην
860 1628 909 1665 τὴν
925 1629 1017 1664 νῆψιν,

1071 1629 1249 1664 divinumque
1275 1639 1430 1659 sermonem
1446 1639 1497 1667 pro
1521 1633 1613 1668 inepta
1629 1633 1796 1668 loquacitate
1809 1635 1859 1662 ha-

228 1676 277 1702 καὶ
305 1675 482 1710 βαττολογιαν
511 1675 561 1711 τὴν
585 1674 736 1709 θεολογίαν,
768 1675 907 1702 ὑπενόουν.
931 1675 964 1701 ῚΙ
990 1675 1019 1701 δὲ

228 1721 277 1747 νέα
301 1722 349 1748 καὶ
375 1721 546 1755 συνετωτάτη
569 1721 689 1754 πάντων,
711 1721 848 1749 δεδοικυῖα
866 1723 902 1757 μή
922 1730 948 1748 τι
966 1722 1019 1748 τῶν

227 1766 360 1793 τοιούτων
389 1766 488 1800 πάθοι,
516 1767 566 1801 τὴν
592 1768 687 1801 ἐκτενῆ
717 1767 892 1802 προσάγοντα
909 1767 1017 1803 δέησιν,

228 1812 324 1848 ὥσπερ
340 1813 390 1847 τῆς
406 1813 506 1844 οἰκίας,
520 1813 593 1841 οὕτω
607 1813 655 1839 καὶ
670 1813 716 1839 τοῦ
731 1813 795 1840 ναοῦ
809 1813 962 1845 ἐξίσταται·
975 1813 1020 1839 τὸν

229 1858 436 1894 ἐρημικώτερον
453 1858 491 1891 δὲ,
502 1858 547 1884 διὰ
559 1859 589 1885 τὸ
603 1859 706 1894 ἧρεμον
717 1859 764 1885 τοῦ
781 1860 955 1894 παραδείσου,
971 1868 1020 1885 κα‹

229 1903 398 1938 ταλαμϐάνει
414 1904 514 1939 χῶρον,
531 1905 560 1929 ὲν
572 1901 593 1938 ᾧ
611 1905 700 1938 σοφῶς
717 1906 897 1939 περιεσκόπει
911 1905 940 1930 τὸ
954 1904 1019 1930 εἰλι-

230 1949 324 1983 κρινὲς
354 1950 423 1985 αὐτῇ
457 1950 506 1984 τῆς
539 1950 763 1986 ὲπιθνμουμένης
802 1950 1020 1985 συντηρήσεσθαι

231 1995 399 2029 προσευχῆς.
416 1994 492 2029 Τάχα
503 1995 543 2026 δὲ,
557 1995 586 2020 οὐ
602 1995 647 2020 διὰ
667 1994 756 2026 τοῦτο,
774 1995 818 2020 διὰ
830 1995 858 2021 δὲ
873 1995 922 2028 τὴν
938 1995 1021 2026 ὄντως

231 2041 438 2076 φανερουμένην
452 2041 593 2075 ἀλήθειαν,
605 2042 654 2076 τὴν
665 2041 730 2076 περὶ
744 2041 827 2076 αὐτῆς
842 2041 890 2076 ἤδη
904 2048 1022 2075 προανα-

231 2088 318 2121 φωνεῖ
330 2087 373 2114 διὰ
391 2086 560 2121 πραγμάτων
577 2085 708 2112 ἔκϐασιν·
724 2086 877 2121 προμηνύει
898 2086 988 2112 τοίνυν
1005 2086 1022 2121 ἡ

231 2133 280 2168 τῆς
294 2133 404 2168 χάριτος
426 2133 570 2167 ἐπώνυμος
586 2133 682 2163 'Awa,
695 2132 738 2158 διὰ
753 2132 801 2166 τῆς
813 2131 884 2158 οὓτω
902 2140 1023 2166 προαφεσ-

233 2180 352 2215 ρομένης
366 2179 426 2214 Θεῷ
440 2179 570 2214 δεήσεως,
584 2179 630 2205 καὶ
644 2179 756 2214 λογικῆς
771 2180 972 2214 καρποφορὶας,
985 2179 1023 2211 ὡς

233 2225 320 2261 ἀρχὴν
339 2225 389 2261 ἤδη
405 2226 538 2259 λαμὸάνει
553 2225 583 2252 τὸ
603 2225 639 2260 μὴ
655 2225 730 2260 τόπῳ
743 2225 945 2260 περικλείεσθαι
960 2226 1023 2257 τοὺς

233 2271 394 2306 ἀνθρώπους
411 2273 542 2306 νομίζειν,
557 2272 607 2303 τὰς
621 2271 695 2303 θείας
710 2271 794 2303 ἀκοάς
807 2280 815 2288 ·
833 2271 890 2298 ἀλλ’
902 2272 939 2304 ὡς
955 2280 1022 2298 παν-

234 2319 318 2353 ταχοῦ
341 2321 474 2354 παρόντος
487 2319 535 2345 τοῦ
552 2319 632 2351 Θεοῦ,
655 2318 704 2344 καὶ
717 2318 885 2352 πληροῦντος
902 2319 935 2346 τὰ
952 2318 1021 2354 σύμ-

235 2371 343 2395 παντα,
373 2365 422 2394 τὰς
448 2365 603 2399 προσευχὰς
629 2363 793 2399 ἀναφέρειν,
822 2364 950 2390 κάκεῖθεν
975 2364 1024 2395 τὰς

236 2409 425 2443 ἓκπληρώσεις
451 2410 610 2445 κομίζεσθαι
638 2410 693 2436 τῶν
721 2410 867 2444 αἰτήσεων.
889 2408 974 2435 Τοῦτο
996 2409 1024 2435 δὲ

237 2455 286 2480 καὶ
308 2454 435 2489 Ἰωακεὶμ
459 2457 654 2491 προσημαίνων
673 2457 686 2483 ὁ
699 2450 813 2487 δίκαιος,
831 2456 879 2482 τοῦ
894 2455 958 2482 ναοῦ
977 2456 1025 2490 μὲν

238 2500 384 2535 ὑποχωρεῖ,
402 2501 431 2526 ἐν
452 2501 489 2536 τῷ
507 2503 564 2536 ὄρει
579 2503 617 2533 δὲ,
635 2502 685 2537 τὴν
701 2501 899 2537 εὐπρόσδεκτον
919 2503 1027 2537 ἐκείνην

237 2547 285 2573 καὶ
302 2546 457 2580 θαυμασίαν
471 2548 602 2582 ἀναφέρει
616 2548 706 2583 δέησιν
719 2557 725 2564 ’
743 2548 832 2583 δηλῶν
847 2547 971 2574 ἐντεῦθεν
985 2547 1024 2580 ὡς

237 2594 285 2628 τῆς
302 2596 366 2624 νέας
389 2594 498 2628 χάριτος
519 2595 752 2630 παραγενομένης,
777 2595 879 2630 ἔρημος
898 2594 948 2630 μὲν
970 2594 1024 2621 τῶν

237 2639 361 2666 τυπικῶν
389 2639 573 2665 ἐπισκιάσεων
598 2641 612 2665 ὁ
627 2641 689 2671 voto;
713 2641 971 2676 καταλειφθήσεται,
995 2642 1024 2667 ὲν

240 2685 322 2710 amat
335 2685 363 2710 δὲ
378 2685 433 2715 τοῖς
447 2682 507 2711 οὖσι
517 2684 566 2720 τῆς
578 2685 754 2720 ὲπιλάμψεως
767 2687 852 2722 αὐτῆς
864 2688 890 2713 αἱ
906 2687 1024 2719 ἀκτῖνες,

238 2730 459 2765 διαταθήσονται.

274 2819 304 2847 I’.
327 2820 407 2848 Ἀλλὰ
422 2821 482 2848 τίνα
497 2821 532 2848 τὰ
547 2822 596 2857 τῆς
612 2821 694 2858 εὐχῆς
710 2822 738 2850 ἐν
754 2823 792 2858 τῷ
808 2823 965 2859 παραδείσῳ
978 2823 1028 2859 τῆς

277 2910 421 2948 =“1.33.1,
438 2913 468 2940 i5
486 2920 564 2948 seqq.

1071 1675 1199 1703 buerunt.
1214 1676 1248 1704 At
1262 1685 1332 1704 nova
1358 1678 1427 1710 hmc,
1445 1678 1623 1714 omniumque
1648 1681 1858 1715 prudentissima

1071 1721 1160 1753 Anna,
1179 1722 1263 1749 verita
1281 1730 1314 1750 ne
1327 1723 1392 1756 quid
1403 1723 1559 1758 hujusmodi
1571 1724 1692 1760 perferre
1707 1731 1860 1761 cogeretur,

1071 1766 1135 1793 dum
1145 1767 1276 1801 prolixam
1287 1768 1437 1796 eﬂ'underet
1453 1769 1617 1802 orationem,
1630 1771 1860 1805 quemadmodum

1071 1820 1086 1840 ο
1102 1814 1260 1840 domesticis
1277 1814 1437 1848 parietibus,
1453 1815 1489 1842 ita
1507 1823 1522 1842 ιι
1536 1816 1636 1849 templo
1648 1824 1758 1851 quoque
1778 1817 1862 1844 absti-

1073 1865 1128 1891 net,
1146 1864 1228 1894 alque
1245 1865 1274 1886 ut
1285 1861 1402 1894 quietem
1419 1861 1563 1895 reperiret,
1575 1861 1692 1889 maxime
1706 1862 1859 1890 solitarium

1072 1905 1099 1931 in
1111 1905 1190 1931 horto
1200 1912 1249 1931 suo
1259 1905 1348 1932 locum
1359 1905 1458 1940 seligit,
1469 1906 1496 1932 in
1506 1913 1571 1940 quo,
1581 1912 1660 1940 prout
1670 1908 1790 1942 optabat,
1802 1908 1863 1936 sine

1074 1951 1268 1985 impedimento
1281 1951 1442 1978 obsecrandi
1460 1951 1614 1979 facultatem
1626 1953 1677 1980 sibi
1689 1953 1746 1980 l'ore
1755 1954 1863 1988 sapien-

1075 2002 1116 2024 ter
1135 1997 1324 2032 perspiciebat.
1342 1996 1480 2024 Fortassis
1499 2001 1588 2024 autem
1613 2006 1666 2025 non
1686 2004 1796 2033 propter
1811 2000 1863 2027 hoc

1074 2046 1190 2073 tantum,
1203 2042 1248 2069 sed
1259 2043 1341 2068 etiam
1357 2047 1467 2076 propter
1483 2042 1624 2070 veritatem
1643 2043 1694 2070 sibi
1710 2043 1790 2078 plane
1802 2051 1863 2079 per-

1074 2094 1205 2122 spectam,
1216 2087 1337 2122 quidsibi
1346 2089 1526 2115 obventurum
1535 2092 1617 2121 esset,
1630 2088 1709 2116 factis
1718 2089 1784 2123 ipsis
1794 2097 1863 2124 prte-

1075 2138 1218 2161 tnonstrat.
1227 2132 1285 2160 Jam
1296 2141 1360 2168 ergo
1369 2134 1458 2164 Anna,
1468 2134 1620 2168 agnominis
1630 2134 1734 2168 gratim,
1746 2143 1791 2169 per
1803 2143 1862 2162 eam

1075 2180 1300 2215 supplicationem
1319 2179 1372 2207 Deo
1390 2179 1442 2207 hac
1459 2180 1565 2207 ratione
1580 2180 1698 2207 oblatam
1709 2189 1810 2216 perque
1821 2190 1864 2209 ra—

1075 2226 1208 2253 tionabile
1223 2226 1288 2253 illud
1307 2226 1484 2257 sacriﬁcium,
1497 2227 1523 2253 in
1541 2232 1714 2254 antecessura
1735 2229 1862 2260 ostendit,

1076 2272 1254 2306 ewpissejam
1269 2276 1386 2306 tempus,
1402 2279 1458 2306 quo
1474 2272 1597 2299 homines
1614 2280 1668 2299 non
1679 2272 1796 2307 amplius
1805 2273 1864 2300 exi-

1075 2317 1185 2344 stiment
1199 2317 1305 2344 divinas
1317 2324 1396 2343 aures
1404 2316 1455 2343 loci
1470 2316 1620 2351 cujuspiam
1635 2318 1737 2344 ambitu
1745 2317 1864 2344 circum~

1075 2363 1157 2396 cludi,
1171 2363 1219 2389 sed
1237 2371 1329 2390 coram
1348 2363 1401 2390 Deo
1413 2363 1512 2397 ubique
1528 2367 1670 2398 praesente,
1682 2363 1864 2398 universaque

1075 2409 1213 2443 implente,
1223 2416 1316 2443 preces
1329 2416 1390 2436 esse
1404 2408 1554 2435 fundendus
1570 2414 1652 2443 atque
1668 2408 1731 2435 inde
1745 2409 1863 2444 postulas

1077 2455 1165 2482 tiories
1192 2455 1266 2481 exitu
1295 2462 1349 2481 non
1374 2454 1506 2482 fraudari.
1537 2455 1565 2481 ld
1594 2462 1658 2481 vero
1677 2455 1759 2481 etiam
1773 2455 1865 2489 justus

1077 2499 1239 2528 Joachimus
1258 2500 1489 2534 praemonstravit,
1507 2501 1572 2527 dttnt
1597 2505 1623 2528 ct
1639 2508 1653 2527 a
1666 2500 1765 2535 templo
1782 2501 1866 2528 absti-

1079 2549 1149 2577 nuit.
1166 2553 1193 2574 et
1223 2547 1415 2582 aeccptabilem
1435 2546 1507 2573 illam
1529 2552 1610 2581 atque
1628 2546 1816 2574 admirandam
1836 2547 1863 2574 in

1080 2598 1172 2620 monte
1196 2593 1347 2620 orationem
1373 2593 1513 2627 persolvit,
1532 2600 1580 2627 per
1605 2593 1630 2619 id
1642 2593 1730 2627 palam
1751 2593 1864 2624 faciens,

1079 2646 1151 2665 nova
1171 2639 1257 2673 gratia
1275 2638 1445 2670 adveniente,
1467 2638 1619 2665 solitarium
1635 2638 1746 2672 quidem
1761 2638 1864 2673 typica-

1077 2693 1139 2714 rum
1156 2686 1395 2713 adumbrationum
1412 2686 1541 2720 templum
1568 2684 1775 2720 relinquendum
1792 2692 1865 2716 esse,

1078 2732 1164 2767 ipsius
1176 2740 1241 2759 vero
1250 2731 1319 2759 lueis
1332 2731 1422 2760 radios
1433 2732 1467 2759 ad
1479 2739 1584 2764 omnes,
1594 2730 1751 2766 quicunque
1762 2734 1865 2762 essent,

1078 2779 1273 2806 diﬂ‘undendos
1289 2778 1357 2806 fore.

1114 2825 1148 2853 Χ.
1166 2826 1200 2853 At
1216 2833 1281 2853 vero
1310 2833 1434 2862 qutenam
1459 2826 1546 2854 oratio
1571 2824 1633 2857 fuit.
1645 2832 1726 2861 quam
1739 2824 1816 2854 Anna
1840 2823 1868 2851 in
