2088 3159
264 203 312 235 531
869 203 1029 236 NICETAS
1049 206 1280 236 SERRONIU’S.
1840 205 1892 237 532

266 265 402 289 servatur.
425 261 512 296 Atque
527 261 583 289 haec
597 261 631 289 de
645 261 679 288 iis
696 260 742 296 qui
759 265 807 288 aut
824 261 986 296 suscipiunt.
1005 267 1053 289 aut
1068 268 1088 295 Α

1068 268 1088 295 Α
1103 261 1238 297 τιμῶντες
1253 261 1301 297 τὴν
1320 262 1387 297 μίαν
1406 262 1523 297 ἡμέραν,
1541 261 1589 288 καὶ
1603 261 1685 289 πάλιν
1699 261 1749 296 τὴν
1763 261 1891 296 νηστείαν

265 314 318 333 non
338 306 489 342 suscipiunt
502 307 566 334 illud
580 306 726 342 jejunium,
744 315 791 335 seu
806 308 895 342 potius
907 308 1054 342 quotannis

1105 307 1254 343 κρατοῦσιν
1277 308 1328 339 ἕως
1343 307 1429 342 αὐτῆς
1443 308 1494 342 τῆς
1512 308 1610 343 ἑορτῆς
1623 309 1673 342 τῆς
1690 307 1830 341 πανάγνου
1847 308 1892 334 καὶ

264 353 408 384 dissident,
424 352 495 380 dicta
514 357 590 384 sunt,
601 358 653 380 etc.

1103 353 1295 388 πιναχράντου
1314 354 1463 390 Δεσποίνης
1488 354 1568 390 ἡμῶν
1583 354 1719 380 Θεοτόκου
1730 360 1737 367 ·
1757 354 1848 389 ἕτεροι
1864 354 1891 380 δὶ

266 399 335 433 μετά
352 398 381 423 τὸ
406 397 535 432 ἑορτάσαι
549 399 598 434 τὴν
613 398 711 433 ἑορτὴν
731 399 780 433 τῆς
794 399 1054 435 Μεταμορφώσεως,
1069 400 1170 435 ταύτην
1188 400 1319 434 κρατοῦσι
1348 400 1395 426 καὶ
1407 400 1502 432 ἁπλῶς
1528 401 1542 426 ὁ
1558 400 1619 426 καθ’
1634 399 1693 431 ἕνα,
1707 399 1745 430 ὠς
1757 399 1889 434 προείρη-

262 452 318 474 τιι.
340 443 442 478 ταύτην
471 444 608 477 νηστεύει.
627 445 680 471 Καὶ
709 445 796 472 ταῦτα
818 446 867 481 μὲν
883 447 948 480 περὶ
979 446 1033 473 τῶν
1056 446 1208 481 δεχομένων
1235 446 1282 472 καὶ
1311 446 1376 482 περὶ
1391 446 1446 472 τῶν
1472 445 1509 481 μὴ
1532 446 1688 481 δεχομένων
1710 444 1815 480 ταύτην
1843 444 1893 480 τὴν

264 490 404 525 νηστείαν,
443 491 490 517 καὶ
513 491 614 520 μᾶλλον
629 491 718 518 εἰπεῖν
730 492 936 526 διαφωνούντων
950 493 1010 519 καί
1022 492 1091 524 ε’ἑος,
1105 493 1225 528 εἴρηται,
1242 502 1270 520 κ.
1283 502 1307 520 τ.
1326 494 1351 521 λ.

275 577 562 590 m

563 575 1882 589 -——————————-————-

927 647 1012 668 ANNO
1031 647 1142 669 DOMINI
1161 647 1225 669 MXC

625 726 971 843 Nltlt’l‘ls
1022 725 1522 896 stimulis.

915 945 1238 1001 NOTITIA.

657 1047 719 1078 (Leo
731 1045 850 1072 Αιιηιυε
866 1047 901 1072 De
917 1047 1009 1073 Nicetis
1025 1054 1065 1079 ap.
1079 1046 1125 1072 Mai
1140 1045 1203 1072 Bibl.
1217 1052 1271 1072 nov.
1283 1047 1354 1070 Patr.
1368 1048 1427 1071 tom.
1444 1044 1499 1076 Vl.)

295 1155 404 1184 Nicelas
428 1155 530 1183 Serron
558 1155 629 1183 male
651 1164 666 1184 a
693 1156 843 1186 Possevino
867 1158 894 1185 in
920 1159 990 1186 duos
1016 1158 1181 1193 discerpitur
1203 1156 1231 1184 in
1254 1159 1395 1192 apparatu,
1413 1154 1440 1182 in
1456 1152 1578 1181 Nicetam
1605 1151 1735 1180 nimirum
1751 1149 1894 1179 llcraclezc

261 1201 431 1234 episcopum,
444 1205 470 1228 et
489 1199 610 1228 Nicetam
636 1200 748 1229 Serron.
769 1202 821 1229 Sed
847 1202 965 1237 pessime
985 1202 1020 1229 ab
1041 1200 1274 1236 Epitomatoribus
1301 1199 1470 1235 gesncrianis
1484 1198 1510 1224 in
1526 1197 1648 1225 Nicetam
1663 1196 1824 1226 Heracliam.
1842 1193 1894 1237 Ni?

262 1249 349 1271 cctam
364 1243 536 1274 Serrouinm.
553 1243 674 1271 Nicetam
691 1244 738 1271 τοῦ
756 1235 877 1280 Σερῤὥν,
892 1249 919 1273 et
934 1235 1310 1280 Nicetamrmelropolitanum
1325 1242 1471 1272 Heracleae.
1487 1241 1611 1276 Namque
1631 1248 1702 1268 unus
1721 1244 1748 1267 et
1763 1239 1834 1267 idem
1851 1235 1895 1266 esl

262 1293 368 1320 auctor,
383 1287 428 1321 qui
441 1287 534 1314 omnia
549 1288 684 1322 prmdielis
698 1289 815 1323 ascripta
827 1289 991 1323 composuit.
1008 1288 1035 1316 In
1048 1290 1164 1317 diatriba
1177 1296 1237 1316 mea
1249 1288 1283 1315 de
1299 1287 1403 1319 Psellis,
1417 1294 1479 1314 cum
1497 1286 1633 1314 de-tetate
1657 1283 1797 1312 Michaelis
1811 1282 1894 1312 Pselli

264 1333 396 1359 adversus
415 1332 556 1359 haereticos
581 1332 773 1368 disceptarem,
796 1339 825 1361 ut
849 1340 896 1361 eos
919 1331 1082 1366 refellerem,
1101 1333 1185 1361 multa
1201 1332 1235 1360 de
1252 1331 1346 1359 Niceta
1365 1330 1477 1363 Davide,
1495 1333 1523 1357 et
1539 1328 1632 1356 Niceta
1648 1327 1776 1357 Serrone.
1792 1333 1852 1360 quae
1867 1326 1894 1353 el

264 1376 302 1402 illi
318 1375 469 1403 concedere
488 1376 632 1409 debebam,
657 1384 689 1403 ex
712 1376 853 1405 codicibus
866 1377 1061 1412 manuscriptis
1082 1376 1172 1408 attuli,
1187 1380 1213 1403 et
1226 1373 1401 1410 postmodum
1425 1373 1547 1400 conclusi
1562 1373 1684 1400 Nicetam
1701 1371 1857 1402 Serronem,
1869 1372 1897 1396 et

264 1419 385 1446 Nicctam
402 1419 531 1447 Davidem
549 1420 632 1447 alium
665 1424 746 1455 atque
766 1421 848 1448 alium
868 1421 972 1454 fuisse;
994 1421 1021 1448 in
1042 1428 1157 1455 eamque
1180 1420 1215 1446 ivi
1235 1418 1410 1450 sententiam,
1426 1416 1621 1452 Theophylacti
1646 1414 1779 1450 Bulgaria:
1803 1413 1895 1440 archi-

265 1463 385 1497 episcopi
401 1468 479 1490 azlate
493 1463 632 1496 ﬂoruisse,
647 1464 679 1491 ad
699 1473 779 1500 quem
794 1473 866 1492 nona
881 1465 1074 1500 Tlieophylacti
1091 1465 1204 1499 epistola
1221 1463 1291 1490 inter
1306 1462 1455 1497 impressas
1467 1468 1482 1488 a
1498 1460 1615 1488 Meursio
1628 1459 1736 1493 legitur.
1754 1457 1791 1485 De
1807 1457 1898 1484 diver-

266 1507 348 1533 sitate
361 1505 516 1534 Nieetarum
534 1514 640 1534 mecum
664 1507 751 1535 habeo
771 1509 962 1537 doctissimum
979 1508 1105 1537 Vossium
1130 1509 1156 1536 in
1174 1515 1242 1535 nova
1261 1507 1295 1534 de
1310 1506 1488 1540 scriptoribus
1501 1505 1604 1532 Graecis
1616 1503 1736 1532 editione
1752 1511 1758 1530 :
1775 1502 1897 1529 Diverso:

266 1547 354 1576 ‘mnen
375 1559 430 1577 esse
452 1551 498 1578 hos
524 1550 646 1584 Nicctas,
666 1551 761 1579 Leonis
789 1553 882 1580 Allatii
905 1554 1038 1580 sententia
1059 1558 1106 1586 est,
1123 1554 1149 1580 in
1171 1551 1288 1583 diatriba
1303 1550 1334 1577 de
1356 1549 1463 1581 Pullis.
1479 1549 1522 1575 cui
1536 1549 1586 1574 hac
1601 1548 1628 1574 in
1641 1553 1717 1582 parte
1729 1546 1817 1581 potius
1833 1546 1897 1572 sub-

266 1594 364 1620 scribo.
382 1594 444 1621 Fuit
470 1595 494 1622 is
521 1595 608 1628 primo
627 1603 730 1630 magna:
745 1597 867 1624 ecclesia:
879 1596 1013 1624 diaconus
1036 1601 1063 1625 et
1088 1596 1216 1631 magister
1229 1603 1277 1622 seu
1293 1594 1399 1625 doctor,
1419 1597 1512 1628 postea
1539 1591 1682 1619 Serrarum
1709 1589 1897 1624 metropolita,

268 1638 329 1664 inde
344 1638 493 1666 translatus
510 1637 678 1666 Heracleam.
696 1638 743 1666 Vir
757 1640 857 1675 oppido
870 1641 966 1668 doctus
980 1645 1007 1668 et
1021 1641 1092 1676 pius.
1113 1639 1229 1674 Scripsit
1251 1639 1329 1674 plura
1344 1642 1370 1665 et
1388 1638 1474 1665 varia.
1493 1636 1545 1664 Sed
1569 1635 1699 1671 praecipui
1720 1633 1792 1660 illius
1808 1639 1898 1668 neque

268 1681 378 1717 inglorii
394 1687 508 1709 conatus
528 1682 605 1710 tuere
625 1683 652 1710 in
669 1685 828 1719 exponenda
845 1684 930 1711 Biblia
945 1692 978 1712 ex
994 1689 1084 1712 mente
1099 1688 1256 1711 sanctorum
1271 1682 1397 1710 Patrum.

303 1725 369 1758 Qua:
384 1726 416 1752 ad
434 1733 532 1753 manus
553 1731 661 1754 nostra;
674 1735 823 1762 pervenere
845 1731 928 1755 sunt:
946 1735 1065 1756 canones
1080 1728 1127 1755 illi:

1080 1728 1153 1755 illius
1167 1726 1358 1762 γραμματικοὶ
1379 1724 1449 1752 κατὰ
1472 1722 1602 1760 μουσικὸν
1627 1727 1694 1757 ηχον
1715 1720 1896 1767 ψαλλόμενοιὶ

268 1769 374 1803 Πινῃηιίυ
386 1771 575 1805 grammatica,
592 1779 651 1806 qua
664 1771 699 1797 ad
715 1776 821 1798 tantum
835 1772 964 1799 musicum
977 1773 1161 1803 concinuntur,
1182 1772 1301 1804 itemque
1316 1769 1445 1803 troparia.
1461 1768 1567 1795 Titulus
1585 1766 1660 1801 operi
1679 1765 1808 1800 praefixus
1824 1773 1830 1790 :
1849 1765 1899 1788 τοῦ

268 1813 322 1839 τῶν
336 1813 446 1849 Σερῤὧν
460 1814 571 1849 πόνημα.
595 1814 715 1849 Νικήτου
736 1815 808 1845 τόδε.
835 1814 956 1842 Serranis
981 1815 1057 1842 labor
1072 1816 1092 1842 Δ

1075 1815 1175 1842 Nicette
1196 1815 1238 1842 hic
1257 1818 1305 1841 est.
1323 1814 1353 1842 P.
1373 1813 1501 1840 Ἐπὶθετα
1521 1811 1581 1844 Διός
1593 1819 1600 1826 ·
1619 1810 1788 1842 Δωδωναῖος,
1803 1807 1899 1838 Ἰδαῖος

274 1858 406 1892 Ἐρκεϊος,
421 1858 550 1893 Κηναῖος,
567 1859 718 1895 Μειλίχιος.
736 1858 863 1894 Ejusdem
877 1859 966 1887 κανὼν
993 1861 1033 1892 εἰς
1048 1868 1098 1886 κεν

1073 1859 1164 1891 ινόνας
1179 1856 1401 1894 γραμματικούς.
1420 1856 1512 1884 Canon
1526 1857 1553 1883 in
1575 1854 1680 1890 regulas
1700 1852 1897 1889 grammatices.

268 1900 300 1928 Ρ.
315 1901 362 1933 Εἰς
374 1900 417 1934 ος¹
433 1901 467 1927 τὰ
482 1901 605 1935 ὀξύτονα.

305 1944 432 1979 Ejusdem
446 1945 538 1981 ἔτερος
554 1946 644 1973 κανὼν
660 1947 700 1979 εἰς
715 1947 832 1982 διάφορα
846 1948 1039 1984 γραμματικά.
1057 1948 1129 1975 Aliut

1075 1948 1134 1975 .lius
1152 1955 1237 1974 canon
1249 1947 1275 1973 in
1289 1947 1363 1973 uaria
1376 1944 1562 1981 grammatica.
1578 1943 1608 1970 P.
1627 1942 1663 1969 Τὸ
1679 1944 1705 1968 a'
1721 1941 1793 1968 κατὰ
1812 1938 1899 1975 ἀρχὰς

269 1988 432 2020 ἀσπάζεται.
448 1987 478 2015 Et
491 1989 543 2016 alia
561 1989 587 2016 in
601 1989 774 2018 bibliothecis
791 1991 929 2024 Vaticana,
944 1991 1140 2022 Vallicelliana,
1156 1992 1231 2026 regia
1244 1990 1369 2023 Parisiis,
1385 1989 1582 2024 Altempsiana.

307 2031 433 2059 Carmina
446 2033 560 2059 iambico
575 2033 602 2059 in
618 2034 687 2061 idem
703 2043 777 2068 opus.
790 2035 821 2062 P.
840 2035 923 2062 Πέδον
939 2036 1047 2071 τιθηνὸν
1061 2037 1131 2071 ἀκρίι

625 2034 687 2061 “dem
703 2043 777 2068 opus.
790 2035 821 2062 P.
840 2035 923 2062 Πέδον
939 2036 1047 2071 τιθηνὸν
1061 2036 1175 2071 ἀκρίσου
1187 2035 1363 2070 πεφιλμένον.
1379 2034 1449 2061 ibid.

307 2076 436 2103 Carmina
455 2076 569 2103 iambico
584 2077 651 2105 alia.
670 2078 700 2105 Ρ.
720 2078 823 2113 Καιρὺς
839 2079 888 2113 μὲν
911 2079 1006 2112 ὕπνου,
1023 2079 1070 2106 καὶ
1083 2080 1131 2106 uae

777 2078 823 2113 ρὺς
839 2079 888 2113 μὲν
911 2079 1006 2112 ὕπνου,
1023 2079 1070 2106 καὶ
1083 2080 1226 2106 καθεύδειν
1242 2077 1277 2115 ἦν
1291 2079 1359 2106 δέον.
1376 2078 1459 2113 Regia
1474 2077 1600 2104 Parisiis.

305 2120 415 2146 Addunt
435 2119 480 2146 alii
499 2119 649 2154 :Eiusdem
667 2121 839 2156 imperatores
864 2121 1148 2157 Constantinopolitani
1169 2123 1286 2150 haeretici
1305 2131 1336 2149 ac
1357 2122 1511 2150 Christiani.
1533 2121 1593 2156 Ipse
1612 2119 1678 2155 quid
1701 2117 1746 2151 sit,
1778 2116 1901 2144 nondum

271 2162 338 2189 vitii.

308 2206 336 2233 lu
349 2206 472 2240 Gregorii
495 2206 661 2234 Nazianzeni
683 2208 822 2236 orationes
844 2209 981 2237 sexdecim
998 2209 1201 2243 Enarrationes,
1216 2216 1239 2238 et
1257 2210 1466 2243 Commentario,
1489 2216 1586 2243 nempe
1603 2208 1630 2234 in
1645 2211 1765 2234 sanctum
1785 2205 1900 2237 Pascha,

271 2255 295 2276 et
311 2251 337 2276 in
355 2250 527 2279 Tarditatem.
545 2251 578 2278 In
592 2252 676 2278 aliam
691 2253 834 2279 orationem
846 2253 874 2280 in
888 2259 1009 2280 sanctum
1021 2254 1136 2281 Pascha.
1152 2254 1185 2281 In
1204 2263 1297 2281 noram
1315 2254 1492 2282 Dominicam.
1508 2252 1542 2280 In
1563 2251 1754 2279 Pentecostem.
1769 2250 1800 2277 In
1818 2248 1900 2276 Chri-

272 2295 305 2320 sti
320 2295 389 2320 diem
405 2293 543 2322 Natalem.
556 2295 591 2322 In
609 2295 781 2330 Epitaphium
801 2296 855 2323 divi
867 2296 971 2324 Basilii.
985 2297 1019 2324 In
1032 2304 1126 2326 sancta
1138 2298 1264 2327 Lumina.
1289 2299 1322 2326 Iu
1346 2305 1469 2326 sanctum
1484 2298 1632 2332 Baptirma.
1646 2297 1684 2322 De
1699 2303 1787 2322 amore
1800 2302 1902 2328 paupe-

273 2346 341 2364 rum.
356 2337 389 2364 In
411 2343 515 2372 patrem
539 2340 686 2366 reticentem
713 2345 818 2374 propter
840 2341 947 2376 plagam
969 2343 1115 2377 grandinis.
1135 2344 1166 2370 In
1186 2343 1375 2370 blaccltabteos.
1399 2342 1430 2369 In
1460 2342 1491 2370 S.
1511 2341 1672 2375 Cyprianum
1698 2343 1851 2372 martyrem.
1868 2336 1902 2363 In

272 2380 412 2408 Julianum
425 2383 584 2409 tributorum
601 2388 760 2411 exactorem.
776 2383 810 2410 In
822 2386 991 2419 praesentiam
1008 2385 1061 2414 CL.
1077 2388 1268 2422 episcoporum.
1287 2387 1320 2414 In
1340 2387 1495 2422 Gregorium
1521 2384 1672 2419 Nyssenum
1688 2382 1778 2417 .L’ngni
1797 2381 1897 2408 Basilii

273 2425 393 2459 fratrem.
413 2424 491 2453 In
512 2427 690 2454 Athanasium
705 2435 714 2454 :
727 2435 788 2462 quae
811 2429 907 2457 Latine
927 2430 1074 2465 interprete
1091 2429 1196 2459 Joanne
1221 2431 1386 2458 Leunclavio
1408 2437 1508 2456 excusa
1525 2433 1589 2455 sunt
1603 2435 1665 2454 cum
1679 2426 1810 2461 operibus
1833 2425 1901 2452 Gre-

273 2469 341 2503 gorii
359 2468 521 2496 Nazianzcni
546 2471 657 2498 liasilea:
683 2479 755 2498 anno
782 2471 861 2499 1571.
877 2473 913 2500 Ex
929 2473 972 2501 his
988 2473 1198 2504 Commentariis
1218 2475 1336 2503 Jacobus
1354 2475 1449 2501 Bittius
1469 2473 1567 2508 partim
1589 2472 1615 2500 in
1639 2471 1746 2505 aliquas
1762 2471 1903 2498 orationes

273 2513 449 2546 Nazianzeni,
463 2516 559 2549 partim
578 2523 610 2542 ex
625 2515 678 2542 illis
697 2516 722 2542 in
735 2516 802 2543 alias
818 2517 937 2552 collegit,
954 2518 1092 2554 ediditque
1115 2521 1140 2547 in
1166 2528 1214 2548 sua
1237 2521 1365 2548 editione.
1379 2519 1472 2547 Graeca
1498 2517 1683 2552 manuscripta
1703 2515 1806 2551 passim
1823 2514 1900 2542 inve-

274 2558 387 2584 Liutitut‘
403 2558 428 2585 in
448 2559 549 2586 Italicis
562 2559 746 2591 bibliothecis,
764 2566 791 2588 et
809 2562 881 2596 regia
899 2562 1012 2590 Parisiis
1027 2564 1088 2591 cod.
1101 2564 1154 2592 429
1168 2569 1195 2592 et
1213 2565 1290 2592 I355.

309 2602 436 2637 Ejusdem
452 2603 643 2630 Commentarii
658 2605 685 2631 in
698 2605 856 2640 Nyssenum,
872 2607 950 2634 index
970 2616 1018 2635 ms.
1034 2608 1240 2637 Ambrosianus.
1254 2609 1362 2637 Nicetas
1386 2608 1490 2644 absque
1511 2608 1594 2636 dubio
1614 2609 1678 2642 erit,
1694 2610 1781 2645 quiet
1795 2611 1821 2637 in
1846 2610 1902 2637 Na-

274 2648 404 2675 zianzeno
418 2648 576 2676 elaboravit.
597 2648 703 2677 Utinam
720 2656 809 2678 tamen
824 2652 914 2684 index,
928 2652 970 2679 vel
986 2653 1081 2679 titulus
1099 2661 1151 2679 non
1169 2652 1261 2680 fallat!
1286 2652 1319 2679 Et
1341 2653 1466 2687 suspicor
1491 2660 1523 2680 ea
1548 2660 1618 2683 esse,
1635 2661 1695 2688 qua:
1713 2654 1771 2688 ipse
1792 2653 1903 2682 Nicetas

274 2693 420 2726 scripserat
437 2693 462 2718 in
482 2694 632 2720 orationem
650 2694 824 2727 Nazianzeni,
842 2703 922 2729 quam
939 2695 984 2722 ille
998 2696 1092 2724 habuit
1111 2697 1137 2723 in
1154 2696 1314 2731 Gregorium
1331 2696 1483 2732 Nyssenum
1496 2697 1589 2724 Basilii
1608 2697 1732 2725 fratrem.

310 2736 475 2763 lndustriam
491 2745 600 2772 quoque
613 2745 689 2765 suam
710 2740 801 2773 posuit.
816 2739 842 2765 in
858 2740 1025 2773 exponendis
1043 2748 1128 2768 saera:
1149 2741 1296 2776 Scriptum
1319 2742 1418 2775 libris;
1439 2749 1493 2769 non
1516 2750 1549 2769 ex
1571 2742 1702 2777 propriis,
1719 2742 1766 2770 sed
1783 2750 1816 2769 ex
1835 2750 1900 2770 san-

276 2784 382 2807 ctorum
411 2780 582 2815 aliorumque
608 2783 893 2816 prmstantissimorum
913 2783 1044 2817 virorum,
1062 2785 1116 2812 imo
1140 2786 1222 2812 etiam
1247 2794 1278 2813 ex
1306 2786 1542 2817 |nnreticorum.si
1566 2786 1646 2813 modo
1667 2794 1682 2813 a
1703 2787 1901 2814 catholicorum

274 2823 452 2858 intelligentia
467 2829 493 2852 et
509 2832 592 2852 sonsu
609 2833 665 2852 non
678 2825 882 2862 disjunguntur,
901 2827 1060 2862 decerpens,
1073 2833 1099 2855 et
1113 2829 1209 2856 ordine
1229 2829 1387 2864 disponens,
1404 2834 1431 2856 et
1455 2829 1597 2864 aptissime
1621 2830 1771 2862 collocans,
1789 2835 1818 2857 ut
1845 2837 1899 2856 non

277 2867 420 2895 videantur
435 2868 569 2904 disiuncta
588 2877 620 2896 ac
635 2875 770 2903 separata,
787 2871 951 2905 optimorum
965 2879 1116 2906 pannorum
1142 2872 1237 2900 frustis
1261 2873 1462 2905 consarcinata,
1487 2873 1535 2900 sed
1557 2879 1611 2900 uno
1633 2873 1763 2900 continuo
1779 2877 1851 2900 textu
1865 2873 1901 2900 ab

279 2917 332 2938 uno
351 2917 460 2940 auctore
472 2914 568 2941 orilita.
585 2913 636 2942 Eas
651 2913 735 2942 ϐιωσί
762 2916 855 2952 πειρὶῐς
878 2916 981 2950 dixcrc,
1000 2916 1087 2945 Latini
1104 2922 1209 2945 catenas
1225 2925 1234 2945 :
1251 2917 1480 2953 quemadmodum
1499 2917 1572 2946 cnim
1592 2917 1691 2946 diversi
1713 2917 1898 2954 disjunctiquc
