2088 3159
247 189 298 221 535
863 197 1022 228 ΝΙΟΕΤΑΞ
1041 203 1044 228 1

1097 200 1193 231 KRON
1199 201 1271 231 lUS-
1829 203 1880 235 536

240 248 430 282 admonitum,
448 258 521 281 cum,
535 251 581 286 qui
598 259 651 279 non
668 252 895 288 Olympiodorum
910 255 1102 284 Alexandrinae
1123 257 1252 285 Ecclesia;
1275 259 1432 291 diaconum,
1455 260 1502 287 sed
1523 259 1644 287 Nieetam
1662 258 1800 289 Heraclea:
1823 259 1881 293 cpi:

247 299 359 341 ερεξῖιιιιη
377 299 480 341 mnf"?
493 294 731 341 lttljtlsourtorcni
747 298 935 333 existimabat,
951 301 1072 329 sensisse
1091 310 1120 330 se
1139 304 1261 338 captiosa
1288 303 1480 338 probabilitate
1494 305 1648 340 deceptum,
1662 304 1777 338 ideoque
1796 305 1880 331 semel

248 341 274 385 ct
290 337 388 363 iterum
413 337 483 365 datis
505 338 601 385 litteris
627 341 713 367 errati
739 342 781 369 sui
803 342 910 370 veniam
927 343 1114 379 deprecatum,
1129 353 1156 374 et
1173 337 1199 374 lu
1224 337 1388 375 sententiam
1406 356 1483 376 suam
1502 337 1629 376 manibus
1644 337 1815 382 pedibusque
1834 355 1880 374 ve-

249 382 331 413 nisse,
352 386 471 408 erratum
488 382 653 416 professum.
670 384 745 413 Licet
760 387 845 418 enim,
864 391 892 414 ut
906 388 950 415 ille
964 390 1116 423 asserebat,
1130 399 1144 418 ιι
1161 390 1266 418 Joanne
1287 391 1451 420 parisiensis
1468 392 1595 419 Ecclesia;
1618 392 1753 419 canonico
1768 391 1880 419 amicis.

216 463 219 467 v
248 428 298 469 set.
328 430 383 451 tum
416 425 441 451 in
474 433 535 459 suo,
551 431 608 453 tum
641 428 667 454 in
698 429 770 464 regis
788 430 928 458 Gallorum
944 433 982 466 (et
1004 432 1133 466 Ctesaris,
1145 438 1171 461 et
1195 433 1221 460 in
1242 433 1341 467 ottob.)
1361 434 1566 469 exemplaribus
1581 438 1678 461 etnon
1707 433 1802 468 paucis
1819 440 1880 467 qua:

246 468 482 512 Constantinopoli
501 470 636 504 visuntur,
650 481 761 501 summo
778 482 839 502 cum
859 483 1006 509 consensu,
1021 476 1121 504 Nicctte
1137 485 1234 504 nomen
1249 477 1388 511 prteﬁxum
1407 477 1551 509 habeatur,
1567 481 1594 504 et
1622 477 1709 512 stylus
1737 483 1790 503 una
1816 483 1878 503 cum

247 511 360 544 reliquis
375 511 476 540 Nicetes
492 515 621 548 operibus
638 517 718 551 plane
731 520 897 550 consentiat.
914 528 967 547 suo
983 526 1073 548 tamen
1090 520 1194 555 judicio
1207 520 1367 553 Comitolus,
1383 525 1409 548 et
1427 520 1543 548 aliorum
1560 511 1724 547 exim‘orum
1742 520 1883 546 virorum.

246 555 416 583 diversorum
432 559 628 593 exemplarium
646 561 772 591 diversos
787 571 848 591 esse
875 570 1002 593 auctores
1024 568 1127 597 censet,
1139 568 1166 591 et
1184 563 1284 591 Nicetaa
1309 564 1428 592 nominis
1454 564 1612 599 huiusmodi
1642 564 1718 591 libris
1743 564 1815 591 allixi
1833 570 1878 590 re-

245 599 319 634 prllit
339 600 530 635 antiquitatem
555 608 638 631 :tum
667 605 778 633 demum
806 608 871 642 quia
890 608 990 636 Graec
1015 607 1130 640 nationi,
1146 615 1201 642 quo
1221 608 1372 642 prtesertim
1398 612 1521 643 tempore
1547 608 1581 635 ab
1606 608 1729 634 Romana
1759 607 1880 634 Ecclesia

245 644 371 676 εοευεδίῑν
393 645 515 673 solemne
529 646 589 679 fuit,
610 648 773 677 adulterinis
788 651 860 678 notis
875 652 959 679 libros
973 659 1138 687 aspergere:
1156 657 1183 679 et
1203 652 1293 680 varios
1311 660 1375 680 esse
1393 656 1521 679 auctores
1548 652 1675 684 suadent,
1695 651 1737 679 vel
1752 651 1881 678 omnibus

247 687 274 736 in
294 687 370 736 libr-is
397 697 450 717 non
476 692 602 719 eumdem
630 700 691 721 esse
716 695 925 730 explanatorum
953 703 1110 728 numerum,
1123 696 1165 723 vel
1191 696 1416 731 explauationum
1441 701 1585 724 auctorum
1604 704 1657 723 non
1675 704 1737 724 esse
1756 697 1881 723 eamdem

246 733 455 776 dispositionem
471 738 497 761 et
513 736 648 768 ordinem,
662 738 702 765 vel
718 738 751 765 ad
771 739 881 766 eosdem
900 740 973 767 locos
990 747 1074 767 saerte
1096 740 1244 776 Scripturae
1261 749 1315 768 non
1337 742 1495 768 earumdem
1517 741 1661 769 doctorum
1686 741 1883 775 explicationes

247 775 384 809 adhiberi,
398 777 440 805 vel
453 780 611 807 eorumdem
623 781 767 810 doctorum
789 783 988 818 explicationes
1012 784 1039 810 in
1063 775 1202 812 nonnullis
1218 785 1296 812 libris
1310 785 1445 817 concisas,
1461 785 1487 812 in
1505 785 1567 812 aliis
1582 785 1669 820 magis
1683 785 1796 812 diﬁ‘usas
1809 791 1882 815 esse,

248 820 289 847 vcl
311 821 412 848 nullam
429 823 532 856 prtelixi
549 825 669 853 nominis
682 825 785 855 Nicetes
802 833 894 854 uolam
911 827 1110 856 vetustioribus
1124 829 1265 857 codicibus
1283 829 1380 857 videri.
1398 829 1473 857 Adde
1489 829 1515 856 in
1531 830 1590 864 ipsa
1607 829 1799 862 inscriptione,
1820 836 1883 862 qua:

249 864 371 892 Nicetam
398 867 518 901 praefert,
534 868 601 896 nihil
627 870 749 898 recinere
778 879 889 905 purum,
905 872 972 899 nihil
989 872 1091 900 veteris
1117 873 1217 907 lingua:
1233 873 1334 901 Grzcca:
1362 880 1491 900 resonare
1518 873 1711 901 domesticum.
1734 873 1881 907 Ἐξὴγησις

248 910 289 940 εἷς
306 909 351 936 τὸν
377 911 511 946 μακάριον
531 912 603 947 Ἰὼϐ,
628 917 817 950 συγγραφεῑσα
845 917 920 951 παρὰ
947 917 995 944 τοῦ
1024 917 1170 952 lapte-uiroc
1198 917 1398 952 μητροπολιτου
1428 917 1592 952 Ἡρακλείας
1608 939 1615 951 ,
1638 917 1735 952 κυρίου
1761 916 1881 951 Νικήτα.

248 953 369 988 Νικητοῦ
387 955 471 988 enim,
488 956 511 983 si
529 957 631 992 regulis
646 960 887 993 grammaticorum
907 961 1034 988 insistere
1052 961 1195 992 voluisset,
1212 961 1358 988 dicendum
1384 965 1454 988 erat.
1470 961 1582 988 Graecos
1597 968 1679 996 porro
1695 967 1749 988 non
1768 966 1882 987 suorum

249 997 296 1024 sed
321 998 473 1026 alienorum
490 1000 599 1028 nomina
614 1010 740 1031 assuesse
767 1004 845 1032 libris
871 1005 1020 1040 praeﬁgere,
1038 1005 1154 1040 probant
1177 1004 1373 1032 Commentarii
1393 1004 1419 1031 in
1443 1003 1589 1036 Joannem,
1604 1005 1649 1040 qui
1666 1003 1759 1039 Cyrilli
1785 1010 1883 1030 nomen

250 1041 428 1074 prtcl‘crebant
445 1043 492 1079 (c),
506 1052 567 1072 cum
579 1051 671 1074 essent
683 1047 887 1083 Cbrysostomi;
900 1049 1095 1077 Commentarii
1107 1048 1231 1083 Origenis
1244 1049 1270 1075 in
1283 1048 1344 1081 Job,
1360 1048 1405 1083 qui
1417 1055 1532 1083 prorsus
1541 1048 1668 1083 Origenis
1682 1055 1735 1075 non
1749 1051 1814 1074 sunt
1830 1047 1881 1080 (ιι).

248 1085 304 1112 Nec
317 1090 407 1129 potest
418 1087 599 1122 dissimulari,
615 1091 698 1118 multa
714 1091 884 1128 Hieronymo
902 1102 956 1121 non
967 1093 1135 1129 Hieronymi,
1153 1092 1306 1127 Augustino
1324 1091 1408 1118 multa
1419 1092 1535 1126 ascripta
1545 1099 1605 1120 esse
1616 1099 1669 1118 non
1679 1090 1824 1126 Augustini
1837 1089 1884 1124 (ε),

252 1129 287 1154 lle
301 1128 371 1162 stylo
387 1137 496 1166 quoque
512 1131 612 1160 Nicette
626 1138 724 1167 prteter
739 1142 795 1163 rem
810 1143 870 1164 esse
886 1136 1003 1170 videtur,
1018 1128 1078 1164 cum
1100 1135 1203 1163 nullum
1227 1136 1254 1162 in
1277 1135 1329 1163 hoc
1341 1139 1399 1163 toto
1418 1135 1625 1163 Commentario
1648 1133 1750 1162 Niceno
1769 1133 1882 1160 verbum

251 1173 416 1206 reperiatur,
429 1174 476 1202 sed
500 1176 593 1202 omnia
618 1177 735 1206 aliorum
758 1180 849 1208 verbis
871 1181 1012 1215 exposita,
1029 1186 1057 1207 et
1072 1180 1135 1208 licet
1154 1187 1251 1207 omnes
1281 1180 1342 1207 aliae
1366 1184 1480 1210 catenae,
1506 1187 1566 1214 quae
1579 1186 1642 1206 cum
1657 1178 1759 1206 Niceta:
1773 1177 1884 1205 nomine

250 1215 468 1251 υ⁰¹¹Ῑι¹¹¹ἕ¹¹ηιη¹⁸ν
484 1217 584 1247 Nicette
601 1220 673 1252 sint.
694 1230 775 1257 quam
798 1228 840 1250 est
863 1224 1057 1259 interpretatus
1081 1224 1242 1255 Comitolus,
1260 1224 1333 1250 nullo
1356 1224 1436 1252 modo
1454 1223 1554 1251 Nicone
1569 1223 1744 1251 tribuendam
1760 1230 1830 1250 esse.
1849 1221 1883 1248 Et

252 1260 309 1308 herle
325 1260 435 1309 quidem
453 1266 518 1289 sunt
542 1262 670 1293 Comitoli
696 1270 859 1302 argumenta
876 1267 1008 1296 adversus
1030 1276 1086 1301 eos,
1102 1269 1148 1303 qui
1166 1268 1281 1303 hujusce
1306 1272 1411 1296 catenae
1433 1269 1461 1296 in
1485 1266 1586 1295 Jobum
1603 1272 1743 1295 auctorem
1760 1266 1882 1293 Nicetam

252 1309 420 1332 existimant.

287 1355 510 1392 Olympiodorum
532 1367 596 1388 vero
608 1361 753 1390 diaconum
770 1363 852 1399 hujus
869 1363 970 1399 opiﬁcii
984 1371 1045 1392 esse
1065 1369 1204 1393 auctorem
1224 1366 1381 1394 necessario
1402 1365 1508 1400 probat,
1525 1363 1597 1399 quod
1613 1367 1715 1392 catenae
1736 1366 1832 1390 auctor
1855 1362 1882 1389 in

251 1404 373 1429 extrema
389 1403 560 1438 pra-latione,
576 1413 638 1433 cum
656 1406 846 1443 Chrysostomi
860 1409 984 1436 oratione
1003 1416 1081 1436 suam
1097 1414 1273 1441 connectens,
1292 1408 1372 1436 Nunc
1385 1409 1419 1436 ad
1432 1410 1517 1443 ipsum
1530 1408 1676 1440 verborum,
1691 1407 1789 1442 inquit,
1803 1402 1889 1433 inter?

251 1446 427 1478 pretationem
453 1449 608 1475 veniendum
634 1455 692 1482 est;
716 1459 877 1486 qttwcunque
902 1449 961 1479 vero
985 1453 1104 1481 historia:
1129 1459 1287 1488 congruunt,
1304 1453 1542 1489 atque'ollegorid,
1559 1459 1613 1480 ctc.
1631 1452 1713 1487 Atqui
1729 1452 1810 1479 verba
1826 1451 1884 1478 lucc

253 1497 366 1522 prorsus
379 1492 556 1526 consequitur
573 1500 673 1521 nomen
689 1493 886 1529 Olympiodori,
897 1495 1011 1531 ejusque
1033 1497 1200 1531 protbcoria.
1216 1497 1245 1524 Si
1261 1498 1385 1532 superior
1399 1498 1486 1524 oratio
1503 1501 1544 1524 est
1558 1500 1660 1524 calente
1678 1496 1808 1527 auctoris,
1827 1500 1883 1521 tum

252 1534 409 1567 historiam,
427 1540 483 1563 tum
500 1535 643 1570 tlteoriam,
661 1545 723 1565 cutn
737 1546 781 1566 res
796 1538 874 1571 feret,
888 1539 914 1566 in
927 1540 1035 1575 singula
1049 1541 1137 1576 capita
1155 1541 1327 1575 pollicentis,
1351 1549 1413 1569 eum
1435 1541 1463 1568 in
1481 1541 1627 1574 utriusque
1642 1547 1741 1567 sensus
1753 1543 1780 1566 et
1795 1538 1882 1565 bistoo

252 1578 301 1605 riei
314 1583 341 1606 et
364 1579 480 1607 theorici
504 1581 737 1617 pervestigatione
767 1582 850 1610 luerit
876 1582 1088 1618 Olympiodorus
1106 1585 1298 1621 perdiligenter
1320 1589 1465 1616 versatus,
1492 1591 1555 1612 cum
1584 1583 1658 1611 illius
1674 1583 1808 1610 duntaxat
1829 1582 1885 1609 sint

252 1630 348 1650 omnes
365 1623 417 1651 illa:
432 1624 615 1659 protbeoriie,
634 1626 696 1660 quis
720 1626 827 1654 vocabit
852 1627 878 1653 in
894 1627 1019 1661 dubium,
1039 1629 1105 1663 quin
1127 1630 1197 1657 idem
1228 1630 1264 1657 sit
1295 1630 1452 1664 interpres“!
1478 1628 1664 1664 Olympiodori
1694 1627 1884 1661 interpretatio
1911 1636 1915 1639 -

251 1675 314 1695 cum
336 1668 506 1703 reliquorum
526 1669 671 1697 doctorum
686 1670 928 1705 explanationibus
942 1672 979 1699 ila
997 1673 1128 1703 cohaeret.
1141 1678 1171 1700 ut
1191 1681 1245 1700 non
1270 1673 1418 1700 multorum
1434 1673 1579 1707 expositio,
1598 1672 1645 1700 sed
1662 1672 1743 1698 unius
1761 1675 1883 1697 tantum-

253 1712 335 1739 modo
351 1713 475 1740 videatur
489 1720 550 1741 esse
566 1713 747 1741 continuatio.
765 1714 913 1742 Sententia
932 1715 1005 1743 illius
1033 1723 1067 1744 ex
1093 1716 1208 1744 aliorum
1232 1716 1377 1744 sententiis
1403 1716 1587 1748 eﬁlnrescunt,
1603 1720 1629 1743 et
1656 1716 1791 1750 pleneque
1811 1713 1884 1741 illius

250 1757 498 1784 commentationes
515 1757 542 1784 in
559 1757 648 1785 aliena
663 1757 808 1792 junctiouc
828 1759 971 1786 verborum
989 1767 1059 1795 stepe
1075 1760 1233 1792 considunt,
1248 1759 1364 1787 aliorum
1382 1760 1462 1786 verba
1482 1765 1508 1786 el
1533 1759 1675 1787 sententiae
1697 1757 1884 1794 Olympiodori

251 1801 545 1836 comprehensionibus
572 1803 784 1838 astringantur:
804 1803 920 1831 aliorum
946 1804 1125 1839 interpretum
1150 1803 1266 1831 infracta
1296 1803 1330 1831 ab
1353 1803 1546 1839 Olympiodoro
1574 1807 1717 1836 sanantur,
1731 1807 1758 1830 et
1786 1802 1885 1835 vitiosa

252 1853 369 1880 qiueque
382 1846 575 1881 complcntur:
589 1854 650 1882 qua:
667 1847 752 1874 variis
770 1855 803 1874 ex
821 1850 915 1876 eadem
930 1853 1027 1876 catena
1047 1848 1173 1876 adductis
1195 1848 1328 1882 exemplis
1353 1847 1505 1875 Comitolus
1527 1847 1682 1875 conﬁrmat.
1707 1845 1886 1880 Tandemque

252 1890 399 1918 cardinalis
412 1891 538 1918 Gulielmi
557 1890 659 1924 Sirleti,
676 1891 817 1919 Francisci
832 1892 970 1926 Turriani,
988 1897 1014 1920 ct
1031 1891 1105 1919 Petri
1129 1889 1249 1918 Galesiui
1274 1890 1457 1924 protouotarii
1485 1889 1628 1923 apostolici
1652 1888 1813 1919 sententias,
1828 1894 1885 1914 sua:

253 1934 368 1961 comites
381 1934 489 1970 allegat,
505 1938 533 1962 et
546 1934 680 1962 Vincentii
697 1934 793 1962 Pinclli
810 1936 932 1964 codlcem
952 1939 1152 1971 pervelustum,
1167 1934 1194 1961 in
1216 1933 1295 1968 cuius
1315 1934 1411 1968 primis
1432 1932 1539 1967 paginis
1554 1937 1596 1960 est
1612 1931 1808 1967 Olympiodori.
1823 1936 1885 1958 tnu~

253 1986 336 2012 quam
352 1978 464 2013 legitimi
480 1979 612 2012 auctoris,
629 1979 725 2007 litteris
744 1979 847 2007 Latinis
866 1987 968 2008 nomen
987 1980 1148 2014 ascriptum.
1169 1977 1348 2012 Tandemque
1367 1976 1564 2005 Parisicnsium
1581 1976 1691 2004 Patrum
1708 1981 1734 2003 et
1749 1975 1884 2003 sodalium

253 2030 369 2050 suorum
387 2022 572 2057 patrocinium
585 2022 717 2055 adnectit,
734 2024 779 2058 qui
793 2031 854 2051 cum
870 2032 918 2051 sua
932 2031 1016 2051 causa
1029 2023 1102 2058 regis
1117 2023 1271 2058 reginaeque
1288 2021 1469 2049 bibliothecas
1483 2021 1539 2048 acri
1556 2021 1646 2048 studio
1662 2020 1884 2055 perlustrasseut,

254 2067 432 2102 singulosque
450 2067 535 2094 libros
551 2075 582 2094 ac
603 2067 736 2094 librorum
753 2068 856 2096 indices
872 2069 1030 2104 diligentius
1047 2068 1241 2101 inspexissent,
1262 2065 1463 2101 responderunt
1477 2075 1483 2092 :
1497 2064 1559 2092 Non
1577 2070 1614 2092 est
1643 2069 1731 2091 autem
1742 2063 1812 2099 quod
1831 2071 1884 2089 rev.

254 2116 356 2146 patrem
373 2110 531 2138 Camilolum
544 2111 629 2145 pigeat
645 2111 811 2146 conjectura),
824 2117 943 2138 catenam
955 2113 1034 2138 istam
1052 2110 1239 2146 Olympiodoro
1256 2110 1402 2138 tribuentis.
1415 2109 1487 2136 Nam
1504 2115 1527 2136 et
1543 2110 1569 2136 in
1587 2108 1708 2144 Epilome
1722 2108 1885 2135 bibliothecae

256 2155 375 2186 Cesneri,
394 2158 418 2181 et
432 2156 459 2180 in
473 2153 602 2189 Catalogo
615 2155 742 2181 librorum
758 2155 828 2181 edito
841 2163 857 2182 α
872 2154 985 2182 Simlero
1000 2163 1070 2182 anno
1089 2153 1169 2185 1586,
1190 2158 1283 2180 catena
1297 2153 1324 2180 in
1337 2152 1388 2180 Job
1411 2153 1598 2188 Olympiodoro
1615 2153 1739 2180 tribuitur
1750 2152 1884 2187 quwdam,

245 2206 315 2232 qua?
329 2198 429 2224 dicitur
444 2198 471 2224 in
482 2197 639 2225 bibliotheca
659 2198 786 2225 Sambuci
803 2199 903 2226 servari
918 2207 927 2226 :
945 2199 1058 2234 itemque
1081 2198 1198 2230 eiusdem
1217 2197 1400 2232 Olympiodori
1425 2197 1532 2224 diaconi
1548 2197 1699 2232 bypotheses
1716 2197 1742 2223 in
1757 2195 1818 2222 Job.
1837 2196 1885 2223 His

255 2241 397 2269 concludit
414 2248 474 2269 esse
498 2249 563 2268 vero
583 2249 666 2276 quam
685 2241 856 2269 simillimum
882 2242 964 2277 hujus
990 2247 1094 2270 catena:
1114 2242 1275 2277 scriptorem
1290 2241 1525 2277 Olympiodorum,
1545 2240 1735 2268 Alexandrinae
1756 2240 1886 2268 Ecclesiae.

248 2286 414 2318 diaconum,
429 2285 577 2313 exstitisse.
595 2286 648 2313 Pro
672 2294 726 2321 qua
753 2287 888 2314 sententia
906 2286 1091 2319 defendenda,
1111 2287 1235 2322 ingentes
1264 2286 1391 2314 Comitoli
1417 2292 1542 2319 conatus,
1563 2289 1589 2312 ct
1609 2286 1775 2313 concitatum
1800 2284 1885 2311 animi

255 2330 382 2357 ardorem
401 2330 588 2364 conspexeris.
606 2329 647 2357 Ad
663 2329 789 2357 Comitoli
806 2338 915 2365 Quoque
932 2332 1095 2358 sententiam
1113 2332 1218 2359 accedit
1233 2331 1402 2359 I’osscvinus
1415 2330 1440 2357 iu
1460 2334 1603 2364 apparatu,
1621 2330 1647 2356 in
1665 2329 1881 2365 Olympiodoro:

255 2374 357 2400 Accedo
369 2375 438 2401 enim
450 2373 541 2401 lubens
558 2374 592 2400 ad
607 2374 762 2401 sententiam
785 2373 866 2401 Pauli
884 2374 1020 2406 Comitoli,
1032 2377 1078 2410 qui
1093 2377 1210 2403 equidem
1231 2380 1364 2406 catenam,
1380 2379 1409 2401 ut
1436 2374 1501 2400 alibi
1518 2374 1646 2406 diximus,
1661 2382 1675 2400 e
1690 2374 1782 2401 (ἔνατα
1810 2372 1886 2399 Lati—

256 2427 316 2446 num
337 2419 398 2453 fecit
413 2418 554 2454 eleganter.
575 2418 628 2451 Qui
645 2420 706 2445 item
730 2419 823 2446 solidis
851 2419 998 2446 rationibus
1023 2421 1049 2446 iu
1068 2421 1181 2447 editione
1204 2419 1311 2452 Veneta,
1327 2427 1385 2454 qua:
1407 2417 1505 2453 prodiit
1519 2417 1589 2452 apud
1609 2417 1704 2446 Iulilos
1719 2426 1787 2445 anno
1805 2417 1883 2449 l587,

256 2464 350 2491 euinci!
366 2472 424 2491 eam
438 2471 493 2491 esse
508 2471 559 2490 non
574 2463 678 2491 Niceta:
695 2463 879 2491 Heracleensis
894 2464 1019 2499 episcopi,
1033 2465 1078 2492 sed
1095 2465 1176 2499 ipsius
1193 2463 1387 2499 Ofympiodori.

295 2565 329 2598 (c)
350 2562 459 2591 Memini
476 2570 573 2598 reapse
591 2570 634 2591 me
650 2563 741 2590 videre
757 2563 784 2590 in
805 2562 968 2590 bibliotheca
992 2562 1047 2590 Va-

258 2600 349 2627 ticana
368 2599 489 2627 codicem
505 2607 632 2634 magnum
647 2599 792 2634 insignem,
811 2598 913 2634 litteris
923 2599 1047 2626 venustis

257 2639 410 2666 exaratum,
426 2642 487 2662 cum
505 2635 616 2668 praeﬁxo
639 2635 719 2661 titulo
738 2634 830 2668 Cyr-illi
855 2634 880 2660 in
901 2633 1044 2665 Joannem,

257 2679 319 2697 cum
350 2674 440 2696 tamen
464 2669 531 2696 nihil
555 2669 647 2704 Cyrilli
680 2671 819 2704 proprium
851 2668 970 2700 inesset;
998 2669 1047 2695 sed

257 2705 456 2737 Compendium
471 2705 561 2740 potius
579 2703 767 2740 Cbrysostoini
785 2704 861 2736 illud,
879 2704 953 2739 quod
968 2703 1046 2730 Patre

257 2740 292 2767 \‘ii
308 2740 463 2766 observavit
477 2739 685 2767 CoruitolusJA.
703 2739 737 2766 Μ.

294 2776 332 2810 (d)
352 2775 434 2802 llecte
449 2775 506 2801 base
530 2775 669 2802 dicuntur.
685 2774 791 2801 Etenim
802 2781 858 2810 rego
871 2773 1046 2801 Commenta-

257 2811 290 2836 rii
308 2811 396 2837 adhuc
409 2809 502 2837 Graece
520 2811 613 2837 incditi
630 2811 655 2836 in
670 2810 780 2841 .lohum,
798 2809 896 2836 falsum
917 2810 1044 2843 Origeuis

259 2853 356 2871 nomen
389 2846 414 2872 in
443 2846 583 2871 codicibus
614 2845 744 2878 gerentis.
777 2852 870 2871 verum
904 2850 1042 2871 auctorem

259 2881 390 2912 (mist-um
419 2880 523 2907 srilicct
545 2887 571 2907 et
597 2881 676 2906 fama:
694 2880 792 2906 nobilis
809 2879 963 2913 hominem).
980 2888 1041 2905 cum

260 2923 319 2949 ipso
334 2923 414 2949 opt-re
430 2915 589 2950 vulgatum:
606 2915 751 2950 abquaudu
770 2923 839 2943 sum.
857 2915 894 2942 De
913 2914 1043 2943 Cumitoli

1100 2569 1192 2591 autem
1226 2562 1635 2591 nonnullisballucinationiluts
1667 2564 1748 2592 verba
1776 2563 1827 2592 feci
1855 2563 1884 2590 in

1100 2605 1174 2626 toruo
1184 2599 1217 2632 Χ,
1235 2608 1262 2634 p.
1280 2599 1344 2630 ‘20],
1360 2606 1417 2631 seq.
1432 2598 1569 2634 Spicilegii
1587 2599 1666 2628 Rom.
1685 2600 1716 2626 Α.
1734 2599 1767 2625 Μ.

1136 2635 1170 2669 (e)
1188 2634 1339 2669 Augustino
1353 2634 1452 2668 scripta
1467 2634 1570 2667 aliquot
1583 2635 1652 2661 falso
1670 2635 1765 2669 utique
1783 2635 1885 2662 inscri-

1098 2675 1141 2704 pta
1159 2671 1270 2697 ltterunt
1281 2678 1288 2696 :
1301 2670 1348 2696 sed
1363 2670 1416 2696 alia
1432 2669 1549 2696 vicissim
1564 2675 1655 2704 erepta
1674 2670 1760 2697 eidem
1777 2673 1886 2697 constat

1099 2705 1299 2739 philologorum
1328 2705 1424 2732 audaci
1444 2704 1556 2738 judicio,
1575 2705 1788 2733 reclamantibus
1807 2705 1886 2732 valde

1098 2740 1238 2767 codicibus
1265 2739 1466 2774 antiquissimis
1493 2745 1519 2767 et
1543 2741 1667 2774 ingenuae
1687 2740 1766 2767 fama:
1788 2740 1884 2773 primis

1096 2775 1258 2802 editoribus.
1271 2775 1316 2802 Sic
1328 2783 1372 2802 ex.
1389 2783 1428 2810 gr.
1446 2780 1540 2803 nostra
1555 2776 1612 2803 fere
1625 2779 1705 2803 aetate
1718 2775 1782 2802 Illita
1798 2775 1886 2807 Chry-

1096 2811 1230 2844 Solagum,
1260 2810 1365 2838 Brunus
1393 2810 1541 2837 Maximum
1567 2816 1648 2840 taur..
1669 2810 1734 2838 dum
1764 2811 1885 2836 studiose

1096 2846 1202 2872 illorum
1218 2851 1306 2873 tomos
1322 2846 1488 2879 ampliﬁcare
1504 2846 1715 2881 \‘0lttul,alictti:’
1730 2853 1783 2873 non
1800 2845 1884 2873 semel

1095 2881 1192 2914 plumis
1213 2886 1422 2910 exornaverunt.
1439 2882 1469 2908 Δ.
1485 2880 1518 2907 Μ.
