2088 3159
222 203 254 234 3'1
946 209 1046 240 NOTI'

1005 209 1112 240 [‘lTlA.
1777 212 1829 244 538

239 262 311 296 Quid
330 263 438 291 interim
455 266 522 293 nos?
539 266 566 293 In
584 271 657 294 tanta
674 267 896 303 conjecturarum
925 268 1014 302 copia,
1028 271 1055 293 et
1078 267 1241 295 eximiornm
1271 268 1411 296 ltominum
1441 277 1577 298 consensu
1596 270 1829 305 acquiesccmus‘l

205 306 293 334 Etiam
310 308 333 334 si
351 308 482 342 producta
497 311 632 338 sententia
646 319 728 346 quam
744 311 904 346 longissime
933 311 1041 338 abesset
1061 319 1075 338 a
1093 320 1167 341 vero.
1183 317 1255 340 tanta
1276 314 1384 341 dicendi
1410 315 1488 348 copia
1510 320 1680 349 praestructa,
1695 323 1744 342 uos
1762 323 1830 351 quo-

205 359 258 386 que
269 353 353 379 etiam
368 353 468 381 invitos
490 354 523 381 ad
538 362 567 381 se
580 355 748 389 pellexisset.
765 356 818 383 Sed
851 356 972 383 Veritatis
999 356 1133 388 studium,
1153 365 1208 391 quo
1231 365 1339 392 semper
1359 358 1561 386 incontinenter
1578 361 1734 386 exarsimus
1748 368 1827 386 C(illl-

206 396 292 430 pellit,
309 401 338 423 ιιι
353 397 439 425 dictas
456 399 630 432 conjecturas
645 400 811 434 conjecluris
827 400 888 427 aliis
906 399 978 434 (qua:
995 399 1067 426 enim
1085 401 1112 427 in
1134 401 1215 428 rebus
1236 401 1393 436 hujusmodi
1416 403 1615 430 demonstratio
1631 403 1742 436 fuerit?)
1762 412 1828 437 pott-

206 440 325 472 deratas,
342 441 539 474 sapientiorum
551 443 672 469 examini
697 444 913 470 committamus.
928 443 979 475 Qui
1000 444 1083 471 semel
1099 445 1253 479 opposittttn
1269 446 1415 477 sentiebat,
1443 447 1596 474 rationibus
1625 446 1751 473 Comitoli
1770 455 1830 480 prr-

207 492 314 516 suasus,
335 484 361 510 in
378 486 538 512 sententiam
554 486 680 513 Comitoli
695 487 777 514 venit.
799 486 906 521 Optime
921 487 1035 518 factum,
1055 487 1136 514 laudo
1162 488 1312 523 ingenium,
1328 489 1354 516 id
1381 497 1490 524 quoque
1512 498 1612 517 suasus
1638 490 1694 529 ipse
1711 489 1827 518 facienti

206 533 233 554 el
247 528 269 554 si
285 533 425 562 peccatum
439 534 490 561 est.
511 530 607 557 talibus
624 531 650 557 in
668 532 749 558 rebus
773 531 880 558 diversa
904 531 938 558 ab
958 530 1020 558 aliis
1031 532 1142 563 sentire,
1159 532 1264 559 veniam
1284 534 1465 568 deprecabor;
1484 539 1510 561 et
1538 543 1595 561 rem
1615 528 1703 568 agam.
1717 533 1831 560 Joannis

206 572 371 600 Parisiensis
385 574 511 600 canonici
525 575 609 601 codex
622 575 744 602 Nicetam
761 575 922 610 pur-ferebat
936 580 1076 602 auctorem
1099 575 1180 609 hujus
1197 580 1311 608 calente,
1325 581 1352 603 et
1370 578 1440 612 regis
1457 578 1550 604 Gallia:
1565 578 1715 611 evt‘tttplar,
1735 583 1760 604 et
1778 585 1830 604 non

208 623 292 650 pauca
308 617 373 649 alia,
389 625 449 651 quae
465 617 701 653 Constantinopoli
718 619 856 650 visuntur,
872 619 996 652 quamvis
1011 619 1162 647 Comitolus
1179 621 1279 649 nullam
1290 625 1400 648 exstare
1424 622 1450 648 in
1475 622 1639 649 bibliotheca
1658 621 1730 656 regia
1759 626 1832 647 calc-

209 667 269 686 nam
290 659 423 692 allirmet;
440 661 486 687 sed
507 661 753 697 ConstantinopolL
767 662 904 690 exstitisse
934 663 1015 689 tradit
1038 664 1233 697 grammaticus
1261 665 1287 690 in
1315 664 1445 699 Catalogo
1471 665 1592 692 exhibito
1616 665 1642 692 in
1669 665 1832 692 bibliotheca

208 703 370 737 patriarcha
384 703 688 740 Constantinopolitani,
705 710 734 732 ut
751 713 783 733 ex
800 706 911 733 Antonii
937 705 1055 733 Verderii
1073 708 1261 742 supplemento
1286 708 1405 742 colligo;
1433 708 1459 735 in
1486 709 1580 742 Anglia
1609 708 1664 734 duo
1693 708 1832 735 Bodleiani

208 746 335 794 eo'dices,_
350 754 383 794 ea
411 747 513 781 quibus
540 755 618 775 suam
644 749 726 782 eruit,
741 749 879 794 ediditque
907 749 1043 778 Patricius
1067 752 1174 779 Junius.
1201 752 1424 787 Olympiodormn
1443 759 1515 778 unus
1530 752 1702 779 solummodo
1719 752 1764 785 qui
1783 752 1833 778 fuit

209 790 347 818 Sambuci.
364 790 469 823 Quibus
488 791 555 818 fides
572 793 725 820 adhibenda
741 790 804 820 cst'?
831 793 915 820 unine
937 795 1128 822 tantummodo
1153 795 1293 827 Sambnci,
1311 795 1395 822 relato
1412 795 1446 822 ab
1461 795 1687 830 epitomatoribus
1703 795 1830 825 Gesncri,

208 844 242 863 an
259 841 297 863 tot
311 836 384 869 aliis,
402 836 448 871 qui
465 836 544 863 nobis
558 836 678 864 Nicetam
692 838 850 871 praeﬁgunt?
865 837 896 864 Et
913 838 935 865 si
951 838 1082 865 attentius
1106 839 1185 866 verba
1207 839 1417 873 epitomatornm
1439 839 1658 867 considerentnr.
1676 846 1730 864 tton
1754 838 1834 864 nobis

209 880 432 915 Olympiodorunt
447 885 589 907 auctorem
604 885 706 908 calente
717 881 793 913 dant,
812 881 858 908 sed
872 888 957 908 unum
981 888 1012 908 ex
1035 882 1079 914 iis,
1106 890 1138 909 ex
1157 883 1256 916 quibus
1276 883 1513 917 interpretationes
1536 882 1588 908 illa:
1612 882 1733 909 collectae
1758 887 1832 909 sunt.

211 924 249 951 En
264 924 346 951 verba
363 933 370 951 :
388 924 568 958 Olympiodori
583 929 608 951 et
625 924 739 951 aliorum
756 925 878 959 piissima
891 929 983 951 catena
1003 926 1029 951 in
1046 924 1106 954 Job.
1122 927 1149 952 in
1163 925 1318 952 bibliotheca
1334 925 1470 952 Sambuci.
1482 924 1513 951 Ni
1528 925 1597 952 alios
1614 932 1722 960 quoque
1739 929 1835 951 aucto-

210 975 252 995 res
267 973 370 995 catena:
383 971 510 995 auctores
524 969 829 1008 substituerc_velimtts.
847 969 880 996 Et
895 975 956 995 cum
981 969 1132 996 Comitolus
1146 969 1228 1001 dicat,
1244 970 1407 996 diversorum
1421 969 1610 1003 exemplarium
1635 974 1756 995 auctores
1780 977 1835 995 esse

209 1013 334 1044 dieenos,
365 1012 500 1040 undenam
521 1013 565 1039 ille
594 1013 689 1040 habuit
712 1013 739 1040 in
767 1011 953 1040 Sambuciano
966 1013 1013 1040 illo
1032 1013 1125 1040 eolice
1145 1017 1268 1040 catenam
1285 1021 1299 1040 a
1315 1021 1345 1040 se
1365 1021 1482 1044 versam,
1498 1017 1524 1040 et
1543 1021 1622 1047 quam
1642 1012 1835 1047 Olympiodoro

210 1055 267 1090 ipse
284 1056 412 1087 vindieat.
430 1060 459 1084 et
477 1063 531 1083 non
547 1057 628 1083 aliam
646 1061 727 1091 atque
738 1057 885 1087 diversam,
902 1057 1056 1084 contineri?
1079 1057 1169 1090 Quare
1185 1057 1210 1083 in
1228 1057 1383 1090 huiusmodi
1403 1057 1574 1091 conjectura,
1590 1056 1628 1083 rei
1645 1055 1734 1082 dubias
1747 1056 1835 1089 majo-

211 1108 270 1126 rem
282 1100 362 1127 ﬁdem
376 1100 480 1128 faciunt
495 1101 586 1136 plores
600 1101 720 1132 codices,
735 1101 882 1134 pluresque
898 1105 983 1128 testes
999 1101 1126 1128 firmioris
1151 1101 1322 1128 auctoritatis
1344 1105 1517 1134 reputantur.
1535 1100 1605 1132 Quid
1621 1099 1643 1126 si
1658 1099 1835 1134 Olympiodo-

211 1151 270 1170 rtttn
287 1144 378 1171 nullus
391 1144 463 1171 alius
476 1145 564 1175 testis,
581 1144 671 1172 nullus
686 1144 801 1178 hujusce
820 1144 1060 1171 commentationis
1079 1145 1160 1172 fretus
1184 1145 1265 1175 alius,
1278 1144 1400 1171 NiCetam
1424 1151 1513 1170 autem
1528 1143 1569 1170 hae
1584 1149 1610 1170 et
1627 1144 1652 1169 in
1669 1143 1736 1170 alios
1751 1150 1836 1170 sacra:

211 1188 358 1222 Scriptura:
373 1189 469 1221 libros,
483 1189 623 1223 perplures
643 1181 817 1216 coll'ectiones
841 1189 989 1216 accusant?
1006 1189 1038 1215 At
1059 1186 1159 1215 Nicetu:
1179 1188 1266 1223 stylus
1289 1195 1350 1215 cum
1364 1188 1426 1214 aliis
1443 1187 1570 1222 operibus
1582 1186 1683 1214 Niceta:
1701 1194 1753 1213 non
1768 1193 1837 1211 cott-

211 1232 302 1259 sentit.
317 1232 386 1259 Cum
403 1232 496 1259 nullus
511 1232 556 1260 hic
568 1237 708 1264 cernatur,
721 1239 814 1260 verum
833 1237 892 1265 est;
919 1237 982 1259 sunt
997 1233 1069 1259 ettim
1091 1232 1206 1259 aliorum
1228 1232 1392 1264 scriptorum
1411 1231 1552 1258 sententiu‘
1568 1231 1728 1259 eorumth-m
1745 1230 1836 1256 verbis

211 1275 353 1308 exposita;
372 1275 412 1302 vel
425 1275 590 1310 quandoque
603 1275 685 1302 etiam
700 1276 857 1306 decurtata.
875 1276 903 1303 in
921 1283 976 1310 quo
992 1276 1065 1302 nulla
1080 1281 1152 1303 certa
1170 1276 1231 1311 styli
1251 1276 1321 1303 ratio
1339 1275 1450 1302 formari
1468 1280 1568 1310 potest.
1582 1274 1713 1308 Quamvis
1730 1274 1757 1301 in
1773 1274 1836 1300 aliis

213 1319 272 1346 suis
301 1319 419 1353 scriptis,
435 1319 463 1345 in
493 1319 592 1353 quibus
619 1318 753 1352 λογοειδὶς
773 1318 880 1345 dicendi
896 1326 981 1352 genus
998 1325 1128 1352 sectatur,
1150 1328 1202 1348 non
1224 1321 1362 1354 inelegans
1387 1320 1434 1351 sit.
1458 1321 1504 1347 sed
1530 1321 1630 1355 gravis,
1649 1320 1792 1349 facundus,
1810 1324 1838 1346 et

213 1363 309 1397 plenus
329 1363 481 1389 sententiis.
495 1363 531 1389 At
546 1362 589 1389 hic
604 1362 629 1388 in
644 1362 823 1396 inscriptione
848 1362 915 1389 nihil
940 1370 1037 1396 purum
1057 1365 1164 1395 retinet,
1183 1364 1250 1391 nihil
1266 1363 1367 1391 Graecae
1391 1363 1489 1398 lingua:
1517 1363 1698 1391 domesticum
1716 1368 1836 1390 resonat.

211 1406 279 1439 Quis
296 1406 321 1432 id
336 1406 393 1433 ait?
408 1405 460 1433 Res
477 1405 545 1440 ipsa,
561 1405 584 1433 si
602 1406 739 1433 Comitolo
760 1406 897 1433 credimus
918 1406 975 1433 viro
989 1407 1014 1433 itt
1030 1407 1132 1435 Graecis
1150 1407 1249 1434 litteris
1265 1408 1464 1435 versatissimo.
1482 1408 1590 1442 Νικήτα.
1613 1407 1685 1434 enim
1703 1407 1768 1433 illud
1790 1415 1838 1440 pro

212 1450 333 1485 Ntzmﬁ
348 1458 401 1478 non
415 1451 548 1477 videture
563 1450 805 1485 grammaticorum
819 1451 924 1479 schola.
942 1451 974 1478 Et
992 1456 1082 1478 tamen
1108 1459 1206 1485 purum
1233 1452 1423 1479 hellenismum
1442 1457 1531 1479 sonat.
1556 1450 1659 1478 Nomen
1682 1452 1754 1478 enim
1772 1451 1836 1478 illttd

212 1495 267 1522 fere
278 1496 305 1522 in
325 1494 453 1522 omnibus
480 1495 562 1521 etiam
590 1495 791 1528 antiquioribus
817 1495 853 1522 ita
877 1497 1036 1523 enuntiatur

1014 1505 1046 1524 tr.
1077 1495 1147 1524 llinc
1177 1497 1276 1531 legitur
1291 1505 1297 1523 :
1314 1496 1460 1530 Συνανωγὴ
1487 1496 1643 1531 ἐξηγήσεων
1658 1496 1696 1527 εἰς
1713 1496 1744 1522 τὺ
1766 1495 1837 1522 κατὰ

212 1540 319 1566 Λουκᾶν
334 1539 408 1574 παρὰ
420 1538 529 1573 Νικήτα
543 1538 680 1566 διακόνου.
697 1538 804 1574 Νικήτα
819 1539 930 1574 Σερῤῶν
943 1540 983 1572 εἰς
998 1541 1152 1576 Γρηγόριον
1171 1541 1217 1566 τὴν
1233 1541 1374 1574 Θεολὸγον.
1394 1540 1501 1575 Νικήτα
1523 1540 1685 1574 μονάζοντος
1698 1539 1744 1566 τοῦ
1768 1539 1837 1573 Στη-

214 1583 295 1609 οάτου
309 1583 349 1614 εἰς
364 1583 394 1609 τὸ
413 1582 515 1617 βιόλίον
539 1582 593 1608 τῶν
617 1583 698 1608 Ocior!
720 1581 823 1616 iitum.
838 1582 945 1619 Νικήτςι
959 1585 1006 1611 τοῦ
1024 1586 1038 1611 li

1024 1586 1186 1617 Βυζαντίου,
1203 1585 1309 1620 Νικήτα
1326 1586 1372 1612 τοῦ
1395 1585 1552 1620 φιλθςόφῡυ.
1581 1584 1613 1612 Et
1627 1585 1653 1611 in
1677 1583 1757 1611 editis
1774 1591 1839 1611 con-

212 1627 287 1656 ciliis
299 1627 438 1659 ltontanis,
453 1625 560 1654 tle-Vita
573 1626 660 1654 sancti
677 1625 771 1661 lgnatii
788 1636 795 1654 :
811 1627 972 1663 Συνεγράςρη
989 1629 1017 1655 δὲ
1032 1638 1036 1654 τ

1013 1637 1017 1655 t
1032 1629 1107 1663 παρὰ
1127 1629 1235 1663 Νιχὴτα
1250 1629 1344 1656 δαῦλον
1364 1628 1452 1664 Ἰησοῦ
1471 1628 1600 1664 Χριςτοῦ.
1619 1628 1662 1655 Sic
1678 1627 1760 1654 etiam
1777 1628 1837 1653 vul-

213 1677 304 1707 gatum
323 1677 374 1704 est,
389 1671 498 1706 Νικήτα
512 1670 557 1697 τοῦ
575 1671 724 1698 Χωνιάτοιι.
742 1671 775 1697 Et
789 1671 814 1698 itt
835 1673 1008 1706 expositione
1024 1673 1037 1699 (

1024 1673 1118 1700 Graeca
1134 1674 1286 1700 eartninum
1299 1673 1423 1708 Gregorii
1446 1673 1621 1703 Naxianzeni,
1639 1672 1746 1706 Νικήτι
1763 1671 1838 1706 φιλο-

200 1716 306 1754 βόςςου,
323 1715 371 1741 τοῦ
397 1714 444 1741 καὶ
471 1714 553 1740 Διυὶδ
569 1714 711 1749 ἑρμηνεία.
725 1713 836 1741 Possem
853 1716 934 1742 etlam
959 1716 1023 1742 illnll

1017 1717 1062 1742 lita
1095 1717 1146 1743 alia
1170 1725 1203 1744 ex
1225 1717 1363 1744 historicis
1380 1717 1494 1747 referre,
1511 1717 1556 1751 qtti
1579 1715 1678 1743 Niceta:
1693 1723 1790 1743 nomen
1811 1715 1837 1741 in

215 1759 334 1787 secundo
347 1766 412 1785 casu
427 1759 463 1785 ita
480 1757 606 1790 efferunt,
622 1765 708 1792 neque
724 1764 866 1794 propterea
882 1763 980 1793 pra-ter
999 1760 1144 1794 puritatem
1161 1761 1246 1788 Gra-ci
1274 1760 1409 1787 sermonis
1434 1761 1538 1788 locutos
1558 1768 1606 1787 eos
1629 1760 1714 1787 fuisse
1740 1758 1840 1792 aliquis

214 1803 374 1831 criminatus
387 1807 439 1829 est.
461 1802 501 1828 An
515 1809 581 1836 ergo
601 1807 637 1828 tot
651 1807 775 1829 auctores
797 1803 832 1828 ob
847 1804 928 1829 unius
959 1803 1070 1838 syllaba:
1103 1805 1174 1831 male
1188 1805 1297 1838 Scripta:
1320 1804 1346 1830 in
1366 1804 1425 1838 ipso
1437 1803 1526 1834 titulo,
1546 1804 1603 1830 suis
1627 1802 1839 1829 Commentariis

215 1847 348 1882 apuliaudi
362 1846 445 1874 sunt?
462 1846 498 1873 De
513 1845 604 1874 Nicela
618 1845 804 1876 llcraeleensi,
815 1848 885 1873 etde
898 1849 949 1874 hac
960 1852 1054 1874 catena
1069 1849 1255 1875 tantummodo
1269 1848 1294 1874 id
1308 1847 1467 1878 decernere,
1478 1847 1511 1873 de
1524 1847 1549 1873 al
1563 1847 1585 1873 is
1599 1854 1652 1873 non
1667 1847 1742 1875 item,
1756 1845 1840 1879 λῆρος

215 1893 293 1926 plane
311 1896 393 1921 esset,
411 1891 457 1917 καὶ
470 1890 545 1916 οὐδὲν
559 1890 645 1923 ὑγιές.
659 1890 737 1923 Quod
753 1891 776 1918 si
794 1890 901 1918 Nicetes
917 1891 977 1918 ideo
987 1899 1019 1918 ex
1035 1891 1085 1918 hac
1103 1896 1198 1918 catena
1212 1890 1435 1918 exterminandas
1455 1895 1507 1921 est,
1522 1890 1595 1924 quod
1612 1890 1638 1915 itt
1658 1888 1840 1916 exscribendo

216 1936 244 1962 in
259 1935 442 1962 declinatione
467 1939 607 1968 peccatum
633 1939 684 1966 est,
702 1934 821 1961 fortasse
845 1935 927 1961 etiam
951 1934 1162 1968 Olympiodorus
1174 1934 1326 1966 ejiciendus
1350 1941 1383 1960 ex
1409 1933 1462 1960 hoc
1484 1933 1578 1960 eodem
1595 1940 1676 1965 opere
1692 1935 1744 1963 est,
1760 1931 1840 1965 cujus

215 1987 314 2007 nomen
329 1979 356 2006 in
371 1978 595 2006 emendatissimo
607 1978 768 2012 exemplari,
789 1977 862 2012 qttod
875 1979 974 2004 asserit
987 1977 1121 2005 l'atricius
1133 1977 1240 2010 Junius,
1255 1981 1415 2004 constanter
1436 1982 1463 2004 ct
1484 1984 1532 2011 per
1547 1976 1638 2002 omnia
1655 1976 1690 2002 ita
1707 1975 1838 2007 scriptun

216 2023 360 2058 reperitur,
375 2023 431 2058 lege
446 2022 664 2056 compositionis,
685 2026 715 2048 ut
730 2021 846 2053 videtur,
861 2022 940 2048 aliter
956 2022 1118 2056 postulante,
1135 2029 1183 2056 per
1197 2030 1219 2048 ω
1239 2021 1264 2048 in
1277 2021 1491 2056 antepenultima
1504 2020 1666 2055 exprimitur
1685 2019 1843 2052 Ὀλυμπιως

214 2068 314 2104 δώρου.
330 2067 381 2094 Sed
397 2066 499 2093 nimius
511 2067 568 2100 ipse
581 2073 641 2092 sutn
658 2065 684 2092 iu
698 2065 834 2093 similibus
853 2065 1014 2093 referendis.

251 2123 363 2158 Reliqua
377 2121 503 2149 Comitoli
515 2121 668 2149 videantur.
687 2121 815 2148 Solemne
827 2121 877 2149 fttit
890 2121 991 2149 Graacze
1005 2121 1108 2149 nationi
1123 2121 1284 2149 adulterinis
1308 2121 1380 2149 notis
1404 2121 1488 2149 libros
1511 2126 1665 2155 aspergere.
1681 2118 1722 2145 Sit
1737 2123 1840 2145 certmn

217 2173 297 2201 atque
309 2167 502 2198 indubitatum,
519 2173 607 2200 neque
625 2166 697 2192 enim
717 2173 791 2192 nunc
805 2173 856 2200 ego
876 2165 978 2193 GHECZB
1004 2165 1123 2193 nationis
1140 2173 1252 2193 causam
1269 2174 1329 2201 ago.
1347 2166 1416 2198 Quid
1430 2173 1495 2200 ergo
1519 2165 1580 2191 inte
1600 2162 1747 2198 sequitur?
1770 2162 1842 2196 Ergo

216 2215 242 2238 et
255 2210 307 2238 hoc
326 2218 433 2245 quoque
449 2217 558 2241 nomen,
573 2216 652 2235 eraso
670 2216 732 2235 vero
749 2213 872 2240 auctore,
892 2214 994 2236 catena:
1011 2209 1197 2244 praelixerunt.
1213 2208 1269 2236 Hoc
1284 2217 1348 2236 vero
1373 2209 1542 2243 probandum
1555 2212 1607 2240 est,
1623 2212 1653 2233 ut
1669 2207 1695 2234 in
1712 2206 1843 2240 exemplis

217 2255 307 2282 allatis
322 2255 356 2282 de
368 2254 470 2290 Cyrillo
485 2257 511 2280 et
529 2253 645 2287 Origene
665 2253 806 2287 probatur.
835 2251 928 2288 Neque
943 2258 1085 2288 propterea
1111 2254 1204 2281 licebit
1232 2254 1378 2284 Comitolo,
1400 2253 1478 2287 pulso
1507 2252 1609 2283 biceta,
1625 2251 1709 2278 alium
1738 2250 1842 2278 substi-

219 2304 307 2326 tnctc.
327 2298 396 2325 Tum
413 2298 484 2324 enitn
504 2302 531 2324 ct
543 2297 569 2324 in
588 2297 662 2324 libris
677 2304 786 2332 quoque
806 2296 909 2324 Latinis
924 2297 949 2324 id
966 2296 1055 2324 facere
1074 2305 1124 2332 pro
1145 2297 1256 2325 libidine
1268 2298 1484 2332 uniuscujusque
1496 2296 1708 2328 concederetur;
1724 2303 1799 2326 cum,
1813 2299 1843 2321 ut

217 2344 262 2372 ille
277 2344 324 2375 ait,
342 2342 510 2370 dissimulari
524 2349 577 2368 ttott
597 2341 690 2375 possit,
712 2341 797 2368 mttlta
815 2340 980 2377 Hieronymo
995 2349 1049 2367 non
1073 2340 1243 2376 Hieronymi,
1259 2341 1411 2375 Augustino
1441 2341 1524 2366 multa
1552 2339 1670 2373 ascripta
1700 2345 1760 2365 esse
1788 2345 1842 2364 non

217 2387 373 2422 Augustini.
397 2386 466 2413 llittc
493 2385 639 2417 cottcltulet
670 2386 763 2412 nescio
779 2386 840 2419 quis
859 2386 936 2420 plane
963 2392 1017 2411 nou
1045 2385 1171 2412 dissimili
1187 2389 1349 2419 argumento
1368 2394 1374 2411 :
1399 2384 1469 2418 Ergo
1485 2388 1580 2410 catt-na
1594 2390 1653 2417 qme
1669 2385 1774 2416 prostat
1790 2381 1843 2407 sub

219 2432 328 2458 nomine
343 2431 396 2458 diri
414 2430 526 2457 Th0m:e
541 2429 695 2464 Aquinatis,
711 2429 764 2456 divi
780 2428 891 2456 Thonm
908 2437 961 2456 non
976 2434 1035 2461 est,
1051 2437 1112 2456 cum
1135 2428 1224 2455 Latini
1241 2429 1380 2456 sueveriut
1403 2427 1541 2455 notmullis
1557 2427 1633 2453 libris
1650 2433 1681 2452 ac
1697 2425 1844 2452 volumini-

218 2475 270 2503 bus
290 2482 344 2502 non
369 2481 481 2501 suorum
505 2477 659 2504 auctorum,
675 2473 722 2500 sed
739 2473 891 2500 alienorum
912 2473 1033 2504 nomina,
1051 2473 1200 2508 titulosque
1217 2473 1334 2508 alligere.
1356 2472 1413 2500 imo
1434 2473 1566 2507 permulta
1584 2472 1610 2497 in
1624 2471 1702 2498 libris
1717 2477 1772 2496 sua:
1789 2469 1842 2495 δυ-

219 2519 334 2550 cietatis,
349 2518 371 2545 si
389 2518 460 2544 hunc
474 2517 598 2544 eumdem
616 2517 797 2544 ratiocinandi
823 2517 933 2543 modum
951 2524 1107 2551 sequemur,
1126 2517 1234 2544 decerni
1252 2517 1364 2551 possint.
1388 2517 1519 2543 Audiatur
1543 2515 1714 2542 (Tomitolus:
1732 2513 1842 2540 litaren-

219 2571 276 2589 mus
294 2563 321 2589 iu
341 2562 440 2588 nostris
469 2561 500 2588 In
519 2562 567 2588 hac
582 2562 640 2594 ipsa
657 2566 760 2594 catena,
776 2569 835 2595 qum
849 2561 984 2594 superiore
1006 2569 1075 2587 anno
1090 2566 1129 2588 est
1146 2561 1273 2594 impressa
1295 2560 1428 2594 Lugduni,
1443 2568 1531 2586 annon
1564 2563 1650 2585 exstat
1667 2557 1787 2592 Epistula
1805 2557 1839 2583 atl

220 2606 361 2634 Antonium
377 2607 511 2640 Corn/rant
529 2605 692 2631 cardinalem
709 2605 925 2638 amplissimum?
942 2613 1021 2639 quam
1048 2613 1106 2631 cum
1132 2605 1254 2639 tentporis
1275 2604 1415 2638 ougttstiw,
1428 2611 1568 2637 eorumque
1585 2609 1673 2637 preces
1690 2602 1734 2636 qui
1747 2601 1843 2626 ειιίιὶο‹

220 2659 277 2678 nem
303 2650 486 2685 urgebant,ab
512 2649 625 2676 universi
652 2649 737 2676 ηοεΠὶ
759 2648 859 2674 ordinis
883 2648 1047 2674 moderatore
1076 2647 1164 2673 acrius
1193 2650 1386 2681 extorquerent,
1405 2645 1552 2679 videretque
1581 2652 1673 2671 eorum
1703 2643 1843 2677 cupiditati

219 2696 343 2729 satisﬁeri
360 2703 410 2721 non
425 2701 509 2728 posse,
527 2694 549 2720 si
566 2702 581 2719 α
599 2700 638 2719 me
651 2692 828 2726 exspectanda
850 2692 961 2719 Romam
979 2696 1036 2718 erat
1058 2691 1190 2726 Epistula,
1214 2690 1270 2724 ejus
1281 2690 1424 2716 scribenda:
1450 2689 1548 2715 diserto
1575 2687 1661 2715 sodali
1687 2687 1779 2713 datum
1801 2691 1840 2712 est

221 2741 353 2776 negotium
370 2748 379 2766 :
396 2747 477 2774 neque
495 2747 524 2765 ea
548 2745 575 2764 re
594 2738 722 2764 mentitur
736 2737 867 2772 Epistola,
886 2737 954 2772 quod
976 2745 1027 2763 non
1045 2736 1078 2762 sit
1097 2740 1232 2761 auctorem
1258 2733 1371 2760 Paulum
1390 2738 1486 2764 uncta;
1500 2733 1597 2766 prodiit
1614 2732 1684 2776 enim
1701 2731 1757 2763 ipsa
1776 2736 1841 2776 mea:

220 2773 320 2819 quoque
343 2785 415 2812 testis
439 2783 552 2818 locuples
580 2782 737 2814 voluntatis,
757 2782 883 2817 illumque
897 2782 973 2816 quasi
991 2781 1090 2815 prolem
1118 2787 1201 2806 meam
1218 2779 1322 2814 agnoui.
1341 2777 1423 2811 Quasi
1439 2785 1503 2805 vero
1519 2774 1686 2809 integerrimi
1700 2773 1844 2819 sanctissi—

224 2817 315 2863 iniq'ue
332 2829 435 2860 Patres,
449 2832 474 2855 ct
491 2827 625 2863 prtccipue
641 2826 707 2853 tanti
728 2826 832 2853 ordinis
856 2826 1023 2857 moderator,
1043 2824 1206 2858 scriptiones
1219 2824 1296 2857 jussu
1310 2831 1360 2849 suo
1379 2823 1413 2849 ab
1431 2823 1481 2848 hoc
1496 2821 1537 2847 vel
1563 2820 1609 2847 illo
1635 2818 1721 2846 sodali
1745 2817 1843 2865 factas,

223 2861 290 2899 nutu
306 2881 356 2899 suo
373 2873 433 2900 aliis
447 2880 479 2899 ex
492 2861 561 2898 suis
583 2870 741 2900 distribuat,
759 2874 786 2897 et
808 2869 912 2897 alienos
930 2869 1047 2900 labores,
1067 2868 1109 2894 (ιιι
1136 2867 1185 2902 ipsi
1211 2867 1318 2893 libuerit
1336 2871 1479 2901 supponat.
1494 2865 1546 2891 Sed
1561 2864 1614 2890 vim
1628 2861 1781 2897 argumenti
1804 2861 1847 2886 itt—

223 2917 379 2951 spttiamus.
399 2917 484 2946 Grzcri
497 2917 561 2944 item
575 2919 655 2950 atque
673 2913 761 2941 Latini
790 2914 875 2942 multa
902 2913 1004 2941 auctori
1026 2920 1080 2940 non
1098 2919 1148 2940 suo
1169 2910 1246 2938 falsis
1267 2910 1493 2946 inscriptionibus
1517 2908 1628 2940 donant,
1645 2911 1671 2934 ct
1694 2902 1848 2940 alithanJ‘)
