2088 3159
249 187 303 220 539
857 187 1016 217 NICETAS
1036 188 1269 219 SERRONIUS.
1825 189 1878 220 ΜΟ

249 244 404 272 lttnderalnr
425 244 569 272 Societatis
581 243 728 278 Epistolam
745 244 778 271 ab
791 244 844 270 alio
865 245 1004 279 scriptam,
1021 246 1133 280 perinle
1161 250 1243 280 atque
1269 247 1291 273 si
1323 246 1423 275 Paulus
1445 248 1598 275 Cmnitolns
1629 255 1687 274 eam
1709 247 1878 280 scripsisset,

251 288 410 323 publicavit.
430 287 498 321 Ergo
513 293 606 313 catena
626 288 651 313 in
669 286 767 314 Juhum
784 295 798 314 a
817 287 952 315 Cnmi'olo
976 296 1065 319 versa,
1088 289 1151 316 licet
1176 289 1277 317 Nicetm
1299 298 1398 318 nomen
1419 292 1557 325 praeferat,
1573 292 1673 319 Nicetae
1690 297 1807 318 nonest.
1825 292 1879 317 Au-

250 340 304 358 non
321 331 435 358 solidius
448 330 627 357 cont-lusiSset
638 335 761 358 catenam
780 333 877 366 ipsam,
892 339 952 366 qum
969 332 1020 359 sub
1038 332 1164 360 Comitoli
1189 334 1298 360 nomine
1316 343 1381 361 eusa
1396 340 1446 364 est,
1463 336 1591 362 Cnmitoli
1611 343 1664 362 non
1680 335 1762 361 esse?
1777 334 1806 360 Et
1825 343 1877 368 qua

250 377 278 403 in
307 382 446 410 posterum
476 375 639 402 cerlitudinc
665 376 723 403 suis
746 376 905 403 auctoribus
936 379 1070 402 tractatus
1095 379 1122 402 ct
1140 375 1224 402 libros
1257 375 1469 406 virulicahimus,
1489 377 1511 404 si
1539 377 1648 411 pondus
1665 376 1777 410 aliquod
1794 385 1878 410 argu-

253 425 376 446 mentum
397 420 447 446 hoc
462 419 488 446 in
506 428 534 447 se
549 419 721 446 contineret?
739 420 819 447 Certe
836 420 920 447 nulla.
936 419 990 456 i‘ar
1003 419 1074 445 enim
1091 424 1172 452 a'que
1187 426 1271 445 unum
1291 421 1412 446 omnium
1432 420 1564 452 judicium
1581 421 1644 446 erit.

286 463 356 495 Quid
375 471 456 498 porro
476 472 525 497 pro
539 463 733 498 Olympiodoro
750 472 800 490 suo
813 463 976 498 argutatur?
996 463 1061 496 Quze
1075 463 1202 496 superius
1217 463 1333 490 breriter
1351 465 1549 498 expressimus.
1575 464 1607 490 Et
1627 464 1730 490 diceret
1755 464 1879 490 l'ortass's

251 507 364 540 :t'iqttiil,
384 508 404 534 si
422 507 607 543 Ofyvnpiodori
628 508 708 535 verba
724 508 766 534 illa
780 513 881 534 essent.
894 509 926 534 At
942 515 1002 534 cum
1018 507 1138 534 auctoris
1160 512 1262 534 catenze
1282 508 1346 536 sint.
1364 508 1465 535 lrustra‘
1491 513 1529 534 tot
1553 509 1657 542 oggerit
1682 508 1815 541 exempla.
1833 510 1881 531 5o-

253 551 309 577 lent
325 551 428 578 scilicet
448 551 636 585 hujuscemodi
654 553 847 579 tractationum
865 557 1001 583 auctores,
1019 559 1051 577 ne
1069 551 1210 578 sententia:
1225 551 1312 578 allata:
1334 551 1455 578 eluntbes
1478 556 1560 585 atque
1576 551 1726 580 dissolutae.
1748 551 1880 577 orationis

253 596 352 622 seriem
387 595 533 631 inirit'gere
557 596 709 627 videantur,
739 596 839 631 aliquid
870 597 903 622 de
933 603 983 623 suo
1018 595 1156 624 addentes,
1186 595 1309 629 apposito
1332 595 1412 621 veluti
1454 595 1572 626 \‘incnlo,
1604 595 1789 620 antecedentia
1817 602 1879 621 cum

254 640 485 673 subsequentibus
505 639 641 674 colligere.
658 639 684 666 Id
702 639 780 666 facile
795 639 1014 674 deprehenderit,
1031 642 1076 674 qui
1100 647 1210 668 catenas
1238 642 1374 675 antiquas.
1392 646 1419 668 et
1443 642 1556 676 hujusce
1580 641 1681 668 Nicelx
1709 641 1880 674 potissimum

254 684 398 710 cxatninet.
412 683 543 717 Namque,
563 683 635 710 verbi
654 683 748 718 gratia,
764 691 824 710 cum
845 684 905 710 dum
927 684 967 710 Vel
985 689 1038 711 lrcs
1053 685 1170 718 alicujus
1182 686 1361 719 expositionis
1388 694 1478 712 causa:
1498 694 1551 712 non
1580 686 1614 712 ab
1637 686 1731 711 codem
1757 690 1881 715 auclore,

255 726 301 752 sed
321 735 335 752 a
354 726 470 754 diversis
491 727 651 758 redduntur,
671 727 714 753 ille
725 728 757 753 de
772 735 822 754 suo
833 727 902 754 solet
917 728 1015 754 addere
1030 737 1037 754 :
1056 727 1156 762 Dup’rm
1175 734 1212 755 est
1232 729 1311 763 hujus
1328 729 1379 756 loci
1402 729 1541 763 expositio,
1559 734 1604 755 aut
1617 729 1683 755 enim
1702 728 1751 755 hoc
1765 729 1842 757 dicit,
1856 734 1883 754 et

257 775 348 804 postea
363 778 460 797 nmncn
479 771 598 798 auctoris
613 771 747 805 appingit;
760 779 846 805 caque
861 771 993 798 sententia
1010 771 1095 804 ﬁnita,
1115 772 1189 806 ponit
1211 773 1290 799 verba
1308 773 1351 800 illa
1368 782 1374 800 :
1393 774 1445 799 Aut
1466 774 1493 800 id
1509 774 1596 807 potius
1616 773 1765 808 signiﬁcare
1779 772 1881 803 uoluit,-

255 818 281 839 *ξι
298 819 352 839 tum
369 814 482 841 a'tcrius
500 822 600 841 nomen
618 814 908 847 sulnlilJllultiplexest
927 815 967 841 his
983 815 1065 842 verbis
1084 817 1198 850 subjecta
1216 817 1357 849 tententia,
1374 822 1419 843 aut
1434 817 1502 843 enim
1514 817 1562 843 hoc
1576 817 1662 848 dicit;
1675 821 1732 843 tttm
1747 815 1883 849 profertur

257 859 389 886 sententia
401 867 431 886 ex
447 859 537 893 aliquo
550 864 669 886 auctore.
688 859 862 886 l’ostmodum
878 859 1031 893 subjicitur,
1044 859 1096 886 Ant
1121 868 1179 887 vero
1201 860 1249 887 hoc
1264 860 1348 892 aliud,
1363 865 1389 888 et
1404 861 1513 888 similia.
1529 861 1562 887 Et
1576 868 1637 888 cum
1661 861 1711 887 ista
1736 859 1885 887 sententia-

258 911 317 930 rmu
336 904 469 930 connexio
487 904 518 931 de
535 905 688 931 substantia
706 912 795 930 rerum
808 904 875 930 nihil
893 908 990 934 mutet.
1009 911 1063 930 non
1076 911 1145 938 opus
1169 908 1227 930 erat
1248 903 1274 930 in
1298 904 1375 931 hisce
1392 904 1510 931 rerhulis
1525 910 1665 931 auctomm
1683 908 1786 931 catenae
1802 910 1883 930 suum

257 955 354 973 nomen
367 955 511 982 apponere.
530 947 669 974 Undenaai
688 947 713 974 id
736 947 868 974 habeam?
883 948 956 974 dicet
969 948 1130 975 Comitolus.
1144 947 1181 974 Ex
1202 947 1258 982 ipsa
1275 951 1433 975 catenarum
1451 952 1558 975 natura.
1571 947 1629 974 Non
1645 947 1750 982 placet?
1763 947 1861 973 Audiat
1876 955 1884 973 :

257 991 348 1017 Potuit
363 992 388 1018 id
410 991 443 1018 ita
461 991 529 1018 ﬁeri.
543 992 704 1018 Contcnmct
721 991 777 1018 ha-c
791 991 964 1018 Comitolus?
982 996 1138 1018 contemnat
1152 998 1216 1026 ergo
1232 995 1259 1018 et
1274 991 1318 1018 illa
1337 984 1397 1022 sua,
1418 991 1482 1018 dum
1500 991 1622 1019 Nicetam
1641 997 1788 1025 oppugnat,
1804 991 1885 1018 toties

258 1034 392 1062 inculcata
411 1044 418 1062 :
437 1034 527 1062 Potuit
558 1034 763 1070 Olympiodarus
791 1044 807 1061 o
833 1037 916 1070 primo
936 1037 1051 1070 integras
1078 1035 1266 1070 absolutaeque
1288 1036 1517 1069 interpretationes
1540 1035 1651 1069 singulis
1667 1035 1784 1062 historia:
1801 1042 1887 1062 auerte

257 1078 376 1111 portibus
389 1079 550 1110 adhibuisse,
569 1084 621 1105 ctc.
638 1077 729 1105 Potuit
743 1081 827 1113 primo
838 1085 960 1113 separato
976 1079 1182 1111 Commentario,
1196 1084 1249 1106 etc.
1268 1080 1360 1107 Potuit
1373 1088 1484 1107 suarum
1500 1080 1688 1106 sententiarum
1702 1087 1733 1105 ac
1749 1079 1886 1105 verborum

255 1121 394 1149 selectione
423 1127 510 1156 utens,
537 1127 589 1150 etc.
607 1122 635 1150 Si
668 1122 712 1149 ille
736 1123 800 1157 quia
829 1123 928 1158 potuit,
954 1123 1034 1155 fecit;
1065 1130 1152 1158 quare
1176 1131 1230 1150 non
1248 1128 1276 1151 ct
1296 1123 1416 1155 Nicetas,
1432 1123 1479 1158 qui
1495 1123 1561 1157 (non
1581 1123 1672 1149 minus
1687 1121 1886 1158 Olympiodoro

257 1167 367 1200 ponnt?

294 1209 328 1236 Ut
346 1217 409 1236 vero
425 1210 458 1237 de
470 1210 595 1237 formulis
608 1210 642 1238 ab
657 1210 852 1246 Olympiodoro
868 1211 1007 1245 usurpatis
1020 1211 1121 1246 aliquid
1137 1212 1265 1240 exactius
1279 1212 1425 1244 habeatur,
1440 1212 1557 1239 dicimus
1570 1210 1795 1246 Olympiodornm
1813 1209 1887 1238 hunc

258 1253 403 1280 diaconum
421 1254 636 1281 Alexandrinqu
661 1263 675 1281 τι
705 1253 810 1282 Joanne
824 1255 1034 1290 archiepiscopo
1061 1255 1255 1288 Alexandrino,
1279 1260 1460 1291 cognomento
1476 1255 1592 1286 Niciota,
1612 1259 1778 1290 promotum,
1797 1255 1889 1281 varios

258 1304 344 1324 sacra:
355 1297 501 1332 Scriptura:
518 1298 602 1325 libros
615 1297 672 1325 suis
686 1299 902 1333 expositionibus
919 1299 1070 1327 clncidasse
1083 1300 1134 1332 sic,
1147 1305 1176 1327 ut
1192 1304 1255 1328 ante
1267 1300 1374 1335 singula
1392 1299 1481 1334 capita
1503 1307 1568 1326 suas
1587 1299 1757 1334 protheorias
1783 1298 1888 1325 scribe—

258 1347 310 1371 ret,
327 1342 428 1375 quibus
448 1341 586 1368 succincte
603 1347 629 1369 et
650 1342 769 1369 breviter
785 1348 975 1378 argumentum
999 1348 1027 1370 et
1055 1351 1135 1371 sensa
1160 1348 1336 1379 proponeret,
1354 1348 1448 1378 postca
1479 1351 1544 1371 suas
1569 1342 1765 1377 expositiones,
1785 1349 1889 1376 easque

259 1383 435 1412 brevissimus
450 1385 636 1420 subjungcret,
655 1390 683 1412 ut
699 1386 790 1413 videre
807 1386 924 1421 quisque
941 1387 1038 1421 poterit
1062 1387 1089 1414 in
1113 1387 1333 1422 Expositionibus
1361 1387 1395 1414 ab
1421 1387 1517 1414 eodem
1532 1385 1704 1414 concinnatis
1717 1385 1744 1412 in
1761 1384 1890 1413 Jeremize

259 1427 429 1462 Prophetias.
444 1428 663 1457 Lamentationes
677 1435 702 1456 et
718 1429 863 1464 Epistolas,
882 1437 985 1457 necnon
998 1431 1024 1458 in
1043 1429 1175 1459 Vaticinia
1196 1431 1313 1463 Baruch,
1327 1439 1387 1466 qute
1400 1431 1425 1458 in
1437 1431 1639 1466 antiquissimo,
1651 1433 1765 1466 optimo,
1786 1435 1812 1456 et
1826 1437 1889 1456 rere

258 1481 342 1499 aureo
356 1473 449 1500 codice
461 1474 635 1502 bibliotheca:
653 1474 807 1502 Barberina:
822 1481 1008 1504 asservantur.
1026 1476 1060 1503 Ut
1074 1484 1138 1503 vero
1160 1485 1225 1504 suas
1247 1476 1419 1511 protheorias
1438 1480 1465 1503 et
1485 1476 1680 1511 explicationes
1701 1479 1889 1505 conuerteret,

261 1512 388 1542 rormttlis
402 1517 464 1550 illis,
483 1525 551 1552 quas
570 1518 673 1553 colligit
689 1517 852 1550 Comitnlus,
870 1520 954 1546 utitur
972 1521 1075 1554 :Atque
1088 1521 1114 1547 in
1133 1520 1174 1547 his
1187 1525 1265 1555 caput
1281 1521 1397 1554 primum
1410 1520 1492 1546 situm
1507 1525 1544 1546 est
1562 1527 1571 1546 :
1587 1527 1656 1546 nunc
1667 1519 1701 1545 ad
1721 1518 1829 1545 secundi
1843 1525 1889 1543 ro-

259 1560 322 1594 pi'is
337 1561 517 1595 protheoriam
533 1562 749 1597 oggrediendum.
768 1562 819 1589 Sed
834 1563 866 1590 de
879 1565 993 1590 secundo
1015 1565 1102 1598 capite
1120 1569 1270 1591 tractemus.
1287 1563 1377 1599 Igitur
1400 1563 1495 1598 capitis
1519 1563 1590 1589 tertii
1610 1562 1786 1596 protheoriam
1808 1561 1890 1588 iusti.

260 1610 361 1632 tuentes
375 1607 497 1633 dicimus.
517 1606 602 1641 Atque
621 1607 773 1640 huiusmodi
802 1612 841 1634 est
865 1608 1030 1642 imperiorum
1055 1616 1175 1635 versuum
1201 1609 1349 1639 sententia;
1364 1615 1450 1640 opera:
1478 1607 1591 1641 pretium
1607 1611 1694 1633 tamen
1708 1610 1756 1637 est,
1771 1605 1890 1639 singulos

259 1658 349 1676 uersus
377 1658 495 1677 seorsum
524 1658 661 1685 exponere.
679 1653 732 1677 Aut
756 1659 789 1678 ea:
811 1651 899 1686 priore
919 1652 1132 1685 interpretatione
1148 1652 1270 1679 debemus
1286 1651 1450 1686 intelligere;
1466 1655 1512 1677 aut
1534 1659 1594 1677 vero
1617 1649 1651 1676 ad
1671 1650 1718 1676 illa
1741 1651 1798 1683 ipsa
1812 1649 1890 1676 rerba

259 1695 326 1720 hunc
353 1695 510 1721 sententiam
537 1695 759 1722 oecotnmodobix.
775 1695 858 1730 Atque
883 1696 938 1722 lta'c
960 1700 999 1722 est
1019 1696 1102 1723 verbis
1117 1696 1178 1723 Jubi
1191 1696 1309 1730 subjecta
1334 1695 1475 1725 sententia,
1488 1695 1609 1728 deinceps
1623 1694 1727 1728 singula
1742 1694 1889 1720 rideantur.

262 1738 341 1766 Nunc
357 1740 440 1775 igitur
454 1740 488 1766 ad
507 1739 635 1774 reliqua»:
653 1740 895 1774 interpretationem
921 1749 1072 1775 pergamus.
1097 1741 1129 1766 Et
1155 1740 1226 1774 quod
1245 1740 1282 1766 illi
1312 1739 1509 1766 validissimum
1537 1738 1665 1764 videtur:
1685 1737 1753 1772 Ergo
1770 1738 1892 1764 historia:

259 1782 323 1809 Jobi
338 1785 423 1817 primo
439 1789 517 1818 atque
536 1789 653 1810 extremo
675 1789 735 1810 utut
759 1783 922 1818 hujusmodi.
937 1784 1020 1817 Atque
1039 1785 1076 1810 ita
1096 1787 1135 1810 est
1152 1783 1226 1809 nobis
1240 1783 1318 1817 hujus
1339 1783 1421 1816 ipsius
1440 1782 1503 1808 libri
1516 1781 1668 1816 explanatio
1684 1782 1719 1807 od
1730 1781 1829 1807 exitum
1843 1782 1892 1806 ml-

262 1827 352 1854 ducta.
367 1827 443 1860 Quod
460 1828 482 1854 si
495 1828 622 1854 nonnulla
641 1829 791 1862 conjectura
804 1828 902 1861 potius,
920 1837 1000 1862 quant
1018 1833 1089 1855 certa
1107 1827 1334 1862 comprehensione
1351 1827 1424 1853 ducti
1438 1827 1605 1860 interpretati
1622 1834 1724 1855 sumus.
1739 1833 1802 1852 sane
1817 1830 1886 1851 certe

263 1873 289 1897 id
303 1880 348 1898 uer
362 1881 377 1898 ιι
393 1872 486 1905 primis
502 1871 587 1903 nobis,
599 1880 645 1898 nec
670 1880 684 1897 α
704 1873 769 1899 solis
789 1877 826 1898 ret
842 1873 1003 1906 factitatum.
1019 1872 1070 1899 Sed
1085 1872 1133 1898 hoc
1146 1872 1233 1905 ipsum
1247 1879 1307 1897 cum
1322 1871 1354 1897 iis
1370 1870 1491 1897 omnibus
1516 1870 1566 1903 fuit
1583 1870 1656 1896 nobis
1677 1878 1823 1898 commune,
1839 1869 1885 1903 qui

262 1916 340 1950 hujus
355 1916 417 1943 libri
433 1916 587 1950 interpretes
604 1921 628 1942 et
643 1916 828 1951 explanatores
844 1916 962 1950 fuerunt.
980 1916 1036 1943 Has
1054 1916 1145 1951 itaque
1170 1915 1313 1946 formulas,
1330 1921 1400 1949 quas
1415 1913 1636 1949 Olympiodorus,
1653 1913 1676 1941 si
1690 1918 1781 1940 tamen
1798 1913 1891 1948 Olym-

263 1961 368 1994 piodori
395 1965 469 1991 sunt,
497 1960 524 1987 in
558 1968 606 1987 sua
639 1961 862 1995 interpretatione
879 1959 938 1986 Jobi
962 1966 1149 1994 usui-paverat,
1167 1963 1263 1987 auctor
1284 1963 1386 1986 catena:
1400 1965 1462 1986 cttnt
1482 1958 1515 1984 ad
1533 1957 1683 1984 sententias
1704 1957 1890 1991 expositorum

262 2004 432 2039 colligandas
445 2004 596 2039 judicasset
613 2004 783 2038 aptissimas,
799 2012 832 2031 ne
849 2004 882 2031 de
897 2011 948 2031 suo
965 2004 1055 2031 minus
1067 2003 1171 2037 aptiora
1185 2007 1344 2037 apponeret,
1363 2001 1390 2027 in
1410 2004 1539 2028 contextu
1564 2004 1667 2026 catenae
1683 1998 1844 2028 immiscuit.
1863 2003 1894 2024 ut

264 2049 462 2075 :nnncxionem
480 2049 563 2075 etiam
579 2055 610 2074 ex
628 2048 736 2078 alienis,
753 2048 982 2081 quemadmodum
1002 2053 1029 2075 et
1046 2047 1150 2081 reliqua
1167 2047 1233 2078 alia,
1249 2044 1471 2080 ingeniosissime
1489 2050 1664 2078 comparasse
1680 2042 1892 2069 demonstraret.

266 2090 299 2117 Et
313 2099 368 2117 rem
386 2091 421 2117 ita
438 2099 466 2118 se
483 2091 584 2117 habere
605 2092 748 2125 perspicue
765 2091 906 2125 intelliget.
923 2091 969 2124 qui
997 2091 1078 2118 hasce
1101 2090 1197 2117 allatas
1213 2097 1227 2116 a
1244 2089 1380 2116 Coinitolo
1399 2096 1460 2114 cuin
1477 2088 1589 2122 reliquis
1612 2085 1808 2122 Olympiodori,
1825 2093 1894 2120 qua-

265 2142 324 2160 rum
339 2141 421 2167 supra
436 2133 611 2160 meminimtts
629 2134 654 2160 in
680 2134 824 2161 Jercmiain
847 2139 874 2161 et
894 2134 1000 2161 Barueh
1026 2133 1249 2168 Expositionibus
1263 2133 1394 2159 conl'cret.
1415 2131 1446 2158 Et
1467 2132 1506 2159 hat
1530 2136 1628 2159 nostra:
1661 2130 1824 2164 conjectura:
1845 2136 1894 2162 pro

267 2178 359 2204 Necte
375 2178 506 2204 adversus
522 2177 744 2212 Olympiodornm
760 2183 834 2206 sunt.
853 2178 1066 2205 Committantur
1080 2177 1171 2211 itaque
1196 2176 1360 2210 conjectura:
1376 2183 1436 2202 cum
1465 2175 1640 2210 conjectnris,
1653 2179 1680 2202 et
1695 2181 1758 2200 vero
1778 2173 1895 2201 similio-

266 2221 343 2247 tibns
357 2220 523 2247 attcudatnr.
540 2220 635 2255 Neque
652 2221 724 2248 enim
742 2221 766 2248 id
782 2221 850 2248 mihi
867 2229 966 2254 arrogo
984 2225 1087 2248 certum
1110 2220 1224 2254 hujusce
1242 2223 1345 2246 catenae
1364 2224 1515 2254 parentem,
1531 2227 1546 2246 e
1562 2219 1680 2246 tenebris
1696 2222 1804 2245 erutum
1821 2216 1895 2243 anti-

266 2265 379 2296 quitatis
407 2269 470 2291 ante
497 2265 670 2291 curiosortun
699 2265 794 2292 oculos
811 2273 923 2299 ponere,
940 2269 967 2292 et
996 2264 1122 2291 latentem
1144 2264 1170 2290 in
1192 2268 1316 2299 apertum
1339 2264 1465 2291 educere.
1483 2263 1525 2296 Et,
1549 2268 1577 2290 ut
1599 2263 1715 2298 ingenue
1734 2261 1830 2292 fatear,
1844 2267 1894 2294 pro

266 2309 462 2344 Olympiodoro
482 2315 670 2344 argumentum
701 2309 921 2337 efﬁcacissimum
949 2308 1041 2341 fuerit,
1065 2307 1159 2336 Patres
1185 2308 1212 2335 in
1238 2309 1290 2335 hac
1312 2313 1406 2335 catena
1433 2308 1566 2339 laudatos,
1588 2315 1682 2334 omnes
1707 2311 1769 2332 ante
1793 2313 1894 2332 annum

267 2352 510 2384 sescentesimum,
527 2353 599 2379 circa
629 2361 690 2387 qua:
717 2359 837 2388 tempora
862 2352 1085 2388 Olympiodorum
1117 2360 1225 2388 quoque
1252 2352 1377 2379 ﬂoruisse
1395 2359 1458 2377 vero
1485 2351 1653 2377 simillimum
1667 2355 1720 2380 est,
1739 2349 1895 2384 scripsisse,

268 2398 429 2431 nullumque
452 2397 497 2431 qui
524 2402 586 2431 post
604 2398 629 2424 id
648 2402 753 2431 tempus
774 2398 895 2425 ﬂoruerit
911 2397 1022 2424 adduci.
1037 2396 1113 2430 Quod
1130 2395 1224 2430 utiqtte
1245 2402 1298 2421 non
1313 2393 1378 2421 facit
1403 2393 1519 2423 Nicetes,
1545 2393 1591 2426 qtti
1607 2400 1668 2419 ctnn
1687 2393 1731 2419 illo
1748 2393 1827 2426 longe
1851 2399 1897 2417 re-

266 2441 374 2468 ccutior
395 2442 440 2474 sit,
458 2442 542 2469 nmha
561 2450 591 2468 ex
611 2442 739 2469 Simeone
749 2442 942 2476 Metaphraste,
959 2440 1053 2468 Niceta
1071 2440 1182 2471 Daride,
1193 2438 1298 2466 Joanne
1311 2437 1488 2466 Damasceno.
1502 2436 1609 2463 Joanne
1625 2435 1782 2466 Geometra,
1795 2435 1895 2462 Cosma

268 2486 404 2512 mortachn
425 2490 451 2512 et
464 2486 536 2517 aliis,
551 2486 596 2520 qui
623 2491 683 2520 post
706 2494 736 2513 ea
761 2490 883 2521 ternpora
903 2486 1041 2517 vixerunt,
1056 2485 1083 2512 in
1098 2486 1155 2513 suis
1173 2485 1278 2512 catenis
1299 2488 1449 2510 mutuatur.
1470 2482 1496 2509 ld
1512 2483 1534 2510 si
1559 2481 1689 2509 momenti
1706 2480 1823 2514 alicujus
1839 2487 1893 2506 non

269 2535 322 2559 est,
343 2531 436 2557 nescio
448 2531 511 2564 quid
530 2531 602 2557 aliud
620 2531 700 2558 fuerit
716 2541 723 2558 :
742 2539 795 2558 non
812 2530 912 2558 evincit
930 2535 1031 2562 tamen,
1052 2529 1273 2565 Olympiodorntn
1292 2528 1405 2562 hujusce
1423 2533 1525 2554 catena:
1543 2529 1682 2553 auctorem
1705 2524 1790 2551 fuisse
1808 2533 1814 2550 :
1833 2531 1896 2550 cum

269 2573 362 2601 forsan
378 2582 408 2601 ex
431 2574 472 2601 his
489 2575 528 2601 vel
541 2575 601 2602 aliis
616 2575 795 2609 scriptoribus
811 2574 1017 2605 recentioribus,
1034 2575 1105 2608 quod
1121 2574 1153 2600 ad
1175 2574 1342 2607 prouo~titum
1363 2571 1474 2601 faceret.
1501 2571 1543 2598 \‘el
1566 2577 1618 2596 non
1638 2568 1782 2598 invenerit,
1798 2566 1839 2593 vel
1858 2566 1899 2593 in-

270 2625 393 2650 \‘cttlttm,
413 2620 596 2654 prolixitatem
616 2620 759 2655 emtgieus,
774 2614 931 2654 neglexerit,
952 2618 1097 2653 praecipuis
1118 2616 1305 2643 tantummodo
1329 2615 1456 2642 Patrihus
1474 2615 1500 2641 in
1519 2614 1570 2641 hac
1593 2612 1766 2647 Expositione
1787 2617 1898 2638 conten-

270 2669 325 2691 tus.
339 2663 434 2699 Neque
450 2665 522 2691 enirn
536 2664 627 2691 omnia
643 2665 774 2691 adnotare
790 2671 887 2690 omnes
903 2663 1042 2696 cogimur;
1071 2661 1116 2688 sed
1135 2661 1244 2695 genium
1256 2660 1372 2695 quisque
1388 2659 1513 2693 sequitur
1528 2666 1620 2686 suum.
1803 2666 1807 2669 ·

308 2722 461 2755 Antequam
474 2721 575 2751 ﬁniam,
588 2719 653 2746 illud
665 2720 747 2746 ctiam
761 2719 935 2753 subjungam,
949 2718 976 2744 in
994 2724 1135 2745 sermones
1147 2716 1269 2751 Gregorii
1281 2715 1440 2743 Naz'anleni
1450 2720 1557 2743 exstare
1566 2719 1622 2741 tum
1636 2713 1731 2742 Nicctzr
1740 2712 1900 2740 Heracleen-

274 2766 323 2797 sis,
337 2771 392 2791 tum
410 2765 475 2792 Elite
487 2764 626 2791 Cretensis
635 2763 848 2795 (lommentaria,
859 2770 890 2789 ea
905 2762 1091 2791 distinctione,

1076 2770 1091 2791 ε,
1101 2766 1129 2788 ιιι
1138 2760 1237 2788 Nicena
1249 2760 1303 2787 sint
1318 2761 1357 2791 εἰς
1366 2760 1427 2791 τοὺς
1443 2760 1538 2793 λόγους
1549 2759 1612 2789 τοὺς
1620 2757 1874 2790 ἁναγινωσχομένου
1880 2763 1900 2785 ς.

273 2810 301 2836 iu
314 2817 446 2836 sermones
460 2808 503 2842 qui
519 2807 651 2843 leguntur.
671 2806 746 2839 Elim,
759 2807 786 2833 in
799 2813 941 2835 sermones
955 2807 1017 2837 τοὺς
1034 2806 1072 2840 μὴ
1089 2806 1097 2831 c‘

1089 2805 1370 2838 ἁναγινωπκομένηυς,
1388 2804 1413 2830 in
1433 2811 1476 2830 eos
1497 2803 1542 2838 qui
1566 2810 1617 2828 non
1640 2801 1772 2836 leguntur.
1790 2799 1897 2825 Primos

276 2852 423 2883 sexdecim,
439 2851 576 2879 Secundus
588 2850 804 2885 vigintiquinque
824 2855 978 2877 numerant
995 2849 1132 2882 Quaeritur
1146 2856 1160 2876 a
1179 2848 1317 2875 nonnullis
1332 2848 1463 2875 vocabula
1485 2847 1542 2874 lucc
1561 2845 1626 2880 quid
1643 2845 1716 2872 sint?
1730 2843 1757 2870 ln
1772 2847 1898 2878 promptu

278 2896 423 2930 responsio
440 2901 498 2923 est:
516 2894 767 2929 ἁναγινωςκόμενηι
792 2899 866 2927 sunt,
882 2895 928 2929 qui
946 2894 971 2920 in
990 2893 1118 2921 Ecclcsiis
1143 2893 1205 2928 legi,
1224 2892 1388 2927 qucumdmo
1400 2893 1454 2919 lum
1473 2896 1499 2919 ct
1515 2890 1632 2918 aliorum
1658 2889 1766 2916 Patruzn
1795 2886 1899 2920 scripta
