2088 3159
205 188 255 218 553

609 183 753 213 ORATIO
775 182 815 213 IN
835 180 1129 212 CONCEPTIONEM
1229 178 1415 208 DEII‘AILE.

1774 177 1827 208 ιιι

204 243 345 277 ἐξετάσει,
376 241 571 278 ἀκριϐέστατος
599 239 764 274 λογοθέτηςε
793 238 879 269 οὕτως
912 237 1007 268 θείας⁴

1049 241 1067 262 -ι
1081 236 1106 262 in
1125 235 1229 269 legibus
1249 233 1430 267 adiinplendis
1445 236 1471 259 et
1483 232 1509 259 in
1526 231 1639 261 occultis
1655 233 1828 260 conscientia:

203 291 296 325 ἡγεῖτο
318 289 352 315 τὰ
368 289 430 322 περὶ
445 287 527 313 αὑτοῦ
552 286 681 321 προνοίας
701 285 818 312 ᾶπαντα.
840 283 889 309 Διὰ
911 282 989 309 τοῦτο

206 337 237 363 οὐ
253 334 392 369 διηνέχθη,
409 334 439 360 οὐ
459 333 516 364 τοῖς
535 332 625 366 λόγοις
644 330 836 363 ἁντικατέστη,
853 328 884 354 οὺ
899 327 930 353 τὸ
952 327 989 361 μὴ

203 381 373 410 κεκωλῦσθαι
386 380 439 406 τῶν
457 379 559 414 ἐθίμιιιν
576 378 673 413 μέχρις
697 376 816 402 ἐκείνου·
836 375 881 401 διά
902 382 930 400 τε
960 372 990 398 τὸ

202 428 247 454 τοῦ
263 427 319 462 βίον
336 426 383 453 καὶ
400 426 430 452 τὸ
453 425 506 451 τῶν
525 424 634 459 δωρεῶν
647 422 841 457 ἀνεπίληπτον,
858 418 990 454 προσελά-

202 475 281 501 ϐετο·
307 473 366 499 ἀλλ’
386 471 453 507 ὁμοῦ
477 480 505 498 τε
527 471 575 505 τὴν
604 469 638 497 δι’
664 468 816 503 ὀνειδισμοῦ
845 465 990 499 ἐπίπληξιν

210 518 372 550 εἰσεδέξατο,
394 517 440 544 καὶ
460 517 505 543 ἐπὶ
529 517 574 542 τὸν
588 516 641 542 τῶν
664 514 825 550 ἀπορρήτων
843 512 990 545 ἐξεταστὴν

202 565 370 600 καταφεύγει
387 564 453 591 Θεόν
465 570 474 579 ·
487 564 533 590 καὶ
547 563 595 598 τὴν
609 562 726 598 ἐρημίαν
745 561 781 592 ὼς
798 560 926 595 συνεργὸν
939 559 988 593 τῆς

203 612 269 646 πρὸς
285 611 331 637 τὸν
357 610 422 636 Θεὸν
447 609 555 644 ὁμιλίας
578 607 805 642 καταλαμϐάνει·
824 607 891 641 μήτε
919 605 989 640 αὐτῇ

201 659 234 693 τῇ
251 657 366 692 συνοίκῳ
379 656 426 683 καὶ
441 655 615 690 ὀμογνὼμονι
628 655 734 689 φανεὶς,
755 653 770 689 ἢ
788 651 991 686 κοινωσάμενος

201 705 249 740 τὴν
278 703 401 738 γνώμην,
431 702 499 737 μήτε
518 703 574 733 τοῖς
600 702 659 727 κατ’
681 698 755 726 οἷκον
777 699 825 734 τὴν
845 699 910 733 περὶ
937 697 991 723 τῶν

194 750 279 790 1ἐκτὸς
299 749 459 784 ἐπιμέλειαν
473 748 640 782 διαθέμενος.
662 747 709 777 Τίς
723 745 850 780 τοιαύτην
867 745 918 770 κάν
934 744 992 774 τοῖς

201 796 262 823 καθ’
282 797 355 830 ἡμᾶς
377 795 471 822 ἐλπίδα
496 795 563 830 πρὸς
584 795 650 820 Θεὸν
675 793 848 822 ἀδίστακτον,
865 789 913 816 καὶ
938 788 991 819 τῶν

202 842 345 877 παρόντων
363 842 566 876 καταφρόνησιν
583 839 757 871 ὲπεδείξατος
776 838 875 872 μήτιγε
891 837 919 862 ὲν
936 836 991 865 τοῖς

202 887 262 913 κατ’
279 887 367 912 ἐκεῖνο
381 886 495 920 καιροῖς,
511 886 540 910 ἐν
556 882 595 916 οἷς
611 884 724 910 καὶτῶν
737 882 930 918 μετριωτέρων
945 879 992 906 καὶ

1042 282 1209 317 inquirendis
1225 286 1336 308 exactor
1351 285 1409 308 erat
1423 279 1621 307 solertissimus
1632 281 1639 307 ί
1652 280 1720 307 adeo
1731 280 1830 307 divin:e

1041 328 1216 363 providentia:
1241 327 1344 358 omnia,
1361 334 1421 362 qua:
1437 326 1471 353 ad
1493 333 1522 353 se
1542 326 1720 360 pertinerent,
1744 327 1829 361 depu-

1041 375 1131 402 tabat!
1149 374 1252 401 Idcirco
1268 381 1321 400 non
1344 373 1491 404 contendit,
1513 380 1567 399 non
1587 373 1692 399 rixatus
1706 377 1759 403 est,
1777 380 1829 399 non

1041 421 1150 455 obiecit.
1170 421 1216 447 sed
1236 420 1268 446 ad
1287 420 1360 446 illam
1377 426 1463 454 usque
1481 419 1551 446 diem
1575 427 1715 453 nunquam
1730 427 1744 445 a
1763 426 1829 446 ccu-

1041 467 1126 494 suetis
1141 465 1219 493 donis
1236 464 1381 492 oﬂ‘erendis
1400 464 1566 499 prohibitum
1587 464 1682 494 fuisse.
1693 465 1751 492 sive
1769 465 1830 491 vitm.

1041 520 1098 540 sua:
1115 512 1172 539 sive
1189 512 1322 539 donorum
1341 511 1445 538 ratione
1472 510 1576 543 habita,
1594 511 1665 545 quod
1684 516 1830 546 utrumque

1041 557 1255 592 reprehensione
1281 561 1396 584 careret.
1423 555 1521 583 Verum
1551 561 1576 584 et
1603 557 1829 584 ρο.;ιιιιιι‹ε1ἱοεοιη

1042 605 1175 640 patienter
1202 603 1262 630 tulit
1284 603 1513 637 objurgationein,
1539 610 1572 629 ac
1593 603 1674 629 simul
1698 603 1730 629 ad
1749 603 1831 630 Deum

1042 649 1212 677 occultorum
1231 653 1410 676 scrutatorem
1435 647 1573 682 confugit;
1593 649 1714 682 atquein
1734 650 1832 676 solitu.

1042 695 1132 722 dinem
1156 698 1284 728 tanquam
1307 693 1412 728 agendo
1437 701 1498 720 cum
1524 693 1578 720 Deo
1601 693 1783 728 aptissimam,
1799 703 1832 721 ne

1043 740 1095 775 ipsi
1116 739 1225 774 quidem
1254 739 1374 774 conjugi,
1399 739 1479 770 eique
1503 739 1637 770 unanimi,
1663 747 1693 766 se
1721 739 1832 772 sistens,

1042 791 1090 814 aut
1106 786 1252 814 consilium
1272 793 1350 812 suum
1377 785 1501 820 aperiens
1520 784 1586 820 (ll),
1602 793 1689 819 neque
1704 785 1834 812 domesti-

1043 833 1084 860 cis
1105 839 1199 860 curam
1229 835 1404 858 externorum
1429 831 1613 863 committens,
1631 838 1691 858 sese
1721 831 1832 865 recepit.

1044 878 1111 912 Quis
1128 878 1170 905 vel
1193 877 1295 904 nostris
1319 876 1395 903 hisce
1415 875 1583 910 temporibus
1603 875 1707 913 lirinain
1722 874 1791 902 adeo
1807 876 1834 901 in

200 919 432 967 TEOEOKLGpévaV
446 931 551 964 ἀρετῶν
575 929 697 965 ἐργώδης
711 927 745 964 ἦν
771 929 788 964 ἡ
805 927 989 962 ἐκπλήρωσις.

1049 924 1130 950 Deum
1155 931 1243 958 spem,
1263 930 1294 949 ac
1322 921 1511 956 temporalium
1533 925 1719 954 contemptum
1744 926 1836 947 osten-

201 981 304 1008 disset?
324 981 422 1009 nedum
444 984 522 1008 aztate
549 980 605 1011 illa,
631 978 741 1014 quando
763 977 845 1004 etiam
870 976 1001 1007 modicas,
1035 974 1117 1001 etiam
1138 972 1312 1008 praescriptas
1336 971 1448 998 virtutes
1481 978 1608 998 exercere
1625 970 1739 997 arduum
1759 969 1835 996 vide-

201 1026 290 1053 batur.

240 1072 280 1099 II'.
295 1073 349 1099 Καὶ
378 1071 518 1108 παρείσθω
537 1071 584 1097 νῦν
608 1071 643 1097 τὰ
664 1070 734 1097 κατὰ
748 1070 793 1096 τὸν
818 1069 993 1104 πατριάρχην

210 1119 347 1155 Ἀϐραάμ.
370 1117 575 1152 Ὑπεξηρῆσθαι
596 1117 650 1152 γὰρ
667 1117 706 1152 τῷ
731 1117 818 1152 χρόνῳ
835 1118 881 1144 καὶ
893 1117 930 1152 τῷ
943 1117 995 1151 τῆς

203 1165 379 1198 δικαιοσύνης
407 1163 564 1198 ἐνεστηκότι
582 1163 619 1194 ὡς
642 1162 697 1188 τῶν
718 1162 810 1195 πάλαι,
831 1163 877 1190 καὶ
900 1162 995 1189 τούτου

201 1210 307 1243 δόξειεν
323 1210 355 1237 ἄν
378 1218 443 1236 τισι.
461 1209 534 1243 Πλὴν
550 1211 574 1236 εἰ
597 1209 644 1236 καὶ
658 1209 743 1236 ταῦτα
762 1217 802 1241 τις
826 1208 996 1241 ἀνεξετάξειν

204 1257 322 1288 ἐκείνοις
343 1255 473 1292 βούλοιτο,
487 1255 586 1290 πολλὴν
603 1255 636 1282 ἂν
652 1256 700 1289 τὴν
716 1254 850 1290 ὑπεροχὴν
861 1254 914 1280 τῶν
931 1262 998 1288 προ-

205 1303 343 1338 κειμένων
359 1301 514 1335 κατόψοιτο.
536 1300 650 1335 Ἐκείνῳ
671 1300 720 1335 μὲν
736 1300 790 1333 γὰρ
809 1299 858 1334 ἣτε
875 1298 994 1333 μετανά-

205 1357 313 1381 στασις,
330 1348 376 1374 καὶ
400 1349 416 1384 ἠ
439 1345 512 1384 ἐφ’ᾖ
533 1348 565 1373 ἂν
591 1347 786 1382 παροικήσειεν
813 1345 915 1381 ἐῤῥήθη
940 1345 994 1380 γῆ·

205 1395 246 1421 ἔτι
267 1395 320 1429 μὴν
345 1393 423 1428 καὶὴ
449 1393 499 1427 τῆς
521 1391 650 1423 ἀπαιδίας
676 1391 723 1418 καὶ
749 1390 918 1426 στειρώσεως
947 1390 996 1424 τῆς

205 1440 316 1476 Σὰρῤας
342 1439 429 1472 λύσις,
454 1439 506 1465 ὑπὸ
530 1438 577 1465 τοῦ
599 1437 733 1473 ἀψευδοῦς
760 1436 995 1473 προεπήγγελταιο

205 1487 280 1521 ἅπερ
293 1486 325 1521 δὴ
341 1486 464 1520 κατέχων
478 1485 634 1519 ὑποσχέσει,
649 1484 696 1520 τὴν
713 1484 764 1519 μὲν
778 1483 875 1510 ἐλπίδα
887 1483 995 1518 ἔτρεφε,

205 1533 256 1569 τὴν
270 1533 298 1559 δὲ
308 1533 420 1567 γνώμην
437 1532 504 1566 πρὸς
519 1531 568 1566 τὴν
587 1531 621 1558 δι’
634 1532 768 1565 αἰτήσεως
791 1530 915 1562 ἑκϐασιν,
933 1530 998 1565 ἐψυ-

1084 1063 1150 1090 \'lII.
1167 1063 1197 1091 Et
1220 1062 1330 1090 silentio
1346 1062 1456 1096 quidem
1481 1071 1553 1090 nunc
1577 1067 1774 1097 praetereantur
1791 1065 1835 1090 res

1044 1110 1207 1147 patriarcha:
1221 1109 1347 1137 Abrahze.
1366 1108 1414 1136 Ilic
1429 1109 1501 1137 cnim
1520 1109 1749 1144 quemadmodum
1768 1114 1837 1136 ten:-

1045 1165 1122 1193 pore.
1150 1157 1191 1184 sic
1216 1161 1242 1183 et
1273 1156 1382 1183 virtutis
1408 1156 1555 1183 eminentia
1583 1163 1636 1183 non
1669 1156 1835 1183 vetustiores

1046 1204 1138 1234 modo,
1155 1203 1202 1231 sed
1224 1208 1251 1231 et
1271 1203 1360 1230 virum
1387 1202 1469 1230 istum
1497 1195 1641 1237 superasse
1669 1201 1833 1237 quibusdam

1045 1249 1116 1277 forte
1146 1250 1289 1277 videbitur.
1313 1249 1475 1284 Quanquam
1498 1249 1520 1276 si
1535 1249 1597 1284 quis
1620 1256 1651 1287 ea
1673 1253 1759 1284 gesta,
1776 1256 1835 1283 qua:

1043 1305 1116 1324 nunc
1132 1296 1307 1331 exponimus,
1320 1304 1382 1324 cum
1399 1296 1452 1324 illis
1467 1295 1592 1323 conferre
1609 1296 1700 1326 vellet,
1719 1295 1833 1322 multum

1044 1344 1181 1370 enimn-ro
1197 1343 1341 1377 priescntia
1358 1343 1415 1369 hme
1434 1342 1487 1369 illis
1502 1341 1664 1369 autecellcre
1684 1341 1835 1376 deprehen-

1045 1389 1130 1416 deret.
1156 1389 1188 1416 ΕΙ,
1212 1397 1278 1416 sane
1300 1389 1338 1416 illi
1358 1393 1414 1415 tu.n
1438 1389 1652 1424 transmigratio,
1677 1393 1733 1415 tum
1752 1392 1834 1418 terra,

1048 1436 1074 1462 in
1089 1442 1143 1470 qua
1167 1435 1257 1462 sedem
1274 1435 1412 1469 deligeret,
1429 1435 1610 1470 praenuntiata
1638 1434 1702 1466 luit;
1725 1434 1838 1468 insuper

1050 1483 1084 1510 ab
1100 1490 1142 1515 eo,
1162 1483 1208 1518 qui
1226 1483 1333 1510 mentiri
1357 1483 1461 1517 nequit,
1479 1487 1535 1510 tum
1561 1482 1689 1510 orbitatis
1709 1481 1837 1514 liliorum,

1051 1536 1108 1558 tum
1133 1530 1207 1558 Sarae
1230 1531 1381 1558 sterilitatis
1410 1531 1527 1558 cessatio
1542 1530 1671 1565 prmdicta
1693 1529 1755 1557 fuit.
1772 1529 1839 1563 Qtnc

205 1577 339 1613 χαγώγει.
356 1577 389 1603 Τί
415 1578 469 1613 γὰρ
484 1577 517 1604 ἂν
541 1577 724 1611 εὐθυμότερον
751 1576 800 1611 τῆς
827 1575 998 1611 ὑποσχέσεως

1053 1577 1163 1611 quidem
1179 1585 1240 1604 cum
1262 1582 1371 1613 propter
1396 1577 1605 1612 promissionem
1620 1577 1676 1612 jain
1699 1577 1779 1604 veluti
1801 1582 1839 1604 te-

205 1622 304 1658 ὁφθείη
317 1622 400 1656 Θεοῦ;

207 1672 256 1699 bat
287 1671 320 1698 ad
344 1671 449 1699 felicem
475 1670 578 1698 exitum
609 1671 736 1704 precibus
761 1671 995 1706 consequendum.
1025 1670 1096 1705 Quid
1118 1672 1190 1700 enim
1223 1673 1256 1699 ad
1278 1672 1421 1708 crigcndus
1450 1673 1556 1700 animos
1575 1673 1719 1707 ellicacius,

208 1719 258 1747 Dei
274 1719 422 1753 promissio
436 1717 520 1745 rideri
538 1717 638 1752 queat?

249 1765 280 1791 Ὀ
292 1765 319 1790 δέ
336 1764 548 1799 ἀνεπαγγέλτως
564 1764 612 1799 μὲν
633 1763 708 1799 παρὰ
721 1765 768 1790 τοῦ
783 1764 898 1791 δυνατοῦ
913 1764 1001 1791 πάντα.

206 1811 242 1837 τὰ
260 1810 297 1845 μὴ
325 1809 426 1836 δυνατὰ
452 1809 642 1844 περαιοῦσθαι,
670 1811 717 1836 καί
742 1810 792 1845 τὴν
810 1810 892 1844 φύσιν
916 1818 1003 1845 μετα-

208 1856 394 1892 ρυθμίζεσθαι
421 1856 581 1889 πιστεύσας,
598 1856 665 1891 πρὸς
680 1856 773 1890 ἀφανῆ
788 1855 816 1882 δὲ
843 1857 893 1890 τὴν
917 1855 1001 1882 αὐτοῦ

208 1902 383 1938 προμηθείαν
401 1902 435 1928 τὰ
450 1902 501 1938 τῆς
523 1902 631 1934 ἐλπίδος
648 1902 768 1937 ἐρείσας,
790 1901 862 1928 οὕτω
879 1901 926 1927 καὶ
950 1901 1000 1936 τὴν

207 1948 264 1975 τῶν
277 1949 387 1975 οίκείων
402 1949 552 1980 διάστασιν,
570 1950 616 1975 καὶ
631 1949 681 1983 τὴν
697 1948 816 1983 ἔμμονον
836 1947 904 1982 πρὸς
919 1947 1000 1974 αὐτὸν

207 1995 242 2022 δι’
258 1994 404 2028 ἐντεύξεως
417 1996 535 2022 ποιεῖται
548 1995 666 2029 ὁμιλίαν.

247 2040 304 2066 Καὶ
320 2040 335 2066 ὁ
359 2040 418 2075 μὲν,
443 2040 602 2075 τεκμηρίων
615 2040 663 2074 τῆς
679 2048 709 2065 τε
734 2039 927 2074 κατασχέσεως
950 2039 1001 2073 τῆς

209 2086 264 2121 γῆς
280 2087 328 2113 καὶ
342 2086 391 2122 τῆς
409 2085 456 2112 τοῦ
477 2086 573 2120 γένους
596 2086 742 2117 ἐπιδόσεως
761 2085 863 2112 δεῖται·
881 2085 927 2112 καὶ
948 2085 1001 2120 ὅτῳ

210 2132 307 2167 τρόπῳ
329 2132 364 2158 τὰ
385 2131 610 2166 ἐπαγγελλόμενα
628 2131 810 2166 πληρωθεῖεν,
832 2131 999 2164 ὲξαιτείται·

210 2181 226 2206 ὁ
247 2180 286 2213 δὲ,
301 2180 396 2215 ὥσπερ
416 2181 445 2206 ὲν
465 2181 498 2215 τῇ
525 2179 591 2215 εὐχῇ
607 2179 637 2207 τὸ
654 2179 851 2212 ἀνενδοίαστον,
871 2179 941 2206 οὕτω
955 2179 1002 2206 καὶ

212 2226 245 2253 τὸ
263 2227 425 2262 εἰσεπήκοον
443 2226 621 2261 ἀνενεχθῆναι
640 2226 800 2260 πιστεύσας,
813 2227 859 2253 καὶ
882 2226 935 2253 ὑπὸ
951 2227 1002 2260 ἀγ-

213 2272 295 2306 γέλου
312 2272 358 2298 τὸν
371 2273 450 2298 τόκον
465 2271 660 2307 εὐαγγελίαοη,
677 2273 723 2299 καὶ
737 2272 795 2307 οὐχ*
808 2272 845 2304 ὼς
859 2272 892 2299 ἂν
902 2272 1000 2307 ἐκϐαίη

212 2318 245 2343 τὸ
262 2318 506 2352 εὐαγγελιζόμενον
532 2319 665 2345 αἰτεῖται’
681 2318 718 2349 ὡς
740 2318 795 2353 γὰρ
817 2318 954 2353 πλήρωμα
972 2318 1003 2344 τὸ

214 2365 329 2398 μήνυμα
341 2363 496 2398 κατασχὼν,
514 2361 596 2398 εἶχεν.

262 2493 342 2520 Ἀλλὰ
358 2494 411 2529 γὰρ
423 2495 510 2522 καὶτὸ
521 2496 569 2531 τῆς
584 2496 679 2528 Θυσίας
693 2497 818 2524 ἐνταυθοῖ
832 2498 1003 2533 προσκαλού-

217 2549 302 2577 μενον
311 2541 489 2574 ὲξεταςθῆναι
497 2542 657 2576 παράδοξον,
675 2542 748 2579 [οὐκ]
761 2543 864 2570 ἐατέον·
874 2544 947 2575 ὅπως
956 2543 1007 2579 μὲν

216 2589 323 2619 ἐκεῖνος
338 2587 496 2622 προστάξει,
509 2588 744 2624 αὺτοπροαιρέτως
754 2590 781 2616 δὲ
795 2586 883 2623 οὗτος,
900 2590 1005 2625 ἱερούρ-

217 2641 306 2669 γησε’
325 2634 372 2660 καὶ
399 2633 532 2668 μονογενῆ
550 2634 608 2668 μὲν,
626 2635 727 2670 κυρίως
744 2633 820 2667 οὗτος
832 2644 839 2650 ·
858 2637 960 2668 ἐκεῖνος
977 2636 1005 2662 δὲ

217 2680 258 2714 τῷ
273 2680 323 2714 τῆς
348 2679 516 2714 ἐπαγγελίας
539 2679 627 2714 λόγῳ·
651 2681 699 2708 καὶ
722 2681 762 2708 ὅτι
790 2682 929 2717 προτάξας
956 2683 1005 2717 μὲν

218 2726 323 2757 ἐκεῖνος
338 2726 367 2753 τὸ
389 2726 485 2761 ἱερεῖον
508 2726 713 2760 ἀντικομίζεται
727 2735 734 2743 ·
750 2725 826 2760 οὗτος
842 2729 870 2755 δὲ
893 2729 931 2764 τῷ
948 2729 1005 2756 ὄντι

259 2815 312 2849 (II)
342 2815 393 2842 Alii
426 2821 521 2842 contra
553 2820 680 2849 narrant,
711 2819 850 2846 communi
890 2820 1005 2847 consilio

219 2850 392 2888 luat-bimum
415 2855 442 2888 et
463 2851 570 2877 Annam
586 2852 618 2888 ad
633 2852 736 2886 jejunia
751 2861 782 2879 ac
798 2861 892 2888 preces
909 2855 1006 2882 confu-

223 2887 304 2920 gisse.
320 2886 502 2919 Nil‘mirum;
521 2887 628 2921 quoties
654 2889 727 2914 enim
752 2889 785 2916 dc
799 2886 844 2917 'rei
869 2890 1005 2925 adjunctis

378 2933 512 2965 PATROL.
534 2935 590 2966 Gn.
615 2935 770 2967 CXXVII.

1052 1628 1140 1662 notet.
1157 1631 1230 1658 spem
1256 1624 1363 1650 interim
1382 1624 1480 1657 alebat,
1499 1624 1675 1660 animumque
1695 1616 1839 1652 cuulirma:

1758 1682 1838 1708 quatit

1087 1762 1137 1791 Ilic
1154 1771 1219 1791 vero
1241 1764 1315 1791 nulla
1339 1765 1428 1792 adhuc
1447 1765 1628 1799 promissione
1643 1772 1764 1801 accepta,
1779 1775 1841 1795 crc-

1051 1809 1129 1843 didit,
1150 1810 1184 1837 ab
1209 1809 1401 1845 Omnipotcnte
1420 1810 1501 1837 etiam
1528 1811 1708 1845 impossibilia
1733 1814 1837 1847 perlici.

1051 1862 1232 1891 naturamque
1248 1864 1328 1891 posse
1342 1856 1490 1888 immutari,
1508 1858 1670 1892 lirmainque
1686 1858 1712 1884 in
1731 1860 1838 1886 occulta

1051 1904 1125 1931 illius
1151 1903 1320 1938 providentia
1353 1911 1429 1938 spelit
1457 1903 1568 1936 deﬁxit;
1596 1911 1628 1931 ac
1655 1910 1797 1940 propterea
1824 1916 1839 1933 ii

1052 1949 1210 1976 domesticis
1226 1956 1286 1976 sese
1302 1949 1375 1977 curis
1390 1948 1553 1977 subtrahens
1566 1950 1599 1977 ad
1614 1949 1700 1978 Deum
1713 1952 1840 1987 precibus

1052 1995 1178 2022 insistere
1193 2000 1358 2030 perseverat.

1088 2042 1137 2068 Ille
1153 2041 1272 2076 quidem,
1289 2048 1323 2068 ne
1342 2042 1376 2069 de
1393 2040 1483 2070 futura
1505 2047 1582 2070 terra:
1599 2044 1784 2078 possessione,
1793 2044 1839 2072 de-

1053 2095 1107 2123 que
1128 2088 1197 2115 miro
1228 2088 1394 2122 posteritatis
1416 2096 1472 2116 suae
1496 2089 1665 2117 incremento
1694 2090 1840 2122 dubitaret.

1054 2134 1132 2169 signo
1157 2134 1250 2169 aliquo
1284 2134 1400 2169 indiguit
1427 2141 1510 2163 :tum
1540 2136 1620 2163 etiam
1651 2144 1705 2171 qua
1735 2137 1842 2164 ratione

1056 2180 1192 2214 implenda
1207 2187 1239 2208 ea
1255 2185 1358 2213 essent,
1373 2189 1434 2216 qua1
1457 2182 1698 2216 promittebantur,
1722 2182 1844 2217 exquisi-

1058 2226 1104 2252 vit.
1127 2226 1176 2253 llic
1195 2231 1286 2254 autem
1301 2231 1376 2254 certo
1390 2227 1516 2260 credens,
1538 2228 1627 2262 qualis
1651 2228 1785 2264 cujusque
1808 2230 1841 2255 sit

1057 2271 1083 2297 in
1101 2271 1204 2298 orando
1224 2272 1334 2305 liducia,
1353 2273 1434 2300 talem
1455 2273 1524 2300 votis
1549 2274 1652 2301 exitum
1667 2275 1842 2308 respondere,

1057 2315 1161 2343 idcirco
1185 2317 1220 2343 ab
1249 2317 1346 2351 angelo
1369 2317 1403 2344 de
1427 2318 1602 2352 suscipienda
1626 2319 1703 2353 prole
1724 2321 1844 2347 monitus

1057 2367 1110 2394 est,
1133 2369 1221 2397 neque
1235 2367 1324 2390 tamen
1346 2370 1399 2398 qua
1419 2364 1524 2392 ratione
1544 2369 1705 2391 eventurum
1722 2365 1748 2392 id
1760 2371 1844 2396 esset.

1058 2408 1091 2434 ab
1107 2407 1202 2442 angelo
1217 2413 1393 2442 percontatus
1414 2415 1466 2437 est.
1482 2409 1612 2437 Nuntium
1636 2410 1709 2437 enim
1733 2411 1844 2445 perinde

1058 2461 1090 2480 ac
1109 2452 1238 2487 promissi
1254 2453 1485 2488 complementum
1503 2455 1608 2483 habuit.

1092 2498 1336 2527 Verumenimvero
1370 2508 1420 2528 nec
1446 2501 1637 2529 admirandum
1661 2503 1728 2530 illud
1757 2505 1845 2532 sacri-

1060 2545 1153 2572 licium
1175 2546 1201 2572 in
1219 2547 1338 2573 medium
1356 2547 1446 2574 accire
1461 2555 1493 2574 ac
1516 2549 1684 2582 perpendere
1705 2550 1749 2577 hic
1764 2551 1844 2578 abso-

1059 2599 1125 2619 tmm
1142 2592 1266 2620 videatur
1283 2602 1290 2620 :
1307 2593 1445 2627 quomodo
1462 2593 1591 2621 nimirum
1608 2595 1652 2622 ille
1668 2596 1778 2630 quidem
1794 2596 1846 2623 im-

1059 2639 1135 2673 perio
1152 2645 1274 2674 accepto,
1292 2639 1337 2667 hic
1360 2643 1450 2667 autem
1475 2648 1524 2668 sua
1551 2645 1648 2676 sponte
1675 2643 1847 2670 sacriﬁcave-

1059 2685 1096 2710 rit
1120 2692 1127 2709 :
1155 2689 1236 2718 atque
1259 2684 1303 2712 hic
1328 2684 1438 2719 quidem
1463 2685 1575 2720 proprie
1598 2686 1784 2721 unigenitam:
1802 2688 1848 2715 ille

1060 2737 1124 2758 vero
1148 2738 1221 2765 eum,
1235 2731 1281 2767 qui
1299 2732 1490 2767 promissionis
1503 2737 1610 2761 tantum
1625 2734 1731 2761 ratione
1755 2734 1846 2763 habita

1061 2820 1131 2858 silet
1147 2821 1271 2852 historia,
1288 2826 1417 2857 perpetuo
1435 2823 1572 2854 usuvcnit,
1593 2827 1633 2856 ut,
1649 2823 1713 2850 dum
1732 2823 1848 2858 quisque

1060 2856 1132 2895 quod
1149 2857 1200 2883 sibi
1217 2856 1364 2895 verisimile
1382 2859 1497 2895 videtur.
1511 2859 1656 2893 excogitat,
1669 2859 1695 2886 in
1711 2856 1847 2895 plures-ac

1060 2893 1182 2920 diversas
1201 2894 1352 2922 sententias
1367 2894 1465 2930 singuli
1482 2895 1590 2923 abeant.

1652 2942 1688 2972 18
