2088 3159
240 187 292 218 567

881 196 1012 227 JACOBI
1033 198 1209 230 MONACIII

1822 206 1875 238 563

239 248 446 284 obsequentium
458 250 541 278 decus
551 252 752 286 praelisposuit,
763 253 884 285 Christo,
902 254 1014 289 inquam

1082 259 1201 293 φέρομεν
1213 260 1323 294 Χριστῳ
1339 269 1378 295 τῳ
1394 261 1447 287 τῶν
1464 261 1575 295 ἀγαθῶν
1593 261 1672 296 αἰτίῳ
1687 261 1735 287 καὶ
1749 261 1874 296 παρὸχῳ,

241 294 375 323 bonorum
403 297 508 324 auctori
539 305 570 325 ac
598 298 719 333 largitori
738 300 839 334 gratias
864 300 1027 334 referimus;

240 341 291 375 ipsi
323 342 396 369 enim
419 343 533 370 debetur
551 344 650 377 honor,
681 345 803 374 adoratio
817 352 844 374 et
864 347 1028 382 glorificatio

237 395 300 414 cum
318 387 399 415 Patre
416 393 443 416 et
464 389 566 424 Spiritu
583 395 678 418 sancto
703 399 775 419 nunc
791 397 816 419 et
831 400 940 428 semper
953 399 979 421 et
1001 395 1026 421 in

237 435 336 463 smcula
343 437 519 464 saeculorum.
531 439 627 466 Amen.

545 515 674 544 ORATIO
697 516 728 544 ll.

237 569 268 596 lu
284 570 448 598 nativitatem
465 572 640 599 sanctissima:
660 572 781 600 Domina:
798 577 896 600 nostra:
915 573 962 600 Dei
979 573 1028 600 Ge-

519 608 620 634 uitrict's
640 607 744 636 Maria.

271 677 292 705 Ι.
305 677 454 705 Universos
471 685 521 705 nos
538 677 570 705 ad
589 685 653 704 suas
671 678 765 712 epulas
781 682 914 704 convocat
925 677 1030 710 magni-

236 725 317 751 ficum
346 725 486 759 pra‘scntis
509 724 600 758 gaudii
625 724 780 751 convivium
805 733 812 751 :
836 724 902 759 quin
926 724 1028 758 potius.

236 778 269 796 r0
284 778 337 796 non
353 770 542 800 abscedentes,
559 770 736 805 cupiditatem
753 778 852 805 augere
867 770 1027 797 insatiabili-

237 825 290 851 qut:
302 816 437 844 desiderio
453 816 592 851 appositas
604 817 686 851 dapes
705 817 843 850 percipere
855 815 1026 843 adhortatur.

237 864 266 890 lu
277 870 310 890 eo
321 863 392 890 enim
405 869 484 890 sensa
500 862 582 894 varia,
593 862 678 889 instar
691 862 866 895 ferculorum,
878 862 1026 896 prodeunt;

237 914 266 936 ut
285 913 312 936 et
333 909 376 936 illa
393 909 493 936 lautius
519 916 579 943 qua:
595 909 628 936 ad
648 909 813 943 voluptatem
837 908 1027 943 superioribus

1081 305 1122 331 ὅτι
1141 306 1214 340 αὐτῷ
1232 307 1333 342 πρέπει
1345 309 1422 342 τιμὴ,
1445 309 1642 343 προσχύνησις,
1659 307 1800 341 δοξολογία
1827 307 1876 334 σὺν

1080 352 1119 386 τῷ
1138 352 1223 387 ﬂat-cpi.
1236 354 1284 380 καὶ
1296 353 1335 388 τῷ
1349 354 1418 389 ἁγίῳ
1431 354 1579 389 Πνεύματι,
1600 353 1648 380 νῦν
1673 354 1720 380 καὶ
1748 353 1801 385 ἀεὶ,
1828 354 1876 380 καὶ

1079 398 1120 429 εἰς
1135 398 1197 430 τοὺς
1208 399 1310 431 αἰῶνας
1323 399 1377 427 τῶν
1397 401 1512 427 αἰώνων.
1528 401 1627 436 Ἀμήν.

1396 515 1505 542 ΛΟΓΟΣ
1521 515 1561 543 B'.

1077 574 1129 606 Εἰς
1155 572 1213 606 τὴν
1239 571 1402 612 γέννηίξινη
1422 573 1478 612 τῆς
1511 574 1677 612 ὑπεραγίας
1706 575 1870 607 Δεσποίνης

1340 608 1426 642 ἡμῶν
1447 609 1605 635 Θεοτόκου.

1114 678 1152 704 Λ’.
1170 677 1306 711 Συγκαλεϊ
1322 676 1426 708 πάντας
1438 678 1513 711 ἡμᾶς
1527 678 1565 709 εἰς
1579 677 1628 713 τὴν
1637 679 1741 704 οτκείαν
1753 679 1875 705 ἑστίασιν

1079 724 1095 758 ὴ
1115 723 1265 758 πολυτελὴς
1280 723 1329 758 τῆς
1351 724 1440 758 χαρᾶς
1468 723 1588 758 εὐωχίαυ
1605 724 1707 759 μᾶλλον
1721 724 1749 751 δὲ
1771 726 1873 760 ταύτης

1078 770 1128 796 οὐκ
1142 769 1325 802 ἀποστάντας,
1343 769 1490 797 ἐπιτείνειν
1504 769 1553 805 τὴν
1566 770 1660 804 ἔφεσιν
1673 771 1720 797 καὶ
1733 771 1787 798 τῶν
1805 780 1874 806 προ-

1079 815 1200 850 θεμένων
1220 815 1376 850 ἀκορέστως
1405 815 1531 851 μετέχειν
1549 816 1747 852 προτρέπεται.
1766 816 1873 852 Προκό-

1079 870 1176 888 πτουσι
1199 861 1253 897 γὰρ
1279 862 1308 888 ἐν
1333 862 1419 897 ταύτῃ
1447 861 1558 888 ποικίλα
1579 863 1716 896 νοήματα,
1745 863 1873 898 καθάπερ

1079 908 1236 942 ἐδέσματα*
1254 908 1291 939 ὼς
1317 908 1346 934 δὲ
1370 908 1467 940 ταῦτα,
1497 908 1731 943 πολυτελεστέραν
1757 909 1873 945 ἑχόντων

236 956 352 984 habeant
362 961 443 990 atque
460 955 492 982 ad
517 963 547 983 se
571 955 760 983 nancisceutes
789 955 899 982 trahant
919 963 951 982 ac
964 963 1021 990 pro-

1079 954 1133 980 τῶν
1147 954 1309 988 φθασάντων
1324 954 1374 990 τὴν
1392 954 1500 990 ἡδονὴν,
1520 956 1566 982 καὶ
1583 955 1652 991 πρὸς
1673 956 1759 982 ἑαυτὰ
1772 942 1872 990 μεθέλ-

235 1003 321 1036 piiam
343 1001 441 1036 cuique
458 1002 667 1029 delectationem
692 1006 850 1037 suggerant.
868 1001 936 1034 Quia
962 1009 1027 1036 ergo

233 1055 327 1075 corunt
348 1048 499 1083 proprium,
514 1047 560 1083 qui
575 1048 601 1074 in
619 1056 717 1074 manus
738 1054 862 1079 smnunt,
887 1047 1026 1075 fruitiouis

231 1093 347 1122 ctiicitur
371 1094 489 1126 lucrum,
514 1102 576 1121 eum
602 1094 692 1124 liccat.
716 1094 826 1128 depulsa
852 1093 1024 1128 negligentia,

232 1141 420 1176 incorruptam
439 1141 572 1175 consequi
595 1140 775 1174 voluptatem,
790 1140 903 1174 ejusque
920 1141 1024 1174 gratim,

232 1196 293 1222 quze
319 1187 434 1215 ubertim
462 1187 612 1219 confertur,
631 1186 767 1221 jacturam
798 1186 919 1218 evitare;
941 1185 1023 1212 alacri

233 1234 346 1268 proinde
374 1234 466 1260 animo
495 1233 528 1260 ad
559 1233 648 1260 omnis
679 1233 745 1260 illud
772 1233 880 1268 generis
909 1233 1024 1267 dapibus

232 1281 398 1307 instructum
413 1279 570 1307 convivium
587 1279 729 1312 adeamus,
746 1280 876 1314 prieclara
891 1279 937 1306 illa
954 1286 1006 1306 con
1016 1294 1022 1299 -

230 1326 292 1353 viva
319 1326 444 1360 praeducc
466 1333 527 1360 qua:
546 1326 755 1361 incomparabili
778 1325 861 1361 Virgo
879 1326 1023 1353 dulcedine

231 1372 360 1400 convivas
386 1372 515 1406 impertit.
543 1370 606 1399 llaec
632 1371 716 1404 enim,
742 1379 805 1399 cum
829 1372 952 1405 voluptas
981 1377 1023 1399 est

233 1425 288 1445 tum
311 1418 484 1453 provocatio;
507 1418 565 1446 haec
581 1418 736 1446 convivium
756 1418 900 1452 omnisque
913 1418 1022 1453 generis

230 1465 333 1499 epulae;
352 1464 410 1492 haec
434 1464 527 1492 laetitia
548 1472 580 1492 ac
598 1464 747 1492 exsultatio
768 1469 820 1492 est.
840 1463 934 1491 Venite
956 1471 1021 1498 ergo

231 1519 284 1538 una
316 1519 435 1545 mecum,
478 1511 642 1546 porrigenda
675 1511 774 1546 gaudio
810 1510 1021 1542 collaborantes,

228 1558 342 1585 exordia
367 1558 478 1584 nectite.
497 1557 601 1584 Gaudio
627 1557 660 1584 ad
684 1557 887 1584 adhortandqu
914 1557 1019 1591 erigite,

228 1604 328 1639 gaudio
346 1611 502 1630 sermonem
527 1603 643 1630 excitate
667 1608 751 1638 atque
774 1603 797 1629 ei
823 1603 917 1636 gratia:
939 1609 1018 1636 opcm
1035 1625 1055 1639 μ

228 1650 476 1684 supplicationibus
492 1650 646 1683 impetrato.

265 1696 297 1724 ll.
329 1696 397 1730 Quia
422 1697 563 1724 enimvero
598 1696 710 1731 propius
739 1696 795 1732 jam
827 1700 1018 1731 argumentum

228 1744 294 1776 adii,
309 1744 348 1771 rei
371 1743 556 1771 immensitate
579 1748 674 1771 teneor
699 1749 727 1770 ut
754 1751 786 1770 ne
807 1744 882 1778 loqui
905 1745 1019 1778 possim,

227 1792 392 1826 animusque
418 1799 473 1825 pra:
489 1791 613 1819 miraculi
638 1791 826 1825 magnitudine
848 1791 952 1818 defixus
968 1791 1020 1817 hzc-

227 1843 279 1870 ret,
307 1845 407 1865 novum
429 1839 565 1873 quoddam
595 1845 627 1865 ac
647 1838 787 1866 insolitum
819 1843 962 1872 aspectans
992 1837 1017 1863 in

227 1889 299 1910 terra
318 1883 488 1918 mysterium.
506 1882 584 1915 Quod
602 1890 700 1910 arcane
723 1887 784 1910 ante
802 1884 903 1910 saecula
926 1883 1018 1909 omnia

226 1929 391 1964 promissum
414 1928 466 1956 fuit
483 1928 618 1962 Salutare,
639 1937 712 1956 nunc
732 1929 785 1957 diei
808 1930 907 1964 accipit
924 1930 1018 1957 tenni-

226 1984 303 2003 num.
322 1975 462 2002 Peculiare
479 1976 531 2003 hoc
543 1981 686 2010 parentum
707 1975 824 2011 Virginis
841 1977 949 2004 exsistit
970 1985 1018 2004 ett-

224 2023 357 2050 eomium.
375 2020 540 2049 Prooemium
557 2022 607 2049 hoc
622 2030 777 2050 sermonum
791 2023 912 2050 omnium
931 2023 1018 2049 inten-

226 2069 329 2095 tionem
357 2067 434 2103 fugit.
453 2067 524 2094 Huic
549 2068 658 2096 animus
684 2069 846 2096 incumbens
867 2077 900 2097 ac
929 2069 1017 2097 factus

226 2115 353 2148 debilior,
364 2116 422 2142 suis
436 2114 493 2148 ipse
510 2115 611 2143 finibus
623 2115 750 2142 excessit.
768 2114 916 2142 Considera
931 2114 1015 2144 enim.

226 2161 344 2195 quisque
357 2161 472 2188 istorum
492 2161 602 2188 auditor
621 2160 740 2191 exsistis.
758 2164 890 2194 quantum
907 2159 969 2186 inde
985 2166 1017 2186 ac

225 2214 309 2241 quam
321 2207 423 2240 grande
438 2205 600 2233 miraculum
612 2205 700 2232 visum
710 2205 756 2231 sit.
772 2204 835 2231 Sola
851 2204 1017 2238 benignitate

224 2261 258 2280 ex
280 2253 366 2279 nihilo
389 2251 528 2280 fueramus
546 2260 561 2280 a
581 2251 635 2279 Deo
658 2253 752 2279 fictore
778 2251 904 2286 producti
922 2259 930 2278 :
946 2250 1015 2285 jussi

224 2307 334 2327 eramus
363 2298 520 2334 paradisum
546 2298 666 2326 incolere
695 2298 721 2324 in
751 2297 880 2332 operibus
913 2297 1057 2336 bonis:D

224 2346 298 2373 malo
315 2346 474 2372 mandatum
493 2345 608 2373 consilio
625 2345 815 2380 repuleramus
835 2353 841 2372 :
865 2344 1015 2377 voluntate,

223 2393 250 2420 in
270 2397 364 2420 nostra
387 2392 477 2427 capita
502 2396 617 2418 mortem
639 2392 824 2420 asciveramus
847 2399 853 2418 :
881 2390 1016 2425 promissa

223 2439 402 2467 nihilominus
428 2445 443 2464 ιι
472 2437 600 2465 Creatorc
615 2436 666 2465 fuit
687 2437 822 2470 liberatio,
840 2441 954 2471 eratque
971 2438 1016 2464 illa

224 2486 326 2518 futura,
353 2484 547 2519 quierehatque
573 2488 680 2518 tempus
708 2483 753 2519 qui
788 2483 879 2510 idonei
911 2483 1013 2511 forent.

221 2530 402 2558 Practeribant
431 2529 635 2565 generationes;
661 2530 741 2564 jugcs
771 2529 921 2564 prophetiae
949 2530 1015 2556 edc-

223 2579 324 2605 bantur
342 2585 348 2603 :
368 2576 585 2610 patriarcharum
605 2583 659 2608 res,
676 2583 708 2603 ac
730 2576 852 2602 omnium
875 2575 1014 2610 iustorum

223 2623 249 2650 in
267 2629 314 2657 spe
328 2622 422 2656 posita:
439 2626 527 2650 erant.
548 2621 687 2649 Abraham
714 2621 870 2653 transierat,
885 2628 916 2648 ac
933 2627 1017 2655 nepo-

223 2675 275 2702 tes,
291 2677 353 2696 eum
376 2669 394 2695 ii
417 2668 443 2695 in
466 2667 596 2703 symbolis
621 2667 674 2695 dici
703 2671 905 2694 sacramentum
927 2665 1016 2693 edocti

222 2721 331 2748 essent,
363 2720 444 2749 atque
470 2715 556 2742 hianti
593 2714 685 2741 animo
716 2714 741 2742 in
772 2714 855 2741 l'uluri
887 2719 1014 2740 eventum

224 2761 365 2788 haberent.
381 2760 556 2788 Admirabilis
580 2759 625 2786 ille
651 2759 755 2794 Moyses
778 2761 867 2788 claras
893 2760 1015 2795 mystcrii

224 2808 327 2842 figuras
339 2806 524 2841 conspiciens,
540 2813 572 2833 ac
586 2806 707 2834 veritatis
727 2811 805 2833 notas
824 2806 1014 2838 considerans,

225 2853 313 2887 ipsius
328 2857 449 2887 tempore
463 2852 678 2887 implenda,quaz
690 2852 766 2887 prius
786 2856 896 2879 ostensa
912 2856 1015 2883 essent,

225 2899 424 2927 arbitrabatur.
451 2898 515 2926 Erat
543 2906 606 2933 spes
629 2899 656 2925 in
682 2898 790 2926 deserto
807 2907 814 2925 :
830 2898 856 2925 in
877 2898 1016 2932 judieibus

226 2945 318 2981 populi
348 2944 464 2974 ducibus
497 2945 664 2981 exspectatio
699 2954 706 2972 ξ
741 2945 852 2973 Samuel
884 2952 1015 2980 responsa

1083 1009 1166 1027 κοντα
1183 1001 1246 1032 τοὺς
1263 1001 1487 1035 ἐντυγχάνοντας,
1506 1001 1554 1028 καὶ
1576 1003 1681 1028 οἰκείαν
1698 1002 1807 1036 ἑκάστῳ
1823 1001 1873 1037 τὴν

1077 1046 1248 1082 εὐφροσύνην
1272 1047 1428 1082 πορίζοντα.
1456 1048 1562 1074 Οὐκοῦν
1588 1049 1705 1084 ἐπείπερ
1728 1049 1794 1075 ἴδιον
1817 1048 1872 1075 τῶν

1078 1094 1352 1130 μεταχειριζομένων
1367 1095 1398 1121 το
1418 1095 1468 1130 τῆς
1489 1095 1668 1126 ἀπολαύσεως
1685 1095 1791 1129 γίνεται
1806 1095 1881 1130 κερ--

1075 1140 1130 1174 δος,
1156 1141 1217 1168 ἐνὸν
1237 1141 1275 1177 μὴ
1300 1141 1349 1177 τῆς
1373 1141 1514 1177 ἀκηράτου
1547 1141 1772 1176 καταμελοῦντας
1801 1142 1870 1168 ἀπο-

1075 1186 1221 1221 τυγχάνειν
1232 1187 1351 1221 τρυφῆς,
1360 1187 1406 1213 καὶ
1415 1187 1580 1222 ζημιοῦσθαι
1588 1187 1638 1223 τὴν
1648 1187 1739 1222 χάριν,
1748 1187 1871 1222 ἀφθόνως

1075 1233 1283 1268 παρεχομένην·
1308 1233 1377 1260 ἰτέον
1402 1233 1493 1260 τοίνυν
1512 1233 1640 1268 εὐθύμως
1660 1234 1705 1260 ἐπὶ
1728 1233 1778 1268 τὴν
1801 1242 1870 1260 παν-

1074 1278 1194 1311 δαισίαν,
1210 1279 1368 1315 ἑστιάτορος
1381 1280 1590 1315 καθηγουμένου
1606 1279 1745 1314 λαμπροῦ,
1762 1281 1811 1314 τῆς
1825 1279 1872 1306 τὸν

1075 1324 1244 1359 ἀσύγκριτον
1259 1325 1418 1360 γλυκασμὸν
1447 1325 1605 1360 εὐωχούσης
1623 1325 1776 1360 Παρθένου.
1795 1324 1869 1359 Αὕτη

1074 1370 1129 1405 γὰρ
1153 1371 1200 1397 καὶ
1216 1372 1306 1407 τρυφή
1333 1373 1391 1398 ἐστι
1413 1371 1462 1398 καὶ
1488 1372 1650 1407 προτροπή·
1669 1371 1739 1407 αὕτη
1766 1372 1870 1406 εὐωχία

1073 1419 1121 1446 καὶ
1152 1419 1318 1446 πανδαίσια·
1346 1418 1416 1454 αὕτη
1443 1419 1598 1454 εὐφροσύνη
1624 1419 1670 1445 καὶ
1697 1419 1868 1457 ἀγαλλίασις.

1079 1465 1162 1492 Δεῦτε
1180 1464 1226 1492 οὖν
1241 1466 1280 1501 τῷ
1303 1466 1406 1501 ταύτης
1418 1465 1558 1501 πορισμῷ,
1577 1466 1780 1503 συγκάμνογτες
1797 1465 1881 1500 χαρᾷ

1073 1512 1122 1538 σὺν
1140 1511 1214 1547 ἐμοὶ,
1232 1512 1266 1539 τὰ
1290 1512 1420 1548 προοίρια
1442 1511 1575 1543 πλέξατε⁸
1593 1513 1667 1547 χαρᾷ
1683 1512 1732 1547 τὴν
1751 1519 1869 1547 προτρο-

1073 1559 1128 1594 πὴν
1137 1559 1302 1594 διεγείρατε,
1318 1555 1494 1594 χαρμονικῶς
1510 1558 1555 1585 τὸν
1568 1558 1647 1592 λόγον
1658 1558 1868 1593 διαναστήσατε,

1073 1605 1122 1630 καὶ
1133 1604 1225 1640 χάριτι
1241 1604 1338 1631 τοῦτον
1352 1604 1542 1640 συνεργεῖσθαι
1559 1603 1784 1632 καθικετεύσατε.

1110 1694 1147 1721 Β’.
1176 1694 1248 1720 ‘AD.’
1264 1693 1359 1730 ἐπειδὴ
1384 1694 1468 1729 ἐγγὺς
1483 1695 1617 1730 ἐγενόμην
1630 1694 1680 1728 τῆς
1699 1692 1867 1724 ὑποθέσεως,

1074 1740 1217 1776 ἀμηχανία
1234 1740 1281 1767 τοῦ
1298 1740 1463 1775 πράγματος
1475 1740 1522 1767 τὺν
1545 1740 1625 1774 λόγον
1642 1740 1806 1775 κατέχομαι,
1819 1740 1867 1766 καὶ

1073 1788 1112 1823 τῷ
1129 1787 1241 1823 μεγέθει
1257 1787 1303 1814 τοῦ
1316 1787 1456 1822 θαύματος
1472 1787 1663 1823 ἐκπλήττομαι
1675 1787 1724 1823 τὴν
1736 1787 1866 1818 διάνοιαν,

1075 1834 1149 1867 ξένον
1163 1833 1236 1869 ὁρῶν
1253 1834 1299 1860 καὶ
1320 1833 1475 1867 παράδοξον
1496 1833 1542 1860 ἐπὶ
1558 1833 1610 1867 γῆς
1625 1833 1788 1869 τελούμενον
1814 1841 1867 1867 μυ-

1074 1880 1195 1915 στήριον.
1214 1879 1242 1906 '0
1255 1879 1307 1914 πρὸ
1322 1879 1430 1905 πάντων
1445 1879 1552 1906 αἰώνων
1566 1880 1693 1914 ἀρρήτως
1707 1878 1867 1914 ὲπηγγέλθη

1074 1926 1218 1961 σωτήριον,
1234 1926 1294 1952 νυνὶ
1316 1925 1401 1961 πέρας
1417 1925 1535 1960 δέχεται.
1558 1925 1644 1951 Τοῦτο
1657 1925 1711 1951 τῶν
1731 1925 1780 1959 τὴν
1796 1934 1869 1960 παρη

1074 1972 1148 1999 θένον
1166 1972 1301 1998 τεκόντων
1314 1972 1503 2007 ἁνῳκισμένον
1515 1971 1664 2007 ἐγκώμιον.
1679 1972 1765 2002 Τοῦτο
1778 1973 1868 2007 προοί-

1074 2026 1136 2053 μιον
1153 2018 1244 2044 πᾶσαν
1260 2018 1395 2056 ὲκςξεῦγον
1407 2018 1495 2052 λόγων
1505 2017 1637 2044 ὲπίδοσιν.
1651 2017 1738 2044 Τοῦτο
1749 2018 1867 2053 προςὸα·
1907 2038 1909 2040 .

1072 2063 1125 2090 λὼν
1140 2064 1190 2098 μὲν
1213 2064 1226 2089 ὸ
1242 2063 1313 2094 νοῦς,
1336 2063 1522 2099 ἑξασθενήσας
1544 2065 1572 2091 δὲ
1593 2065 1646 2091 τῶν
1667 2065 1776 2091 οἰκείων
1793 2065 1866 2100 ὅρων

1072 2109 1214 2144 ἐξέστηκε.
1233 2110 1335 2137 Σκόπει
1353 2111 1406 2145 γὰρ
1422 2111 1450 2142 ὃς
1462 2120 1504 2142 τις
1517 2110 1550 2137 ἂν
1567 2109 1600 2147 ἧς
1614 2112 1627 2137 ὁ
1642 2111 1745 2137 τούτων
1762 2111 1866 2146 ἀκροα-

1071 2155 1131 2190 τὴς,
1148 2155 1241 2190 ἡλίκον
1257 2156 1383 2183 ἐντεῦθεν
1404 2157 1490 2192 ἐφάνη
1508 2157 1538 2184 τὸ
1565 2157 1657 2193 θαῦμα
1674 2157 1865 2193 φιλανθρωπξᾳ

1073 2202 1142 2239 μόνῃ
1157 2204 1189 2229 ἐκ
1214 2203 1251 2238 μὴ
1266 2203 1351 2229 ὄντων
1369 2203 1421 2230 ὑπὸ
1441 2203 1488 2229 τοῦ
1511 2203 1635 2230 Πλάστου
1657 2203 1842 2239 παρήχθημεν
1856 2213 1863 2220 -

1071 2249 1116 2275 ἐπ’
1133 2249 1225 2284 ἔργοις
1237 2250 1352 2283 ἀγαθοῖς
1372 2250 1418 2276 τὸν
1443 2250 1608 2286 παράδεισον
1624 2252 1763 2278 κατοικεῖν
1780 2259 1864 2286 προσ-

1071 2294 1210 2331 ετάγημεν
1223 2304 1230 2311 ·
1253 2296 1303 2330 τὴν
1321 2296 1432 2332 ἐντολὴν
1460 2296 1671 2332 κακοϐουλήτως
1688 2297 1865 2332 ἀπεκρουσά-

1072 2343 1142 2377 μεθα
1153 2350 1160 2358 ·
1178 2342 1293 2369 θάνατον
1306 2343 1339 2378 τῇ
1354 2343 1513 2378 προαιρέσει
1527 2343 1745 2378 ἐπεσπασάμεθα
1759 2351 1765 2358 ·
1780 2343 1864 2378 ἐπηγ-

1070 2389 1155 2424 γέλθη
1171 2389 1247 2424 παρὰ
1268 2389 1315 2415 τοῦ
1333 2389 1451 2416 Κτίστου
1465 2389 1618 2425 ἐλευθερία,
1633 2390 1680 2416 καὶ
1699 2390 1729 2416 τδ
1745 2391 1863 2425 πρᾶγμα

1069 2434 1176 2469 ἔμελλε,
1203 2435 1250 2462 καὶ
1268 2435 1282 2461 ὁ
1306 2436 1401 2470 χρόνος
1423 2436 1488 2467 τοὺς
1512 2436 1685 2469 ἐπιτηδείους
1712 2437 1863 2472 ἀνηρεύνα.

1070 2481 1243 2516 Παρέτρεχον
1257 2481 1284 2507 αἱ
1306 2480 1414 2515 γενεαί·
1431 2481 1459 2507 αἱ
1479 2483 1647 2517 προφητεῖαι
1668 2483 1791 2516 συνεχεῖς
1814 2491 1865 2509 κα-

1069 2528 1232 2555 τεόάλλοντο
1243 2535 1250 2542 ⁸
1274 2528 1303 2555 ἐν
1321 2528 1427 2554 ἐλπίσιν
1443 2526 1477 2564 ἧν
1498 2529 1532 2555 τὰ
1552 2529 1608 2556 τῶν
1620 2529 1799 2564 πατριαρχῶν
1815 2529 1863 2555 καὶ

1069 2575 1178 2602 πάντων
1197 2574 1320 2601 δικαίων.
1344 2574 1470 2610 Ἀϐραὰμ
1493 2574 1667 2610 παρέδραμε,
1685 2576 1732 2602 καὶ
1756 2576 1780 2601 οἱ
1803 2575 1863 2609 μετ’

1069 2622 1183 2652 ἐκεῖνον,
1204 2622 1233 2647 ἐν
1263 2620 1410 2655 συμϐόλοις
1433 2622 1466 2647 τὰ
1490 2621 1540 2656 τῆς
1566 2622 1674 2656 ἡμέρας
1699 2622 1861 2657 μυηθέντες,

1070 2668 1117 2694 καὶ
1145 2667 1215 2702 πρὸς
1239 2667 1288 2702 τὴν
1317 2667 1430 2694 ἔκϐασιν
1455 2667 1502 2694 τοῦ
1528 2668 1672 2703 μελλόντος
1702 2670 1861 2703 κεχηνότες.

1069 2713 1190 2748 Μωῦσῆς
1204 2713 1232 2739 δὲ
1250 2714 1264 2739 ὁ
1286 2713 1429 2745 θεσπέσιος
1452 2716 1584 2749 ὲμψανεῖς
1609 2716 1673 2746 τοὺς
1696 2714 1800 2746 τύπους
1813 2714 1861 2740 τοῦ

1070 2760 1221 2795 μυστηρίου
1244 2760 1326 2795 ὁρῶν,
1343 2762 1389 2786 καὶ
1406 2761 1540 2795 δείγματα
1557 2761 1606 2795 τῆς
1626 2761 1756 2796 ἀληθείας
1775 2770 1855 2787 κατα-

1068 2806 1148 2839 νοῶν,
1168 2807 1254 2833 ὲδόκει
1276 2807 1345 2842 πρὸς
1360 2807 1457 2833 ἑαυτὸν
1473 2807 1645 2842 πληροῦσθαι
1662 2807 1695 2833 τὰ
1710 2806 1860 2842 προδηλού-

1071 2862 1150 2887 μενα.
1174 2854 1219 2880 Ἐν
1239 2855 1271 2889 τῇ
1297 2855 1393 2889 ἐρήμῳ
1409 2855 1424 2889 ή
1449 2853 1544 2885 ὲλπές·
1562 2855 1590 2879 ὲν
1605 2854 1663 2885 τοῖς
1685 2854 1740 2879 τῶν
1758 2853 1860 2887 κριτῶν

1069 2899 1245 2933 δημαγωγοῖς
1264 2900 1281 2934 ὴ
1299 2899 1447 2934 προσδοκία
1459 2907 1465 2914 ’
1484 2898 1611 2933 Σαμουὴλ
1635 2897 1857 2933 ὲχρηματιζετο·

1069 2945 1151 2972 Δαϐὶδ
1174 2945 1257 2980 ἐγγὺς
1272 2945 1321 2981 τὴν
1343 2946 1448 2981 ἡμέραν
1474 2944 1635 2978 ἀναφωνῶν,
1655 2944 1834 2984 ἀπεμάκρυνε
1847 2950 1856 2959 '
