2088 3159
207 210 259 242 569

207 315 254 342 ἐπὶ
271 315 359 351 Θύρας
374 314 442 343 εἶναι
466 317 513 344 τὸν
530 318 649 353 Χριστὸν
667 319 835 354 κατεμήνυε.
852 320 954 350 [ιάντες
970 319 998 346 δὲ

207 361 263 387 τῶν
294 361 478 389 ἐλπισθέντων
510 364 693 400 ἀποτυχόντες
722 365 909 400 παρέδραμον.
945 365 999 391 Καὶ

209 409 359 444 ἐπειδήπερ
375 410 389 436 ό
407 410 505 444 χρόνος
528 411 577 438 σὺν
596 413 653 444 τοῖς
674 412 760 444 ἀξίοις
776 413 997 448 ἀπελιμπάνετο·

211 451 274 489 εὗρε
295 455 323 482 δὲ
336 455 400 487 τοὺς
412 455 504 488 ἀξίους
523 457 682 498 οἱκείωςὴὲξ
696 458 788 484 αὐτῶν
804 458 999 494 ὡρμημένους,

211 502 341 537 καὶπρὸς
355 503 436 529 τοῦτο
453 503 491 538 τῷ
511 503 619 540 Κτίστῃ
645 504 894 540 εὐτρεπισμένους·
923 504 1000 531 Ἰωα-

212 548 277 584 κείμ
288 557 329 580 τε,
346 550 429 585 φημὶ,
450 549 498 576 καὶ
512 550 610 577 Ἀνναν
626 551 689 582 τοὺς
714 551 764 587 τὴν
786 551 877 578 αἰτίαν
892 550 939 577 τοῦ
955 550 1001 577 τέ-

211 595 275 627 λους
297 596 351 622 τῶν
378 596 554 630 μηνυθέντων
575 597 758 629 ἅποτεκόντας
781 597 927 632 (Ἰωακεὶμ
952 597 1002 631 μὲν

212 642 267 677 γὰρ
295 642 504 677 ἀποκείμενος,
524 642 609 670 Ἀννα
636 643 664 670 δὲ
690 643 776 678 χάρις
795 642 1002 679 ἑρμηνευομένη

212 688 396 724 κεκύρωται)⁶
416 686 489 716 οὗτοι
514 689 549 716 τὰ
574 689 630 716 τῶν
656 690 838 726 προρρήσεων
859 691 898 721 είς
922 689 1004 725 ἔργον

212 735 409 762 κατεϐάλλοντο
427 735 560 771 προοίμια
571 744 578 752 ·
598 735 671 764 οὗτοι
691 737 747 764 τῶν
763 736 1004 772 προσδοκηθέντων

212 779 262 814 τὴν
277 780 355 815 ῥίζαν
368 780 540 816 ἐϐλάστησαν
550 788 557 796 ο
570 777 642 808 οὗτοι
655 781 709 808 τῶν
725 781 948 816 ἐπαγγελθέντων
960 781 1004 807 τ“ν

213 826 338 861 θεμέλιον
354 827 528 862 κατέπηξαν
545 827 577 853 ὲκ
587 827 691 854 τούτων
707 828 771 863 ἡμῖν
786 829 802 863 ἡ
818 827 867 863 τῆς
882 828 1005 863 ἰατρείας

215 873 359 909 μυροῦήκη
374 873 580 908 κατεσκευάσθη
594 882 601 889 ”
617 874 649 901 ὲκ
667 874 770 901 τούτων
787 876 803 910 ή
825 875 879 901 τῶν
896 882 1006 910 προςη-

212 919 267 946 τῶν
283 920 442 956 ὲπεῦήμησε
457 920 616 956 πλήρωσις·
637 920 670 947 ὲκ
686 920 789 947 τούτων
805 921 822 956 ὴ
838 920 888 955 τῆς
907 921 1006 954 εὐφρο-

215 965 299 1000 σύνης
331 967 498 994 ἀνατέταλκε
532 966 683 1003 πρόξενος’
712 967 745 993 ὲκ
769 966 872 993 τούτων
899 967 933 993 τὰ
956 966 1006 1000 τῆς

214 1014 302 1048 χαρᾶς
328 1013 552 1049 προωδοποίησεν
583 1013 711 1049 ὲνέχυρα.
740 1009 822 1040 Οὗτοι
850 1013 941 1040 τοίνυν
971 1013 1005 1038 δι’

215 1059 442 1094 ὑπερϐάλλουσαν
465 1060 568 1095 ἀρετὴν
587 1061 663 1093 παρά
690 1059 795 1090 πάντας
810 1059 945 1094 γνώριμοι
969 1059 1007 1093 τῷ

215 1107 320 1144 κτίστῃ
345 1107 536 1134 καθίστανται.
563 1107 610 1133 Διὸ
634 1107 725 1133 πᾶσαν
751 1105 810 1132 ὁδὸν
837 1105 1006 1141 βαδίσαντες,

217 1153 285 1188 πρὸς
296 1153 346 1188 τὴν
359 1153 499 1188 ἀκρότητα
516 1153 566 1186 τῆς
579 1152 748 1187 τελειότητος
760 1151 946 1187 κατήντησαν,
960 1151 1008 1177 καὶ

219 1201 296 1235 μόνοι
311 1199 366 1227 τῶν
385 1199 522 1230 πλείστοις
542 1198 572 1231 ἐξ
587 1197 686 1230 αἰῶνος
704 1197 932 1233 ὲπιϐυμουμένων
948 1197 1010 1224 ἐπέρ

217 1254 310 1280 τυχον.

255 1291 293 1319 Γ’.
311 1291 373 1318 Τῶν
387 1291 442 1327 γὰρ
454 1290 557 1326 ὲΘίμων
568 1290 616 1318 τοῦ
630 1290 714 1326 νόμου
732 1290 908 1326 προστάξεων
926 1292 958 1326 τῇ
970 1290 1011 1317 εὐ-

217 1337 314 1372 τεκνίᾳ
339 1336 545 1372 προκρινουσῶν
573 1336 622 1372 τὴν
656 1335 811 1368 εὐσέϐειαν,
839 1335 889 1362 καὶ
907 1335 1010 1370 τεκμή-

219 1392 278 1419 ριον
305 1382 423 1417 ἀψευδὲς
452 1382 580 1416 εὐλογίας
606 1381 656 1418 τὴν
676 1381 804 1417 εὐοηνίαν
829 1382 878 1416 τῆς
903 1381 1010 1415 φύσεως

218 1428 411 1464 λογιζομένων,
425 1428 455 1460 ἐξ
466 1428 552 1463 αὐτῆς
567 1426 613 1454 τοῦ
632 1427 815 1462 ἐξιλάσματος
829 1427 882 1454 τῶν
899 1427 1009 1461 Θυσιῶν,

219 1476 381 1517 προέκρινον
392 1475 422 1502 τὸ
441 1475 549 1502 δεκτέον
568 1483 575 1490 ·
595 1474 672 1517 οὐξὲν
699 1474 816 1508 ἀλόγως,
837 1472 926 1509 οἶμαι,
950 1474 1011 1501 οὐδὲ

217 1523 268 1558 τῆς
283 1522 337 1549 τῶν
352 1521 546 1556 προσαγόντων
572 1509 728 1556 παχῗᾶτητος
759 1520 897 1555 ἀλλότριον
919 1521 1013 1546 056m-

219 1568 336 1601 ςουσῶν.
360 1567 470 1603 Ἐπειδὴ
498 1567 553 1602 γὰρ
575 1566 802 1602 σωματικὼτερον
827 1566 851 1592 οἱ
878 1566 938 1593 τότε
959 1566 1013 1593 διέ-

220 1623 323 1648 κειντο,
339 1615 372 1650 τῇ
388 1614 442 1641 τῶν
460 1613 594 1650 βιωτικῶν
604 1613 723 1639 ἐπιδόσει
738 1612 772 1639 τὰ
786 1613 836 1647 τῆς
848 1612 938 1648 ψυχῆς
950 1620 1013 1646 συγ-
1024 1631 1048 1663 C

218 1661 404 1693 καλύπτοντες
420 1660 521 1694 ἀγαθὰ,
533 1659 605 1692 ξένοι
620 1668 649 1686 τε
664 1659 717 1686 τῶν
733 1659 780 1685 τοῦ
791 1659 950 1694 ilva-Suam;
963 1659 1011 1686 δα-

217 1707 308 1743 ψιλῶν
318 1707 496 1742 χαρισμάτων
515 1705 707 1741 τυγχάνοντες,
729 1705 760 1732 τὸ
774 1705 955 1733 εὐαπόδεκτον
980 1707 1012 1733 ἐκ

218 1753 325 1781 τούτων
348 1753 592 1788 κατεστοχάζοντο.
616 1752 702 1779 Τοῦτο
723 1751 814 1778 τοίνυν
834 1753 858 1778 οξ
880 1753 912 1788 τῇ
947 1754 1013 1788 σκιᾷ

217 1800 394 1831 δουλεύοντες
407 1799 434 1826 τὸ
447 1799 505 1831 ἔθος
520 1799 694 1834 κατέχοντες,
712 1798 842 1830 ἀπαιδίας
859 1799 940 1825 ἕνεκα
957 1798 1012 1825 τῶν

217 1847 336 1874 δικαίων
352 1847 382 1874 οὐ
393 1847 569 1883 προσήκαντο
581 1847 614 1873 τὰ
630 1846 826 1883 προσαγόμενα
839 1846 923 1882 δῶρα.
935 1846 1014 1873 Οὕτω

219 1893 289 1928 γοῦν
305 1893 499 1924 ὀνειδισθέντες
510 1895 534 1920 οἱ
547 1893 659 1925 δίκαιοι,
674 1893 691 1928 ἢ
707 1893 755 1919 καὶ
774 1892 1013 1927 ἀποπεμφθέντες,

223 1940 289 1975 μίαν
301 1940 404 1967 τούτων
421 1939 582 1975 ἀπαλλαγὴν
596 1939 802 1975 ὲφευρίσκουσι,
818 1938 867 1973 τὴν
889 1939 929 1969 εἰς
949 1937 1014 1964 θεὸν

221 1985 397 2020 καταφυγήν.
417 1985 462 2011 Διδ
479 1985 524 2011 ἐπὶ
534 1985 578 2011 τὸν
599 1983 738 2020 Ἀϐραὰμ,
757 1983 805 2010 καὶ
822 1983 944 2019 Σάρραν,
968 1984 1015 2010 καὶ

224 2033 326 2059 ’Λνναν
343 2032 472 2068 ἀλλήλους
490 2032 610 2068 καθορᾷν
634 2030 856 2066 περεκεὶεύοντο,
880 2030 927 2057 καὶ
957 2031 1015 2065 μετ’

223 2079 336 2106 ἐκείνων
347 2079 396 2114 τὴν
426 2080 474 2114 τῆς
503 2079 586 2114 εὐχῆς
609 2077 813 2114 ἀπολαμϐάνειν
836 2076 1016 2114 παρώτρυνον

223 2126 348 2153 ἔκϐασιν.
379 2125 486 2152 Καλὰν
511 2124 581 2159 ἡμῖν
598 2121 693 2157 οὗτοι,
724 2125 801 2160 φησὶ,
831 2123 1017 2159 παράδειγμα

223 2173 408 2208 πρόκεινται,
423 2173 448 2200 ει
463 2171 650 2204 ἀδιστάκτως
660 2172 717 2206 τὴν
733 2172 842 2206 δέησιν
856 2171 1015 2206 προϐαλοί-

221 2221 311 2255 Iret)“.
322 2219 423 2247 Καλὸν
436 2216 596 2253 τεκμήριον
611 2218 630 2252 ὴ
645 2217 700 2251 τῆς
715 2217 831 2252 Σάρρας
846 2218 1015 2252 στεΙρωσις,

223 2267 268 2299 εις
279 2265 453 2299 ἁπαλότητα
464 2263 698 2299 μεταό.1ηθεῖοά.
720 2264 822 2291 Καλὸν
844 2263 971 2299 σημεῖον
996 2264 1016 2299 ἡ

626 215 768 246 ORATIO
790 217 830 247 IN
851 217 1115 248 NATIVITATEM
1133 218 1188 250 SS.
1209 219 1400 250 DElPAR/E.

206 267 260 292 τῶν
283 268 432 303 προφητῶν
445 270 458 296 ό
482 270 562 306 χορὸς
583 271 754 308 διαπρυσίως
778 273 924 308 ἐκήρυττε,
950 274 998 300 καὶ
1012 273 1035 301 Α
1049 275 1200 309 accipiebat

1790 219 1842 251 570

1224 283 1231 302 :
1259 275 1353 306 David,
1378 281 1462 309 prope
1493 272 1564 300 diem
1598 279 1658 300 esse
1685 272 1842 305 clamando,

1050 323 1154 350 mullus
1176 326 1235 350 erat
1255 330 1263 350 :
1281 322 1474 357 prophetarum
1497 321 1599 347 chorus
1614 319 1687 348 clara
1703 319 1838 354 prtedica-

1050 371 1095 398 bat
1116 378 1190 402 voce,
1207 369 1403 403 Christumque
1417 367 1471 402 jam
1491 367 1517 394 in
1535 366 1628 401 januis
1645 365 1838 393 atmuntiabat.

1051 416 1152 444 Omnes
1173 415 1352 443 nihilominus
1376 421 1424 448 spe
1445 421 1495 440 sua
1518 412 1641 440 frustrati
1661 412 1837 439 transierant.

1051 463 1120 496 Quia
1143 471 1207 490 vero
1231 461 1374 489 deﬁciebat
1409 465 1528 495 tempus,
1556 467 1618 486 cum
1640 459 1673 485 iis
1695 459 1740 493 qui
1769 457 1842 493 digni

1051 514 1143 542 erant;
1167 508 1331 543 tandemque
1356 505 1422 534 illttd
1451 513 1513 532 vere
1547 505 1645 539 dignos
1680 504 1783 531 inVenit
1810 512 1844 531 ex

1053 562 1148 583 eorum
1166 558 1242 581 ortos
1255 552 1393 588 prosapia,
1411 557 1492 586 atque
1506 551 1532 577 in
1548 558 1610 577 eum
1628 550 1708 577 linem
1724 557 1737 576 a
1753 557 1844 576 rerum

1053 603 1170 629 Auctore
1188 604 1364 635 praeparatos,
1381 597 1516 630 Joaehim,
1535 597 1661 631 inquam,
1677 600 1704 623 et
1721 595 1845 628 Annam,

1053 649 1114 684 cjus
1138 651 1281 682 parentes;
1309 653 1370 680 qua:
1398 652 1481 672 causa
1507 643 1612 671 exstitit
1643 647 1756 669 eventus
1781 649 1844 676 pro-

1055 695 1201 722 missorum
1217 700 1224 719 :
1246 700 1308 719 nam
1324 690 1447 718 Joaehim
1465 690 1587 725 quidem,
1607 689 1754 722 repositus,-
1768 688 1846 715 Anna
1873 694 1877 696 ·

1055 749 1131 773 vero,
1152 740 1252 776 gratia,
1277 738 1380 773 liquido
1405 737 1565 772 exponitur.
1590 736 1635 768 Hi,
1652 735 1772 763 oraculis
1798 743 1848 762 an-

1056 789 1242 816 nuntiatorum
1259 785 1383 818 exordia,
1399 785 1426 812 in
1445 792 1514 819 opus
1535 789 1657 810 sternere
1677 785 1819 816 cwperunt
1837 789 1844 808 ε

1056 835 1084 862 hi
1102 841 1192 861 rerum
1211 833 1237 860 in
1255 840 1303 867 spe
1328 831 1479 866 positarum
1497 829 1614 856 radicem
1629 828 1820 863 germinarunt
1839 835 1846 853 ε

1058 881 1086 909 hi
1108 880 1320 916 promissionum
1347 877 1554 905 fundamentum
1581 875 1699 902 ﬁxerunt
1715 882 1722 902 :
1737 881 1769 901 ex
1797 873 1850 900 illis

1059 926 1238 962 pigtnentaria
1256 925 1335 952 nobis
1358 923 1517 957 medicaque
1536 921 1643 949 oﬂicina
1663 925 1768 949 structa
1782 924 1824 947 est
1841 927 1849 946 :

1059 983 1091 1002 ex
1107 975 1140 1002 iis
1161 973 1235 1000 venit
1250 971 1446 1007 prophetarum
1465 968 1587 1003 intpletio
1606 976 1613 994 :
1632 975 1665 994 ex
1683 967 1717 994 iis
1730 970 1788 993 orta
1807 971 1850 992 est

1058 1019 1157 1048 lteti'tiae
1173 1018 1297 1050 auctrix;
1314 1024 1345 1044 ex
1361 1017 1394 1044 iis
1417 1015 1565 1051 pra-ierunt
1576 1013 1666 1048 gaudii
1679 1013 1802 1048 pignora.
1819 1010 1850 1038 lli

1058 1059 1150 1101 itaque
1179 1065 1213 1092 ab
1227 1062 1369 1092 excellenti
1381 1068 1464 1095 supra
1479 1066 1575 1087 omnes
1600 1059 1700 1085 virtute
1728 1057 1851 1085 Creatori

1059 1110 1198 1146 conspicui
1207 1108 1421 1136 constituuntur.
1432 1106 1538 1133 Idcirco
1550 1103 1623 1131 omni
1633 1103 1747 1131 decursa
1757 1101 1808 1132 via,
1819 1101 1851 1128 ad

1061 1163 1198 1186 sumntum
1217 1153 1391 1190 perfectionis
1412 1152 1540 1179 verticem
1567 1153 1765 1180 occurrerunt,
1784 1147 1851 1174 soli-

1060 1211 1112 1239 que
1136 1210 1180 1230 res
1203 1201 1339 1236 plerisque
1364 1207 1378 1226 a
1402 1199 1501 1226 saeculo
1532 1196 1700 1225 desideratas
1723 1194 1853 1228 consepti

1062 1252 1231 1277 meruerunt.

1097 1295 1141 1323 Ill.
1170 1293 1238 1321 Nam
1267 1300 1329 1320 cum
1365 1291 1490 1326 legalium
1527 1288 1759 1317 constitutionum
1790 1287 1852 1322 jura

1062 1341 1144 1376 prolis
1159 1339 1237 1374 copia
1260 1338 1387 1373 pietatem
1416 1341 1569 1367 censerent,
1583 1340 1744 1369 certumque
1769 1333 1855 1361 bene-

1061 1385 1189 1415 dictionis
1201 1388 1406 1420 argumentum,
1420 1387 1524 1410 natura:
1541 1382 1691 1413 ubertatem
1706 1380 1851 1412 haberent,

1061 1441 1093 1461 ex
1109 1440 1140 1460 ea
1155 1430 1347 1461 decernebant,
1362 1433 1390 1456 ut
1407 1429 1502 1456 hostia:
1521 1432 1614 1463 graue,
1626 1435 1658 1454 ac
1671 1426 1853 1461 acceptabilvs

1062 1481 1176 1506 essent:
1195 1477 1230 1503 ita
1253 1483 1331 1507 sane,
1355 1479 1384 1502 nt
1411 1482 1470 1502 mea
1491 1473 1600 1508 quidem
1623 1473 1768 1505 sententia,
1786 1472 1854 1499 nihil

1063 1525 1108 1552 illa
1134 1531 1149 1550 a
1180 1523 1298 1553 ratione,
1324 1527 1405 1548 antve
1428 1520 1601 1547 offerentium
1629 1526 1723 1545 crasso
1749 1518 1854 1548 animo,

1064 1570 1183 1597 alienum
1204 1567 1353 1596 sancirent.
1375 1566 1443 1599 Quia
1457 1565 1530 1593 enim
1545 1565 1606 1601 ejus
1618 1565 1706 1592 astatis
1727 1564 1853 1591 homines

1064 1615 1226 1651 corporibus
1236 1614 1410 1645 addictiores.
1421 1612 1593 1642 satcularium
1606 1615 1751 1647 augmento
1770 1609 1855 1636 animi

1065 1664 1135 1691 bona
1154 1661 1342 1696 contegebant,
1360 1664 1441 1695 atque
1465 1658 1499 1686 ab
1519 1658 1648 1685 uberibus
1664 1655 1784 1692 Spiritus
1801 1655 1852 1682 do-

1064 1710 1106 1737 nis
1122 1707 1203 1736 alieni
1227 1711 1314 1738 erant,
1331 1714 1363 1734 ex
1389 1705 1434 1738 iis,
1457 1708 1486 1731 ut
1504 1704 1621 1740 quisque
1640 1702 1749 1730 Nnmini
1773 1709 1854 1729 accc-

1064 1761 1126 1790 ptus
1144 1758 1227 1786 esset,
1249 1752 1421 1786 colligebant.
1438 1751 1506 1779 Cum
1523 1751 1615 1784 itaque
1632 1749 1679 1784 qui
1698 1748 1857 1776 serviebant

1065 1799 1277 1836 legi,eamjure
1301 1803 1432 1834 perpetuo
1460 1796 1685 1824 consuetudinem
1713 1795 1856 1827 haberent,

1065 1847 1154 1875 oblata
1169 1844 1279 1880 ajustis
1303 1851 1416 1871 munera
1439 1842 1474 1870 ob
1493 1841 1646 1869 sterilitatis
1670 1840 1779 1874 culpam
1800 1848 1854 1867 non

1065 1892 1210 1920 admisere.
1228 1890 1273 1917 Sic
1297 1896 1362 1924 ergo
1388 1889 1428 1916 illi
1449 1888 1550 1924 probro
1575 1886 1673 1918 affecti,
1688 1890 1770 1920 atque
1787 1885 1857 1912 alta-

1066 1938 1143 1966 ribus
1163 1937 1247 1970 vctiti,
1268 1943 1353 1963 unum
1374 1935 1424 1962 hoc
1453 1933 1632 1961 adinveniunt
1654 1932 1815 1964 remedium,
1831 1936 1858 1958 ut

1066 1983 1223 2019 confugiant
1235 1982 1268 2009 ad
1286 1981 1380 2009 Deum.
1396 1980 1579 2014 Quamobrem
1600 1984 1694 2006 mutua
1708 1986 1737 2006 se
1754 1979 1856 2006 exhor-

1067 2032 1179 2062 tatione,
1208 2034 1235 2056 ut
1257 2029 1288 2056 ad
1314 2028 1463 2059 Abraham,
1490 2031 1517 2054 et
1546 2026 1669 2056 Sarratn.
1698 2034 1729 2053 ac
1754 2027 1859 2052 Annam

1067 2076 1224 2112 respiciant,
1241 2077 1426 2105 commonent,
1443 2081 1476 2100 ac
1492 2080 1545 2099 nna
1565 2079 1628 2099 cum
1651 2072 1704 2099 illis
1726 2071 1859 2098 orationis

1066 2127 1193 2152 eventum
1215 2121 1334 2155 recipere
1359 2124 1495 2154 satagant.
1513 2119 1627 2146 Pulchro
1651 2119 1736 2150 nobis,
1759 2118 1859 2152 inquit.

1067 2171 1113 2198 isti
1129 2175 1189 2196 sunt
1211 2167 1328 2202 exemplo
1342 2166 1482 2202 propositi,
1499 2165 1629 2200 siquidem
1649 2165 1759 2191 indubia
1777 2168 1860 2190 mente

1067 2217 1212 2244 orationem
1239 2213 1463 2248 proposuerimus.
1490 2210 1637 2237 Pulchrum
1674 2214 1859 2244 argumcnmm

1069 2263 1181 2298 suggerit
1198 2259 1288 2288 Same
1307 2259 1444 2291 sterilitas,
1459 2257 1486 2283 in
1505 2257 1622 2291 juventw
1636 2256 1772 2283 mollitiem
1791 2263 1861 2282 cont-

224 2312 266 2345 τῷ
280 2311 363 2346 γήρει
376 2311 556 2346 καμφθεῖσα,
573 2310 621 2337 καὶ
633 2312 677 2343 εις
699 2310 890 2345 ἀκμαζόντων
912 2310 1010 2346 μελῶν

1067 2315 1181 2336 mutata.
1203 2305 1348 2332 Pulchrum
1362 2305 1476 2339 signum,
1497 2302 1544 2329 illa
1557 2303 1629 2328 senio
1638 2302 1766 2342 'incurtvu,
1782 2301 1859 2334 inque

225 2357 378 2392 ἐνέργειαν
391 2356 685 2392 μετασκευασθεῒσα.
697 2356 862 2391 Βλέψωμεν
876 2357 920 2390 είς
944 2356 1012 2383 ’Λν-

225 2414 284 2432 ναν
296 2405 353 2439 τὴν
372 2405 513 2438 Ἐλκανιὶ,
530 2405 562 2431 τὸ
571 2403 642 2432 ἶσον
661 2404 699 2431 δι’
711 2403 806 2439 εὐχῆς
823 2403 896 2438 ἡμῖν
920 2403 1015 2435 πάθος

226 2452 424 2486 ἀποθεμένην.
446 2451 592 2487 Μάθωμεν
620 2450 715 2485 αὐτῆς
736 2451 769 2477 τὸ
799 2450 853 2484 τῆς
883 2451 1015 2482 δεήσεως

228 2497 369 2532 ἔμμονον,
383 2498 431 2523 καὶ
448 2497 480 2524 τὸ
499 2497 554 2532 τῆς
573 2498 708 2530 διανοίας
731 2496 876 2532 ἕμπιψον.
893 2495 1016 2530 Γνῶμεν

229 2543 320 2576 ὅπως,
343 2542 391 2569 καὶ
415 2543 511 2576 μέθην
541 2542 768 2578 ἐγκαλουμένη,
798 2543 854 2569 οὐκ
875 2542 1012 2569 ἐνεδίδου

227 2587 468 2623 προσευχομένη.
491 2589 605 2622 Ταύτην
621 2588 910 2624 ὴμεῒςμιμησώμεθα
930 2596 936 2603 ·
948 2588 1017 2615 ταύ-

228 2643 284 2668 της
295 2634 424 2660 κατόπιν
437 2633 626 2668 ἐπειγώμεθα,
644 2635 725 2669 Αὕτη
747 2634 922 2669 χειραγωγεῖ
944 2634 1017 2668 πρὸς

229 2680 288 2707 τῶν
306 2678 509 2713 ἐλπιζομένων
528 2679 585 2713 τὴν
598 2680 734 2714 αἴτησιν,
763 2681 811 2707 καὶ
842 2681 899 2714 τὴν
915 2681 1017 2708 ἐπιτυ-

229 2727 311 2760 χίαν,
332 2725 368 2752 δι’
388 2722 432 2752 ὧν
443 2724 622 2760 ἐνήργησεν,
637 2726 863 2760 ἐπαγγέλλεται.

266 2772 302 2798 Δ’.
314 2769 423 2804 Ταύτην
437 2768 484 2797 οὖν
493 2771 542 2805 τὴν
552 2770 705 2806 συμϐουλὴν
714 2773 754 2803 εἰς
769 2771 848 2807 ἔργον
865 2772 1016 2806 ἐξήνεγκαν

230 2818 380 2845 οἱΔίκαιοι.
393 2817 433 2844 Τὰ
448 2819 498 2853 τῆς
515 2817 598 2852 εὐχῆς
624 2817 748 2844 ἐντεῦθεν
778 2818 868 2845 αὐτῶν
897 2818 1017 2854 κατεπῄ-

231 2863 289 2890 δετο
318 2864 436 2900 ῥήματα.
462 2864 522 2897 Σὺ,
551 2865 628 2900 φησὶ,
660 2865 758 2898 Κύριε,
784 2865 822 2898 τῷ
851 2864 1016 2899 πίιτριιὶίιχῃ

268 2933 297 2949 θ’
312 2934 321 2962 l
335 2933 398 2970 Reg.
412 2941 434 2960 ι.

1065 2360 1211 2390 vegetat-unt
1238 2351 1414 2379 membrorum
1445 2351 1567 2376 uirtutem
1595 2348 1743 2374 demutat“.
1768 2346 1861 2380 Respi-

1066 2402 1166 2428 ciamus
1189 2399 1224 2425 ad
1240 2399 1344 2425 Annum
1361 2403 1468 2423 uxorem
1488 2394 1597 2421 Elcana:
1612 2395 1645 2410 "'
1663 2403 1669 2420 :
1689 2394 1801 2424 Annam,
1820 2394 1861 2418 in-

1066 2455 1156 2482 quam,
1179 2454 1195 2472 ιι
1223 2444 1304 2472 simili
1336 2443 1409 2469 nobis
1436 2442 1526 2468 morbo
1555 2440 1674 2474 precibus
1703 2439 1858 2465 liberatam.

1069 2494 1207 2521 Discamus
1227 2491 1284 2525 ejus
1304 2489 1431 2517 orationis
1451 2482 1640 2517 constantiam,
1657 2494 1688 2512 ac
1707 2485 1790 2512 animi
1805 2485 1862 2519 [er-

1071 2548 1170 2568 vorem.
1184 2536 1355 2570 Noverimus,
1369 2540 1397 2562 ut
1412 2543 1492 2569 neque
1505 2533 1638 2561 ebrietatis
1651 2532 1726 2559 illato
1741 2532 1860 2563 crimine,

1070 2586 1188 2613 studium
1208 2582 1302 2610 orandi
1314 2581 1452 2609 remiserit.
1468 2579 1544 2606 Hanc
1558 2579 1608 2613 ipsi
1623 2579 1768 2605 imitentur.
1782 2576 1860 2604 Hanc

1071 2632 1144 2667 sequi
1162 2631 1325 2666 festinemus.
1342 2626 1396 2654 Illa
1419 2627 1474 2653 dua;
1491 2627 1539 2653 erit
1564 2626 1598 2651 ad
1618 2633 1647 2651 en
1665 2624 1787 2658 petenda,
1802 2631 1860 2658 qua:

1071 2681 1303 2713 speramutt,atquc
1315 2682 1346 2702 ex
1359 2675 1392 2701 iis
1410 2682 1467 2709 quw
1483 2672 1639 2708 gessit,[ore
1653 2676 1679 2698 ut
1695 2671 1861 2705 impetremus

1071 2725 1212 2759 promittit.

1107 2771 1150 2799 IV.
1166 2771 1223 2799 lloc
1233 2779 1297 2807 ergo
1311 2770 1381 2798 Justt
1396 2769 1541 2798 consilium
1554 2768 1587 2796 ad
1599 2775 1668 2802 opus
1683 2766 1858 2801 redegerunt.

1072 2818 1140 2846 llinc
1151 2818 1283 2846 orationis
1295 2821 1438 2853 coeperunt
1448 2817 1574 2844 oecincre
1587 2814 1679 2842 verba.
1697 2812 1746 2846 Tu,
1759 2811 1858 2847 inquit,

1073 2863 1191 2897 Domine,
1209 2863 1341 2898 pollicitus
1366 2862 1525 2897 putriarclm'
1544 2862 1610 2896 fore,
1642 2865 1669 2887 ιιι
1693 2859 1748 2891 eius
1775 2864 1858 2885 scntrn
