2088 3159
288 213 342 246 603

955 211 1085 241 JACOBI
1120 212 1292 243 MONACHI

1873 215 1923 246 604

289 271 406 300 chorum
424 271 544 301 instruo,
560 272 591 296 ut
614 268 760 299 honorem.
774 267 866 302 prouti
884 275 928 294 res
946 269 1078 302 postulat,

1134 270 1204 296 κατὰ
1220 270 1300 304 λόγον
1318 270 1434 297 ἐπινοῶν
1446 272 1478 306 τῇ
1493 271 1676 307 ἀνατιθεμένῃ
1688 272 1749 308 Θεῷ
1767 281 1792 299 τι
1798 273 1862 309 μὴν,
1873 274 1922 309 τὴν

291 317 329 348 ei.
342 323 403 350 qua:
418 315 475 341 Deo
501 318 692 344 consecratur,
704 312 862 339 exhibeam.
876 311 980 339 Deinde
1002 320 1079 345 vero,

290 362 346 390 leni
362 361 410 388 illo
423 364 612 394 consuetoque
628 359 782 394 puellarum
799 359 918 390 incessu,
934 363 1016 393 atque
1036 365 1082 385 ara

291 407 418 434 dentium
433 405 585 433 {acutarum
599 405 774 440 jucunditate
795 404 878 431 etiam
906 404 940 430 ad
958 404 1081 439 ejusdem

288 453 413 480 animum
441 451 645 479 obtirmandum
671 456 744 478 utor.
760 450 837 484 Quod
861 450 935 477 enim
959 449 985 476 in
1016 449 1082 484 ipsis

290 499 330 526 rei
348 497 494 533 principiis
505 505 631 533 magnam
649 496 754 532 praebet
769 496 1082 526 lmtitiam.animidein-

288 554 355 580 reps
363 545 533 572 alacritatem
544 544 577 571 ad
592 543 673 571 tinent
689 550 775 577 usque
785 542 949 570 servandam
959 541 1081 576 prodest.

287 593 356 620 Nam
375 596 504 619 ctetemm
520 591 596 623 novi,
611 593 640 618 et
665 589 788 617 indubiis
817 596 883 616 sane
901 588 1012 615 Innixus
1039 595 1083 614 ra-

288 639 422 670 tionibus.
437 645 498 665 eam
529 636 622 664 divina
646 636 733 670 gratia
749 635 952 667 conﬁrmatam,
966 638 994 662 et
1009 633 1083 661 vires

289 685 344 712 sibi
371 684 549 712 conferendis
571 683 620 710 Dei
644 690 737 710 amore
760 682 928 713 roboratam,
944 686 1025 716 atque
1048 680 1082 708 ad

290 731 455 758 constantia:
479 729 678 757 sublimitatem
708 734 850 761 evectum,
880 736 916 755 ne
937 728 1081 755 minimum

289 775 402 809 quidem
429 775 568 802 vertendae
597 774 742 802 sententia:
771 773 830 801 fore
855 773 1002 800 obnoxiam
1019 793 1027 806 ,
1050 781 1083 802 ac

291 821 439 849 mundanis
463 821 594 848 omnibus
626 821 737 855 spretis,
773 821 820 847 uni
847 820 1027 855 suseipientis
1052 828 1082 848 se

291 867 418 894 charitati
442 866 629 894 adhaerentem
656 866 732 901 (25),
766 865 812 892 uni
835 865 959 900 ejusdem
982 865 1081 892 volun-

291 913 341 940 tati
368 920 397 940 se
427 917 511 940 totam
531 912 815 939 dedicaturum.lllud
838 912 921 939 etiam
947 911 1081 946 spondeo,

1134 315 1292 350 φωτοεράρον
1307 315 1521 351 προκαταρτίζω
1538 317 1647 352 χορείαν
1659 326 1666 333 ”
1681 318 1778 345 ἔπειτα
1791 319 1819 345 δὲ
1832 320 1878 345 καὶ
1889 321 1921 354 τῇ

1132 361 1185 387 τῶν
1196 361 1322 388 νεανίδων
1335 362 1405 397 ὴπίᾳ
1417 363 1463 389 καὶ
1480 363 1591 398 συνήθει
1609 363 1713 398 βαδίτει
1728 365 1784 391 τῶν
1796 373 1828 391 τε
1847 373 1924 392 καιο-

1134 405 1223 441 μένων
1247 408 1280 442 τῇ
1308 408 1468 443 τερπνότητι
1488 407 1649 443 λαμπάδων,
1670 410 1701 435 τὸ
1722 410 1922 445 ἁνεπίστροφον

1133 453 1201 488 αὐτῇ
1218 453 1266 488 τῆς
1275 453 1394 486 διανοίας
1410 455 1582 491 ἐπινοοῦμαι.
1608 456 1644 482 Tit
1662 456 1716 492 γὰρ
1726 458 1755 484 ὲν
1769 458 1922 492 προοιμίοις

1133 501 1291 536 περιχαρὲς,
1309 502 1338 528 τδ
1358 502 1478 538 εὔθυμον
1495 504 1534 540 τῷ
1562 505 1643 531 παντὶ
1669 505 1828 540 διατηρήσει
1849 506 1922 541 πρά-

1133 555 1229 581 γματι.
1254 543 1320 574 Οἶδα
1334 548 1383 583 μὲν
1397 549 1452 584 γὰρ
1467 549 1645 585 ἀναμφιὸόλῳ
1656 551 1840 585 πεπεισμένος
1853 552 1920 585 γνώ-

1135 601 1183 626 μῃ,
1197 591 1234 623 ὡς
1246 592 1297 619 οὐκ
1311 593 1345 620 ἄν
1364 602 1390 619 τι
1405 593 1459 620 τῶν
1474 594 1505 620 ὲκ
1529 595 1713 630 μεταμελείας
1731 595 1824 628 πάθοι,
1844 596 1921 631 θεῖκῇ

1133 644 1162 662 τε
1176 637 1358 673 στηριζομένη
1371 638 1472 673 χάριτι,
1482 639 1528 665 καὶ
1538 639 1577 673 τῷ
1586 639 1631 665 τοῦ
1646 639 1829 675 δυναμοῦντος
1841 640 1923 675 ἔρωτι

1133 684 1300 720 ἀδρυνομένη
1315 694 1345 712 τε
1359 687 1407 713 καὶ
1429 688 1497 722 πρὺς
1509 687 1577 722 ὕψος
1591 689 1740 725 καρτερίας
1754 690 1922 725 ἀναγομένη,

1133 732 1181 756 καὶ
1191 731 1228 761 ὠς
1245 731 1354 759 πάντων
1371 733 1421 767 μὲν
1443 734 1574 769 ἀλογήσει
1589 736 1644 762 τῶν
1663 736 1830 770 ὲγκοσμίων,
1857 737 1924 772 μόνῃ

1132 777 1162 803 δὲ
1176 778 1210 812 τῇ
1227 777 1273 804 τοῦ
1293 779 1439 814 δεχομένου
1458 781 1655 816 προσφυομένη
1671 782 1776 817 ἀγάπῃ,
1788 782 1837 808 τοῦ
1851 783 1925 808 ὲκεί-

1133 831 1178 849 νου
1196 823 1277 858 μᾶνου
1291 825 1437 860 γενήσεται
1453 826 1620 862 Θελήματος.
1652 827 1826 863 Ἐνδεικνυμι
1836 828 1864 854 δὲ
1877 829 1925 855 καὶ

1133 865 1182 900 τὴν
1195 868 1397 903 προαιρέσεως,
1407 870 1437 896 οὺ
1455 870 1535 905 μόνον
1550 871 1760 906 ἀμεταμέλητον
1776 873 1923 908 διαμένον-

1135 919 1183 937 σαν
1200 915 1368 949 προσφορὰν,
1379 916 1447 942 άλλά
1456 917 1504 943 καὶ
1518 917 1548 943 τὸ
1566 918 1634 952 μηδὲ
1648 919 1707 950 ταῖς
1719 919 1772 945 τῶν
1784 919 1925 954 λογισμῶν

291 967 347 986 non
370 958 450 986 modo
465 958 650 994 propositum.
663 966 718 993 quo
744 962 831 985 semet
850 958 941 989 ol‘l‘ert,
967 958 1080 985 irretra-

1134 957 1277 993 ὲπηρείαις
1289 960 1494 997 ὑποσυληοῆναι
1508 972 1535 989 τι
1551 963 1607 990 τῶν
1623 963 1674 999 τῆς
1690 965 1843 1000 ὑπομονῆς,
1862 965 1925 992 ἑθέ-

289 1005 390 1032 ctabile
405 1012 631 1040 permansurum,
648 1005 695 1032 sed
708 1004 820 1037 insuper
834 1012 868 1030 ne
881 1002 1077 1039 cogitationum)

289 1051 400 1085 quidem
424 1058 529 1086 pugnas
551 1050 691 1085 quidpiam
718 1050 863 1077 obl‘uturas
889 1051 989 1077 mentis
1019 1051 1081 1084 ejus

1133 1003 1190 1030 λειν
1209 1005 1239 1031 τὸ
1251 1006 1365 1041 μόνιμόν
1376 1016 1406 1034 τε
1419 1011 1465 1035 καὶ
1488 1009 1585 1045 ὁλόκλη
1590 1018 1637 1045 ρον
1660 1010 1738 1046 διατη
1744 1012 1851 1045 ρεῖσθαι
1863 1019 1874 1027 ⁵
1891 1012 1926 1038 δι’

1133 1045 1171 1076 ὧν
1186 1051 1234 1077 καὶ
1246 1051 1278 1078 τὸ
1296 1053 1494 1088 εὐπρόσδεκτον
1512 1055 1579 1088 ἕξει.

289 1097 462 1129 constantize,
482 1105 535 1132 qua
565 1100 730 1131 perpetuum
754 1097 948 1132 integrumque
966 1096 1034 1123 velit
1053 1104 1082 1123 se
1101 1103 1202 1123 munus
1235 1098 1291 1126 Deo
1305 1100 1427 1134 servari;
1447 1108 1497 1136 per
1513 1101 1572 1130 huic
1600 1109 1666 1130 vero
1679 1103 1762 1131 etiam
1783 1108 1812 1132 ut
1826 1112 1924 1140 accep-

290 1146 382 1173 tabilis
393 1146 450 1173 Deo
464 1145 521 1178 ﬁat,
534 1150 732 1181 consequetur.

325 1191 358 1218 V.
379 1190 449 1224 Quid
463 1199 540 1226 ergo,
558 1199 575 1218 ο
597 1191 761 1218 Joachime?
777 1190 848 1217 Num
865 1194 893 1217 et
914 1190 967 1218 hoc
980 1190 1082 1226 exigis,

290 1243 322 1265 ut
342 1238 401 1272 ipsa
424 1245 458 1265 ne
482 1237 676 1264 recordatione
694 1237 806 1272 quidem
832 1237 952 1271 aliquem
977 1240 1083 1264 natum

292 1283 421 1311 allectum
447 1283 639 1310 demonstret?
655 1283 750 1317 Neque
771 1283 874 1317 pateris
897 1286 928 1310 ut
944 1283 986 1309 vel
1009 1282 1082 1310 inte-

292 1330 359 1357 riori
391 1330 492 1357 mentis
524 1329 692 1366 cogitatione
728 1329 870 1364 quidpiam
906 1329 1080 1363 przcsentium

292 1381 385 1404 mente
399 1377 539 1404 revolvat?
560 1375 709 1411 Mancipari
722 1375 796 1403 enim
814 1374 891 1410 (Deo)
905 1375 1020 1410 perinde
1032 1375 1082 1403 tibi

292 1430 354 1449 (ssc
371 1423 492 1454 videtur,
519 1429 551 1450 ac
574 1422 724 1449 interiores
743 1429 852 1456 quoque
868 1421 914 1455 (de
934 1421 1083 1456 extraneis)

292 1468 448 1496 locutiones
464 1475 577 1503 prorsus
597 1468 728 1504 abjicere.

327 1513 385 1541 Hoc
400 1522 475 1546 sane,
499 1514 589 1548 inquit
614 1518 703 1549 pater.
724 1514 776 1541 hoe
798 1513 867 1540 mihi
884 1514 984 1549 majus,
999 1521 1083 1548 quam

1169 1189 1208 1215 E'.
1220 1189 1253 1215 τι
1269 1186 1326 1222 οὗν,
1343 1187 1366 1216 ὦ
1387 1190 1532 1226 Ίωακείμς
1550 1191 1618 1218 Οὐδὲ
1628 1192 1673 1218 διὰ
1686 1193 1798 1228 μνήμης
1822 1193 1925 1228 ταύτην

1132 1236 1254 1271 προαιρῇ
1271 1236 1302 1262 τὸ
1326 1237 1485 1271 προσπαθὲς
1513 1238 1701 1265 ἐνδείκνυσθαι
1724 1239 1774 1274 τῆς
1798 1239 1924 1274 φύσεως;

1131 1280 1193 1307 οὐδὲ
1204 1282 1261 1312 τοῖς
1284 1281 1318 1308 δι’
1339 1282 1517 1318 ἐνθυμήσεως
1536 1284 1690 1319 λογισμοῖς,
1714 1285 1768 1311 τῶν
1783 1285 1925 1321 παρόντων

1133 1335 1159 1353 τι
1171 1327 1329 1361 λογίζεσθαι
1347 1330 1515 1364 συγχωρεῖς;
1540 1330 1621 1357 τοῦτο
1640 1331 1695 1365 γάρ
1717 1339 1759 1357 σοι
1785 1331 1815 1358 τὸ
1840 1333 1877 1366 μὴ
1891 1333 1924 1367 τῇ

1131 1372 1232 1407 καρδίᾳ
1242 1373 1359 1407 φάσκειν
1371 1374 1628 1410 αἰχμαλωτισθῆναι
1644 1376 1780 1411 βούλεται.

1169 1510 1256 1538 Τοῦτο
1268 1511 1334 1546 γὰρ,
1352 1511 1430 1546 φησὶ,
1443 1512 1524 1538 τοῦτο
1543 1511 1598 1539 τῶν
1612 1512 1739 1540 ἁπάντων
1752 1514 1814 1549 ἐμοὶ
1827 1523 1857 1541 κε
1862 1514 1923 1550 981-

293 1559 399 1594 reliqua
427 1559 499 1586 bona
527 1559 632 1590 omnia.
665 1559 775 1586 lucrum
803 1558 894 1592 aﬂ‘ert,
920 1564 951 1587 ut
973 1560 1081 1588 fructus

1134 1556 1266 1591 λεὼτερον
1286 1557 1407 1590 ἀγαθῶν,
1429 1558 1443 1583 ὸ
1464 1558 1566 1593 πατὴρ.
1581 1559 1618 1586 Τὸ
1634 1560 1714 1594 μόνον
1730 1560 1776 1586 τὸν
1795 1561 1861 1595 ἐμὸν
1875 1561 1924 1588 τοῦ

293 1611 372 1631 meus
385 1604 431 1631 uni
441 1604 520 1631 cedat
532 1604 620 1640 (Deo).
631 1604 678 1639 qui
696 1604 785 1639 ipsum
801 1604 931 1638 donavit;
946 1609 974 1632 et
985 1612 1084 1640 quem-

292 1650 442 1678 admodum
473 1655 573 1685 przeter
595 1658 671 1685 spem
703 1658 813 1678 omnem
838 1651 985 1678 humanam
1015 1651 1081 1678 milii

293 1704 441 1724 concessus
454 1701 507 1729 est,
522 1697 561 1724 sic
576 1696 643 1724 mira
654 1697 779 1732 ejusdem
792 1697 902 1724 ubertas
920 1697 1082 1725 concedenti

293 1742 402 1770 reddita
418 1748 558 1770 cernatur.
575 1742 633 1770 Hoc
654 1742 723 1770 mihi
749 1742 824 1770 omni
845 1751 890 1776 eo,
915 1743 989 1778 quod
1012 1742 1083 1771 dcsi-

292 1788 391 1816 derare
404 1789 515 1823 possint.
532 1788 695 1823 pretiosius;
709 1789 761 1816 hoc
776 1788 920 1817 laboribus
936 1789 1083 1824 quibusvis

292 1838 376 1868 atque
399 1838 475 1861 recte
491 1833 571 1861 factis
594 1833 758 1868 ampliorem
775 1833 996 1868 nobilioremque
1010 1841 1083 1860 mer.

292 1881 388 1906 cedem
406 1879 545 1912 continet;
569 1879 610 1906 lue
627 1879 696 1906 mihi
720 1879 823 1907 divitia:
834 1887 943 1906 omnem
957 1887 1032 1914 spem
1050 1887 1083 1906 ac

292 1926 459 1953 desiderium
487 1925 669 1957 eacedentes;
696 1925 729 1952 ad
750 1926 893 1960 prtemium
927 1925 981 1953 hoc
1007 1933 1083 1952 asse-

292 1972 432 2007 quendum
454 1972 610 2004 tolerantia,
639 1972 865 2007 supplicationes,
890 1972 1001 1999 labores
1023 1971 1083 1999 col-

291 2017 357 2050 lati;
379 2018 436 2045 lizcc
448 2023 576 2044 votorum
594 2022 654 2045 erat
667 2026 698 2045 ac
714 2018 913 2045 desideriorum
926 2022 1015 2045 meta:
1031 2025 1082 2052 pro

292 2063 365 2093 felici
384 2064 436 2090 hoc
454 2064 529 2091 exitu
553 2063 666 2090 laudum
691 2064 798 2091 cantica
829 2068 857 2091 et
880 2064 1081 2091 sacritlciorum

293 2109 449 2140 oblationes
466 2109 493 2136 in
508 2110 659 2144 gratiarum
678 2110 803 2137 actiones
826 2110 941 2137 redditae
957 2110 1081 2138 fuerunt.

329 2155 373 2183 Vl.
390 2155 447 2182 Hac
467 2155 560 2190 itaque
585 2155 670 2182 animi
694 2156 847 2188 alacritate,
861 2156 1013 2184 certissima
1031 2157 1083 2184 hac

294 2201 393 2229 ﬁducia
413 2201 561 2236 gloriosam
578 2201 717 2237 Virginem
734 2201 767 2228 ad
788 2202 919 2236 templum
936 2206 1016 2237 pater
1031 2203 1082 2230 ad-

1132 1602 1279 1634 δεδωκότος
1291 1602 1419 1636 γενέσθαι
1431 1604 1538 1638 καρπόν
1546 1613 1553 1619 ·
1569 1605 1600 1631 τὸ
1620 1605 1746 1640 καθάπερ
1755 1605 1820 1641 παρ’
1830 1607 1926 1633 ἐλπίδα

1133 1649 1184 1684 τὴν
1208 1648 1385 1683 ἀνθρωπίνην
1407 1650 1576 1686 παρεσχὲθη,
1603 1650 1676 1677 οὕτω
1700 1651 1747 1678 καὶ
1771 1651 1926 1686 παράδοξον

1133 1694 1249 1729 ὀφθῆναι
1267 1693 1305 1729 τῷ
1318 1695 1522 1730 παρασχομένῳ
1534 1696 1724 1731 καρποφορίαν
1737 1705 1744 1712 ·
1762 1696 1842 1723 τοῦτο
1861 1705 1925 1724 παν·

1133 1743 1178 1774 τὸς
1196 1741 1296 1777 ἐφετοῦ
1307 1743 1472 1778 τιμιώτερον
1483 1751 1490 1759 ·
1507 1742 1587 1769 τοῦτο
1603 1742 1863 1777 πολυπλασιώτερον
1876 1742 1926 1769 πό-

1133 1796 1197 1820 νων,
1219 1788 1267 1815 καὶ
1289 1788 1511 1823 κατορθωμάτων
1526 1788 1734 1824 περιδοξότερον
1750 1789 1807 1824 ἔχει
1833 1789 1865 1815 τὸ
1879 1789 1927 1823 γέ-

1134 1841 1203 1868 ρας”
1223 1830 1301 1865 οὗτος
1322 1834 1413 1869 πάσης
1428 1834 1660 1870 περιουσιώτερος
1684 1836 1792 1867 ἐλπίδος
1812 1836 1826 1862 ὁ
1842 1835 1926 1862 πλοῦ-

1132 1888 1187 1910 τος.
1202 1879 1271 1914 ὑπὲρ
1282 1879 1412 1914 τοιαύτης
1434 1880 1580 1915 ἀμοιϐῆςή
1597 1881 1742 1916 καρτερία,
1759 1883 1788 1908 αἱ
1802 1882 1923 1916 δεήσεις,

1132 1924 1157 1950 οἱ
1169 1923 1256 1956 πόνοι,
1269 1923 1391 1950 τοιοῦτον
1402 1922 1436 1959 ἦν
1449 1925 1479 1951 τὸ
1492 1925 1547 1951 τῶν
1563 1925 1650 1959 εὐχῶν
1677 1927 1707 1951 ἐν
1722 1925 1858 1961 ἐπιθυμίᾳ.
1874 1926 1925 1952 πέ-

1135 1977 1184 2003 ρας
1199 1977 1206 1984 '
1219 1969 1290 2004 ὑπὲρ
1307 1969 1435 2004 τοιαύτης
1450 1970 1600 2001 ἐκϐάσεως,
1615 1970 1646 1997 αἱ
1667 1979 1698 1996 τε
1719 1970 1926 2006 εὐχαριστήριοι

1131 2014 1294 2049 δοξολογίαι,
1306 2015 1354 2042 καὶ
1379 2015 1408 2042 αἱ
1428 2015 1656 2051 καλλιερούμεναι
1670 2016 1775 2044 τούτων
1790 2017 1926 2052 προσηνέ-

1132 2060 1238 2096 χθησαν
1253 2060 1356 2088 θυσίαι.

1167 2152 1346 2188 (ἷκτοιαύτῃ
1369 2153 1419 2186 μὲν
1431 2152 1478 2180 οὖν
1491 2153 1505 2180 ὁ
1528 2153 1619 2189 πατὴρ
1645 2154 1694 2180 καὶ
1712 2153 1856 2189 προθυμίᾳ.
1880 2154 1928 2183 καὶ

1131 2199 1310 2235 ἁναμφιϐόλῳ
1325 2199 1487 2235 προσδοκίᾳ,
1501 2199 1551 2235 τὴν
1562 2199 1759 2234 δεδοξασμένην
1774 2200 1879 2234 ἀνῆγεν
1897 2201 1927 2227 ὲν

292 2247 382 2281 duxit.
399 2247 459 2282 Ipsa
475 2255 542 2274 vero
554 2247 710 2278 incedebat,
725 2252 837 2279 terram.
853 2255 935 2282 quam
948 2248 1080 2280 calcabat,

1134 2245 1173 2281 τῷ
1185 2245 1243 2279 ναῷ
1259 2246 1398 2280 Παρθένον
1416 2254 1423 2262 ·
1442 2246 1458 2281 ἡ
1472 2247 1501 2273 δὲ
1525 2246 1610 2282 ἀπῄει
1622 2247 1686 2272 ποσὶ
1702 2247 1750 2280 μὲν
1763 2246 1927 2281 καθαρωτά-

292 2293 483 2322 mundissimis
497 2293 614 2328 pedibus
633 2293 792 2328 puriﬁcans.
809 2298 892 2328 atque
908 2302 1000 2322 aerem
1013 2303 1080 2322 sua-

291 2339 408 2366 vissimo
429 2339 585 2367 sanctitatis
613 2347 669 2366 sum
696 2339 782 2366 odore
809 2339 990 2374 perfundens.
1021 2341 1080 2368 Non

292 2386 365 2413 illam
385 2385 503 2413 vestium
527 2385 698 2413 exteriorum
715 2386 827 2421 elegans
843 2386 973 2418 varietas,
992 2394 1082 2422 neque

289 2440 374 2460 aurea
396 2432 520 2465 monilia,
542 2440 574 2459 ac
596 2432 751 2467 lapillorum
773 2440 961 2460 connexorum
978 2433 1082 2460 mican-

290 2479 416 2507 tissimns
435 2480 601 2510 venustabat
625 2479 734 2514 fulgor;
759 2479 807 2506 sed
824 2479 976 2506 exornabat
994 2480 1083 2514 splen-

290 2525 454 2554 didissimus
468 2526 599 2561 puritatis
611 2525 729 2553 amictus
744 2525 812 2560 (ει).
824 2530 908 2560 atque
921 2525 995 2553 omni
1012 2532 1080 2553 auro

329 2581 386 2616 (:23)
395 2582 500 2611 Grzece.
515 2583 584 2618 μόνῃ
591 2583 619 2609 δὲ
629 2583 662 2618 τῇ
672 2581 718 2609 τοῦ
727 2582 874 2618 δεχομένου
884 2582 1079 2618 προσ-φυομένη

293 2617 402 2657 ﬁtting:
416 2623 442 2658 et
450 2626 564 2658 prorsus
570 2617 834 2658 congruentissime;
845 2617 990 2658 cum'enim
998 2625 1083 2650 προσ-

292 2652 407 2686 ίρηῖημαι.
419 2653 441 2680 si
454 2653 587 2680 voeisvim
600 2652 717 2687 spectes,
727 2653 816 2679 valeat
825 2652 967 2684 adnascor,
979 2659 1011 2679 ac
1024 2659 1096 2686 βω·-

294 2688 353 2720 prie
385 2688 420 2714 de
453 2688 539 2715 ramis
556 2688 676 2719 dicatur,
698 2687 745 2722 qui
772 2687 865 2715 arbori
889 2688 1083 2719 adnascuntur,

292 2722 393 2756 uiride
402 2723 598 2757 προσ-φυομένη
610 2731 664 2749 non
673 2728 716 2749 est
724 2728 863 2757 utcunque
883 2723 1026 2754 colurrens.
1038 2723 1085 2749 sed

293 2758 428 2788 cohwrens
443 2758 619 2793 originalilcr.
636 2758 754 2785 Perinde
766 2762 808 2785 est
819 2763 964 2793 propterea
975 2757 1085 2793 Mariam

293 2795 327 2826 τῇ
339 2793 386 2820 τοῦ
398 2793 467 2819 Θεοῦ
479 2787 574 2829 ἆγὰπῃ
589 2793 800 2829 προσφυομένην
819 2787 951 2829 profiteri.
968 2800 1001 2819 ac
1012 2792 1087 2829 amr-

294 2835 384 2859 mare,
397 2837 458 2855 eam
471 2829 526 2855 Deo
542 2828 591 2863 per
598 2828 760 2855 charitatem
776 2828 810 2854 ab
818 2828 924 2863 origine
940 2835 988 2855 sua
998 2828 1089 2863 come

295 2862 376 2895 iisse,
389 2871 440 2890 nec
455 2864 527 2890 inter
543 2861 594 2890 eos
608 2863 714 2890 censeri
730 2863 804 2890 illam
818 2861 963 2897 po§se,qui
977 2861 1087 2889 oleastri

302 2905 365 2925 cum
383 2903 485 2928 essent.
504 2899 581 2925 bona:
594 2898 657 2925 dein
672 2898 750 2924 olivzn
766 2898 861 2925 inserti
872 2903 946 2927 sunt.
957 2897 1003 2930 sed
1017 2905 1089 2924 nuu-

305 2939 387 2974 qg-um
403 2941 457 2960 non
471 2934 570 2961 bonam
579 2933 679 2962 olivam
687 2933 810 2961 eamdem
818 2933 913 2961 fuisse.
923 2933 1001 2960 Haud
1013 2932 1090 2960 dissi-

1133 2300 1191 2323 τοις
1204 2292 1254 2327 τὴν
1269 2292 1445 2327 πατουμένην
1461 2292 1664 2326 καθαγνίζουσα
1677 2293 1739 2327 γῆν,
1759 2293 1819 2327 ἀέρι
1835 2293 1864 2319 δὲ
1878 2293 1927 2321 τοῦ

1134 2338 1184 2372 τῆς
1204 2338 1346 2374 ἁγιότητος
1359 2337 1537 2373 μεταδιδοῦσα
1550 2338 1687 2373 μυρισμοῦ
1698 2346 1705 2352 ·
1717 2338 1751 2374 ἢν
1764 2339 1813 2364 οὐκ
1829 2339 1926 2374 αἰσθη-

1134 2385 1188 2412 τῶν
1204 2385 1386 2420 περιὸολαίων
1406 2385 1538 2417 ποικιλία,
1560 2385 1622 2412 οὐδὲ
1638 2385 1742 2421 χρύσεα
1757 2384 1926 2421 περιδέῤῥεα

1135 2431 1183 2457 καὶ
1196 2430 1251 2456 τῶν
1266 2430 1453 2466 συνδουμένων
1471 2430 1554 2457 λίθων
1567 2431 1745 2458 διειδέστατοι
1770 2431 1926 2458 κατεκάλυ-

1135 2485 1201 2504 πτον
1223 2476 1368 2510 διαύγειαι,
1397 2477 1455 2503 ἀλλ’
1477 2478 1493 2511 ὴ
1509 2478 1558 2512 τῆς
1575 2477 1762 2513 καθαρότητος
1782 2478 1926 2513 ὑπερφαὴς

1135 2523 1302 2558 κατεκόσμει
1319 2523 1460 2558 περιϐολὴ,
1476 2524 1493 2559 ἠ
1508 2524 1610 2559 χρυσοῦ
1626 2524 1728 2556 παντὸς
1742 2524 1926 2558 τιμαλφεστέ-

1134 2579 1210 2607 milia
1226 2580 1311 2608 habes
1328 2580 1354 2607 in
1365 2581 1450 2608 altera
1465 2581 1700 2614 ejusilemJacubi,
1716 2589 1798 2615 qualn
1811 2580 1926 2607 inferius

1136 2616 1274 2646 dabimus.
1286 2617 1412 2651 oratione
1425 2617 1451 2642 in
1462 2616 1575 2651 Virginis
1587 2617 1709 2651 Deiparae
1731 2615 1926 2648 Visilationem,

1137 2650 1184 2677 ubi
1200 2658 1262 2677 eam
1275 2650 1308 2678 de
1323 2658 1374 2677 suo
1390 2652 1416 2678 in
1430 2650 1514 2678 Deum
1527 2652 1634 2678 ardenti
1650 2651 1750 2678 atl’ectu
1763 2651 1803 2677 sic
1813 2651 1929 2685 loqucn.

1139 2691 1193 2712 tem
1217 2685 1324 2712 inducit
1343 2685 1367 2720 (ᾗ
1379 2686 1428 2722 9);
1448 2685 1499 2713 llic
1523 2687 1621 2722 (amor)
1643 2687 1724 2713 simul
1740 2693 1801 2712 cum
1818 2694 1930 2719 corpore

1139 2722 1270 2748 accrevit:
1290 2721 1331 2747 hic
1345 2721 1427 2748 simul
1441 2730 1500 2748 cum
1517 2727 1602 2748 mente
1614 2722 1728 2748 adolet-it
1739 2730 1748 2748 :
1761 2722 1820 2748 huic
1834 2728 1930 2755 conge-

1137 2757 1192 2782 m’la
1217 2757 1307 2782 anima
1324 2765 1382 2783 mea
1402 2757 1581 2784 indesinenter
1605 2757 1695 2784 laudes
1721 2757 1767 2783 tibi
1790 2757 1929 2783 contexit:

1138 2789 1224 2826 ςὶῦτιις
1240 2791 1397 2826 σννηυξήθη
1419 2791 1457 2825 τῷ
1474 2792 1592 2825 σώματι,
1609 2790 1687 2818 οὗτος
1706 2791 1879 2826 συνακμάζει
1895 2791 1928 2825 τῇ

1137 2825 1253 2861 διανοίᾳ,
1277 2826 1365 2862 τούτῳ
1388 2829 1403 2860 ἡ
1431 2827 1504 2861 ψυχὴ
1529 2827 1725 2862 προσψυομένη
1751 2825 1802 2861 τὴν
1826 2827 1929 2852 dicatd-

1139 2869 1193 2886 παν
1199 2869 1258 2887 πον
1274 2861 1438 2895 ὕμνολογίαν
1452 2862 1604 2889 διαπλέκει.

1174 2895 1231 2930 (:21)
1247 2897 1317 2928 Quid
1338 2902 1390 2925 est.
1414 2904 1518 2930 qttaustt.
1543 2904 1591 2923 cur
1623 2897 1648 2923 in
1672 2896 1800 2931 puritatis
1828 2896 1927 2924 laudes

1139 2935 1284 2967 tantopere
1307 2940 1336 2960 se
1362 2933 1456 2960 Patres
1483 2931 1667 2963 eli'underent,
1691 2939 1754 2959 eum
1780 2931 1814 2958 de
1837 2932 1928 2965 puella
