2088 3159
290 221 341 251 60⁸1

954 218 971 248 Ι
976 217 1043 247 .iCO
1050 218 1087 247 BI
1108 218 1282 249 MONACHI

1864 214 1918 246 603

291 281 369 301 amo:-
397 277 460 299 tnns
487 276 515 299 ut
539 279 647 306 semper
675 271 727 299 sibi
749 275 879 298 constans
904 276 1072 306 perseveret,

1136 273 1307 307 ιπερτίθεμαι
1325 272 1420 299 πασῶν
1434 273 1560 308 μητέρων
1571 280 1577 287 ε
1601 272 1655 298 ἰδοὺ
1681 271 1735 305 γὰρ
1751 270 1800 306 τὴν
1813 269 1919 305 τεχθεϊα

289 322 485 352 consequetur.
507 316 587 351 Spem
613 324 722 343 omnem
743 315 828 350 igitur
843 316 981 343 excedunt
1002 324 1073 343 nova

289 364 346 393 illa.
360 370 421 398 quae
443 362 575 389 hodierna
596 362 641 389 die
657 362 683 388 in
708 366 733 388 te
748 362 938 396 complentur:
956 362 1075 396 despon‘

1129 327 1179 345 σαν
1200 319 1237 350 ὼς
1262 319 1420 354 ὑπεσχόμην
1441 320 1470 345 ἐν
1492 319 1558 353 οἴκῳ
1591 318 1659 344 Θεοῦ
1676 319 1797 352 σήμερον
1822 316 1917 343 ἀνατε-

1130 362 1209 397 θημι.

289 409 359 436 satio
373 408 529 443 purissima,
546 408 659 444 mystica
673 408 787 440 oblatio,
808 408 898 434 honor
912 416 968 442 pra:
1001 407 1130 434 omnibus
1162 409 1338 437 consortibus
1368 409 1496 442 eximius,
1516 408 1660 436 familiaris
1679 416 1740 436 cum
1758 408 1813 435 Deo
1849 415 1918 434 con-

287 454 405 489 junctio,
422 459 504 489 atque
521 454 586 485 alia,
600 461 649 488 per
662 454 854 488 quaahnmano
865 454 958 489 generi
988 462 1094 481 summa
1132 455 1249 490 dignitas
1269 457 1479 491 pnenuntiatur.
1509 456 1658 490 Propterea
1686 454 1785 489 gaudio
1812 454 1917 489 gestiov

290 505 437 534 propterea
452 500 583 527 onmibus
601 499 683 526 hodie
698 499 831 526 matribus
849 500 994 528 antecello.
1007 501 1076 527 Ecce
1095 501 1168 528 enim
1200 506 1291 529 natam
1308 509 1408 535 meam,
1431 506 1526 537 utpote
1560 501 1755 536 promissionis
1772 502 1835 536 jure
1864 501 1921 528 Deo

290 547 423 579 debitam,
439 546 521 573 hodie
537 546 564 573 in
579 546 662 573 domo
680 546 729 573 Dei
744 554 891 574 consecro.

324 593 393 621 VIII.
408 593 463 628 Age
478 597 505 619 et
521 596 549 619 tu
564 593 791 627 incorporeorum
801 593 947 626 spirituum
963 594 1075 626 chorus,

289 639 344 666 huc
366 638 517 665 adveniens
538 645 690 672 congruum
718 637 808 665 laudis
833 639 971 665 canticum
997 646 1074 665 com-

265 716 267 719 .
289 684 366 710 muni
380 683 495 710 Domino
506 690 612 710 mecum
623 683 749 710 conciue.
763 683 852 718 Agite,
862 691 878 710 ο
891 683 1077 712 ΐωοιιηόὶιιιιὶδ

269 757 275 759 _
291 737 359 756 meae
382 734 533 764 prazcones.
558 736 609 763 pro
634 728 686 756 hac
705 729 763 763 ipsa
786 729 938 764 gratiarum
955 730 1078 758 actiones

270 769 492 810 'benignissimo
506 774 630 809 ejusdem
649 774 773 810 largitori
796 774 912 802 deferte.
934 777 1000 810 Age,
1019 776 1080 803 alti-

291 827 389 847 sonum
416 820 575 847 canentium
598 821 797 855 prophetarum
823 828 930 855 agmen,
955 821 998 850 iis.
1020 829 1082 856 quae

293 866 350 893 tuis
366 866 486 894 oraculis
503 866 638 900 promissa
657 866 779 899 fuerunt,
797 867 878 894 ﬁnem
891 867 946 902 jam
967 868 1081 903 imposi-

282 917 351 952 ltum
379 911 499 939 intuere.
525 912 592 946 Age.
624 912 783 946 progenitor
811 912 907 945 David,
939 913 1079 948 congaude

1167 594 1207 621 II'.
1221 594 1305 629 Δεῦρο
1320 594 1367 621 καὶ
1379 595 1411 621 σὺ
1425 594 1479 620 τῶν
1493 594 1646 628 ἀσωμάτων
1668 593 1862 628 ὲπιδημήσασα
1872 601 1921 627 χο-

1133 639 1262 672 ροστασεα
1273 646 1280 653 ·
1300 639 1428 673 ἁρμόδιον
1447 639 1496 665 σὺν
1522 639 1595 672 ἐμοὶ,
1620 639 1670 674 τὴν
1687 638 1755 673 πρὸς
1772 638 1817 664 τὸν
1830 638 1922 664 κοινὸν

1131 684 1268 718 Δεσπότην
1282 685 1414 718 ὲναττήχει
1429 684 1593 718 δοξολογίαν.
1611 685 1678 717 Ἀγε
1703 684 1752 718 τῆς
1766 684 1837 718 ἐμῆς
1850 692 1922 718 καρ-

1132 730 1266 764 ποφορῑας
1288 730 1418 765 κήρυκες,
1435 729 1484 765 τὴν
1509 730 1579 765 ὑπὲρ
1603 729 1706 764 ταύτης
1733 729 1773 764 τῷ
1792 729 1921 756 δεδωκότι

1128 775 1364 809 διαπορθμεύσατε
1378 776 1566 811 εὐχαριστίαν.
1584 776 1651 809 Ἄγε
1664 775 1720 801 τῶν
1738 775 1888 810 προφητῶν
1903 776 1920 810 ἡ

1129 820 1289 854 διαπρύσιος
1310 821 1476 855 συμφωνία,
1500 821 1550 855 τῆς
1580 820 1636 847 τῶν
1664 820 1920 855 χρησμωδηθέντων

1129 866 1298 899 ἐπαγγελίας
1311 865 1342 892 τὸ
1358 866 1446 900 πέρας
1471 865 1523 901 ἤδη
1549 865 1787 899 καταϐαλλόμενον
1810 864 1918 892 θέασαι.

1129 909 1225 945 Δεῦρο,
1241 911 1385 945 προπάτορ
1398 910 1489 942 Δαυῖδ,
1511 912 1545 945 τῇ
1565 912 1598 937 ὲκ
1615 911 1664 945 σῆς
1680 911 1780 944 ὀσφύος
1793 910 1921 937 ἀναδίδο-

291 958 389 992 virgae,
411 965 473 991 quae
494 964 509 984 c
533 957 639 984 semine
658 963 705 984 tuo
725 958 851 985 exorta"
867 959 922 993 jam
937 958 1078 986 adolescit.

1136 956 1203 992 μένῃ
1228 956 1318 991 ράὁδῳ
1341 957 1546 989 συνεπαγάλλου
1571 957 1759 992 ἀδρυνομένῃ”
1778 957 1795 992 ἡ
1814 956 1921 991 βασιλὶς

294 1003 396 1038 Regina
410 1003 549 1037 simulque
563 1002 616 1030 filia
631 1003 780 1037 purissimo
796 1003 878 1038 Regis
897 1011 990 1031 arnore
1005 1010 1082 1032 tene-

294 1053 350 1081 tur,
366 1053 394 1076 et
409 1056 460 1083 pro
482 1049 558 1075 illius
573 1048 713 1076 desiderio
730 1049 839 1084 propria
854 1050 982 1084 puritatis
1001 1058 1081 1077 orna-

295 1098 389 1121 menta
408 1094 613 1129 speciosissima
635 1095 776 1122 instruxit.
796 1095 848 1128 Qui
873 1096 900 1123 in
921 1096 1022 1123 divinis
1040 1097 1082 1123 vi-

295 1140 421 1168 sionibus
448 1142 542 1168 divites
565 1146 641 1174 sunt,
665 1141 748 1169 hodie
776 1136 977 1169 desiderabilém
999 1143 1081 1177 hujus

292 1187 396 1214 vultum
408 1187 580 1223 deprecentur
589 1189 623 1214 ".

328 1231 375 1258 IX.
392 1232 492 1260 Adeste
504 1239 588 1267 porro
601 1236 629 1260 et
641 1239 690 1260 vos
704 1232 751 1267 qui
767 1232 954 1259 circumstatis
965 1240 980 1260 e
994 1233 1082 1260 tribu-

293 1277 366 1310 bus,
387 1283 414 1305 et
439 1279 520 1306 illius'
537 1279 571 1306 ad
596 1279 729 1313 templum
756 1286 896 1306 accessum
920 1279 1080 1313 praecedite,

294 1324 424 1358 viamque
450 1324 567 1351 sternite
589 1323 714 1351 dicentes
734 1332 741 1351 :
765 1324 853 1350 Dilata
882 1324 910 1358 (ο
939 1323 1082 1359 templum)

293 1368 366 1396 aedes
395 1373 455 1396 tuas
473 1369 507 1396 ad
533 1373 594 1396 e'am
621 1369 836 1403 suscipiendam,
855 1377 916 1403 qua:
945 1370 1083 1397 creaturis

293 1415 421 1443 omnibus
439 1421 495 1443 tum
513 1416 667 1444 visibilibus
682 1420 739 1443 tum
756 1416 944 1444 invisibilibus
966 1418 1083 1452 amplior

293 1462 430 1496 apparuit.
448 1462 572 1497 Prmpara
591 1462 624 1489 ad
646 1470 707 1490 eam
736 1463 928 1498 excipiendam
950 1463 1082 1498 virgines,

205 1531 256 1541 -κ,
293 1515 355 1542 qua:
371 1508 426 1535 sint
438 1509 463 1535 ei
487 1508 603 1535 comites
619 1508 806 1544 ;gestantium
821 1509 895 1536 faces
907 1509 1022 1536 chorum
1039 1509 1083 1536 in-

294 1558 371 1581 strue
383 1562 391 1587 ;
407 1558 435 1582 et
450 1554 540 1582 lattdis
556 1554 663 1585 cantica
677 1555 711 1583 ad
725 1555 838 1591 Reginae
851 1555 1005 1591 ingressum
1015 1563 1084 1584 cen-

293 1600 413 1628 cinenda
432 1609 566 1636 praepara.

331 1646 538 1674 lmmaculatum
554 1647 723 1675 domicilium
739 1647 1008 1676 immaculatissimos
1022 1655 1084 1675 sns-

295 1691 381 1725 cipiat
399 1692 495 1727 pedes,
513 1696 540 1719 et
554 1693 656 1720 nemini
679 1693 805 1720 adeunda
826 1694 908 1721 statio
934 1694 1085 1721 mundissi-

296 1743 367 1762 mam
393 1737 464 1764 inse
490 1742 636 1765 conservet
662 1738 839 1771 columbam;
859 1746 977 1773 namque
1002 1738 1084 1766 hodie

297 1781 369 1809 hanc
388 1789 451 1817 ego,
467 1783 558 1816 prouti
572 1783 662 1815 decet,
676 1784 814 1819 apparabo
828 1788 856 1811 et
871 1784 1006 1819 promissa
1019 1791 1080 1810 mea

295 1827 424 1862 implebo.
443 1828 569 1856 Accende
583 1829 708 1856 lucentes
730 1829 922 1864 lampadas,et
933 1829 1085 1865 ingressum

294 1874 355 1907 ejus
385 1874 637 1908 splendidissimum
675 1875 770 1903 redde.
802 1876 909 1903 Extolle
938 1876 1084 1904 sublimem

296 1919 383 1946 facem
401 1924 528 1954 tanquam
543 1920 664 1956 signum.
681 1925 708 1948 et
719 1921 753 1948 ad
766 1926 791 1949 te
817 1922 978 1949 universum
993 1927 1086 1949 terra-

297 1973 358 1992 rum
375 1966 471 1993 orbem
487 1971 629 2000 converte,
646 1972 676 1994 ut
691 1967 809 1997 lucidam
835 1969 949 2002 aspiciat
972 1969 1085 2002 nubem,

296 2015 327 2038 nt
341 2012 414 2039 illius
432 2013 571 2040 radiorum
598 2014 809 2048 participatione
824 2014 943 2047 fruatur,
968 2018 1000 2041 ut
1018 2015 1087 2042 lucis

295 2057 399 2084 fontem
414 2065 448 2085 ex
460 2065 491 2085 ea
516 2059 712 2087 scaturientem
730 2060 880 2087 intueatur.

332 2102 424 2130 Pande
440 2107 532 2137 portas
548 2108 620 2137 tuas,
640 2109 668 2131 et
682 2105 831 2139 spiritalem
851 2106 946 2140 excipe
968 2110 1087 2140 portam,

297 2155 347 2182 per
357 2155 438 2182 quam
451 2149 540 2176 solum
557 2150 606 2177 Dei
619 2150 739 2178 Verbum
752 2151 888 2178 transiens
904 2151 937 2183 ",
954 2151 1087 2186 obsigna-

297 2199 363 2225 tam,
376 2201 409 2221 eo
421 2194 513 2226 modo,
524 2203 578 2229 quo
589 2196 665 2223 novit
678 2196 779 2231 ipsum,
797 2197 929 2224 servavit.
943 2197 1000 2224 Etsi
1013 2198 1088 2225 enim

297 2244 382 2274 porta:
395 2242 605 2283 appellationem
616 2243 712 2271 sortita
726 2249 778 2275 est.
790 2244 921 2272 intactam
938 2248 1029 2272 tamen
1044 2253 1089 2273 se-

1133 1003 1180 1029 καὶ
1190 1003 1324 1038 θυγάτηρ,
1334 1003 1372 1038 τῷ
1381 1002 1427 1029 τοῦ
1439 1003 1575 1034 Βασιλέως
1585 1003 1771 1038 καθαρωτάτῳ
1786 1003 1920 1029 συνδεῖται

1132 1049 1218 1083 πόθῳ,
1227 1049 1296 1084 πρὸς
1311 1049 1361 1082 τὴν
1372 1049 1455 1075 αὐτοῦ
1467 1049 1669 1084 ὲπιθυμίαν,τὰ
1678 1049 1766 1075 οἰκεῖα
1775 1049 1824 1083 τῆς
1834 1049 1920 1075 καθα·

1135 1095 1411 1130 ρότητοςηὺτρέπισε
1441 1095 1526 1130 κάλλη
1538 1103 1545 1110 ·
1565 1096 1685 1129 σήμερον
1703 1094 1921 1121 λιτανευέτωσαν

1132 1142 1156 1168 οἱ
1183 1142 1212 1167 ἐν
1241 1141 1380 1172 (Decutiat;
1405 1141 1548 1173 πλούσιοι,
1574 1140 1605 1167 τὸ
1627 1141 1730 1175 ταύτης
1755 1140 1921 1175 ὲπιπόθητον

1133 1188 1291 1222 πρόσωπον.

1168 1234 1207 1263 Θ’.
1220 1234 1302 1261 Δεῦτε
1323 1234 1355 1268 δὴ
1367 1234 1415 1261 καὶ
1431 1233 1486 1260 τῶν
1500 1233 1592 1267 φυλῶν
1604 1233 1632 1259 οἱ
1646 1233 1787 1268 περιόντες
1804 1233 1856 1262 ἐτι.
1873 1233 1921 1259 καὶ

1133 1282 1182 1316 τὴν
1199 1283 1228 1307 ἐν
1241 1281 1280 1316 τῷ
1291 1280 1347 1315 ναῷ
1358 1279 1449 1315 ἄφιξιν
1464 1280 1708 1314 προοδοποιῆσατε,
1721 1279 1860 1305 Πλάτυνον
1872 1278 1922 1309 τὰς

1135 1326 1272 1358 ἐπαύλεις,
1287 1326 1423 1361 λέγοντες,
1442 1326 1507 1360 πρὸς
1525 1325 1658 1360 ὑποδοχὴν
1682 1325 1732 1359 τῆς
1749 1324 1919 1360 πλατυτέρας

1133 1373 1183 1407 τῆς
1204 1373 1305 1407 ὁρατῆς
1321 1372 1369 1399 καὶ
1383 1373 1501 1407 ἀοράτου
1527 1371 1644 1403 κτίσεως
1659 1371 1789 1406 ὀφθεισης
1801 1379 1809 1386 ·
1825 1370 1922 1405 εὐτρέ-

1134 1417 1196 1450 πιζε
1211 1419 1279 1453 πρὸς
1303 1417 1435 1452 ὑποδοχὴν
1449 1417 1498 1448 τὰς
1515 1416 1702 1451 συνεψομένας
1720 1416 1789 1451 αὐτῇ
1818 1415 1922 1450 παρθέ-

1134 1472 1205 1495 νους,
1232 1464 1277 1489 τὸν
1302 1463 1516 1498 λαμπαδηφόρον
1532 1461 1733 1498 προκατάρτιζε
1750 1461 1847 1496 χορόν⁸
1872 1461 1923 1492 τὰς

1135 1509 1327 1541 ἐπιϐατηρίους
1343 1508 1394 1544 τῆς
1406 1508 1544 1540 Βασιλίδος
1563 1507 1720 1544 προάρμοζε
1737 1506 1902 1541 δοξολογίας.

1175 1647 1287 1682 meum;
1301 1647 1389 1683 χῶρος
1402 1647 1467 1679 τοὺς
1482 1647 1653 1682 ὑπεράγνους
1679 1644 1852 1678 ὑποδεχέσθω
1877 1644 1926 1670 πιν-

1135 1693 1193 1726 δας,
1211 1694 1258 1720 καὶ
1271 1692 1453 1728 ἀκοινώνητος
1467 1690 1601 1724 διαγωγὴ,
1617 1691 1668 1726 τὴν
1686 1689 1851 1725 άκηλίδωτον
1863 1688 1923 1715 δια-

1135 1740 1255 1775 τηρειτω
1269 1739 1445 1774 περιστερὰν,
1459 1738 1507 1764 καὶ
1524 1737 1627 1771 ταύτην
1646 1736 1702 1770 ἐγὼ
1718 1735 1927 1771 παρασκευάσω

1137 1787 1257 1820 σήμερον
1270 1785 1307 1817 ὡς
1320 1785 1369 1818 δεῖ,
1395 1784 1443 1811 καὶ
1457 1785 1518 1815 ταῖς
1536 1783 1700 1818 ὑποσχέσεσι
1716 1782 1745 1808 τὸ
1758 1782 1846 1816 πέρας
1863 1781 1924 1807 ἑπι-

1137 1831 1226 1867 θήσω·
1240 1831 1344 1865 άναψον
1368 1830 1498 1865 λαμπάδα
1525 1829 1626 1864 φωτὸς,
1641 1829 1688 1855 καὶ
1705 1827 1924 1862 καταφαιδρυνον

1136 1878 1185 1908 τὰς
1198 1877 1333 1909 εἰσόδους·
1350 1874 1416 1912 ἆρον
1430 1875 1578 1910 μετάρσιον
1602 1874 1715 1909 πυρσὸν,
1732 1873 1771 1904 ὡς
1786 1873 1923 1907 σύνθημα,

1136 1924 1183 1950 καὶ
1199 1923 1289 1950 ἴθυνον
1303 1923 1371 1958 πρὸς
1385 1923 1414 1948 σὲ
1427 1922 1476 1957 τὴν
1487 1921 1661 1956 οἰκουμένην,
1677 1920 1720 1946 ἵνα
1729 1919 1779 1955 τὴν
1790 1919 1926 1953 φωτεινὴν

1137 1968 1254 2003 νεφέλην
1264 1967 1409 2002 ἐπόψηται,
1426 1966 1460 1993 ἶν’
1472 1967 1500 1993 ὲν
1515 1966 1646 2000 μετουσίᾳ
1658 1963 1714 1990 τῶν
1730 1963 1847 1990 ἀκτίνων
1864 1963 1927 1988 ταύ-

1137 2022 1187 2048 της
1200 2014 1360 2048 γενήσηται,
1374 2013 1419 2038 ἵνα
1435 2011 1484 2046 τὴν
1494 2011 1540 2038 τοῦ
1565 2010 1653 2045 φωτὸς
1676 2009 1767 2044 πηγὴν
1779 2009 1812 2035 ἐκ
1824 2008 1926 2042 ταύτης

1139 2060 1273 2097 βρύουσαν
1289 2059 1396 2094 κατίδῃ.

1174 2107 1294 2133 Πέτασον
1317 2105 1366 2136 τὰς
1383 2103 1470 2135 πύλας
1489 2112 1546 2135 σου,
1572 2103 1619 2129 καὶ
1637 2102 1687 2136 τὴν
1713 2101 1813 2136 νοητὴν
1837 2099 1926 2133 πύλην

1138 2153 1280 2187 εἰσάγαγε,
1301 2151 1335 2186 ἢν
1354 2150 1434 2185 μόνος
1459 2150 1473 2176 ὁ
1497 2148 1544 2175 τοῦ
1574 2147 1641 2175 Θεοῦ
1667 2147 1808 2181 διοδεύσας
1824 2145 1926 2179 Λόγος,

1139 2197 1361 2234 ὲσφραγισμένην
1374 2196 1411 2227 ὡς
1424 2194 1493 2221 οἶδεν
1508 2195 1652 2229 ἐτήρησεν.
1668 2193 1700 2219 Εἰ
1712 2194 1765 2226 γὰρ
1781 2192 1827 2218 καὶ
1840 2191 1927 2225 πύλης

1138 2245 1188 2281 τὴν
1203 2245 1298 2280 κλῆσιν
1313 2243 1476 2277 ἀπείληφεν,
1492 2241 1559 2267 ἀλλὰ
1572 2239 1708 2274 παρθένον
1723 2238 1824 2271 ἑαυτὴν
1837 2237 1927 2270 διετή-

298 2286 438 2321 tnctipsam
461 2288 592 2323 virginem
622 2291 817 2322 conservavit;
844 2295 872 2317 et
902 2295 1083 2326 opportunum

1142 2300 1220 2328 ρησε,
1255 2290 1303 2316 καὶ
1335 2288 1382 2315 τοῦ
1415 2288 1464 2323 μὲν
1494 2287 1655 2322 πράγματος
1683 2284 1732 2320 τὴν
1756 2283 1928 2328 λειτουργίαν

296 2332 407 2366 quidem
431 2334 614 2362 ministerium
638 2336 772 2371 implevit,
801 2337 847 2364 sed
873 2337 1087 2372 incorruptionis

295 2380 436 2414 signacula
460 2389 515 2408 non
539 2381 676 2409 dissolvit.
697 2383 793 2411 Velum
819 2387 897 2410 tuutn
919 2391 1040 2415 remove,
1056 2388 1086 2411 ut

296 2427 444 2454 animatum
465 2427 532 2455 illud
553 2429 634 2456 Verbi
651 2429 742 2456 velum
758 2430 860 2464 suscipi
881 2430 957 2457 intus
984 2430 1082 2464 possit,

295 2472 367 2506 qtlod
397 2474 423 2501 in
440 2481 468 2501 se
487 2474 660 2502 divinitatem
698 2476 859 2508 occultavit,
885 2483 975 2511 neque
998 2480 1089 2503 tatncn

296 2517 376 2553 lmjus
392 2518 452 2554 igne
468 2521 637 2548 materialem
649 2521 832 2549 substantiam
856 2521 1020 2550 combussit.
1038 2521 1091 2549 Ex-

296 2564 356 2599 cipe
367 2572 472 2593 exauro
485 2566 585 2594 factum
599 2575 648 2603 per
663 2567 795 2603 Spiritum
810 2569 1006 2596 candelabrum
1023 2568 1090 2603 (23),

297 2610 376 2645 cujus
398 2611 486 2639 facula
513 2617 649 2640 terrarum
670 2614 747 2641 orbis
774 2614 843 2641 lines
872 2614 1033 2644 illuminat,
1064 2617 1092 2639 et

299 2665 348 2692 per
362 2659 435 2693 quod
462 2659 559 2686 eadem
581 2659 671 2687 facula
693 2660 820 2688 accendit
840 2665 946 2695 septem
966 2660 1011 2686 illa
1034 2659 1094 2694 Spi-

287 2753 291 2757 '
336 2716 358 2732 "
386 2716 437 2744 Isa.
451 2725 488 2748 x1.
502 2719 525 2745 l.

339 2794 396 2830 ('25)
412 2795 551 2832 Deiprima
565 2796 685 2832 Virginis
704 2796 831 2832 Deipara;
852 2795 958 2832 origine
983 2796 1090 2823 dixerat

302 2829 421 2857 Joannes
448 2829 626 2864 Eubwcnsis;
634 2840 693 2858 eam
703 2831 735 2858 ab
746 2829 802 2866 ipso
814 2830 862 2857 Dei
879 2829 946 2857 Filio
961 2832 985 2857 et
996 2838 1088 2866 coope-

303 2869 378 2891 rante
395 2866 560 2892 sanctissimo
574 2875 604 2894 ac
621 2865 768 2900 viviﬁcante
787 2866 834 2892 Dei
854 2866 957 2900 Spiritu
972 2865 1089 2899 redi/ica-

306 2899 454 2936 u'ntfut‘sse
485 2901 571 2928 (Orat.
602 2901 628 2928 in
656 2901 734 2936 Deip.
754 2899 887 2933 Conccpt.
911 2901 1005 2935 §25):
1037 2909 1089 2936 qua

306 2934 417 2971 quidem
449 2937 583 2963 sententia
617 2934 893 2964 nulla'lnculentior
914 2934 958 2963 'ad
992 2935 1089 2970 pra-di-

1141 2337 1293 2372 ἐπλήρωσε,
1305 2335 1354 2369 τῆς
1368 2332 1522 2368 ἀφθαρσίας
1535 2331 1562 2358 δὲ
1577 2331 1626 2362 τὰς
1638 2329 1788 2364 σφραγῖδος
1801 2328 1852 2354 οὐκ
1866 2327 1927 2353 ἐλυη

1142 2389 1203 2410 σεν·
1223 2381 1335 2415 ἐπίσχες
1346 2380 1377 2406 τὸ
1396 2378 1608 2412 καταπέτασμα,
1625 2376 1658 2402 ἵν’
1674 2375 1747 2401 ἔνδον
1764 2373 1860 2400 τούτου
1875 2381 1928 2407 χω-

1143 2429 1213 2464 ρήσῃ
1239 2427 1270 2454 τὸ
1291 2427 1412 2461 ἔμψυχον
1438 2424 1486 2451 τοῦ
1501 2424 1589 2457 Λόγου
1610 2421 1830 2454 καταπέτασμα,
1855 2419 1885 2445 τὸ
1900 2419 1928 2444 ἐν

1142 2474 1230 2509 ἑαυτῷ
1242 2473 1290 2508 τὴν
1304 2473 1419 2507 θεότητα
1430 2470 1549 2506 κρύψαν,
1565 2469 1612 2495 καὶ
1625 2468 1664 2503 τῷ
1681 2468 1748 2502 πυρὶ.
1766 2465 1871 2500 ταύτης
1892 2464 1929 2499 μὴ

1142 2520 1312 2554 καταφλέξαν
1339 2518 1388 2552 τὴν
1405 2516 1494 2550 ὑλώδη
1512 2515 1622 2542 οὐσίαν·
1640 2513 1714 2545 δέξαι
1729 2512 1779 2547 τὴν
1793 2513 1821 2538 ὲν
1844 2509 1930 2537 Πνεύ-

1145 2575 1209 2602 μστι
1226 2564 1438 2600 κεχρυσωμένην
1464 2561 1588 2595 λυχνίαν,
1605 2557 1638 2595 ἦς
1652 2559 1683 2585 τὺ
1710 2557 1865 2592 λαμπάδιον
1881 2564 1931 2582 κα-

1143 2612 1276 2646 ταυγὰζει
1291 2611 1325 2638 τὰ
1342 2610 1460 2644 πέρατα,
1482 2609 1514 2634 δι’
1527 2605 1560 2643 ἧς
1581 2606 1669 2641 ἀνῆψε
1682 2605 1718 2632 τὰ
1734 2604 1780 2631 τοῦ
1802 2603 1930 2637 Πνεύμα-

1143 2666 1189 2689 τος
1216 2657 1286 2683 ἑπτὰ
1313 2655 1484 2691 χαρίσματα,
1514 2655 1562 2680 καὶ
1593 2654 1640 2679 τὶν
1662 2652 1801 2687 περί-(διον
1829 2650 1930 2684 κόσμον

599 2719 622 2734 ’⁵
636 2718 708 2747 Psal.
721 2727 793 2750 κων,
809 2719 852 2745 15.
892 2718 916 2734 ’⁸
932 2717 1032 2744 Ezech.
1052 2706 1193 2762 “val-'5.

1140 2794 1255 2830 caudam
1272 2801 1368 2828 puram
1381 2792 1501 2830 Virginis
1518 2791 1734 2830 conceptionem
1749 2788 1840 2830 afferri
1850 2796 1931 2830 posse

1142 2826 1281 2864 videturf
1301 2830 1335 2855 At
1362 2826 1450 2863 palam
1474 2833 1516 2864 cst
1542 2826 1681 2864 innidem
1714 2826 1872 2864 conspirare
1904 2829 1931 2864 et

1142 2864 1215 2891 hunc
1231 2863 1323 2891 Jacobi
1341 2859 1442 2894 locum,
1469 2863 1516 2899 ubi
1532 2862 1565 2889 de
1592 2862 1702 2895 Virgine
1718 2860 1856 2899 disserens
1881 2859 1932 2885 sub

1142 2899 1299 2926 candelabri
1317 2899 1450 2932 synhelo.
1468 2897 1556 2931 ipsum
1573 2904 1606 2924 ex
1629 2893 1698 2923 auro
1715 2893 1858 2924 conditum
1883 2901 1926 2929 pet

1143 2935 1276 2970 Spiritum
1293 2934 1376 2962 fuisse
1393 2934 1520 2961 allirntat.
