2088 3159
145 191 196 224 [13

523 193 666 224 ORATIO
685 193 726 224 ΙΝ
747 193 1104 225 ΡΗᾸΞΞΕΝΤΑΤΙΟΝΕΜ
1129 195 1183 227 SS.
1203 195 1390 226 DEIPAll/E.

1722 198 1776 230 (ιιι

145 251 193 279 τοῦ
205 251 303 286 γένους
313 251 450 287 διαδοχῆς,
468 251 626 278 ἀνέλπιστοι
648 252 696 286 μὲν
721 252 750 278 αί
776 252 930 286 προσδοκία

989 251 1059 279 adeo
1074 253 1185 287 generis
1200 253 1287 280 nostri
1302 253 1486 281 successionis
1504 262 1568 289 spes
1590 255 1680 282 omnis
1702 257 1778 290 peni-

141 298 289 330 διετέλουν,
307 298 456 333 ὀνειδισμοὶ
472 298 500 324 δὲ
517 298 594 332 παρὰ
611 299 667 324 τῶν
681 297 870 333 συμφυλετῶν,
890 298 934 325 διὰ

139 344 190 380 τὴν
205 344 257 378 τῆς
274 344 450 377 τεκνογονίας
470 343 648 379 ἐπετρίϐοντο
665 343 805 378 στέρησιν,
826 343 865 375 ὡς
884 344 935 369 αὑ-

139 389 196 416 τῶν
206 389 306 424 δηλαδὴ
321 389 376 416 τῶν
394 389 441 415 τοῦ
454 388 522 415 Θεοῦ
538 388 728 424 στερουμένων
743 388 863 424 δωρεῶν,
887 387 935 420 οὓς

141 435 213 464 εἰκὸς
231 434 468 469 ἐπικωμάζοντας,
488 434 549 460 οὐδὲ
570 434 667 461 ταύτὸν
681 434 799 468 ἀγνοεῖν.
828 434 935 469 Ὥσπερ

141 480 196 515 γὰρ
208 479 271 515 ἰδίᾳ,
289 479 362 505 οὕτω
377 479 423 506 καὶ
436 479 663 515 καρποφοροῦσιν
686 480 752 514 ἡμίν
777 478 825 506 καὶ
847 478 935 505 θύου-

142 533 196 557 σιν,
211 525 289 560 ἐντῴ
303 525 359 559 ναῷ
381 525 553 559 κατεχέοντο.
575 525 646 551 [lacn
671 524 737 558 γοῦν
763 524 869 560 χαίρειν
895 524 934 550 εί-

141 572 238 603 πόντες
268 573 325 603 τοῖς
350 571 480 606 παροῦσι,
503 572 536 606 τῇ
567 570 629 606 θείᾳ
649 570 796 602 δεδωκότες
820 570 934 601 ἑαυτοὺς

142 618 334 654 ὲπεῤῥίψαμεν
349 617 515 653 προμηθείᾳ,
534 618 599 652 παρ¹
612 617 696 652 αὐτῆς
713 618 805 652 τυχεῖν
821 618 871 649 τὰς
884 617 934 651 τῆς

142 665 250 698 φύσεως
261 664 367 699 δωρεὰς
383 663 583 697 ἐξαιτούμενοι,
610 663 657 689 καὶ
686 663 734 697 τῆς
757 663 812 689 τῶν
840 662 935 689 ὀνειδι-

144 711 221 745 σμῶν
235 710 428 744 ἀπαλλαγῆναι
439 709 596 744 δυσφημίας
607 717 614 726 ·
639 709 764 736 ἐντεῦθεν
776 710 865 736 τοίνυν
880 709 934 736 τῶν

142 755 283 789 παρόντων
296 755 362 790 ἡμῖν
376 754 501 789 τερπνῶν
513 755 559 780 καὶ
576 753 629 780 τῶν
654 754 764 790 ἐξουσίᾳ
788 754 933 788 κειμένων,

141 801 344 836 ὺπερώςςοησαν
364 801 392 827 αί
410 799 578 831 ἀπολαύσεις
596 808 603 814 ·
624 799 739 830 πλοῦτος
767 800 933 836 παρωράθη,

140 848 205 881 δόξα
229 848 432 883 κατεφρονήθη,
459 847 626 883 περιφάνεια
654 847 823 883 κατεκρύόη,
849 848 934 882 φίλων

141 894 263 929 ἑταιρεία
300 894 449 928 ἡθέτηται,
478 893 594 920 οἰκετῶν
620 893 735 928 ἀπώσθη
771 894 932 929 δορυφορία,

141 940 296 975 εὐφρόσυνα
321 939 547 975 μετημείφθησαν
572 939 691 971 ἅπαντα,
707 938 795 965 ἔνδεια
818 938 873 964 τῶν
904 940 933 965 ὲν
949 932 971 962 Β

140 987 266 1022 ἀφθονίᾳ,
282 986 386 1021 ἐρημία
395 986 450 1012 τῶν
477 985 646 1020 ἀναγκαίων,
669 985 796 1020 διατριόἡ
825 985 931 1019 ἄφιλος,

140 1032 253 1066 νηστείι
292 1033 342 1064 τὴν
373 1031 549 1067 ἀνθρωπίνην
582 1031 811 1058 καταπαλαίουσιν.
840 1031 931 1065 φύσιν,

140 1079 278 1114 ὀδυνηρῶν
291 1079 323 1105 ἐκ
333 1078 432 1113 βάθους
441 1079 614 1113 ἀναπεμψεις
625 1076 798 1111 στεναγμῶν,
806 1076 933 1112 δακρύων

140 1124 264 1158 δαψιλετς
294 1123 443 1158 ἐκχύσεις,
479 1123 587 1158 δεήσεις
619 1123 751 1154 ικτενεῐς,
782 1121 862 1157 εὐχαὶ
901 1121 935 1147 ὲκ

139 1169 374 1204 συντετριμμένης
402 1168 549 1204 προϊοῦσαι
576 1167 704 1203 καρδίας,
736 1166 785 1193 καὶ
814 1167 935 1202 ῥήμασιν

136 1216 290 1250 ἀξιολόγοις
306 1215 397 1246 ἐλέους
412 1214 625 1249 ἀναφερόμεναι.

989 303 1034 326 tus
1048 298 1197 326 deiecerat.
1216 299 1332 333 Propter
1360 299 1432 327 hanc
1446 308 1514 328 vero
1542 301 1659 328 filiorum
1676 303 1780 330 orbita-

988 348 1044 372 tem
1063 352 1078 372 a
1090 344 1293 373 contribulibus
1309 346 1459 380 opprobria
1473 347 1556 375 nobis
1569 348 1777 383 ingerebantur,

989 395 1122 426 tanquam
1137 391 1244 418 scilicet
1258 391 1308 426 ipsi
1324 392 1372 419 Dei
1387 393 1466 420 donis
1481 401 1594 427 prorsus
1609 402 1778 426 careremus.

988 443 1052 462 cum
1069 440 1161 465 tamen
1174 443 1219 463 res
1231 443 1285 463 non
1298 435 1393 469 ferret,
1407 442 1437 465 ut
1447 438 1494 472 qui
1505 439 1585 465 nolii
1599 439 1778 471 insnltabant.

987 488 1019 508 ea
1038 481 1207 516 ignorarem.
1223 481 1348 517 Namque
1377 483 1451 510 sicut
1477 484 1619 519 privatim,
1647 486 1684 512 ita
1716 494 1779 513 cum

988 526 1016 554 in
1030 527 1133 561 templo
1148 527 1256 554 fructus
1273 528 1481 564 olilstioncsqne
1501 530 1685 560 deferremus.
1707 532 1779 559 bona

987 572 1068 600 nobis
1083 573 1250 600 ellusissime
1266 573 1377 601 allicere
1396 575 1570 602 manifestum
1596 582 1665 604 erat.
1683 578 1778 612 Itaque

987 618 1127 649 omnibus,
1151 626 1212 653 qua:
1233 619 1427 654 suppetebant,
1452 621 1544 648 valere
1567 622 1662 656 jussis,
1678 622 1778 650 divina!

987 664 1174 698 nosmetipsos
1190 664 1375 692 Providentite
1401 667 1638 699 commendantes,
1655 669 1682 695 in
1714 676 1775 696 eam

987 718 1104 746 prorsus
1119 718 1170 738 nos
1178 711 1358 746 conjecimus,
1372 711 1563 746 deprecantes,
1579 718 1610 739 ut
1625 721 1674 747 per
1692 713 1777 748 ipsam

987 761 1093 784 natura:
1106 755 1178 783 dona
1195 764 1432 791 promereremur,
1464 762 1493 784 et
1510 757 1545 784 ab
1560 759 1776 793 opprobriorum

987 802 1122 830 dedecore
1164 802 1359 831 liberaremur.
1385 802 1482 831 Omnis
1513 804 1605 839 itaque
1640 805 1776 839 voluptas,

986 849 1083 876 solatia
1098 849 1202 881 omnia,
1219 857 1279 884 qua:
1292 849 1321 877 in
1347 853 1441 877 nostra
1471 855 1608 884 potestate
1623 856 1651 878 ct
1669 851 1702 879 ad
1720 859 1776 878 ma-

987 901 1039 922 nus
1051 894 1131 922 nobis
1148 900 1238 927 erant,
1252 895 1354 922 exinde
1381 900 1539 931 contempta
1562 905 1568 922 :
1586 896 1721 931 despcctte
1737 897 1777 924 di~

985 939 1070 972 vitis,
1086 940 1172 968 decor
1182 941 1339 975 neglectus,
1350 941 1482 976 splendor
1496 941 1649 975 depositus,
1664 949 1776 969 consur-

987 985 1024 1012 tia
1039 986 1192 1013 amicorum
1206 986 1377 1019 intermissa,
1391 986 1609 1014 domesticortun
1631 988 1774 1015 servitium

986 1031 1133 1065 rejectum,
1154 1031 1217 1059 laeta
1239 1039 1421 1066 quaecumque
1443 1032 1597 1067 repudiata,
1623 1033 1774 1067 sepositum

987 1077 1060 1112 quod
1076 1077 1217 1112 opulentia
1232 1078 1324 1110 oifert,
1341 1078 1461 1113 quodvis
1473 1079 1659 1111 commodum,
1671 1085 1775 1106 remota

986 1123 1208 1150 uecssariorunt
1233 1124 1417 1157 consuetudo,
1447 1124 1559 1151 fastidio
1578 1125 1671 1152 habita
1686 1125 1774 1152 collo-

983 1168 1058 1203 quia.
1067 1168 1170 1204 jejunia
1179 1174 1284 1196 natum
1294 1169 1422 1197 humana:
1432 1170 1591 1198 facultatem
1601 1171 1774 1202 excedentia,

984 1214 1103 1248 suspiria
1119 1221 1182 1241 cum
1200 1215 1350 1249 gemitibus
1378 1215 1413 1242 ab
1440 1215 1496 1243 imo
1525 1221 1635 1250 pectore
1662 1216 1774 1247 emissa,

135 1264 242 1291 ubcres
260 1263 442 1298 lacrymarum
459 1262 573 1295 imbres,
591 1263 672 1298 jugcs
701 1260 930 1297 supplicationes,
951 1268 1049 1296 preces
1064 1269 1079 1288 e
1092 1261 1174 1289 corde
1188 1261 1310 1290 contrito
1342 1267 1533 1298 erumpentes,
1569 1267 1598 1290 et
1621 1262 1713 1289 verbis
1738 1262 1775 1289 ad

135 1310 362 1338 misericordiam
381 1310 557 1338 ﬂectentibus
573 1311 677 1338 causa).

175 1357 223 1384 LV.
237 1356 350 1388 Τούτοις
369 1356 416 1383 οὖν
431 1357 446 1382 ὀ
463 1356 620 1390 πανάγαθος
631 1355 817 1391 ἐπικαμφοιὶς
831 1355 934 1382 Asc-1:6-

135 1411 198 1438 της,
206 1399 261 1436 εἶξε
272 1403 305 1437 τῇ
313 1402 497 1438 παρακλήσει,
507 1402 638 1428 ὲπινευσε
649 1403 683 1437 τῇ
697 1401 801 1436 δεήσει,
815 1400 933 1436 ᾤκτειρε

137 1450 187 1485 τὴν
203 1449 356 1476 ἐθελούσιον
383 1448 584 1485 ταλαιπωρίαν,
606 1448 743 1483 ὲπήκουσε
759 1448 931 1482 στεναγμῶν.

139 1496 274 1530 προσέσχε
288 1495 418 1530 δάκρυσι.
436 1495 482 1521 Διὸ
498 1495 546 1521 κα)⁴
561 1495 613 1529 τήν
628 1493 795 1520 ἀσθενοῦσαν
813 1495 863 1529 μὲν
881 1495 931 1520 ἔπ-

138 1542 244 1579 ιρρωσε
257 1542 350 1577 φύσιν,
366 1541 484 1577 χρησμῷ
497 1541 525 1568 δὲ
540 1541 572 1567 τὸ
590 1540 645 1567 τῶν
661 1541 780 1576 δεήσεων
808 1539 931 1567 καθυπέ-

139 1597 218 1624 σχετο
232 1588 361 1625 παρέξειν
381 1587 518 1623 πλήρωμα
537 1594 544 1603 ·
559 1586 593 1622 ἢν
614 1585 725 1622 βεϐαίαν
739 1587 820 1621 ἡμεῖς
840 1585 925 1618 ἑπαγ-

110 1628 114 1631 ’
135 1636 232 1670 γελίαν
245 1634 398 1669 δεξάμενοι,
413 1633 640 1668 ἁνθυπσσχόμεθα
663 1633 694 1659 τὺ
720 1631 928 1667 παρασχεοησό-

139 1689 219 1716 μενον
232 1679 272 1715 τῷ
291 1678 520 1714 δπαγγειλαμινῳ
544 1678 595 1713 μὲν
615 1677 772 1704 ἀποδιδόναι
799 1677 930 1712 ὁπότερον

138 1727 174 1754 ἂν
188 1726 269 1761 τύχῃ,
286 1725 325 1762 μὴ
342 1724 540 1761 προκρίναντες
554 1724 585 1750 τὸ
596 1723 681 1759 ἄρρεν
695 1723 743 1750 τοῦ
767 1723 872 1758 θήλεος,
902 1723 931 1748 ἐν

135 1774 176 1808 τῷ
188 1772 374 1808 δεδοξασμένῳ
393 1772 422 1798 δὲ
447 1771 504 1806 ναῷ
518 1770 647 1806 καθάπερ
660 1779 686 1797 τι
701 1770 773 1797 θεῖον
785 1769 932 1805 κειμήλιον

135 1818 309 1853 ἀνατίθεμεν.
323 1816 440 1852 Προνοίᾳ
450 1816 517 1851 γοῦν
530 1815 578 1843 τοῦ
589 1816 800 1852 παρασχομένου
816 1815 928 1849 δίδοται,

135 1865 170 1899 ἢν
185 1864 232 1890 νῦν
244 1862 308 1898 παρ’
326 1862 407 1898 ἡμῶν
422 1861 625 1898 ἀντιδιδομένην
637 1863 722 1888 παῖδα
740 1861 858 1896 καθορᾷς
871 1880 878 1892 ,
894 1861 928 1896 ἣν

135 1908 326 1946 μεγαλοψυχία
339 1908 388 1944 μὲν
399 1907 454 1934 τῶν
469 1907 604 1934 τεκόντων
632 1907 794 1944 προσφέρει,
823 1906 928 1941 παρθέ-

135 1965 190 1983 νων
199 1956 227 1982 δὲ
241 1955 388 1991 δορυφορεῖ
403 1953 634 1990 λαμπαδουχοῠσα
645 1953 750 1989 χορεία,
761 1951 795 1988 ἧς
821 1953 868 1978 τὸν
889 1952 927 1977 οί-

135 2002 336 2038 κονομούμενον
353 2000 443 2035 λόγον,
455 2000 535 2032 αὐτὸς
552 2000 585 2027 ἂν
601 2000 654 2026 ὑπὸ
678 2000 727 2025 τοῦ
751 1997 927 2032 οἰκονομοῦν-

135 2057 181 2080 to;
198 2047 340 2083 μυηθείης.

1020 1353 1089 1382 XIV.
1101 1353 1150 1381 His
1160 1354 1245 1389 igitur
1253 1359 1397 1389 permotus
1405 1354 1623 1390 benignissimus
1631 1356 1773 1383 Dominus-

982 1399 1066 1427 cessit
1094 1400 1300 1434 supplicationi,
1323 1401 1423 1428 annuit
1453 1401 1648 1434 obnorstioni,
1663 1407 1773 1436 sponta-

981 1452 1061 1473 neam
1074 1444 1251 1473 aﬂictionen
1269 1445 1419 1473 miseratus
1428 1451 1481 1479 est,
1494 1447 1632 1475 exaudivit
1643 1448 1772 1482 gemitus,

980 1491 1120 1527 lacrymas
1133 1499 1189 1519 non
1214 1492 1348 1527 despexit.
1363 1494 1499 1525 Quocirca
1513 1497 1542 1520 ct
1557 1493 1694 1521 inﬁrmam
1710 1502 1774 1522 coro

981 1537 1126 1564 roboravit
1136 1542 1274 1570 naturm,
1291 1543 1379 1574 etper
1392 1539 1535 1567 oraculum
1548 1547 1646 1575 preces
1662 1548 1695 1568 ac
1709 1547 1772 1568 vota

980 1587 1075 1610 nostra
1087 1591 1117 1610 se
1132 1584 1335 1619 completurum
1352 1585 1494 1620 pollicitus
1511 1590 1563 1612 est.
1582 1585 1633 1613 Cui
1651 1587 1771 1621 promis~

977 1627 1049 1656 sioni
1066 1628 1222 1657 ﬁrmissima
1258 1637 1309 1657 nos
1335 1629 1436 1658 ﬁducia
1474 1631 1571 1662 innixi,
1599 1632 1770 1666 promittenti

978 1674 1096 1702 invicem
1111 1675 1225 1710 polliciti
1243 1682 1351 1707 sumus.
1367 1676 1512 1703 oblaturos
1529 1684 1579 1704 nos
1589 1677 1614 1704 ei
1635 1677 1771 1712 quidquid

979 1720 1014 1747 ab
1031 1720 1091 1756 ipso
1119 1721 1260 1756 accepturi
1286 1729 1409 1754 eramus,
1442 1722 1634 1757 qualecunque
1662 1723 1770 1751 tandem

980 1765 1050 1792 illud
1066 1772 1149 1799 esset,
1165 1767 1243 1794 nullo
1259 1767 1331 1794 facto
1352 1769 1425 1795 inter
1435 1768 1586 1795 masculum
1598 1773 1626 1796 et
1641 1769 1771 1796 fumium

980 1811 1160 1845 discrimine;
1177 1816 1206 1839 et
1220 1813 1319 1840 exinde
1344 1813 1378 1840 ad
1393 1813 1546 1848 gloriosum
1563 1814 1687 1848 ejusdem
1703 1819 1772 1841 tcm-

980 1859 1056 1894 plum
1073 1859 1159 1887 veloti
1175 1860 1300 1886 divinum
1317 1860 1457 1893 quoddam
1487 1867 1589 1887 munus
1611 1868 1642 1887 ac
1661 1861 1771 1887 thesaus

979 1913 1040 1932 rum
1054 1905 1126 1933 hanc
1150 1906 1284 1933 sistimus.
1301 1906 1487 1934 Providentiae
1503 1907 1603 1941 itaque
1632 1907 1771 1940 largitoris

972 1951 1083 1989 donum
1095 1957 1137 1979 est
1152 1953 1254 1987 puella,
1270 1960 1343 1988 qua,
1355 1953 1395 1980 uti
1412 1954 1563 1988 conspicis,
1580 1961 1654 1980 nunc
1664 1961 1678 1980 a
1691 1954 1773 1981 nobis

980 1996 1111 2024 Donatori
1124 1998 1257 2030 redditur,
1275 2003 1304 2026 et
1319 2006 1333 2025 a
1345 1999 1403 2026 suis
1421 1999 1508 2031 ipsius
1523 2000 1686 2034 parentibus
1698 2000 1769 2026 libe-

980 2042 1075 2069 raliter
1087 2043 1215 2071 oll'ertur.
1239 2044 1382 2080 Virginum
1407 2053 1491 2080 porro
1505 2045 1648 2080 lampades
1662 2052 1772 2080 gestan-

136 2097 205 2122 tiinn
220 2095 323 2123 chorus
336 2103 396 2123 eam
428 2092 551 2126 deducit,
585 2093 619 2122 de
649 2093 728 2129 cujus
759 2090 921 2120 meonomiaa
941 2090 1048 2118 ratione
1065 2091 1179 2119 fortasse
1193 2092 1228 2119 ab
1257 2093 1315 2128 ipso
1331 2094 1491 2121 oeconomiae
1503 2094 1624 2122 Auctore
1637 2095 1693 2129 jam
1712 2102 1771 2121 (τοι-

135 2143 190 2170 ti0r
204 2142 337 2170 divinitus
351 2142 441 2170 iactus
458 2141 558 2169 tueris.

171 2188 320 2223 Δεξάμενος
331 2187 380 2214 οὖν
391 2188 494 2224 ταύτην
508 2188 563 2214 τῶν
578 2186 737 2222 ἀνακτόρων
751 2186 838 2217 ἐντος,
853 2186 922 2212 ἀπο-

1014 2181 1077 2209 Eam
1091 2182 1183 2216 itaque
1204 2182 1275 2209 intra
1302 2184 1492 2210 sanctuarium
1509 2185 1631 2219 suscipe,
1661 2188 1690 2211 et
1713 2184 1771 2212 Deo

133 2235 282 2269 ταμίενσον
311 2234 350 2270 τῷ
379 2233 450 2270 Θεῷ.
474 2234 551 2270 Μήτι
579 2233 648 2268 πρὸς
675 2232 706 2258 τὸ
729 2231 864 2266 ἀσύνηθες
876 2231 924 2258 τοῦ

981 2228 1127 2263 repositam
1139 2228 1182 2256 fac
1197 2236 1356 2257 conserves.
1383 2230 1478 2265 Neque
1494 2237 1562 2258 vero
1579 2231 1612 2258 ad
1628 2231 1769 2258 insuetam

134 2283 296 2317 πράγματος
313 2282 484 2316 suosuo“,
502 2283 570 2316 μήτε
583 2281 620 2312 ὡς
645 2279 758 2314 ἀπρεπῆ
770 2280 820 2313 τὴν
843 2278 922 2312 ἀφιέ-

135 2336 221 2363 ρωσιν
235 2327 478 2359 ὑποτοπασας,διὰ
503 2327 534 2353 τὸ
562 2325 612 2362 τὴν
637 2324 848 2359 προσαγομένην
874 2323 923 2357 τῆς

134 2373 246 2408 θηλείας
275 2373 384 2407 φύσεως
413 2371 509 2406 οὖσαν,
538 2372 576 2406 μὴ
594 2372 742 2406 προσήκειν
754 2371 809 2400 τοις
835 2369 924 2403 ἁγίοις

132 2417 381 2452 ὲγκατοικίζεσθαι,
407 2418 456 2443 καὶ
472 2415 664 2450 συνυπηρὲτην
687 2413 847 2448 ἀποφαίνειν
870 2411 924 2438 τῶν

133 2464 213 2490 θείων
231 2462 407 2496 λειτουργῶν.
425 2460 492 2488 Οὐδὲ
509 2462 564 2496 γὰρ
579 2463 593 2487 ὁ
608 2459 842 2495 ἐπαγγειλάμενος
860 2457 925 2484 ταὺ-

133 2518 184 2544 την
199 2509 268 2544 ἡμῖν
283 2507 480 2542 ὑποσχομένοις
499 2508 549 2542 τὴν
568 2507 616 2534 τοῦ
637 2507 820 2541 δοθησομένου
851 2504 925 2538 ἀφιέ-

136 2562 222 2591 ρωσιν
238 2554 280 2584 είς
296 2551 354 2587 φῶς
373 2552 408 2578 ἂν
426 2554 605 2587 προήνεγκεν,
625 2553 702 2579 εἵπου
713 2552 767 2577 τῶν
791 2549 924 2584 ἀπρεπῶν

133 2603 234 2632 ἐδόκει,
265 2599 325 2625 οὐδὲ
344 2598 385 2630 είς
409 2597 489 2633 ἔργον
522 2598 636 2632 ἐκϐῆναι
668 2597 860 2632 παρεσκεύασε
893 2595 925 2621 τὸ

137 2648 271 2683 βούλημα.
285 2644 368 2672 Ταῦτ’
381 2642 440 2676 οὖν,
467 2641 489 2669 ὣ
516 2643 571 2668 θεῖε
602 2643 735 2677 Ζαχαρία,
761 2641 924 2677 βαλλόμενος

137 2694 174 2722 εἰς
187 2691 261 2724 νοῦν,
272 2689 362 2725 ἠπίως
376 2689 426 2724 μὲν
441 2688 491 2723 τήν
505 2687 622 2718 ἐλευσιν,
637 2688 794 2723 περιχαρῶς
823 2686 852 2713 δὲ
875 2686 924 2721 τὴν

137 2738 285 2773 ἀφιέρωσιν
310 2735 472 2770 καταδὲχου.
502 2733 582 2765 Δέξαι
613 2733 661 2768 τὴν
691 2734 741 2768 ἤδη
772 2732 924 2769 προὺποδε-

137 2784 271 2817 δεγμένην
285 2782 346 2817 Θεῷ
365 2790 372 2797 ·
385 2781 461 2814 δέξαι
478 2781 526 2815 τὴν
549 2780 676 2813 ἀπαρχὴν
691 2779 739 2805 καὶ
762 2779 850 2812 πέρας
876 2776 922 2803 τοῦ

139 2828 213 2863 παρὰ
226 2828 389 2863 προσδοκίαν
403 2827 482 2862 ἡμῶν
496 2825 615 2860 καρποῦ,
624 2826 673 2859 τὴν
685 2824 791 2850 πολλῶν
806 2824 923 2858 δεήσεων

140 2875 270 2909 μονογενῆ
285 2874 506 2909 παρασχεθείσαν
519 2871 647 2907 ἀμοιϐήν.

977 2280 1035 2301 rem
1065 2274 1213 2307 movearis,
1251 2283 1341 2310 neque
1366 2276 1503 2311 ejusmodi
1527 2277 1768 2304 consecrationem

977 2319 1070 2347 minus
1091 2325 1304 2348 consentaneum
1317 2326 1410 2356 putes,
1427 2323 1506 2358 quasi
1540 2323 1648 2351 scilicet
1662 2330 1769 2357 nequa-

975 2373 1056 2400 quam
1064 2365 1169 2397 dcceat,
1179 2374 1242 2393 eum
1254 2367 1365 2394 feminei
1376 2376 1460 2396 sexus
1470 2377 1502 2396 ea
1512 2369 1558 2400 sit,
1568 2377 1628 2404 qua:
1639 2369 1769 2398 oll’ertur.

975 2411 1003 2438 in
1015 2411 1173 2438 sanctuario
1187 2411 1272 2446 ipsam
1289 2413 1322 2440 ad
1334 2413 1515 2441 habitandum
1534 2415 1676 2447 collocari,
1694 2415 1768 2441 divi-

974 2465 1129 2492 norumque
1147 2458 1338 2485 ministrorum
1367 2460 1470 2487 sociam
1491 2467 1524 2486 ac
1550 2459 1767 2486 comministram

975 2502 1045 2529 ﬁeri.
1065 2502 1212 2537 Postquam
1230 2503 1303 2530 enim
1320 2504 1376 2531 Deo
1396 2503 1538 2538 pollicenti
1554 2503 1633 2531 nobis
1659 2505 1766 2539 prolem

976 2549 1094 2576 invicem
1108 2550 1300 2584 promisimus,
1313 2555 1526 2577 consecraturos
1542 2558 1594 2577 nos
1603 2558 1664 2578 esse
1679 2551 1745 2585 quid
1755 2566 1762 2571 -

974 2594 1041 2628 quid
1064 2595 1122 2629 ipse
1136 2595 1288 2626 tribuisset,
1299 2603 1375 2628 sane,
1393 2596 1414 2622 si
1434 2596 1485 2623 ltoc
1503 2597 1659 2628 dedecoret,
1676 2604 1767 2630 neque

974 2639 1165 2674 disposuisset,
1179 2647 1209 2668 ut
1228 2642 1255 2668 in
1278 2642 1364 2669 lucem
1384 2642 1441 2669 haec
1465 2642 1519 2669 ﬁlia
1540 2644 1657 2676 veniret,
1675 2651 1764 2677 neque

974 2688 1166 2720 commisisset,
1185 2693 1214 2715 ut
1229 2694 1354 2716 nostrum
1375 2689 1426 2716 hoc
1440 2690 1585 2716 consilium
1600 2690 1626 2716 in
1640 2698 1708 2724 opus
1717 2690 1766 2716 de-

974 2733 1130 2760 duceretur.
1145 2734 1206 2762 llaic
1219 2736 1311 2770 igitur,
1323 2744 1338 2762 ο
1350 2736 1441 2764 divine
1451 2737 1593 2768 Zacharia,
1605 2738 1632 2763 in
1642 2737 1763 2763 animum

975 2779 1119 2814 inducens,
1133 2781 1206 2808 illius
1223 2782 1335 2816 quidem
1349 2782 1497 2809 adventum
1513 2783 1641 2816 benigne,
1667 2789 1765 2809 conse-

973 2826 1124 2853 crationem
1142 2831 1234 2854 autem
1250 2828 1352 2863 ingenti
1369 2836 1433 2856 cum
1448 2829 1549 2864 gaudio
1567 2829 1693 2855 admitte.
1711 2827 1763 2854 Ac-

973 2871 1035 2906 cipe
1050 2872 1106 2907 jam
1122 2879 1186 2900 ante
1204 2882 1218 2901 a
1233 2875 1287 2902 Deo
1301 2881 1443 2910 aeceptam
1465 2884 1472 2903 :
1491 2876 1586 2910 accipe
1597 2882 1678 2910 quem
1694 2881 1763 2908 pra:-

139 2927 181 2949 ter
194 2929 271 2956 spem
286 2921 376 2947 sortiti
389 2927 486 2948 sumus
500 2921 620 2946 fructum
647 2917 767 2952 primum
798 2917 879 2944 simul
914 2922 941 2944 et
962 2918 1100 2953 ultimum,
1120 2921 1289 2957 nnigenitam
1324 2925 1428 2951 scilicet
1454 2932 1504 2961 ceu
1527 2924 1674 2952 multarum
1701 2930 1764 2957 pte-

139 2977 198 2997 cum
208 2968 416 2995 retributionem
430 2968 509 2995 nobis
521 2973 691 2994 concessam.

1789 2806 1795 2822 ἱ
