2088 3159
227 141 278 173 617

599 143 742 174 ORATIO
763 143 804 174 IN
823 143 1181 174 PRIESENTATIONEM
1202 144 1253 175 SS.
1276 144 1464 176 DEIPARE.

1804 147 1860 180 618

224 198 346 230 δοποιίας
362 198 527 235 ἀπεκλείσθη
547 200 736 235 χαρισμάτων,
755 202 800 228 καὶ
816 200 904 233 λιταῖς
920 201 954 227 τά
966 201 1014 236 τῆς

1066 205 1149 232 esset,
1168 208 1228 235 qua:
1247 201 1308 228 viro
1323 201 1458 236 copulata:
1482 206 1556 234 sunt,
1573 209 1606 230 ac
1625 203 1860 233 sterilitatelabo-

224 245 308 280 γονῆς
321 245 448 280 ἐπεζήτει
463 245 609 280 λήψεσθαι,
628 246 696 281 πρὸς
707 246 788 273 τοῦτό
809 255 838 273 τε
849 247 898 282 τῆς
913 247 1016 281 διατρι-

225 293 276 327 ϐῆς
292 293 306 318 ὁ
318 292 395 326 λόγος
410 292 525 325 ἐγίνετο,
546 290 619 327 εἶχεν
628 292 662 319 ἂν
675 293 704 318 τὸ
718 293 885 328 βλεπᾶμενον
899 292 938 328 τῷ
954 301 1016 319 σκο-

224 339 269 374 πῷ
287 339 337 374 τὴν
360 339 490 366 διάλυσιν.
527 340 608 366 Ἀλλὰ
626 340 673 366 καὶ
697 339 779 366 τοῦτο
807 340 932 372 καθάπαξ
959 341 1016 372 τοῖς

225 385 289 420 περὶ
306 385 404 412 ’Λνναν
425 384 611 420 συμβέϐηκεν,
627 386 687 420 οὐχὶ
703 386 749 413 καὶ
767 386 806 420 τῷ
827 387 916 412 Ἡλεί·
934 386 975 412 ὅτι
987 386 1015 411 δὲ

223 432 271 458 καὶ
279 432 296 466 ὴ
307 430 354 458 νῦν
366 431 431 458 θαλα
437 431 574 466 μευομένη
587 432 735 467 Πιρθένος,
755 433 802 458 καὶ
813 432 916 459 τούτων
932 432 1015 459 ἀπάν-

222 487 275 504 των
287 477 427 512 ἐλευθέρα,
445 477 492 504 καὶ
511 478 527 513 ἠ
547 477 595 504 τοῦ
608 477 725 511 ἀγγέλου
744 479 812 514 πρὸς
823 479 909 514 αὐτὴν
922 478 1015 512 ὁμιλία

223 522 344 558 συνεχῶς
371 523 436 558 ήμτν
464 521 627 556 καθορᾶται,
653 523 744 550 δίδωσι
774 524 867 558 μεῖζον
896 523 959 558 ἐμοὶ
983 523 1015 549 τὺ

222 568 315 602 θαῦμα
332 569 483 596 κατανοεῖν.
512 569 706 603 Συμπίπτουσι
723 569 751 596 δὲ
772 569 932 604 ἀμφιϐολίαι
950 570 1014 605 περὶ

220 615 252 641 τὸ
271 615 392 649 κρυπτὸν
408 616 454 641 καὶ
468 615 684 650 έμφωλεύουσιν.
696 613 770 650 ’Δρα
781 616 807 642 τί
822 615 854 642 ἂν
865 615 907 650 εἴη
917 615 1012 648 τοῦτο;

221 663 253 688 Τί
282 661 412 696 μηνύσων
441 659 508 696 ἧκεν
537 662 551 688 ὁ
578 662 711 696 ἄγγελοςς
737 663 780 694 τῖς
803 663 819 697 ή
842 661 1012 697 κομιζομένη

219 708 325 743 τροφή;
350 708 391 740 τίς
411 709 428 742 ἡ
453 708 572 743 τοσαύτη
589 708 643 735 τῶν
666 708 838 743 δωρημάτων
856 708 1012 743 ὑπερὸσλή;

219 754 246 780 τί
259 754 379 780 τοιοῦτον
399 753 460 780 κατ’
474 753 553 786 ἀξίαν
569 755 585 788 ή
604 753 741 789 Παρθένος
766 754 933 789 είργάσατο;
951 754 1012 780 Ὅτι

221 800 272 834 μὲν
292 799 460 835 καθαρότητι
473 799 613 834 διενήνοχε
627 799 676 830 τὰς
690 798 878 833 γεγενημένας
891 798 1010 831 ἁπάσας,

219 844 277 871 οἶδα
293 845 440 876 πιστωθεὶς
457 845 511 876 τοῖς
527 845 683 879 πράγμασι.
703 844 860 879 Τεκμήριον
879 843 908 870 δὲ
925 844 1012 878 σαφὲς

1067 255 1130 275 rans
1141 247 1235 282 probis
1258 248 1420 275 muneribus
1435 253 1552 282 careret,
1576 254 1605 276 et
1631 250 1748 285 supplici
1778 259 1860 286 prece

1066 292 1190 320 sobolem
1206 293 1258 320 sibi
1283 293 1341 320 dari
1369 293 1544 328 obsecraret;
1561 299 1634 323 certe
1651 303 1713 322 eam
1739 296 1774 323 ad
1801 305 1859 324 rem

1066 339 1216 373 pertineret
1233 339 1368 377 ejusmodi
1390 340 1557 373 collocutio,
1583 346 1610 368 et
1637 349 1669 369 ex
1697 342 1749 370 ﬁne
1780 343 1859 375 illud.

1065 384 1136 418 quod
1152 383 1241 415 video,
1255 383 1414 411 admitteret
1437 385 1658 419 explicationem.
1684 385 1742 414 Hoc
1763 387 1858 422 utique

1064 433 1091 455 et
1106 430 1191 456 Anna:
1210 430 1333 465 contigit,
1362 430 1442 456 simul
1464 435 1553 458 tamen
1575 435 1603 458 et
1618 431 1687 458 lleli.
1705 431 1740 459 At
1753 439 1815 459 cum
1831 438 1860 459 et

1065 475 1146 509 Virgo
1159 475 1194 501 sit
1217 482 1259 508 ea,
1282 483 1343 510 quze
1365 476 1393 503 in
1415 481 1522 504 scereto
1544 475 1597 504 hoc
1619 477 1742 504 conclavi
1773 478 1857 513 degit.

1064 525 1146 555 atque
1163 528 1177 547 a
1193 521 1332 555 praedictis
1353 522 1482 550 omnibus
1506 530 1621 557 prorsus
1639 523 1675 550 sit
1704 524 1803 556 libera,
1829 530 1858 551 et

1064 566 1190 600 angelum
1206 566 1386 594 nihilominus
1406 575 1469 594 cum
1493 568 1551 603 ipsa
1574 569 1778 604 colloquentem
1792 578 1858 597 con-

1065 616 1171 639 stanter
1190 618 1360 645 cernamus;
1378 613 1429 640 hoc
1445 613 1586 641 enimvero
1617 615 1706 650 majus
1730 616 1796 642 mihi
1823 616 1857 643 ad

1063 657 1294 684 considerandum
1310 657 1481 691 {miraculum
1500 658 1592 686 offert.
1619 660 1745 688 Subeuut
1756 666 1858 690 autem.

1064 707 1240 736 mentemque
1268 707 1405 737 occupant
1431 703 1628 736 dubitationes,
1656 705 1788 740 quidnam
1816 706 1860 733 hic

1063 746 1158 778 lateat,
1178 751 1260 781 atque
1280 747 1476 774 abscondatur.
1492 748 1562 780 Quid
1586 749 1637 775 sibi
1655 749 1713 776 hazc
1737 750 1856 777 volunt?

1063 791 1196 825 Quidnam
1210 793 1387 820 nuntiaturus
1401 794 1513 821 advenit
1523 794 1659 829 angelus?
1678 795 1768 830 qualis
1780 796 1860 822 cibus

1062 839 1088 866 ei
1106 839 1386 874 dcicrtur?quzenam
1405 840 1462 868 haec
1493 844 1568 868 tanta
1590 840 1727 869 denorum
1754 844 1859 869 exube-

219 891 250 916 τὸ
272 889 338 925 ἦθος
355 890 402 917 καὶ
416 891 433 926 ή
453 891 522 925 πρὸς
551 890 652 926 ἀρετὴν
681 890 795 925 αὔξησις
818 891 864 916 καὶ
879 890 1008 922 ἐπίδοσις,

1063 883 1170 911 rantia‘l
1189 884 1288 919 ecquid
1308 885 1443 920 ejusmodi
1471 884 1554 920 Virgo
1572 885 1630 913 haec
1647 886 1731 921 gessit
1749 891 1778 913 ut
1795 887 1858 914 talia

218 936 254 962 δι’
271 932 308 962 ὧν
322 936 390 971 πρὸς
407 936 508 970 ἑαυτὴν
519 936 670 963 ἐπισπᾶται
685 935 715 962 τὸ
729 935 811 962 θεῖον.
826 935 863 962 Τὸ
882 935 947 969 γοῦν
960 944 1011 970 τη-

173 993 176 996 ~
219 982 351 1008 λικούτων
377 981 523 1014 τεύξασθαι
548 981 652 1016 ταύτην
677 981 799 1015 ἀγαθῶν,
829 980 916 1007 αἴτιον
940 981 1012 1016 τάχα

220 1027 348 1063 μεγάλων
361 1028 526 1063 εὐεργεσιῶν
543 1028 609 1062 ήμῐν
629 1027 790 1061 ὀφθήσεται.
804 1024 878 1061 ’Λρα
891 1026 945 1061 μὴν
959 1026 1012 1053 τῶν

218 1072 369 1108 προφητῶν
384 1073 408 1100 οἱ
424 1073 544 1108 χρησμοὶ
556 1073 586 1099 ὲν
596 1072 685 1108 ταύτῃ
698 1071 942 1106 πληρωθήσονται;
958 1069 1014 1106 ἄρα

219 1119 274 1154 μὴν
288 1118 343 1145 τῶν
351 1118 538 1153 ἐλπιζομένων
552 1120 581 1145 ὲν
593 1118 680 1154 ταύτῃ
694 1118 725 1144 τὸ
738 1118 815 1149 τέλος
826 1117 1010 1153 ἀποϐήσεται;

219 1165 273 1199 μὴν
287 1164 301 1190 ό
318 1164 422 1198 μέλλων
441 1163 484 1190 tn‘
499 1163 650 1200 ἀνορθὼσει
665 1162 712 1190 τοῦ
738 1163 832 1197 γένους
853 1162 1010 1189 ἐλεύσεσθαι

218 1211 251 1237 ὲκ
275 1210 377 1244 ταύτης
390 1209 421 1236 τὸ
445 1210 581 1245 ἡμέτερον
606 1209 775 1244 ἀναλήψεται
796 1209 927 1244 φύραμα;
957 1209 1011 1235 Καὶ

218 1256 274 1290 γὰρ
284 1256 363 1282 τοῦτο
376 1256 601 1291 προκεκήρυκται
617 1257 646 1282 τὸ
660 1256 820 1290 μυστήριον,
837 1255 885 1281 καὶ
900 1257 914 1282 ὸ
925 1256 1012 1288 Λόγος

216 1303 347 1339 τοιαύτην
366 1304 415 1339 τὴν
431 1304 658 1339 ὑπηρετήσουσαν
681 1303 816 1338 ἐπιζητεῖ.
840 1303 945 1334 Ὄντως
961 1303 1011 1329 οὐκ

217 1350 284 1384 ἄλλη
311 1349 526 1385 προκριθήσεται
551 1348 592 1380 είς
619 1348 668 1382 τὴν
696 1348 792 1374 τούτου
824 1348 1008 1383 λεετουργίαν,

217 1395 287 1430 πλὴν
309 1396 358 1429 τῆς
374 1393 517 1429 ὀρωμένης
533 1393 651 1425 νεάνιδος
662 1401 669 1408 ·
689 1394 735 1420 καὶ
751 1394 804 1428 γὰρ
821 1394 963 1428 ἀμήχανον
981 1394 1010 1419 ὲν

217 1441 286 1475 αὐτῇ
303 1439 333 1466 τὸ
346 1438 536 1474 κρυπτόμενον
558 1439 608 1473 τῆς
623 1438 735 1472 ἁγνείας
757 1438 881 1464 κατανοῶ
897 1437 1007 1470 κάλλος,

217 1486 263 1513 καὶ
280 1485 325 1512 τοῦ
348 1485 538 1521 κρυπτομένου
556 1484 711 1520 φανέρωσιν
728 1484 744 1519 ή
771 1483 819 1510 τοῦ
837 1483 916 1510 Θείου
940 1483 1008 1518 πρὸς

216 1530 319 1566 ταύτην
345 1530 436 1556 εὔνοια
459 1528 645 1564 παρίστησινι
677 1528 714 1560 ὡς
734 1528 869 1564 μακάριος
896 1529 911 1554 ὁ
934 1526 1008 1560 οἶκος

223 1577 342 1612 Ἰσραὴλ,
353 1577 384 1609 ἐξ
398 1574 428 1603 οὗ
439 1575 562 1602 τοιοῦτον
580 1575 694 1610 ἀνέθηλε
711 1575 873 1610 βλάστημαι
900 1575 944 1607 Ὠς
961 1575 1006 1602 εὐ·

217 1624 383 1659 λογημένηὴ
403 1624 466 1659 ῥίζα
485 1625 597 1656 Ἰεσσαὶ,
613 1624 643 1657 ὲε
660 1621 695 1660 ἧς
715 1624 731 1658 ή
746 1624 909 1658 ἀκμάζουσα
934 1621 1004 1658 αὕτη

218 1670 315 1705 ράὖδος
329 1670 493 1705 ἀνέδραμεν,
509 1665 533 1705 ἦ
548 1670 587 1706 τῷ
598 1670 693 1705 κόσμῳ
706 1670 754 1704 τὴν
770 1669 908 1704 σωτηρίαν
923 1669 1006 1696 ἀνθοο

216 1717 311 1750 φορεῖν
339 1716 487 1750 μέλλουσαι
522 1716 566 1747 Ὧς
594 1715 774 1751 ὑπερένδοξρς
793 1715 810 1750 ή
839 1715 933 1750 μνήμη
951 1714 1004 1741 τῶν

217 1763 414 1797 γεννησάντων,
439 1763 487 1789 καὶ
514 1762 604 1797 πάσης
631 1762 760 1789 ὶπέκεινα
784 1759 1002 1796 μακαριότητοςι

223 1808 266 1840 Ὠς
294 1808 489 1843 δεδοξασμένος
520 1807 575 1843 ἐγὼ
602 1809 732 1835 τοιούτων
760 1807 932 1842 ὲντρυφήσας
949 1806 1004 1832 τῶν

217 1854 373 1889 θεαμάτων,
403 1853 533 1881 τοιούτων
559 1854 717 1885 ἀπολαύσας
737 1853 791 1880 τῶν
806 1851 1002 1888 χαρισμάτωνὶ

215 1901 303 1936 Χάριν
316 1900 356 1931 εἰς
370 1900 472 1932 αἰῶνας
491 1900 600 1935 εἵσομαι
617 1909 668 1932 σοι,
686 1900 735 1926 ναὲ
760 1899 876 1934 Κυρίου,
897 1898 938 1924 ὅτι
956 1896 1003 1923 σοῦ

214 1946 263 1981 τῆς
274 1947 445 1982 λειτουργίας
459 1947 542 1974 ἕνεκα
556 1947 611 1974 τῶν
628 1948 696 1974 πᾶσι
721 1946 836 1978 δικαίοις
851 1944 1004 1979 ἐπιθυμου-

217 1992 303 2026 μένων
316 1993 365 2020 οὒκ
377 1994 523 2028 ἀπέτυχον.

1066 929 1289 963 promereretur?
1300 930 1433 964 Equidem
1448 931 1521 965 quod
1534 931 1676 958 universas
1687 931 1804 960 ieminas
1813 940 1859 959 su-

1064 981 1142 1009 peret
1163 977 1292 1010 puritate,
1316 976 1379 1003 novi
1407 985 1436 1003 re
1451 977 1509 1011 ipsa
1520 977 1643 1005 edoctus.
1659 978 1857 1014 Argumentum

1064 1027 1155 1048 autem
1170 1022 1209 1048 rei
1227 1021 1401 1049 manifestum
1419 1027 1484 1049 sunt
1511 1028 1539 1050 et
1560 1031 1660 1054 mores,
1685 1029 1714 1051 et
1739 1025 1803 1059 juge
1829 1025 1857 1052 in

1063 1067 1214 1094 virtutibus
1222 1067 1433 1099 incrementum.
1447 1076 1496 1103 per
1505 1077 1566 1103 qute
1577 1069 1610 1095 ad
1627 1077 1657 1096 se
1671 1070 1758 1104 ipsam
1773 1071 1856 1097 Deum

1063 1113 1190 1140 attrahit.
1207 1113 1302 1149 Itaque
1319 1115 1393 1149 quod
1411 1115 1494 1141 tantis
1510 1115 1589 1142 bonis
1606 1116 1746 1143 cumulata
1762 1116 1857 1149 fuerit,

1062 1157 1177 1186 fortasse
1199 1165 1228 1187 et
1257 1160 1339 1188 nobis
1367 1168 1527 1196 magnorum
1555 1161 1750 1189 beneﬁciorum
1779 1162 1858 1198 origo

1063 1207 1236 1234 ostendetur.
1252 1208 1293 1234 An
1309 1207 1381 1235 forte
1400 1208 1597 1243 prophetarum
1610 1209 1741 1236 vaticinia
1756 1210 1784 1236 in
1800 1211 1856 1245 ipsa

1063 1251 1270 1286 implementum
1297 1253 1424 1280 habitura
1444 1253 1529 1280 sunt?
1545 1261 1580 1280 an
1604 1252 1675 1281 forte
1691 1254 1719 1280 in
1742 1261 1775 1281 ea
1793 1262 1856 1289 per—

1062 1297 1200 1331 ﬁcientur,
1223 1306 1284 1333 qua:
1306 1299 1333 1326 in
1352 1307 1399 1334 spe
1427 1304 1491 1326 sunt
1514 1299 1595 1326 nobis
1611 1299 1802 1334 reposita?an
1824 1308 1855 1327 ea

1061 1343 1112 1370 ista
1143 1352 1260 1372 massam
1293 1349 1415 1372 nostram
1445 1351 1486 1372 est
1512 1351 1717 1380 assumpturus,
1745 1346 1792 1381 qui
1822 1347 1856 1374 ad

1061 1391 1271 1418 restaurandum
1285 1399 1372 1426 genus
1386 1397 1512 1419 nostrum
1526 1397 1659 1420 venturus
1674 1393 1735 1420 est?
1747 1393 1855 1420 Etenim

1060 1435 1113 1463 hoc
1122 1437 1280 1472 mysterium
1293 1437 1349 1472 jam
1364 1437 1577 1472 praenuntiatum
1594 1438 1804 1470 est,etVerbum
1817 1444 1857 1466 ta-

1058 1481 1187 1517 Iem,qu:c
1196 1483 1335 1510 ministret
1343 1483 1394 1511 sibi
1403 1484 1528 1518 requirit.
1538 1485 1665 1512 Profecto
1672 1485 1707 1512 ad
1717 1486 1853 1521 ejusmodi

1060 1530 1245 1557 ministerium
1261 1537 1317 1557 non
1337 1531 1390 1558 alia
1406 1531 1532 1566 eligetur,
1558 1536 1657 1566 prater
1672 1532 1755 1564 hanc,
1773 1541 1854 1568 quam

1057 1582 1151 1607 cerno,
1167 1575 1304 1609 puellam;
1322 1583 1384 1602 nam
1412 1583 1526 1610 prorsus
1545 1576 1698 1603 mirabilem
1726 1576 1853 1604 animad-

1058 1625 1136 1647 verto
1153 1620 1180 1647 in
1195 1621 1251 1655 ipsa
1267 1620 1398 1648 latentem
1416 1621 1581 1650 innocentiae
1603 1622 1851 1657 pulchritudinem,

1058 1666 1186 1701 quodque
1204 1666 1231 1693 in
1252 1667 1309 1701 ipsa
1329 1667 1406 1699 latet,
1423 1669 1527 1696 revelat
1540 1668 1626 1697 eﬂ'usa
1643 1669 1690 1697 Dei
1710 1670 1737 1697 in
1766 1671 1853 1706 ipsam

1059 1712 1256 1739 muniﬁcentia.
1271 1712 1357 1746 Quam
1372 1714 1450 1740 beata
1465 1714 1563 1741 domus
1575 1715 1669 1747 Israel.
1684 1723 1718 1743 ex
1732 1724 1786 1751 qua
1800 1717 1854 1745 tale

1057 1766 1169 1793 germen
1183 1759 1340 1793 pullulavitl
1353 1759 1440 1792 Quam
1457 1759 1604 1788 benedicta
1620 1761 1696 1788 radix
1715 1762 1803 1795 Jesse,
1820 1771 1853 1790 ex

1057 1813 1111 1840 qua
1125 1806 1218 1832 virens
1233 1806 1291 1833 haec
1303 1806 1377 1839 virga
1394 1806 1546 1841 consurgit,
1562 1814 1624 1841 qua:
1639 1808 1744 1835 mundo
1756 1809 1854 1836 salutis

1057 1852 1152 1879 ﬂorem
1171 1851 1309 1886 proferet!
1331 1851 1418 1884 Quam
1443 1852 1530 1886 major
1544 1853 1622 1879 omni
1646 1853 1743 1888 gloria,
1770 1858 1853 1889 atque

1057 1899 1131 1925 omni
1147 1897 1278 1925 beatitate
1294 1897 1387 1932 potior
1413 1893 1566 1932 genitorem
1596 1898 1670 1926 illius
1698 1901 1850 1928 memorial

1056 1943 1143 1976 Quam
1167 1942 1235 1969 mihi
1263 1942 1426 1977 gloriosum,
1439 1943 1512 1977 quod
1539 1944 1626 1971 oculis
1658 1945 1728 1972 meis
1753 1946 1850 1974 herum

1057 1993 1170 2024 aspectu
1185 1988 1302 2023 perfrui,
1317 1993 1400 2023 atque
1414 1993 1490 2016 tanto
1510 1990 1594 2024 potiri
1620 1990 1756 2018 beneficio
1782 1993 1850 2020 mihi

214 2037 372 2072 contigerit!
398 2037 584 2065 Immortalem
605 2037 665 2070 tibi,
691 2045 707 2065 o
733 2037 840 2065 Domini
865 2037 1008 2073 templum,
1029 2035 1144 2071 gratiam
1168 2034 1314 2062 habiturus
1330 2042 1407 2067 sum;
1429 2040 1577 2070 propterea
1593 2038 1668 2064 enim
1702 2039 1777 2073 quod
1804 2043 1850 2067 tuo

214 2085 366 2112 ministerio
399 2089 575 2121 nuncupatus
609 2085 658 2118 iui,
697 2086 747 2113 hac
778 2085 908 2114 felicitate
945 2092 1006 2120 qua:
1041 2083 1123 2119 jUSlIS
1152 2082 1282 2110 omnibus
1308 2087 1438 2118 exoptata
1473 2092 1582 2120 semper
1605 2085 1666 2118 iuit.
1701 2096 1754 2114 non
1787 2095 1848 2115 sum

212 2130 397 2159 defraudatus.

248 2179 296 2205 IZ'.
316 2178 408 2209 Οὕτως
423 2179 438 2205 ὁ
460 2179 599 2214 Ζαχαρίας
617 2179 755 2215 διαπορῶν
779 2180 826 2206 καὶ
854 2179 1003 2214 θαυμάζων

1092 2174 1174 2202 XVII.
1190 2174 1230 2202 Ita
1247 2175 1394 2202 Zacharias
1409 2176 1544 2211 ancipites
1560 2177 1650 2203 animo
1665 2177 1792 2205 versabat
1800 2186 1847 2206 co-

212 2223 246 2249 τά
262 2224 309 2258 τῆς
328 2224 467 2259 Παρθένου
484 2223 624 2258 παράδοξα
641 2222 685 2258 ἦν.
717 2224 812 2260 Ἡμεῖς
828 2224 857 2251 δὲ
879 2224 1005 2259 εἴποιμεν

214 2269 247 2295 ἂν
268 2269 336 2303 πρὸς
353 2271 449 2297 αὐτόν·
479 2270 574 2301 οὐδὲν,
589 2267 611 2297 ὦ
636 2271 770 2306 Ζαχαρία,
791 2271 844 2298 τῶν
862 2271 911 2306 τῆς
936 2280 1004 2298 παν-

213 2315 297 2347 άγνου
324 2315 494 2349 άμφίὸολονο
513 2315 590 2341 οὐδὲν
611 2315 799 2351 ἀκατάλληλον
825 2315 880 2343 τῶν
900 2317 1004 2350 ταύτης

214 2360 381 2393 μεγαλείων·
402 2361 490 2386 πάντα
506 2362 539 2395 τῇ
555 2361 670 2397 ἀληθεία
683 2362 713 2388 τὺ
740 2361 850 2396 βέϐαιον
877 2361 1003 2396 εἴληφεν.

214 2405 289 2432 Ἔδει
304 2405 358 2440 γὰρ
373 2406 404 2431 τὺ
427 2406 498 2433 θεῖον
517 2408 651 2442 σκήνωμα
676 2408 816 2440 τοιαύταις
837 2408 1004 2434 ἀναϐάσεσιν

211 2451 375 2484 αὐξηθῆναι.
395 2453 468 2481 Ἔδει
488 2453 536 2488 τὴν
553 2454 666 2480 ἄσπιλον
683 2454 792 2489 ἀμνάδα
809 2454 1005 2490 τοιαύτῃ-παν-

213 2496 306 2531 δαισία
322 2490 493 2532 εὐωχηθῆναι
504 2506 510 2512 '
526 2499 579 2525 ἔδει
596 2499 725 2526 τοιούτων
747 2500 906 2534 ἐδεσμάτων
921 2501 1005 2535 ἔμφο-

213 2540 342 2576 ρηοῆναι.
362 2541 436 2566 Ἔδει
451 2542 488 2576 μὴ
503 2543 542 2574 εἰς
554 2544 588 2569 τά
602 2543 656 2571 τῶν
667 2545 753 2578 ἀγίων
771 2545 855 2577 Ἅγια
869 2544 917 2579 τῆς
937 2553 1002 2579 σκη-

211 2588 270 2622 νῆς,
283 2587 339 2613 ἀλλ’
351 2589 390 2618 εἰς
406 2588 487 2615 αὑτὸν
499 2589 545 2614 τὸν
560 2590 674 2624 οὐρανὸν
689 2591 737 2617 τοῦ
755 2590 883 2626 οὐρανοῦ,
901 2591 935 2618 τὰ
951 2592 999 2624 τῆς

210 2633 323 2668 πρώτης
338 2633 446 2668 ἡλικίας
459 2634 646 2668 ἀνατραφῆναι
657 2637 706 2669 τὴν
718 2636 888 2671 πλατυτέραν
895 2635 998 2662 τούτων

211 2680 349 2713 ὀφθεῖσαν,
380 2680 425 2705 καὶ
456 2679 622 2714 καθαρότητι
645 2681 846 2715 διενεγκοῦσαν.
868 2683 942 2709 Ἐδει
960 2683 997 2716 μὴ

212 2725 256 2759 ὑφ’
273 2726 331 2756 ἐνὸς
360 2726 441 2760 μόνου
459 2726 576 2758 ἀγγέλου
601 2726 702 2760 ταύτην
716 2728 924 2763 ὑπηρετεῖσθαι.
941 2729 998 2754 ἀλλ’

212 2770 262 2796 On’;
277 2771 382 2806 μυρίων
399 2770 536 2806 μυριάδων
548 2770 640 2805 κύκλῳ
655 2771 873 2807 δορυφορεῖσθαι.

1058 2221 1216 2257 gitationes,
1237 2229 1268 2249 ac
1287 2225 1400 2256 stupore
1419 2222 1578 2256 rapiebatur
1596 2228 1709 2258 propter
1723 2231 1767 2251 res
1785 2224 1848 2251 Vir-

1056 2269 1128 2303 ginis
1144 2268 1224 2303 plane
1240 2267 1425 2295 admirandas.
1440 2267 1495 2296 Nos
1516 2276 1582 2296 vero
1597 2269 1629 2296 ad
1645 2277 1709 2297 eum
1721 2272 1848 2299 conversi

1058 2314 1182 2340 dicamus
1199 2322 1205 2340 :
1221 2313 1294 2340 Nihil
1307 2317 1360 2346 est,
1373 2321 1390 2340 ο
1402 2313 1546 2346 Zacharia,
1558 2322 1608 2342 cur
1618 2315 1651 2343 de
1667 2316 1702 2343 iis
1710 2324 1770 2351 qua:
1783 2326 1847 2352 per-

1056 2360 1145 2386 tinent
1170 2359 1203 2386 ad
1224 2359 1295 2386 hanc
1325 2359 1590 2393 innocentissimam,
1614 2362 1746 2397 ambigas.
1774 2363 1846 2391 Nihil

1055 2411 1098 2433 est
1117 2405 1143 2431 in
1173 2405 1298 2439 ejusdem
1328 2406 1501 2440 magnalibus
1522 2407 1595 2441 quod
1612 2415 1666 2435 non
1679 2408 1846 2437 adnmussim

1055 2451 1107 2478 sibi
1130 2452 1296 2486 respondeat
1314 2460 1321 2478 :
1338 2453 1430 2479 omnia
1444 2453 1524 2487 plane
1537 2453 1646 2481 veritati
1664 2462 1783 2482 consona
1803 2464 1844 2483 re-

1054 2498 1212 2532 periunlnr.
1224 2496 1377 2531 Oportebat
1393 2498 1466 2524 enim
1488 2503 1518 2525 ut
1532 2498 1656 2525 divinum
1680 2500 1844 2528 tabernacu-

1053 2545 1110 2571 lum
1138 2544 1194 2578 (51)
1209 2544 1284 2571 hisee
1317 2544 1447 2579 gradibus
1463 2545 1664 2572 incrementum
1680 2547 1842 2582 susciperet.

1053 2591 1214 2626 Oportebat,
1230 2595 1259 2617 ut
1275 2599 1344 2625 agna
1357 2591 1530 2618 immaculata
1545 2593 1680 2627 ejusmodi
1693 2594 1783 2627 epulis
1794 2603 1842 2629 pa-

1053 2643 1196 2669 scerelur;
1213 2637 1371 2672 oportebat,
1387 2642 1417 2664 ut
1433 2637 1600 2673 lalibusipsa
1616 2639 1735 2667 aleretur
1753 2641 1839 2668 fercu-

1054 2683 1096 2710 lis.
1108 2682 1270 2717 Oportebat,
1286 2686 1315 2709 ut
1339 2682 1441 2709 nedum
1457 2683 1484 2710 in
1509 2684 1618 2711 Sanctis
1633 2690 1788 2712 sanctorum
1802 2690 1835 2713 ta-

1056 2728 1221 2759 bernaculis.
1236 2729 1284 2756 sed
1300 2729 1326 2756 in
1341 2729 1401 2764 ipso
1419 2729 1489 2757 coelo
1505 2730 1636 2758 caelorum
1653 2731 1687 2758 ab
1699 2731 1766 2767 ipsis
1777 2738 1827 2759 a-ta

1054 2773 1090 2801 tis
1101 2773 1260 2809 primordiis
1281 2774 1460 2808 educaretur,
1476 2783 1537 2810 quzc
1551 2776 1628 2803 caelis
1643 2776 1710 2811 ipsis
1726 2778 1842 2811 amplior

249 2860 400 2894 (5|)Virgo
421 2867 518 2894 nempe
549 2858 674 2893 Dcipura,
691 2860 770 2893 cujus
799 2865 878 2896 typus
895 2868 927 2887 ex
957 2861 1068 2888 Patrum
1100 2861 1235 2887 sententia
1265 2861 1313 2887 fuit
1342 2862 1447 2896 antiqui
1479 2862 1590 2890 foederis
1623 2863 1840 2891 tabernaculum.

379 2907 513 2936 Parum.
535 2906 593 2936 Gn.
610 2906 709 2936 (ΖΚΜ
722 2906 759 2936 lI.

1640 2908 1677 2938 20
