2088 3159
158 246 213 277 625

534 243 676 274 ORATIO
695 243 735 272 ΙΝ
754 239 1111 272 ΙἮῈΞΕΝῪΛἹῚΟΝΕΜ
1131 240 1180 269 SS.
1199 238 1384 268 DEIPARJE.

1737 239 1793 268 ὁζῦ

160 308 269 330 σαντες,
284 295 306 324 ὢ
321 299 425 329 τέκνον,
440 297 540 332 πολλὴν
556 297 584 323 δὲ
600 298 650 332 τὴν
675 297 803 322 ἐπίπονον
828 295 949 329 ἀγωνίαν

1003 293 1195 321 vehementius
1207 301 1254 320 cos
1269 293 1468 319 contristarunt
1489 295 1536 319 aut
1558 291 1739 326 intpulerunt,
1761 300 1791 319 ut

161 344 344 378 ἐνδειξάμενοι
359 344 405 370 καὶ
417 345 464 376 τὴν
475 344 596 379 χαλεπὴν
613 343 799 378 ταλαιπωρίαν
816 342 951 368 ὑποσταν-

161 399 219 422 τες,
232 390 301 416 ὣστε
315 390 361 416 καὶ
374 389 427 416 τῶν
438 390 486 424 τῆς
502 391 629 422 ἀτεκνίας
649 390 837 423 ἀπαλλαγῆναι
858 397 951 422 σκωμ-

165 436 267 469 μάτων,
286 436 332 461 καί
351 444 380 461 σε
403 436 623 471 παρασχεθεῐσαν
647 436 770 470 διηνεκὲς
800 435 872 469 ἔχειν
899 434 951 468 πρὸ

161 481 311 516 ὀξοαλμῶν
324 482 491 517 ἀγαλλίαμα,
508 483 561 509 τῶν
581 481 821 517 προσδοκηθέντων
839 480 951 515 ἀγαθῶν

162 529 211 563 τὴν
222 529 367 563 ἀφαίρεσιν
385 529 567 564 ὑπομένομεν.
583 531 646 555 Ὀτε
665 530 719 564 γὰρ
733 529 837 555 τούτων
854 530 951 555 ἐναπο-

162 574 255 600 λαύειν
279 575 394 609 προσῆν,
420 576 467 600 καὶ
496 576 524 601 ὲν
553 575 682 610 ἑπιτυχίᾳ
707 574 753 601 τοῦ
781 574 950 609 ζητουμένου

161 619 342 654 καθέστηκεν,
361 621 405 646 ὅτε
421 620 475 646 τῶν
492 620 580 647 πόνων
601 621 748 656 ἀνείῦημεν
767 621 812 647 καὶ
834 621 883 656 τὴν
896 620 951 647 τῶν

161 666 353 701 χρηστοτέρων
369 667 397 692 ἐν
411 667 489 700 χερσὶ
500 667 665 701 κατείχομεν
680 667 878 702 πληροφορίαν,
890 667 950 693 τότε

118 728 121 729 ν
161 708 195 743 τῇ
211 711 397 747 συμϐαινούσῃ
413 712 564 744 διαστάσει,
577 713 608 739 αἴ
620 721 648 738 τε
661 712 767 744 ἐλπίδες
784 714 952 748 καταρρέου-

162 764 199 788 σι,
216 758 262 782 καὶ
275 759 299 783 οἱ
319 757 394 784 πόνοι
410 759 585 793 σςςοδρότεροι
610 760 823 794 προσπίπτουσι,
849 760 896 785 καὶ
920 759 950 785 τὸ

162 803 283 837 λυπηρὸν
308 803 521 838 ἀπαρηγόρητον
541 804 795 839 συνεπιτιθέμενον,
824 805 886 840 ἀνιᾷ
902 807 950 832 καὶ

162 848 284 883 βαρύνει,
299 849 346 876 καὶ
364 850 438 876 ἔνδον
459 851 620 885 προχωροῦν
637 851 816 886 κχτατρύχει.
843 852 879 878 Οὐ
895 853 950 887 γὰρ

160 892 234 919 οὓτω
248 893 277 920 τὸ
290 895 318 920 ὲν
341 894 431 921 ἐλπίσι
451 896 578 930 κείμενον
597 896 709 930 ἀγαθὸν,
728 896 765 928 ὡς
783 897 814 923 τὸ
827 898 855 923 ἐν
870 898 950 933 χερσὶ

161 940 317 974 γενόμειον,
334 942 446 976 ταχεῖάν
462 951 490 969 τε
506 942 554 977 τὴν
572 943 716 978 ἀφαίρεσιν
738 944 884 979 ὑπομένον,
900 944 950 979 τὴν

159 985 210 1018 τῆς
224 987 376 1022 ἀποτυχίας
401 988 478 1014 ἀνίαν
494 989 613 1023 ἐμποιεῖ.
630 989 667 1014 Τὸ
684 989 733 1024 μὲν
748 990 802 1024 γὰρ
820 990 849 1016 ὲν
869 990 950 1016 ἀπεί-

161 1039 217 1064 par;
232 1032 278 1058 τοῦ
296 1033 465 1068 ἐπιθυμητοῦ
495 1034 532 1068 μὴ
547 1034 762 1069 προγινόμενον,
789 1035 888 1070 ῥᾳδίως
903 1035 952 1070 φέ-

161 1085 238 1110 ρεται
250 1085 257 1092 ·
273 1078 302 1104 τὸ
317 1078 346 1105 δὲ
356 1081 412 1110 τοῖς
425 1079 472 1105 τοῦ
484 1080 561 1114 ἡδέος
577 1080 659 1106 αὑτοῦ
673 1081 852 1115 γευσαμένοις
867 1082 949 1115 ἀφαι-

161 1123 302 1158 ρούμενον,
320 1125 490 1161 δυσφόρητον
508 1128 558 1161 μὲν
573 1127 622 1161 τὴν
634 1127 777 1162 ἀφαίρεσιν
788 1128 855 1163 ἔχει,
870 1128 951 1162 χαλε-

160 1168 215 1202 πὴν
228 1170 256 1196 δὲ
272 1171 321 1205 τὴν
339 1172 441 1206 ζημίαν
454 1173 509 1203 τοῖς
526 1172 696 1206 ὑπομένουσι
711 1173 846 1208 προξενεῖ.
870 1173 951 1209 Ἡμῖν

161 1215 212 1250 μὲν
226 1214 273 1242 οὖν
286 1216 391 1242 πολλῶν
406 1218 494 1244 πόνων
506 1218 553 1244 καὶ¹
568 1218 726 1253 προσευχῶν
743 1219 847 1253 καρπὸς
861 1228 952 1254 παρα-

162 1261 305 1295 σχεοείσα,
324 1263 372 1297 τῆς
386 1271 414 1289 τε
427 1263 603 1295 ἀπολαύσεως
618 1264 744 1297 ἔγευσας,
770 1267 816 1291 καὶ
827 1266 876 1300 τὴν
889 1266 950 1292 ἐπι-

159 1305 263 1340 θυμίαν
277 1307 408 1342 ἔστησας⁴
428 1308 475 1334 νῦν
487 1308 515 1334 δὲ
527 1309 596 1342 μετά
611 1310 709 1344 πεῖραν
722 1309 775 1336 τῶν
791 1311 844 1336 σῶν
861 1311 951 1337 καλῶν

161 1351 177 1385 ἡ
191 1352 348 1386 ἀφαίρεσις,
365 1353 412 1380 καὶ
429 1354 501 1387 μετά
525 1354 573 1388 τὴν
590 1354 741 1381 ἀπόλαυσιν
756 1355 772 1390 ἡ
789 1355 887 1390 ζημία,
903 1357 950 1383 καὶ

160 1397 191 1422 τὸ
206 1397 288 1432 ἀηδὲς
302 1398 371 1432 μετὰ
386 1399 434 1433 τὴν
453 1400 559 1435 ἡδονήν.
578 1399 624 1426 Διὸ
650 1399 704 1426 τῶν
731 1408 761 1426 τε
778 1402 950 1436 πραγμὲιτων

162 1441 283 1477 ήέφεσις
305 1444 408 1479 ἔρημος
426 1445 617 1476 ἀπολείπεται,
644 1445 692 1472 καὶ
716 1445 759 1472 διὰ
777 1445 877 1481 βάθους
900 1448 950 1482 τῆς

161 1488 250 1524 ψυχῆς
277 1490 311 1517 τὰ
325 1490 443 1526 ὀδυνηρά
460 1490 509 1525 τῆς
527 1490 634 1525 φύσεως
659 1493 744 1526 χωρεί
765 1492 878 1527 κέντρα.
896 1494 950 1520 Καὶ

161 1535 186 1561 sl
208 1535 256 1570 μὲν
276 1536 344 1571 πρὸς
360 1537 455 1571 ἕτερον
473 1534 507 1572 ἦν
522 1537 641 1569 ἀπιδεῖν,
659 1537 675 1571 ἢ
689 1537 805 1574 παρδνῆ
821 1539 950 1573 ἐσόμενον

161 1580 267 1614 τέκνον,
281 1579 354 1617 εἶχεν
366 1582 399 1609 ἂν
412 1583 441 1608 τὺ
457 1583 575 1618 φορητὸν
592 1584 608 1618 ἠ
630 1583 772 1615 διάστασις
784 1591 791 1600 ο
812 1584 907 1621 ἐπειδὴ
920 1585 949 1612 δὲ

162 1627 213 1675 μία
230 1629 280 1675 τῆς
303 1628 469 1664 ἀσθενούσης
493 1629 603 1664 φύσεως
625 1628 757 1664 Θεραπεία
772 1629 947 1665 δεδωρημένη
963 1644 984 1675 c

161 1673 329 1710 καθιέρωσαι
342 1675 381 1710 τῷ
395 1675 478 1707 δόντι,
495 1675 545 1707 τὰς
560 1675 698 1710 ἡμετέρας
715 1675 877 1710 ἀναφλέγεις
896 1677 950 1711 ψυ-

159 1719 221 1753 χὰς,
241 1720 376 1756 μηδεμίαν
399 1720 445 1748 τοῦ
464 1720 567 1750 πάθους
587 1721 791 1748 καταλείπουσα
819 1730 951 1757 παραμυ-

160 1764 234 1796 θίαν,
252 1765 275 1792 εί
291 1765 338 1792 καὶ
355 1765 386 1792 τὸ
408 1766 636 1802 εὐπαρηγόρητον
654 1765 685 1792 τὸ
701 1766 750 1801 τῆς
771 1767 950 1802 ἀφιερώσεως

160 1811 415 1846 κατεπαγγέλλεται
433 1813 559 1847 πρᾶγμα.

1003 341 1036 368 ad
1054 340 1134 367 filiam
1157 347 1311 368 sermonem
1337 339 1471 367 haberent
1495 338 1653 374 hujosmodi
1673 348 1680 366 :
1706 339 1793 367 Multa

1001 387 1123 422 quidem.
1136 391 1166 413 ut
1179 391 1205 414 te
1216 387 1417 418 obtineremus,
1433 385 1556 421 perpessi
1568 393 1674 419 sumus,
1692 394 1709 413 ο
1724 387 1790 416 tilia.

1002 437 1140 460 certamen
1156 432 1278 467 apprime
1291 432 1458 459 laboriosum
1477 432 1659 466 suscepimus,
1678 438 1790 467 graves-

1001 487 1055 515 que
1078 487 1216 507 aerumnas
1238 480 1432 511 sustinuimus,
1457 484 1487 506 ut
1507 483 1535 507 et
1559 486 1573 506 a
1596 479 1798 506 scornmatibus

1001 529 1113 559 propter
1130 525 1302 552 sterilitatem
1321 525 1429 561 injectis
1444 525 1638 555 liberaremur.
1654 531 1686 551 ae
1701 529 1726 551 te
1739 532 1788 550 llo-

1001 571 1046 598 bls
1060 571 1187 598 donatam
1200 571 1265 605 juge
1282 575 1345 598 ante
1358 571 1453 599 oculos
1471 571 1592 598 solamen
1609 569 1794 602 haberemus;

1001 624 1074 644 nunc
1090 621 1180 643 autem
1206 624 1314 648 eorum,
1343 625 1403 651 quae
1427 616 1530 643 tamdiu
1561 615 1791 651 exspectavimus.

1002 661 1136 689 bonorum
1148 662 1281 696 iacturam
1296 662 1424 696 patimur.
1442 661 1559 694 Quando
1573 662 1646 689 enim
1663 662 1723 689 istis
1737 662 1796 697 iam

1001 709 1055 737 frui
1070 709 1197 740 dabatur,
1212 709 1340 743 quodque
1357 712 1516 741 exoptatum
1527 715 1559 735 ac
1574 707 1721 742 quaesitum
1737 708 1795 735 fuc-

1003 759 1054 785 ra‘t.
1072 762 1184 782 eramus
1205 754 1333 786 assecuti,
1365 753 1475 788 quando
1487 754 1605 780 cessatio
1619 761 1634 780 a
1652 753 1797 780 laboribus

1001 800 1225 835 promittebatur,
1244 804 1272 826 et
1303 807 1411 830 eorum,
1439 807 1499 834 quae
1527 799 1640 832 reliquis
1665 799 1797 825 omnibus

999 847 1165 883 jucundiora
1180 846 1260 874 nobis
1283 851 1374 878 erant,
1393 846 1472 881 plena
1493 845 1668 880 possessione
1690 845 1794 879 gaude-

1001 892 1115 926 bamus;
1131 897 1206 925 tunc,
1229 892 1346 926 abrupto
1366 891 1518 921 consortio.
1541 895 1569 918 et
1597 897 1661 925 spes
1693 895 1797 916 nostra:

1001 938 1141 969 dimuuut,
1153 941 1180 964 et
1200 937 1340 973 graviores
1358 937 1467 962 irruunt
1480 942 1620 967 aerumnae,
1644 942 1676 962 ac
1691 942 1797 961 maeror

1003 983 1126 1012 succedit
1143 982 1341 1011 consolationis
1366 982 1487 1013 nescius,
1513 981 1560 1016 qui
1578 988 1629 1008 nos
1646 980 1749 1015 albigit.
1767 986 1796 1007 et

1003 1029 1145 1065 opprimit,
1158 1034 1186 1056 et
1197 1029 1291 1056 intima
1302 1027 1393 1055 cordis
1404 1027 1554 1062 pervadens
1566 1027 1724 1054 discruciat.
1733 1026 1794 1054 Non

1003 1075 1076 1103 enim
1091 1075 1148 1109 pari
1162 1074 1255 1102 dolore
1271 1073 1355 1100 allicit
1375 1073 1486 1100 arnisslo
1512 1073 1587 1103 boni.
1605 1072 1679 1107 quod
1705 1072 1798 1099 adhuc

1004 1120 1062 1156 spei
1078 1124 1177 1147 nostra:
1204 1125 1310 1147 tantum
1325 1119 1465 1155 obiicitur,
1481 1119 1712 1153 quemadmodum
1742 1119 1796 1145 im-

1004 1167 1113 1202 provisa
1130 1167 1207 1198 boui.
1226 1165 1300 1201 quod
1324 1166 1380 1201 jam
1411 1170 1547 1196 tenentus,
1570 1164 1683 1191 ablatio.
1705 1164 1799 1192 Facile

1004 1213 1079 1241 enim
1106 1213 1204 1244 lertur,
1219 1212 1244 1239 si
1267 1212 1440 1247 inexpertum
1455 1211 1568 1242 bonum,
1593 1210 1666 1245 quod
1690 1217 1796 1237 concu-

1005 1260 1132 1294 piscitur,
1153 1258 1329 1293 assequinon
1359 1259 1450 1285 liceat.
1469 1258 1518 1285 Sin
1542 1262 1633 1284 autem
1653 1257 1797 1292 quidpiam

1006 1305 1039 1331 iis
1053 1304 1186 1336 aufertur,
1206 1304 1252 1338 qui
1274 1303 1437 1330 suavitatem
1449 1304 1509 1338 ejus
1521 1304 1577 1339 jam
1607 1307 1800 1337 gustaverant,

1005 1349 1123 1376 diilicilis
1150 1356 1266 1384 prorsus
1292 1347 1326 1374 ad
1349 1347 1494 1375 ferendum
1511 1347 1629 1382 privatio
1646 1347 1706 1382 ejus
1727 1355 1798 1374 con-

1005 1395 1096 1430 tingit,
1113 1394 1301 1429 fraudatisque
1326 1394 1537 1422 acerbissimum
1561 1394 1685 1421 dolorem
1701 1393 1800 1420 affert,

1003 1441 1063 1468 Jam
1084 1448 1150 1468 vero
1167 1445 1194 1467 tu
1213 1440 1293 1467 nobis
1308 1447 1439 1467 concessa
1459 1440 1550 1467 fueras
1573 1445 1703 1475 tanquam
1722 1440 1796 1466 mul-

1005 1491 1095 1514 torum
1112 1486 1238 1514 laborum
1252 1493 1285 1513 ac
1300 1493 1411 1521 precum
1426 1486 1575 1513 ellusarum
1594 1485 1712 1518 fructus,
1728 1486 1799 1520 jam-

1003 1541 1057 1568 que
1081 1537 1111 1560 ut
1131 1532 1294 1559 suavissima
1314 1532 1472 1559 fruerentur
1487 1531 1629 1567 voluptate
1650 1530 1799 1564 ell‘eceras,

1003 1583 1186 1613 nostrumque
1201 1578 1363 1613 expleveras
1377 1578 1561 1611 desiderium;
1575 1582 1617 1605 ast
1628 1585 1692 1606 ecce
1708 1578 1796 1605 hono-

1003 1633 1074 1658 rum,
1090 1633 1151 1660 qoae
1167 1625 1194 1652 in
1209 1630 1236 1652 te
1251 1629 1327 1656 sunt,
1347 1625 1547 1660 experientiam
1560 1624 1664 1660 excipit
1680 1632 1795 1652 eorum-

1004 1672 1066 1699 dem
1076 1671 1201 1704 amissio,
1212 1670 1336 1698 fruitioni
1349 1670 1473 1698 succedit
1483 1670 1602 1705 jactura,
1613 1669 1714 1705 gaudio
1725 1677 1798 1697 moe-

1004 1716 1090 1744 stitia.
1122 1717 1275 1751 Propterea
1299 1715 1381 1743 nobis
1409 1716 1579 1743 desiderium
1615 1715 1794 1751 relinquitur,

1004 1763 1078 1798 quod
1098 1763 1204 1797 expleri
1219 1767 1346 1797 nequeat,
1361 1769 1394 1789 ac
1408 1762 1527 1789 acerbus
1547 1766 1653 1790 natura:
1671 1762 1806 1794 aculeus,

1004 1810 1051 1845 qui
1065 1811 1164 1837 animae
1189 1809 1285 1836 intima
1308 1809 1442 1843 pervadit.
1461 1809 1495 1836 Et
1516 1808 1538 1835 si
1556 1809 1667 1843 quidem
1684 1809 1718 1836 de
1741 1809 1810 1836 aliis.

158 1857 238 1893 prole
256 1863 303 1885 aut
315 1863 449 1894 praesente
466 1864 513 1886 aut
531 1858 624 1886 futura
642 1859 764 1894 cogitare
785 1859 893 1891 liceret,
910 1857 1025 1886 ferenda
1059 1857 1118 1884 haec
1137 1854 1277 1891 separatio
1311 1858 1461 1888 utcumque
1481 1853 1582 1881 viderit
1600 1858 1708 1889 posset;
1744 1854 1794 1882 sed

158 1907 305 1939 postquam
324 1905 435 1932 unicum
453 1910 558 1932 natura:
574 1906 747 1940 clanguentis
759 1906 888 1932 solatium
902 1905 982 1932 nobis
1001 1903 1104 1930 tributa
1121 1902 1207 1933 fuisti,
1237 1901 1417 1928 acerbissimo
1447 1908 1514 1928 sane
1545 1899 1651 1927 animas
1670 1904 1792 1931 nostras,

159 1950 227 1977 dum
239 1951 353 1978 donanti
373 1951 399 1978 in
419 1951 607 1978 holocaustum
628 1951 714 1983 cedis,
734 1951 829 1978 dolore
852 1951 921 1983 uris,
945 1955 977 1985 et
992 1953 1053 1976 utut
1070 1947 1139 1974 ratio
1170 1947 1387 1974 consecrationis
1403 1952 1455 1974 tua:
1474 1951 1602 1980 tanquam
1627 1946 1732 1982 aliquid
1746 1955 1792 1974 re-

159 1997 287 2024 creandis
297 1997 534 2024 animisidoneum
545 2001 725 2031 proponatur,
739 1997 843 2024 nullum
854 2002 946 2024 tamen
966 1996 1047 2024 nobis
1062 1994 1190 2022 maeroris
1204 1993 1384 2021 leninientum
1399 1994 1543 2029 relinquis.

202 2043 271 2070 Ἀλλ’
285 2043 359 2069 οὐδὲν
383 2043 503 2070 τοιοῦτον
522 2043 546 2068 oi
573 2043 696 2068 πανόσιοι
732 2043 784 2077 τῆς
812 2043 949 2078 παρθένου

159 2090 321 2125 γεννήτορες
335 2087 425 2116 εἷπον·
441 2089 455 2115 ὃ
471 2089 503 2124 δὴ
527 2089 573 2114 καὶ
589 2088 788 2123 καταπλήξεως
807 2090 865 2115 ἐστι
879 2089 948 2123 πλῆ-

161 2144 218 2170 ρες,
234 2136 281 2162 καὶ
299 2135 348 2170 τῆς
363 2135 418 2162 τῶν
428 2135 540 2161 δικαίων
557 2134 667 2166 ἐπάξιον
687 2134 800 2169 ἀρετῆς.
817 2134 947 2169 Κατέόη-

158 2188 221 2208 σαν
235 2180 300 2216 γὰρ,
315 2181 408 2216 φησὶν,
424 2182 452 2208 οἱ
464 2180 562 2214 γονεῖς
574 2180 669 2214 αὐτῆς
683 2180 882 2214 θαυμάζοντες
897 2182 946 2208 καί

158 2226 315 2260 alr-cinae
331 2226 386 2253 τὸν
396 2226 479 2258 Θεὸν,
489 2225 534 2252 ὅτι
544 2226 600 2252 οὐκ
613 2225 790 2260 ἀπεστράφη
803 2226 877 2260 πρὸς
893 2228 946 2254 αὐ-

158 2272 241 2304 τούς.

1037 2041 1072 2069 At
1089 2040 1158 2067 nihil
1173 2039 1330 2075 hujusmodi
1349 2040 1514 2068 sanctissimi
1531 2039 1650 2075 Virginis
1665 2047 1806 2074 parentes-

998 2087 1144 2119 dixerunt;
1162 2085 1235 2121 quod
1257 2085 1352 2120 utique
1374 2090 1402 2113 et
1418 2087 1536 2113 maxime
1555 2087 1721 2122 stupendum
1737 2094 1792 2120 est,

997 2137 1026 2160 et
1047 2132 1146 2159 horum
1166 2132 1305 2166 justorum
1329 2131 1432 2159 virtute
1449 2132 1650 2167 dignissimum.
1679 2132 1792 2159 Descen-

997 2178 1092 2205 deram
1118 2178 1198 2209 enim,
1217 2177 1317 2212 inquit,
1344 2182 1466 2212 parentes
1492 2178 1549 2214 ejus
1577 2179 1742 2206 admirantes
1767 2184 1791 2206 et

999 2222 1136 2250 laudantes
1151 2223 1244 2257 Deum,
1257 2223 1383 2258 quoniam
1399 2231 1451 2250 non
1467 2227 1505 2251 est
1521 2232 1645 2252 conversa
1661 2225 1696 2251 ad
1710 2225 1792 2260 ipsos.

195 2317 259 2343 KE'.
274 2315 328 2343 Τοῦ
341 2317 489 2351 δεξαμένου
507 2316 561 2352 γάρ
586 2316 634 2343 καὶ
657 2317 869 2352 οίκειωσαμένου
884 2317 948 2344 ταύ-

1036 2311 1118 2339 ΧΠ.
1134 2311 1168 2338 Et
1193 2318 1259 2338 sane
1288 2310 1439 2346 pravalens
1457 2318 1535 2338 amor
1554 2312 1624 2347 ejus,
1640 2313 1686 2347 qui
1704 2312 1793 2347 ipsam

158 2369 210 2396 την
226 2363 240 2388 ὸ
267 2361 350 2393 πόθος
375 2361 529 2397 ὑπερτχὼν,
558 2361 605 2388 τοῦ
622 2363 676 2388 τῶν
692 2362 841 2393 τεκόντων,
861 2363 948 2389 καίτοι

159 2407 398 2442 τυραννικωτάτου
421 2407 518 2439 ὄντος,
543 2408 735 2443 κατεκράτησε
761 2408 884 2444 φίλτρου.
916 2409 948 2435 Ὢ

160 2453 259 2487 καινῆς
274 2452 322 2479 καὶ
338 2453 428 2487 πάσης
445 2453 583 2488 ἀνωτέρας
596 2454 761 2489 διανοήσεως
783 2454 912 2490 χάριτοςῑ
927 2453 949 2480 ὣ

159 2496 241 2530 ξένης
266 2496 313 2522 καὶ
335 2497 445 2531 ἀγωγῆς
471 2498 519 2523 καὶ
537 2498 714 2533 διαιτήσεωςι
743 2497 766 2524 ὣ
790 2498 878 2532 λόγων
893 2498 948 2525 τῶν

160 2543 280 2578 ἁρμόδια
294 2543 351 2574 τοῖς
367 2543 511 2578 πράγμασι
527 2544 562 2570 τὰ
578 2545 689 2579 ῥήματα
705 2544 947 2580 προϐαλλομένωνί

160 2586 184 2612 ὣ
197 2587 283 2622 νομῆς
302 2585 421 2621 ἐκείνης,
447 2587 480 2622 ἢν
496 2587 618 2622 ἡλογικὴ
632 2589 679 2615 καὶ
692 2588 806 2620 ἄσπιλος
823 2588 872 2624 τῆς
899 2589 950 2623 φὺ-

163 2641 233 2664 σεως
250 2632 427 2667 κατενεμήθη
445 2632 544 2667 ἀμνάς.

198 2722 253 2751 Ἦν
267 2723 332 2758 γὰρ,
352 2722 429 2757 φησὶ,
460 2721 576 2756 Μαριὰμ
601 2723 748 2757 νεμομένη
772 2723 807 2749 ἐν
833 2722 872 2756 τῷ
887 2723 950 2756 ναῷ

164 2770 283 2804 Κιρίου,
303 2768 375 2795 ὡσεί
394 2767 564 2801 περιστερὰ,
585 2768 633 2794 καί
663 2768 812 2802 ἐλάμϐανε
835 2769 952 2803 τροφὴν

165 2817 199 2843 ἐκ
214 2815 309 2850 χειρός
324 2814 464 2850 ἀγγέλου.
486 2813 596 2848 Ἐπειδὴ
610 2813 664 2849 γὰρ
679 2814 864 2848 ἁποδεδομένη
892 2815 950 2850 Θεῷ

167 2863 214 2888 καὶ
224 2862 272 2896 τῆς
288 2861 462 2895 ἀνθρωπίνης
477 2859 674 2894 ἀπηλλαγμένη
691 2860 869 2894 προστασίας,
882 2861 950 2894 μήτε

168 2908 221 2933 τῶν
244 2906 432 2941 γεννησάντων
457 2907 489 2941 τῇ
506 2905 644 2940 ἀναγκαίᾳ
657 2905 760 2939 ταύτης
774 2906 952 2932 ἐπιστατούν-

169 2961 222 2979 των
237 2951 328 2986 χρείᾳ,
349 2952 416 2986 μήτε
432 2951 485 2978 τῶν
505 2951 625 2986 γνησίων
649 2949 679 2976 τὸ
695 2949 872 2983 ὲφυστερίζον
884 2951 952 2976 ἀπο-

999 2361 1161 2392 susceperat
1188 2364 1322 2391 suamque
1341 2356 1455 2389 fecerat,
1470 2357 1599 2384 affectum
1618 2358 1644 2384 in
1665 2364 1797 2392 parentes

999 2405 1061 2430 utut
1085 2402 1369 2432 vehementissitnum.
1390 2409 1422 2429 ac
1442 2402 1611 2430 validissime
1632 2403 1792 2431 devincien-

1001 2453 1068 2480 tem,
1094 2447 1251 2482 longissime
1272 2447 1433 2475 excedebat.
1451 2447 1473 2475 0
1488 2455 1585 2475 noram
1610 2453 1692 2482 atque
1713 2450 1789 2476 omni

999 2493 1166 2528 cogitatione
1182 2493 1372 2520 sublimiorem
1390 2494 1520 2528 gratiam!
1536 2501 1553 2521 ο
1564 2495 1737 2529 peregrinam
1751 2495 1793 2522 vi-

1002 2538 1083 2565 vendi
1102 2538 1234 2566 rationem
1258 2545 1290 2566 ac
1304 2538 1494 2573 disciplinaml
1514 2547 1529 2566 ο
1552 2539 1739 2567 narrationem
1756 2540 1791 2568 iis

1001 2585 1094 2612 verbis
1107 2589 1273 2618 contextam,
1301 2592 1362 2619 qua:
1379 2586 1461 2612 rebus
1478 2585 1595 2612 maxime
1612 2587 1786 2620 congruunt!

1001 2637 1017 2657 ο
1034 2637 1165 2666 pascuum
1182 2630 1248 2657 illud
1264 2638 1319 2665 quo
1334 2630 1475 2657 rationalis
1494 2635 1522 2658 et
1542 2632 1716 2659 immaculata
1740 2640 1791 2660 na-

1002 2681 1069 2704 tura:
1085 2677 1211 2704 humanae
1223 2684 1292 2711 agna
1309 2677 1488 2712 pascebatur!

1038 2721 1198 2748 Pascebatur
1214 2723 1295 2754 enim,
1311 2722 1408 2757 inquit,
1425 2723 1514 2750 Maria
1527 2723 1553 2750 in
1566 2723 1662 2758 templo
1681 2723 1785 2750 Domini

999 2769 1064 2795 sicut
1086 2767 1215 2800 columba,
1239 2773 1263 2794 et
1288 2776 1373 2795 escam
1391 2777 1404 2795 ε
1426 2779 1506 2796 manu
1525 2770 1613 2805 angeli
1635 2771 1789 2804 accipiebat.

1002 2815 1151 2848 Postquam
1166 2813 1239 2839 enim
1256 2813 1364 2841 reddita
1380 2815 1436 2842 Deo
1455 2816 1516 2848 fuit,
1533 2821 1560 2843 ct
1573 2816 1691 2842 humana
1703 2817 1728 2843 ei
1740 2816 1789 2843 de-

1002 2860 1111 2886 ﬁciebat
1127 2859 1295 2891 sollicitudo,
1327 2860 1390 2894 quia
1419 2862 1524 2889 scilicet
1549 2870 1638 2897 neque
1661 2868 1789 2897 parentes

1001 2911 1095 2930 curam
1110 2911 1206 2930 eorum
1223 2911 1282 2937 qua:
1301 2905 1462 2938 quolitliano
1488 2907 1548 2934 usui
1581 2907 1734 2934 necessaria
1762 2907 1789 2934 ei

1003 2950 1101 2982 forent,
1119 2949 1146 2976 in
1161 2957 1190 2976 se
1207 2950 1324 2985 amplius
1350 2952 1547 2987 suscipiebant,
1567 2961 1654 2981 neque
1669 2953 1801 2986 cognati,
