2088 3159
284 233 333 266 631

935 234 1063 264 JACOBI
1087 234 1260 265 MONACHI
1573 266 1583 274 Ι
1852 232 1902 262 8ῧὲ

286 292 408 319 eitatcm.
427 291 460 318 At
478 298 536 323 nos,
553 298 585 318 ex
607 295 724 325 utroque
740 290 787 318 illo
802 290 947 325 splendore
972 290 1074 316 mican-

1131 289 1173 315 τοῦ
1187 290 1287 316 οίκεϊόν
1302 298 1332 316 σε
1348 290 1602 322 κατασκευάσαντος
1620 291 1696 327 ἡλίου
1711 291 1760 325 τῆς
1776 290 1913 318 δικαιοσύ-

288 337 361 363 tibus
373 335 458 362 radiis
475 335 613 367 illustrati,
630 335 656 362 in
673 336 730 370 ipsa
753 340 860 362 tuorum
883 334 1077 370 mysteriorum

286 380 474 416 promptuaria
494 381 609 416 plurima
628 381 689 408 luce
721 381 837 408 nitentia
861 381 1077 415 introspicimus,

284 432 312 454 et
328 427 400 454 Solis
420 427 545 462 justilim,
563 428 608 462 qui
633 432 659 454 te
685 435 764 454 suum
785 427 877 455 effecit
898 425 1079 458 domicilium,

286 475 439 510 fulgoribus
470 475 668 507 illuminamur,
688 475 714 502 in
736 475 845 503 Christo
867 474 931 502 Jesu
962 472 1080 500 Domino

1129 345 1178 370 νης
1204 336 1366 371 ἐνδιαίτημα
1393 336 1626 371 καταυγαζόμεθα
1657 336 1858 370 λαμπρότησιν,
1889 337 1917 362 Si.

1129 381 1240 415 Χριστῷ
1262 381 1361 416 Ἰησοῦ,
1386 381 1425 416 τῷ
1448 381 1544 416 Κυρίῳ
1571 381 1662 416 ἡμῶν,
1688 377 1710 414 ᾧ
1724 381 1824 416 πρέπει
1839 380 1918 415 τιμὴ,

1129 425 1203 458 δόξα,
1218 427 1265 453 σὺν
1276 427 1314 462 τῷ
1329 427 1416 462 “arpi.
1431 427 1528 462 καὶτῷ
1544 427 1612 461 ἁγίῳ
1635 426 1785 461 Πνεύματι,
1802 426 1850 452 νῦν
1869 428 1919 452 καὶ

1131 473 1175 499 ἀεὶ
1192 473 1238 499 καὶ
1248 474 1288 503 εἰς
1299 474 1362 504 τοὺς
1375 473 1476 504 αἰῶνας
1490 474 1545 500 τῶν
1562 473 1678 500 αίώνων.
1699 473 1796 508 Ἀμήν.

287 527 390 554 nostro,
403 530 484 558 quem
503 523 591 550 honor
606 522 686 550 decet
708 527 736 549 et
751 523 835 558 gloria
850 529 913 549 cum
940 521 1020 549 Patre
1047 524 1076 548 et
1096 520 1198 555 Spiritu
1220 525 1313 548 sancto
1349 528 1422 548 nunc
1459 525 1486 548 et
1511 528 1620 556 semper
1642 525 1671 548 et
1696 520 1724 547 in
1747 520 1845 548 saecula
1869 528 1920 547 sa:-

287 570 421 597 eulorum.
440 570 538 596 Amen.

588 637 718 665 ORAT'iO
733 637 777 665 IV.

290 695 322 722 In
342 694 522 722 Samu’ssimw
545 694 666 728 Deipam
685 693 931 724 Annunliationem,
956 701 969 720 ε
993 693 1075 719 sacris

524 729 668 764 Scripturis
696 729 846 763 desumpta.

324 796 342 824 Ι.
373 796 486 824 Gaudeo
516 796 650 824 hodierna
673 797 729 830 die,
747 797 812 832 quia
834 795 962 832 gaudium
986 803 1076 823 meum

287 850 336 877 per
356 843 509 869 solemnem
533 847 701 870 conventum
730 843 856 876 celebro;
872 842 988 878 gaudeo,
1003 842 1077 878 quod

287 896 336 923 ago
351 888 448 915 festum
462 888 561 916 laetitia:
577 897 658 922 meae;
674 889 790 924 gaudeo,
805 889 871 924 quia
884 889 970 916 totius
981 888 1075 915 mundi

287 933 398 971 gloriam
416 934 487 961 ulnis
498 934 666 968 amplector;
680 935 798 969 gaudeo,
813 935 878 968 quia
900 940 1075 961 communem

1444 633 1553 660 ΛΟΓΟΣ
1569 632 1605 659 Δ’.

1125 693 1177 725 Εὶς
1193 691 1246 719 τὸν
1261 690 1483 725 silanum/1dr
1500 689 1556 725 τῆς
1572 690 1734 725 erupui-lag-
1748 689 1918 725 ‘esardxcv.

1247 723 1384 759 diuisi-ek;
1400 725 1460 753 ἀπὸ
1479 724 1540 752 τῶν
1553 724 1640 752 θείων
1654 723 1794 758 Γραφῶν.

1161 793 1201 820 Δ¹.
1217 793 1312 828 Χαίρω
1340 801 1470 828 σημερον,
1498 793 1548 826 τὴν
1563 791 1633 826 ἐμὴν
1658 792 1855 827 πανηγυρίζων
1867 801 1920 827 χα-

1127 838 1178 874 ράν
1191 846 1198 852 ·
1213 838 1311 872 χαίρω,
1331 837 1380 870 τὴν
1397 838 1468 871 ἐμὴν
1486 836 1624 872 ἑορτάζων
1647 836 1837 871 εὐφροσύνην·
1859 838 1922 872 χαί-

1132 893 1181 918 ρω,
1194 884 1243 919 τὴν
1259 883 1432 917 παγκόσμιον
1449 882 1702 917 περιπτυσσόμενος
1710 881 1790 915 δόξαν
1800 891 1807 898 ο
1819 883 1918 919 χαίρω,

1130 931 1180 965 τὴν
1206 929 1298 964 κοινὴν
1323 928 1513 962 ἀσπαζόμενος
1543 927 1724 962 ἀγαλλίασιν·
1749 928 1847 962 χαίρω,
1870 928 1923 962 τῆς

287 980 409 1006 omnium
424 979 638 1006 exsultationem
663 980 768 1014 saluto;
786 981 903 1015 gaudeo,
920 980 992 1015 quod
1009 979 1075 1006 mihi

1131 978 1198 1012 ἀρᾶς
1213 977 1262 1012 τὴν
1283 975 1415 1002 ἀπὸθεσιν
1437 974 1618 1009 κομιζόμενος
1628 981 1635 988 θ
1658 973 1757 1009 χαίρω.
1770 974 1819 1009 τῆς
1833 976 1922 1010 xapi;

287 1026 428 1060 conlingat
461 1026 680 1053 maledictionem
714 1034 832 1060 exuere;
867 1026 982 1062 gaudeo,
1004 1026 1077 1061 quod

288 1080 360 1098 novo
388 1071 489 1098 lattiliae
516 1071 678 1098 indumento
712 1072 835 1104 vestior;
867 1072 984 1107 gaudeo,
1013 1072 1077 1107 quia

287 1117 492 1151 corruptionem
507 1117 648 1152 conspicio
662 1117 836 1145 deficientem
850 1126 857 1149 ;
874 1118 991 1153 gaudeo,
1013 1118 1077 1152 quia

290 1161 406 1196 proponi
423 1161 640 1196 incorruptionis
656 1162 766 1196 praemia
782 1162 943 1195 considero;
960 1162 1076 1197 gaudeo,

288 1206 352 1240 quia
383 1205 558 1233 hiereditario
588 1206 695 1233 relevor
724 1207 930 1241 prolnparentis
960 1206 1075 1240 debito;

288 1251 406 1284 gaudeo,
430 1251 494 1285 quia
518 1251 691 1285 spiritualem
715 1259 872 1286 consequor
901 1251 1076 1284 libertatem;

290 1296 406 1330 gaudeo,
432 1296 495 1330 quia
523 1295 672 1331 adoptione
707 1295 826 1322 filiorum
856 1295 902 1322 Dei
931 1296 1078 1331 perfruar;

291 1339 407 1375 gaudeo,
429 1341 493 1374 quia
518 1348 571 1367 una
591 1348 652 1367 cum
671 1339 763 1374 gaudii
786 1339 908 1366 auctrice
925 1340 1032 1374 epulor,
1050 1342 1078 1366 in

291 1386 370 1421 cujus
385 1385 467 1412 etiam
484 1389 635 1420 conspectu
653 1385 819 1412 sacratiores
834 1385 938 1412 ducens
951 1386 1078 1418 choreas,

290 1431 490 1460 eucharisticos
507 1431 558 1466 ipsi
572 1431 689 1466 hymnos
702 1431 829 1464 decanto,
849 1431 965 1467 nuptiali
978 1432 1079 1459 lmtitia:

291 1479 402 1514 plaudo,
415 1486 446 1505 ac
458 1478 550 1506 verbis
559 1478 623 1505 boni
638 1478 738 1505 ominis
748 1478 874 1513 nuptiale
885 1484 989 1506 scrtum
1005 1483 1078 1507 texo.

327 1524 360 1552 ll.
389 1518 500 1552 Etenim
532 1523 667 1551 hodierna
694 1523 739 1551 die
767 1523 949 1560 iutelligibilis
981 1525 1026 1552 hic
1052 1529 1081 1552 et

294 1579 403 1598 summo
436 1571 542 1598 honore
559 1570 770 1605 prosequendus
787 1570 934 1603 thalamus,
952 1571 1079 1598 nuntium

294 1617 399 1653 mystici
415 1609 496 1651 atque
518 1617 665 1644 ineffabilis
683 1617 813 1644 connubii
831 1617 980 1651 accipiens,
997 1618 1079 1645 simul

1129 1024 1178 1057 τὴν
1205 1023 1336 1056 ἁμφίεσιν
1371 1020 1575 1055 καινιζόμενος·
1600 1020 1701 1054 χαίρω,
1729 1020 1781 1055 τὴν
1815 1020 1920 1055 φθορὰν

1130 1069 1328 1104 ὲκμειουμένην
1345 1067 1464 1102 συνορῶν
1479 1075 1484 1082 ·
1500 1066 1598 1102 χαίρω,
1617 1066 1667 1101 τὴν
1681 1065 1836 1100 ἀφθαρσίαν
1852 1066 1921 1102 βρα-

1130 1114 1282 1149 ϐευομένην
1297 1113 1437 1140 κατανοῶν
1449 1121 1456 1128 ·
1476 1112 1574 1148 χαίρω,
1597 1111 1644 1138 τοῦ
1667 1112 1834 1146 προγονικοῦ
1850 1113 1922 1138 ἁπο-

1129 1161 1258 1195 λυόμενος
1281 1159 1392 1194 χρέους’
1421 1157 1520 1193 χαίρω,
1549 1158 1599 1193 τῆς
1626 1157 1818 1191 πνευματικῆς
1838 1166 1923 1191 μετα-

1129 1206 1274 1241 λαμϐάνων
1286 1203 1460 1239 ἐλευθερίας·
1484 1202 1582 1237 χαίρω,
1603 1201 1653 1236 τῆς
1665 1201 1834 1236 Δεσποτικῆς
1853 1202 1924 1227 ἁπο-

1129 1253 1218 1280 λαύων
1230 1252 1382 1282 υἱοθεσίας·
1401 1250 1500 1285 χαίρω,
1517 1249 1567 1283 τῆς
1581 1249 1667 1283 χαρᾶς
1683 1248 1923 1283 συνευωχούμενος

1129 1301 1162 1334 τῇ
1177 1298 1262 1334 αἰτίᾳ.
1276 1295 1308 1330 ἧς
1325 1296 1373 1323 καὶ
1398 1296 1451 1331 πρὸ
1471 1294 1618 1330 προσώπου
1642 1293 1848 1329 μυστικιῦτερον
1873 1303 1922 1327 χο-

1132 1345 1228 1380 ρειὶων1
1247 1342 1441 1378 χαριστηρίους
1456 1341 1524 1375 αὐτῇ
1542 1340 1606 1371 τοὺς
1622 1339 1724 1374 ὕμνους
1739 1339 1842 1374 ὲπᾲδω,
1859 1340 1922 1365 ἐπι-

1131 1392 1264 1426 θαλάμιον
1281 1390 1330 1424 τὴν
1347 1388 1519 1423 εὐφροσύνην
1537 1386 1637 1422 κροτῶ,
1655 1386 1796 1422 νυμφικὴν
1812 1385 1861 1421 τὴν
1877 1386 1924 1412 ει)-

1132 1447 1168 1473 φη
1174 1438 1239 1473 μίαν
1256 1437 1360 1463 πλέκω.

1167 1523 1204 1550 B'.
1222 1523 1346 1558 Σήμερον
1369 1522 1425 1557 γὰρ
1450 1521 1563 1556 ήνοητὴ
1585 1521 1630 1547 καὶ
1646 1521 1828 1555 πολυτίμητος
1851 1519 1923 1553 αὕτη

1133 1570 1249 1600 παστὰς,
1275 1567 1322 1594 τοῦ
1337 1567 1470 1603 μυστικοῦ
1488 1567 1535 1593 καὶ
1557 1567 1715 1602 ἀπορρήτου
1731 1565 1923 1599 συναλλάγμα-

1133 1624 1178 1646 τος
1194 1615 1224 1642 τὸ
1241 1615 1354 1650 μήνυμα
1381 1612 1527 1647 δεξαμένη,
1558 1611 1607 1637 σὺν
1634 1610 1708 1645 αὐτῷ
1733 1610 1779 1636 τον
1805 1610 1923 1644 νυμιρίον

295 1671 357 1690 eum
373 1663 432 1698 ipso
444 1671 574 1698 sponsum
591 1663 699 1691 ratione
712 1664 851 1690 mentibus
861 1663 995 1698 impervia
1008 1663 1079 1691 exci-

1134 1661 1205 1695 ὑπὲρ
1221 1648 1324 1686 ἔννοιαν
1338 1658 1456 1693 δέχεται,
1473 1657 1521 1683 καὶ
1547 1656 1682 1692 κυοφόρος
1696 1656 1713 1690 ἡ
1739 1655 1857 1690 ἅφθορος
1873 1654 1922 1680 τοῦ

295 1711 333 1744 pit
346 1719 353 1743 ;
368 1715 396 1738 et
413 1710 570 1744 incorrupta
586 1710 759 1738 inhabitante
775 1709 890 1745 (Verbo)
904 1710 969 1738 foeta
979 1710 1082 1738 evadit.

295 1756 382 1784 llodie
413 1756 544 1791 palatium
570 1756 728 1792 mysticum,
757 1756 935 1784 inenarrabili
964 1756 1084 1791 puritate

294 1807 456 1830 exornatum
479 1803 547 1837 (58),
565 1810 639 1835 eum,
656 1803 703 1838 qui
721 1803 858 1830 universis
871 1802 1041 1835 dominatur,
1055 1807 1084 1831 et

295 1854 436 1876 creaturas
448 1857 545 1877 omnes
560 1849 695 1881 continet,
711 1848 875 1876 mirabiliter
887 1849 962 1876 intus
973 1849 1082 1884 recipit.

295 1895 381 1922 llodie
393 1895 493 1922 malum
506 1895 631 1922 onmium
645 1895 873 1922 sublimissimum
886 1900 967 1930 atque
979 1895 1083 1922 anima-

295 1945 351 1968 tum
379 1941 484 1968 ratioue
506 1941 589 1968 nullis
608 1941 784 1968 sermonibus
806 1942 979 1976 assequenda
1001 1941 1028 1968 in
1054 1949 1083 1968 se

294 1986 465 2013 incarnatum
480 1986 556 2013 illum
571 1987 704 2018 continet,
718 1986 764 2020 qui
778 1986 872 2013 cwliuu
886 1987 1002 2012 extendit
1013 1987 1081 2013 sicut

293 2030 388 2064 pellem
408 2030 440 2063 ³⁷,
469 2030 614 2065 ipsumque
641 2030 674 2057 ad
701 2035 840 2058 extremos
867 2032 1082 2065 circumquaque

295 2076 430 2102 terminos
441 2075 512 2102 sicut
525 2076 674 2103 tentorium
688 2076 810 2104 deducit.
827 2077 912 2104 llodie
927 2083 981 2103 tota
993 2077 1083 2104 lucida

294 2121 339 2150 illa
351 2121 450 2152 nubes,
459 2121 574 2155 justitiae
587 2121 679 2148 Solem
690 2121 753 2147 sinu
764 2129 815 2148 suo
829 2129 938 2155 gerens,
956 2122 1084 2150 nitentis-

294 2167 380 2194 simos
395 2171 532 2193 terrarum
549 2166 610 2194 orbi
628 2166 719 2193 radios
732 2167 874 2202 expandit.
889 2167 975 2194 Hodie
988 2176 1082 2194 verum

294 2212 361 2239 illud
385 2213 589 2240 tabernaculum
615 2213 800 2247 legislatorem
817 2220 871 2240 non
895 2221 944 2248 per
962 2214 1082 2249 symbola

293 2262 321 2286 et
337 2258 447 2293 figuras,
463 2258 521 2290 Sed,
537 2263 617 2293 prout
629 2258 694 2285 huic
708 2259 883 2294 complacuit,
894 2259 1084 2287 substantiali-

294 2308 335 2330 ter
345 2302 464 2337 hospilio
474 2302 585 2339 exaipit,
596 2309 623 2331 et
636 2303 862 2339 universislegem
872 2304 990 2337 Spiritus
1000 2312 1085 2331 enun-

294 2349 352 2376 tiat.
368 2348 454 2384 Hodie
465 2357 534 2377 urna
548 2349 604 2381 illa,
616 2358 650 2377 ex
661 2358 728 2376 auro
738 2349 832 2385 gratia-
849 2349 996 2377 fabrefacta
1015 2350 1081 2385 (39).

293 2395 405 2422 cmleste
433 2394 460 2421 in
487 2403 516 2422 se
542 2403 641 2423 manna
670 2395 842 2427 recondens,
878 2396 1082 2423 immaculatum

294 2441 423 2468 ﬁdelibus
446 2441 607 2469 alimentum
633 2442 772 2477 proponit.
796 2441 818 2468 0
838 2449 896 2469 rem
921 2443 1036 2469 novaml
1060 2442 1082 2469 Ο

328 2510 348 2526 ³⁷
359 2509 430 2537 Psal.
441 2517 497 2541 cm,
507 2509 525 2536 ‘2

330 2587 385 2622 (38)
408 2586 476 2614 Vide
494 2586 632 2621 singulare
651 2587 775 2621 puritatis
800 2587 890 2614 Maria
910 2588 1080 2615 encomium.

292 2624 360 2651 Nam
375 2629 460 2656 quum
476 2622 748 2658 praerogatiuaqum
762 2622 900 2655 Virginem
918 2631 968 2650 ceu
983 2631 1032 2658 par
1047 2624 1080 2650 ad

295 2665 428 2686 aeternum
443 2665 533 2691 legem
549 2656 737 2691 reeipiendum
753 2657 882 2689 palatium
897 2656 1079 2690 exornabant,

292 2698 319 2721 et
335 2693 459 2727 plurimae
472 2696 573 2722 c55ent,
589 2700 621 2718 ac
637 2691 814 2718 nobilissima:
824 2700 856 2719 ex
870 2700 949 2726 aequo
965 2701 1078 2724 omnes;

293 2729 350 2757 sola
370 2732 459 2754 tamen
479 2727 584 2757 nui-itas
601 2731 843 2757 commemoratur,
863 2729 940 2762 quasi
960 2727 1015 2754 haec
1032 2730 1079 2754 aut

293 2763 350 2790 sola
371 2767 418 2788 aut
433 2766 508 2788 certe
525 2769 579 2795 prze
603 2762 665 2788 aliis
683 2761 794 2794 dignum
816 2763 872 2789 Deo
890 2762 1076 2789 habitaculum

295 2798 369 2824 illam
384 2796 518 2823 ellecerit.
534 2796 613 2829 Atqui
630 2796 765 2822 absonum
782 2804 904 2830 prorsus,
919 2802 948 2823 ut
964 2797 1077 2831 reliquis

295 2831 488 2866 praetermissis
504 2831 561 2857 sola
578 2832 683 2865 purilas
698 2831 864 2863 celebretur,
881 2831 933 2858 nisi
950 2833 1006 2858 haec
1020 2832 1076 2866 ipsa

296 2867 410 2893 aliarum
426 2867 559 2892 virtutum
583 2866 757 2900 splendorem
777 2866 837 2893 luce
855 2874 903 2893 sua
923 2871 969 2893 aut
987 2868 1076 2893 vincat

295 2906 342 2927 ant
355 2900 450 2927 salleni
465 2904 608 2934 exaequet:
626 2900 726 2926 nedum
739 2906 830 2927 autem
847 2902 967 2931 vincere,
981 2902 1027 2927 sed
1044 2910 1078 2928 ne

297 2942 438 2969 umquam
454 2935 566 2969 quidem
581 2935 747 2969 reliquarum
763 2936 892 2963 virtutum
907 2936 987 2971 jubar
1003 2937 1078 2971 puri-

1134 1706 1324 1742 ὲνοικήσαντος
1334 1705 1450 1738 γίνεται.
1470 1703 1596 1738 Σήμερον
1607 1702 1637 1728 τὸ
1650 1701 1781 1737 μυστικὸν
1791 1701 1924 1727 παλάτιον

1134 1753 1230 1787 ἀφάτῳ
1245 1751 1412 1785 καθαρότητι
1439 1748 1659 1783 κεκοσμημένον,
1682 1747 1728 1773 τὸν
1751 1746 1861 1781 βασιλέα
1874 1745 1924 1771 τοῦ

1134 1799 1235 1828 παντὸς
1258 1797 1304 1823 καὶ
1321 1795 1436 1830 συνοχέα
1455 1795 1504 1829 τῆς
1520 1793 1633 1824 κτίσεως
1650 1792 1810 1827 παραδόξως
1837 1790 1924 1817 εἰσδέ-

1134 1852 1222 1879 χεται.
1247 1843 1373 1877 Σήμερον
1389 1841 1403 1867 ὁ
1419 1840 1573 1874 ὑπέρτατος
1590 1839 1638 1865 καὶ
1663 1838 1783 1872 ἔμψυχος
1809 1835 1924 1870 οὐρανὸς

1134 1894 1190 1920 τὸν
1207 1892 1383 1919 ἐκτείναντα
1397 1889 1450 1915 τὸν
1466 1887 1598 1921 οὐρανὸν
1613 1885 1684 1913 ὡσεὶ
1698 1886 1810 1919 δέῥριν,
1823 1884 1870 1911 καὶ
1885 1883 1924 1914 ὡς

1137 1939 1239 1973 σκηνὴν
1263 1935 1346 1963 αὑτὸν
1373 1933 1601 1970 περιαγαγόντα,
1625 1931 1811 1967 σαρκούμενον
1835 1931 1925 1965 ἀπορ-

1136 1984 1225 2019 ῥήτως
1242 1981 1358 2015 συνέχει.
1375 1980 1497 2014 Σήμερον
1513 1977 1676 2012 ήόλόφωτος
1693 1976 1802 2010 νεφέλη,
1816 1975 1860 2001 τὸν
1873 1976 1924 2009 τῆς

1134 2028 1306 2062 δικαιοσύνης
1313 2027 1388 2062 ⁴ἣλιον
1397 2023 1642 2058 ἐγκολπωσαμένη,
1653 2021 1769 2056 φαιδρὰς
1779 2021 1816 2054 τῷ
1827 2019 1925 2053 κόσμῳ

1134 2075 1183 2106 τὰς
1217 2072 1401 2109 μαρμαρυγὰς
1436 2069 1587 2102 ὲξήπλωσε.
1615 2068 1739 2102 Σήμερον
1769 2067 1784 2101 ἡ
1809 2065 1925 2100 ἀληθινὴ

1136 2119 1233 2155 σκηνὴ.
1248 2119 1278 2145 οὐ
1303 2118 1346 2143 διὰ
1361 2115 1503 2150 συμϐόλων
1522 2114 1568 2140 καὶ
1584 2113 1678 2139 τύπων
1691 2114 1736 2139 τὸν
1764 2112 1924 2147 νομοδότην,

1135 2165 1213 2196 ἀλλὰ,
1239 2164 1277 2194 ὡς
1294 2162 1375 2193 αὐτὸς
1399 2161 1562 2195 ηὐδόκησεν,
1590 2158 1730 2189 οὺσιιυδῶς
1759 2158 1923 2191 είσδέχεται,

1097 2227 1123 2256 D
1137 2212 1184 2237 καὶ
1197 2211 1264 2237 πᾶσι
1281 2209 1326 2235 τὸν
1345 2207 1392 2234 τοῦ
1410 2207 1568 2240 Πνεῦματος
1586 2205 1739 2239 διαγορεύει
1752 2203 1844 2238 νόμον.
1869 2204 1924 2238 Σή-

1137 2265 1220 2292 μερον
1232 2257 1249 2290 ἡ
1259 2256 1291 2290 τῇ
1304 2254 1395 2290 χάριτι
1406 2252 1602 2288 κεχρυσωμένη
1619 2253 1748 2285 στάμνος,
1757 2250 1786 2276 τὺ
1798 2249 1924 2283 οὐράνιον

1132 2301 1319 2338 ταμιευομένη
1336 2301 1434 2335 μάννα,
1449 2299 1505 2329 τοῖς
1517 2298 1622 2327 πιστοῖς
1637 2296 1685 2331 τὴν
1703 2296 1842 2330 ἀκήρατον
1857 2303 1923 2329 προ-

1132 2350 1222 2384 τίθησι
1240 2348 1353 2383 τροφήν.
1380 2346 1411 2372 Ὢ
1424 2344 1519 2371 καινοῦ
1532 2342 1713 2378 πράγματοςί
1731 2340 1753 2367 ὣ
1771 2341 1849 2375 ξένης
1861 2348 1923 2366 συν-

1132 2395 1256 2430 δρομῆςί
1281 2393 1333 2419 Δύο
1363 2390 1434 2418 κατὰ
1458 2388 1574 2420 ταύτὸν,
1603 2387 1774 2417 ἀπεναντίως
1796 2385 1923 2421 ἀλλήλοις

1131 2442 1240 2476 ἔχοντα,
1255 2441 1294 2472 εἰς
1310 2439 1340 2465 τὸ
1355 2437 1442 2472 παρὸν
1459 2434 1584 2471 συνῆλθε,
1596 2433 1669 2469 χαρὰ
1686 2433 1734 2460 καὶ
1747 2432 1805 2465 δέος
1815 2440 1822 2448 ⁸
1849 2432 1923 2468 χαρὰ

1134 2594 1175 2618 tas
1189 2595 1291 2625 posset.
1308 2590 1351 2617 cui
1367 2589 1431 2616 olim
1449 2588 1605 2625 turpissima
1620 2586 1725 2625 peccati
1740 2586 1816 2625 labes
1830 2585 1921 2625 offusa

1133 2620 1214 2652 fore].
1230 2626 1340 2652 Purilas
1355 2633 1433 2658 ergo,
1449 2620 1510 2661 qua;
1527 2620 1816 2661 dignam‘De‘osedcm
1831 2620 1922 2661 Virgi-

1133 2668 1195 2687 nem
1214 2660 1328 2695 paravit,
1348 2657 1521 2695 puritasfuit
1538 2657 1660 2692 cujusvis
1680 2657 1750 2683 labis
1765 2657 1868 2695 nescia.

1168 2694 1224 2729 (59)
1242 2695 1359 2721 Pulchre
1378 2694 1463 2728 gratia
1479 2698 1656 2729 comparatur
1668 2694 1924 2729 a_uro,Arei_neiupc

1134 2726 1348 2764 pretiosissima,
1363 2726 1445 2764 atque
1462 2726 1632 2755 nobilissimo
1648 2726 1770 2760 cujusvis
1781 2726 1819 2752 rei
1835 2733 1920 2751 orna-

1134 2763 1236 2791 mento.
1258 2765 1292 2791 At
1307 2773 1360 2790 non
1380 2766 1472 2790 minus
1490 2763 1604 2798 pulchre
1621 2763 1722 2798 inirem
1743 2765 1868 2798 nostram
1886 2768 1922 2786 ex

1131 2800 1265 2833 ejusmodi
1279 2808 1346 2826 auro
1362 2795 1510 2835 fabrefacta
1531 2798 1614 2824 Maria
1632 2797 1745 2835 dicitur:
1763 2795 1829 2821 Nam
1848 2796 1869 2821 si
1887 2803 1922 2821 ex

1130 2835 1225 2869 gratia:
1237 2843 1305 2861 auro
1318 2834 1468 2861 fabrefacta
1485 2839 1539 2864 est,
1555 2840 1619 2867 ergo
1632 2839 1686 2858 non
1704 2838 1778 2869 prius
1791 2837 1850 2869 esse
1864 2837 1924 2855 ea:-

1132 2865 1181 2903 pit,
1195 2878 1275 2904 quam
1294 2870 1379 2904 gratia
1398 2865 1596 2900 exornaretur;
1610 2873 1702 2901 atque,
1722 2871 1751 2892 nt
1766 2866 1801 2891 ita
1818 2865 1923 2897 dicam,

1129 2913 1162 2931 ex
1181 2906 1263 2940 gratia
1283 2909 1430 2932 constaret.
