2088 3159
197 204 249 234 635

847 208 863 238 J
868 207 978 239 ACOBI
999 209 1171 241 MONACHI

1765 219 1816 250 636

198 271 300 298 mundo
321 279 370 299 sua
394 272 477 299 tribui
498 277 659 300 ornamenta
679 282 686 300 :
705 273 821 308 imperio
841 281 902 301 meo
925 273 983 301 uni-

1041 266 1096 300 ἐγὼ
1112 267 1158 294 τὸν
1176 267 1288 294 διπλοῦν
1310 269 1436 304 ὴμφὶασα
1463 271 1565 306 κόσμον
1577 280 1584 288 ·
1609 273 1662 308 ἐμῇ
1677 275 1825 309 προστάξει

198 318 269 345 versi
298 318 524 346 intellectualium
557 319 730 346 exercituum
760 320 874 347 ordines
902 322 986 348 creati

197 369 262 390 sunt
281 364 377 398 :jussu
395 371 456 391 meo
468 364 569 391 malum
584 365 660 391 vario
675 369 813 392 astrorutn
826 365 896 393 nitet
907 374 988 394 orna-

198 412 251 436 tu:
280 409 452 443 providentia
477 417 536 436 mea
561 409 642 437 tellus
667 410 783 438 ﬂoribus
808 411 954 439 redimitur
978 421 985 440 :

196 462 230 482 ex
253 463 295 482 me
312 461 354 482 est
372 455 462 482 omnis
480 456 660 483 animantium
675 457 731 484 vita
747 467 754 485 :
768 465 829 492 ego,
846 459 915 486 meis
929 459 986 493 ipse

198 500 326 528 manibus
349 509 412 528 cum
436 501 470 528 ad
495 502 640 537 imaginem
660 510 747 530 meam
769 503 910 530 hominem
927 504 986 538 pla-

198 553 343 577 smassem,
361 547 496 578 omnium,
513 555 574 581 qua:
588 555 670 582 super
688 552 790 575 terram
805 553 878 581 sunt,
897 549 986 576 domi-

198 599 263 619 num
291 600 439 627 regemque
466 593 543 620 illum
564 594 740 628 proclamavi.
756 593 835 622 Hunc
852 600 986 630 tyrannus

197 646 260 664 cum
271 643 469 673 expugnasset,
479 647 494 666 e
508 647 593 674 regno
606 640 784 668 deturbavit:
801 641 874 669 hunc
886 642 986 677 dejecit

196 690 212 709 e
237 683 394 718 principatu
422 692 430 710 :
457 689 535 718 parta
559 684 593 712 de
617 685 676 719 ipso
696 685 810 713 victoria
840 687 984 722 gloriatur.

197 727 345 762 Propterea
360 735 417 755 sua:
429 735 492 755 eum
506 728 633 764 dignitati
652 737 711 757 mea
729 731 844 766 ipsemet
859 739 983 766 praesen—

199 772 236 799 tia
248 773 358 800 decrevi
371 773 520 802 restituere
536 774 870 810 :dispcnsationemhanc
896 785 984 805 meam

197 819 360 854 jampridem
381 819 521 854 pollicitus
548 828 609 848 sum
636 829 686 856 per
712 822 861 857 prophetas
883 833 889 850 :
914 823 986 853 hanc

199 870 229 892 ut
253 866 281 892 in
307 873 377 899 opus
394 866 540 899 deducam,
562 875 640 896 meus
666 876 709 895 me
726 873 805 904 urget
827 870 987 898 misericors

197 919 285 937 amor.
314 911 341 938 ln
357 912 450 939 animo
477 913 544 940 mihi
568 918 621 946 est,
648 915 772 942 homines
795 916 873 943 vobis
895 917 985 944 socios

197 957 345 992 adjungere
363 967 370 985 τ
387 965 437 992 par
458 965 510 991 est,
537 965 567 986 ut
588 967 659 987 unus
684 960 766 987 simul
794 961 828 987 ab
853 962 982 988 omnibus

196 1010 312 1030 concors
329 1003 421 1038 gloria:
437 1004 555 1040 hymnus
572 1005 637 1032 milii
653 1005 796 1033 olferatur.
814 1007 894 1034 Nulla
913 1007 983 1034 mihi

198 1047 280 1082 hujus
296 1048 406 1076 unionis
425 1049 546 1082 invidia;
563 1054 591 1077 et
607 1059 656 1078 vos
673 1051 747 1078 enim
764 1051 867 1079 invidia
884 1060 986 1080 vacuos

198 1093 291 1120 creavi
317 1095 449 1129 :gaudeo
475 1095 510 1123 de
537 1096 656 1131 (eorum)
681 1097 868 1129 exaltatione;
887 1103 916 1125 et
933 1097 985 1132 ipsi

197 1138 233 1166 de
248 1139 388 1167 voluntate
403 1149 463 1168 mea
475 1142 655 1177 congaudete.
669 1142 728 1170 Tua
743 1143 810 1177 hate,
825 1151 842 1171 ο
861 1143 986 1176 Gabriel.

196 1183 229 1210 ad
256 1184 316 1212 illos
339 1184 494 1218 descensio,
511 1194 609 1214 eorum
631 1188 664 1214 ad
690 1195 740 1215 vos
762 1189 931 1217 ascensionis
947 1189 986 1217 si-

196 1237 280 1264 gnum
292 1233 346 1257 est.

233 1274 274 1301 'l‘u
305 1276 396 1310 itaque
429 1276 516 1306 vade.
548 1278 678 1312 mysterio
712 1277 913 1310 l'amulaturus:
945 1280 985 1307 illi

197 1325 289 1347 autem
309 1328 393 1355 penes
411 1329 441 1349 se
462 1330 523 1349 eam
542 1323 655 1354 habent,
675 1332 756 1358 quam
774 1326 807 1352 ad
827 1327 868 1352 sui
887 1326 985 1360 imple—

197 1370 321 1393 mentum
337 1367 498 1402 mysterium
519 1369 649 1402 postulat,
666 1378 747 1405 quam
766 1370 794 1397 in
807 1377 981 1398 antecessum

197 1412 230 1440 ad
261 1413 335 1439 hunc
365 1414 446 1440 linem
480 1415 648 1449 praeparavi,
679 1415 857 1449 purissimum
893 1423 985 1443 meum

196 1459 390 1491 diversorium,
404 1460 577 1494 impollutnm
588 1461 770 1494 domicilium,
781 1461 985 1489 immaculatum

201 1505 365 1539 hospitium,
394 1506 555 1532 thesaurum
587 1506 653 1533 mibi
683 1506 820 1534 universis
849 1507 986 1534 creaturis

197 1551 388 1584 pretiosiorem
409 1552 477 1586 (42).
495 1551 617 1586 Require
633 1552 717 1583 illam,
730 1559 747 1578 o
763 1551 883 1582 Gabriel,
900 1559 986 1586 quam

195 1601 260 1624 ante
275 1597 467 1632 generationes
479 1604 575 1624 omnes
590 1597 624 1624 ad
640 1597 694 1625 hoc
709 1598 776 1625 mibi
792 1598 887 1633 selegi,
901 1605 984 1632 quam

195 1641 411 1676 dispensationis
444 1641 528 1676 hujus
559 1648 640 1669 causa
674 1642 878 1677 praedestinavi.
908 1642 985 1670 Hanc

195 1687 392 1722 prophetarum
422 1694 547 1714 meorum
588 1687 692 1716 chorus
730 1688 838 1723 magnis
871 1688 986 1716 vocibus

195 1733 391 1768 prmnuntiavit
407 1741 415 1760 :
436 1741 486 1768 per
503 1733 574 1760 hanc
601 1733 760 1761 mortalium
775 1741 862 1768 genus
888 1733 984 1761 denuo

199 1787 314 1814 regnum
346 1779 490 1815 proprium
515 1779 720 1806 restituendum
748 1783 850 1814 sperat.
882 1780 910 1807 ln
941 1780 986 1806 illa

195 1825 254 1860 ipse
268 1825 389 1860 glorior;
415 1825 490 1852 illius
513 1832 564 1860 ego
584 1825 705 1860 puritate
732 1825 873 1859 delector;
905 1826 985 1861 plane

194 1879 243 1906 par
258 1877 310 1903 est,
329 1876 359 1899 ut
380 1871 450 1899 hanc
479 1879 530 1906 ego
560 1871 725 1904 inhabilem,
756 1880 901 1907 meamque
921 1871 982 1900 em-

192 1917 264 1945 ciam
287 1921 402 1945 matrem
429 1917 499 1952 (43),
522 1925 554 1945 ac
576 1925 633 1952 pra:
654 1923 745 1945 vestra
762 1924 859 1945 natura
876 1919 984 1946 honore

193 1971 319 1998 augeam.
344 1963 419 1991 Vade
441 1962 536 1999 igitur,
557 1967 586 1990 et
607 1963 761 1991 admirandi
787 1964 872 1999 hujus
891 1963 985 1998 operis

192 2013 253 2036 esto
277 2008 403 2036 tuinistcr
419 2017 427 2035 :
447 2013 575 2044 perge,et
592 2009 695 2044 inspice
711 2009 862 2036 thalamum
879 2017 983 2042 meum,

193 2053 350 2080 columbam
363 2052 454 2079 omnis
464 2057 607 2087 expertem
620 2053 729 2080 malitiae
740 2054 807 2088 (44),
822 2054 984 2081 rationalem

192 2106 302 2132 agnam,
321 2105 412 2124 arcam
433 2097 661 2132 sanctiﬁcationis
676 2106 758 2130 meas;
782 2099 891 2126 intuere
910 2100 985 2128 illius

193 2143 432 2179 pulchritudinem
456 2149 548 2170 vestro
567 2143 689 2178 ipsorum
709 2145 862 2172 intellectui
880 2146 985 2173 incom-

193 2189 406 2224 preltensibiletn
419 2198 424 2215 :
445 2189 582 2217 demirare
596 2190 838 2225 incomparabilem
853 2192 986 2219 iunoecn-

194 2237 260 2262 tiam
287 2236 366 2270 ejus;
390 2235 529 2262 demirare
549 2235 717 2263 ineD'abilcm
742 2236 797 2271 (45)
821 2237 984 2271 puritatem:

1002 946 1022 973 Β

1040 313 1116 338 πᾶσα
1134 315 1206 348 παρῆ
1213 322 1272 340 Αται
1287 316 1340 341 τῶν
1355 316 1455 350 νοερῶν
1467 319 1680 353 στρατευμάτων
1694 321 1710 355 ἡ
1726 321 1804 354 φύει,
1818 331 1824 337 ·

1040 356 1099 391 ἐμῷ
1112 357 1277 393 κελεύσματι
1291 360 1304 385 ὁ
1321 360 1434 395 οὕρανὺς
1451 363 1507 394 τοῖς
1523 362 1634 396 ἄστροις
1649 366 1827 392 καταποικίλ-

1039 402 1116 430 λεται
1131 412 1138 419 ’
1156 405 1209 439 ἐμῇ
1232 405 1345 441 προνοίᾳ
1360 407 1415 437 τοῖς
1429 407 1539 434 ἄνθεσιν
1559 409 1574 443 ἡ
1597 409 1630 444 γῆ
1648 412 1826 442 καταστέφε-

1039 457 1104 475 ται·
1121 450 1149 476 ὲν
1164 451 1225 484 ἐμοὶ
1250 451 1323 477 πᾶσα
1343 452 1397 477 τῶν
1417 452 1525 484 ζώντων
1552 454 1608 488 ζωὴ
1627 457 1824 490 τετιςλίευται·

1040 495 1096 529 ἐγὼ
1111 497 1206 531 χερσὶν
1220 497 1335 528 οἰκείαις
1351 498 1396 524 τδν
1410 498 1553 534 ἄνθρωπον
1566 501 1627 527 κατ’
1643 502 1714 537 ἐμὴν
1734 503 1826 530 εἰκόνα

1041 542 1167 575 ποιήσας,
1181 542 1313 575 δεσπότην
1328 543 1374 569 καὶ
1390 543 1503 578 βασιλέα
1520 545 1575 572 τῶν
1585 546 1631 572 ἐπὶ
1652 547 1702 582 γῆς
1727 548 1827 582 tivam}

1043 587 1120 622 ρυξα.
1148 587 1250 614 Τοῦτον
1277 589 1468 624 ἑκπολεμήσας
1483 590 1497 616 ὁ
1512 591 1657 627 τύραννος,
1683 593 1732 627 τῆς
1749 593 1826 627 βασι-

1041 633 1116 665 λείας
1129 634 1267 669 ἀπέρρηξε
1277 642 1283 648 ·
1300 635 1394 662 τοῦτον
1411 636 1459 670 τῆς
1472 636 1560 671 ἀρχῆς
1581 637 1690 664 καθεῖλε
1705 648 1712 654 -
1729 639 1826 665 τούτου

1039 679 1207 714 ἑγκαυχᾶται
1222 683 1254 716 τῇ
1269 681 1342 718 νίκῃ.
1366 681 1501 717 Βούλομαι
1517 683 1608 709 τοίνυν
1622 684 1665 710 διὰ
1682 685 1731 719 τῆς
1756 685 1827 719 ἐμῆς

1039 726 1190 760 παρουσίας
1217 727 1284 762 πρὸς
1295 728 1344 762 τὴν
1365 727 1433 754 ἰδίαν
1454 727 1549 755 τοῦτον
1565 730 1716 764 ἐπανάγειν
1731 730 1824 762 ἀξίαν·

1039 772 1140 808 ταύτην
1169 782 1220 807 μου
1235 773 1283 808 τὴν
1311 774 1468 810 οἰκονομίαν
1498 775 1583 802 πάλαι
1608 775 1653 803 διὰ
1678 778 1826 812 προφητῶν

1039 817 1262 854 ἐπηγγειλάμην·
1277 819 1380 854 ταύτην
1403 821 1461 851 τοῖς
1487 821 1563 856 ἐμοῖς
1578 822 1730 857 οἰκτιρμοῖς
1756 823 1825 858 πλη-

1040 862 1103 896 ροῦν
1119 864 1330 899 κατεπείγομαι,
1344 864 1419 891 Θέλω
1430 867 1575 898 κοινωνοὺς
1587 867 1652 901 ὑμῖν
1665 867 1827 903 ἀνθρώπους

1037 908 1200 935 ἀποτελέσαι
1210 917 1217 924 ⁸
1240 910 1305 943 μίαν
1322 909 1467 945 σύμφωνον
1482 911 1638 946 δοξολογίαν
1650 913 1691 940 δεῖ
1712 923 1745 948 με
1759 915 1827 949 πρὸς

1037 955 1146 981 πάντων
1159 955 1338 990 είσδέχεσθαι,
1357 956 1394 983 Οὐ
1414 957 1505 991 φθονῶ
1518 959 1551 993 τῇ
1563 958 1659 985 ὲνὼτει
1672 967 1679 974 ο
1697 961 1743 986 καὶ
1755 960 1827 993 ὑμᾶς

1038 1002 1091 1036 γὰρ
1104 1001 1237 1036 ἀφθόνους
1252 1002 1369 1036 ἐποίησα
1381 1011 1387 1017 ·
1406 1003 1496 1038 χαίρω
1510 1005 1542 1038 τῇ
1559 1004 1690 1030 ἁναὸἀσει
1701 1013 1708 1021 ·
1726 1006 1828 1039 συγχά.

1039 1055 1103 1081 pnes
1118 1047 1166 1073 καὶ
1179 1047 1256 1073 αὐτοὶ
1273 1046 1312 1081 τῷ
1330 1047 1475 1082 θελήματι.
1504 1048 1589 1083 Αὕτη,
1606 1046 1628 1076 ὦ
1649 1050 1780 1085 Γαϐριὴλ,
1808 1052 1824 1086 ὴ

1038 1091 1106 1126 πρὸς
1119 1091 1239 1123 ἐκείνους
1253 1100 1300 1118 σου
1326 1093 1442 1125 κάθοδος
1470 1093 1520 1129 τὴν
1540 1094 1631 1122 αὐτῶν
1656 1095 1725 1129 πρὸς
1753 1097 1826 1132 ὑμᾶς

1039 1138 1168 1173 σημαίνει
1181 1139 1327 1168 ἀνάϐασιν.

1073 1270 1109 1296 Συ
1124 1270 1173 1304 μὲν
1188 1270 1283 1306 ἀπίῃς,
1299 1270 1466 1306 διακονήσων
1492 1271 1530 1307 τῷ
1550 1273 1694 1308 μυστηρίῳ
1705 1282 1712 1289 ·
1727 1274 1827 1301 ἐκεῖνοι

1038 1317 1066 1343 δὲ
1082 1317 1254 1352 κατέχουσιν,
1269 1318 1303 1354 ῆν
1315 1318 1442 1354 ἐπιζητεῖ
1462 1320 1529 1354 πρὸς
1540 1321 1571 1346 ὲκ
1578 1320 1726 1354 πληρωσιν,
1739 1321 1774 1357 ἣν
1787 1323 1827 1353 είς

1037 1362 1117 1390 τοῦτο
1129 1364 1382 1398 προκατεσκεύασα,
1399 1365 1430 1391 τὸ
1444 1366 1510 1400 ἐμὸν
1523 1366 1717 1402 καθαρώτατον
1728 1368 1827 1394 ἐνδιαί-

1036 1417 1125 1443 τημα,
1144 1408 1174 1435 τὸ
1191 1409 1344 1444 ἀμόλυντον
1371 1411 1540 1445 οίκητήριον,
1558 1411 1588 1437 τὸ
1604 1411 1718 1438 ἄσπιλον
1743 1421 1828 1440 κατα-

1037 1453 1150 1488 γώγιον,
1180 1455 1211 1480 τὸ
1226 1455 1316 1489 πάσης
1342 1456 1403 1490 ἐμοὶ
1430 1456 1479 1490 τῆς
1509 1456 1625 1489 κτίσεως
1657 1459 1828 1494 προτιμηαὲν

1039 1500 1226 1535 θησαύρισμα.
1255 1498 1350 1536 Εἶρον,
1374 1497 1396 1527 ὦ
1417 1501 1551 1536 Γαῦριὴλ,
1577 1502 1610 1537 ῆν
1625 1504 1664 1534 εἰς
1676 1503 1757 1530 τοῦτο
1774 1503 1828 1538 πρὸ

1039 1546 1135 1573 πασῶν
1152 1546 1254 1580 γενεῶν
1270 1546 1446 1581 ἐξελεξάμην,
1473 1547 1507 1582 ἢν
1531 1547 1569 1582 τῷ
1592 1549 1642 1582 τῆς
1668 1550 1825 1584 οίκονομίις

1038 1592 1118 1627 Λόγῳ
1133 1592 1285 1628 προώρισα.
1302 1592 1412 1628 Ταύτην
1422 1594 1436 1620 ὁ
1451 1593 1530 1628 χορδς
1542 1594 1596 1620 τςῖιν
1613 1596 1762 1630 προφητῶν
1776 1604 1827 1630 μου

1043 1638 1243 1673 μεγαλοφώνως
1259 1639 1394 1674 ικήρυξε·
1420 1639 1581 1673 διὰταύτης
1607 1640 1658 1675 τὴν
1685 1641 1735 1675 τῆς
1759 1641 1829 1673 ἰδίας

1042 1684 1181 1720 βασιλείας
1199 1684 1352 1720 ἀνάρρησιν
1378 1685 1395 1720 ἡ
1424 1685 1583 1720 ἀνθρωπεία
1610 1685 1693 1713 πάλιν
1723 1687 1829 1719 ἐλπίζει

1040 1731 1133 1765 φύσις.
1151 1731 1243 1766 Ταύτῃ
1267 1729 1322 1764 ἐγὼ
1342 1730 1544 1765 ὲπαγάλλομαι,
1569 1732 1601 1766 τῇ
1627 1732 1730 1766 ταύτης
1743 1733 1830 1760 καθα-

1042 1776 1134 1810 ρότητι
1149 1776 1332 1811 ἐπιτέρπομαι
1342 1783 1349 1790 ·
1365 1776 1467 1811 ταύτην
1482 1785 1514 1811 με
1528 1777 1568 1802 δεῖ
1578 1778 1699 1812 οἰκῆσαι,
1713 1779 1760 1804 καὶ
1776 1787 1830 1813 μη-

1039 1823 1107 1857 τέρα
1124 1830 1174 1857 μου
1191 1821 1287 1854 δεῖξαι,
1307 1822 1414 1857 καὶτῆς
1428 1823 1506 1857 ὑμῶν
1523 1823 1630 1857 φύσεως
1646 1825 1827 1859 προτιμῆσαι.

1039 1869 1092 1894 Ἴοι
1115 1869 1217 1901 τοίνυν,
1232 1869 1434 1904 λειτουργήσων
1459 1869 1498 1904 τῷ
1523 1869 1684 1905 παραδὸξῳ·
1711 1871 1760 1902 τοι,
1777 1871 1830 1905 τὴν

1039 1914 1108 1950 ὲμὴν
1135 1915 1305 1949 ἐποψόμενος
1339 1914 1476 1946 παστάδα,
1506 1916 1556 1950 τὴν
1583 1916 1750 1951 περιστερὰν
1775 1918 1827 1952 τὴν

1038 1961 1153 1992 ἄκακον,
1169 1961 1220 1995 τὴν
1239 1961 1350 1996 λογικὴν
1372 1961 1491 1994 ἀμνάδα,
1517 1961 1566 1996 τὴν
1582 1961 1628 1987 τοῦ
1653 1961 1828 1997 ἁγιάσματός

1040 2015 1092 2041 μου
1108 2007 1223 2033 κιὸωτόν
1234 2015 1240 2022 ·
1255 2007 1293 2034 τδε
1308 2007 1338 2034 τὸ
1352 2008 1454 2042 ταύτης
1472 2008 1657 2044 ἀκατανόητον
1674 2009 1740 2043 ὑμῖν
1763 2010 1830 2036 κάλ-

1039 2052 1083 2083 λος
1094 2061 1100 2067 ·
1131 2053 1272 2087 θαύμασον
1294 2053 1325 2079 τὸ
1340 2054 1389 2088 τῆς
1405 2054 1516 2089 ἁγνείας
1531 2054 1615 2088 αὐτῆς
1642 2055 1829 2091 ἀσύγκριτονσ

1039 2098 1181 2133 θαύμασον
1195 2099 1226 2126 τὸ
1238 2100 1288 2134 τῆς
1311 2101 1498 2136 καθαρότητος
1518 2100 1676 2136 ἀπόρρητον
1688 2109 1695 2117 ·
1723 2103 1828 2130 ὲκπλά-

1039 2145 1152 2179 γηθιτὰ
1180 2145 1251 2180 ὑπὲρ
1279 2146 1384 2172 ἔννοιαν
1402 2147 1452 2182 τῆς
1468 2147 1569 2181 ἀρετῆς
1599 2148 1749 2182 παράδοξα,
1781 2149 1830 2175 καὶ

1040 2191 1189 2225 ἐκπλαγεὶς
1204 2192 1254 2223 τὴν
1271 2192 1339 2227 ἐμὴν
1351 2193 1419 2229 αὐτῇ
1436 2193 1587 2228 παρουσίαν
1601 2193 1762 2228 βεὸαίωσον.

1025 2237 1191 2272 obstupesce
1218 2243 1377 2273 portentum
1416 2239 1527 2266 virtutis
1556 2240 1631 2266 omni
1658 2241 1827 2276 cogitatione

193 2281 314 2318 majoris,
344 2285 372 2309 et
399 2286 513 2316 stupore
541 2281 648 2309 delixus
675 2290 766 2309 meum
800 2283 838 2310 illi
875 2289 981 2311 eertum
1001 2284 1151 2311 adventum
1164 2284 1307 2312 annuntia.

227 2361 282 2396 (.52)
300 2361 369 2389 Ecce
386 2361 527 2389 inducitur
539 2361 587 2389 Dei
604 2360 726 2398 verbum
747 2367 870 2389 sanctam
891 2362 982 2398 Virgi-
1000 2366 1024 2393 Ι)
1038 2371 1098 2390 eam
1116 2363 1169 2390 sibi
1186 2364 1212 2390 in
1230 2368 1345 2390 matrem
1370 2363 1493 2398 eligeret.
1515 2362 1698 2390 Conlirmatur
1711 2363 1824 2396 exinde,

191 2406 253 2424 nem
271 2405 321 2424 ceu
341 2397 500 2424 thesaurum
519 2397 751 2431 pretiosissimum
767 2397 980 2432 commendans;

191 2441 280 2467 neque
294 2438 382 2460 tamen
396 2433 465 2460 ullas
479 2433 552 2460 illius
569 2432 679 2460 divitias
691 2441 822 2468 expresse
839 2441 980 2460 commen-

189 2469 247 2499 dat.
257 2473 449 2504 praeterquam
463 2467 706 2502 singularissimam
721 2467 880 2502 puritatem.
889 2469 983 2504 Atqui.

190 2503 263 2538 quod
289 2504 370 2538 paulo
396 2510 459 2530 alite
487 2503 680 2538 pnemisianus,
702 2507 800 2536 suapte
815 2509 914 2530 natura
940 2513 984 2531 res

191 2540 320 2573 postulat,
337 2544 377 2567 ut.
389 2539 478 2573 siqua
491 2539 550 2569 dos.
564 2538 671 2566 caeteris
687 2538 787 2568 tacitis.
800 2539 832 2565 ad
845 2547 982 2566 summam

189 2574 344 2608 eujuspiam
363 2574 471 2601 Iaudem
487 2574 663 2608 pra-dicetur,
682 2574 739 2600 lucc
755 2573 870 2608 reliquis
892 2575 983 2601 omni-

191 2609 244 2636 bus
270 2610 488 2644 superemineat.
515 2609 596 2643 Ergo,
623 2608 765 2643 siquidem
788 2616 821 2635 ex
850 2615 984 2644 perpetua

190 2644 314 2672 omnium
331 2645 479 2676 sententia,
491 2644 526 2671 ab
541 2645 603 2671 aliis
617 2645 739 2678 Deipara:
757 2650 860 2671 sancta:
872 2644 985 2672 dotibus

190 2687 223 2719 ac
241 2680 390 2719 virtutibus
417 2687 512 2719 na:_vus
531 2680 647 2719 quilibet
667 2683 714 2719 aut
735 2679 861 2718 deiectus
876 2679 974 2719 “abluit

191 2715 243 2742 hoc
253 2715 343 2749 ipsum
359 2714 394 2742 de
406 2715 528 2750 puritate
542 2713 629 2749 ipsius
644 2714 758 2750 pariter,
775 2713 830 2740 imo
843 2721 858 2740 a
868 2714 980 2750 il'ortiori

190 2751 373 2783 proﬁtendum
386 2749 542 2777 necessario
555 2755 607 2776 est.
624 2749 722 2778 Nullus
736 2755 803 2782 ergo
819 2757 853 2776 ex
867 2749 977 2777 Patrum

190 2785 316 2819 doctrina
351 2786 430 2812 locus
463 2785 629 2818 relinquitur
657 2791 734 2811 naevo
771 2785 903 2819 cuipiam,
934 2785 980 2819 qni

191 2818 320 2853 \irginete
337 2821 436 2848 aninue
458 2819 606 2847 candorem
630 2825 749 2853 unquam
772 2818 826 2846 vel?
842 2819 980 2846 levissime

189 2854 375 2881 ol‘l‘uscaverit.

228 2888 284 2923 (53)
301 2889 388 2917 llabes
410 2889 574 2916 sententiam
593 2891 663 2924 apud
683 2890 777 2917 l‘atres
797 2889 980 2921 lritissimam.

191 2923 357 2959 singularem
378 2925 469 2953 Maria:
486 2923 632 2960 puritatem
647 2926 733 2954 Deum
749 2926 932 2961 permovissc,
949 2931 980 2952 ut

1037 2399 1110 2433 quod
1125 2399 1253 2433 superius
1267 2399 1419 2429 innuimus,
1436 2399 1508 2425 inter
1520 2406 1616 2425 omttes
1629 2398 1745 2433 Virginis
1759 2407 1828 2433 prae-

1038 2434 1175 2468 rogativas
1189 2434 1385 2461 nobilissimam
1400 2434 1470 2460 hanc
1484 2433 1567 2460 visam
1585 2433 1710 2460 Patribus
1728 2434 1824 2466 fuisse,

1037 2476 1069 2496 ac
1083 2474 1227 2504 propterea
1236 2469 1300 2495 olim
1313 2473 1424 2503 peccato
1433 2468 1620 2495 obnubilatam
1631 2469 1782 2496 existimari
1792 2478 1827 2497 ex

1038 2504 1148 2531 Patrum
1166 2505 1301 2532 sententia
1323 2512 1376 2530 non
1393 2512 1482 2537 posse.

1074 2540 1130 2574 (Μ)
1144 2538 1380 2572 Quemadmodum
1395 2547 1427 2565 ex
1444 2539 1494 2565 hac
1513 2539 1648 2565 sententia
1675 2539 1824 2573 colligitur,

1037 2574 1071 2601 de
1093 2580 1187 2601 sancta
1210 2575 1324 2608 Deipara
1350 2574 1435 2607 arcipi
1457 2582 1489 2600 ea
1511 2574 1700 2606 eonsucvisse,
1718 2583 1779 2609 qua:
1797 2575 1825 2602 in

1035 2609 1157 2636 Canticis
1174 2610 1342 2636 canticorum
1358 2609 1392 2635 de
1408 2609 1512 2643 Sponsa
1530 2609 1672 2643 leguntur;
1691 2609 1727 2636 ita
1751 2609 1824 2644 quod

1036 2644 1221 2678 appellatione
1234 2644 1283 2678 τῆς
1297 2643 1416 2673 ἀκάκου,
1434 2645 1548 2679 expertis
1565 2644 1686 2676 malitia,
1705 2643 1825 2672 exorna-

1037 2684 1092 2710 tur,
1110 2679 1197 2713 palam
1217 2679 1291 2709 facit,
1318 2678 1370 2704 hoc
1390 2687 1507 2706 maxume
1524 2679 1697 2714 privilegium
1714 2685 1827 2708 sanctos

1036 2714 1131 2741 Patres
1149 2714 1175 2740 in
1197 2714 1308 2748 Virgine
1330 2714 1496 2748 suspexisse,
1523 2713 1597 2748 quod
1616 2713 1692 2741 duini
1718 2715 1825 2749 peccati

1037 2750 1141 2775 macula
1157 2749 1287 2776 caruerit.

1072 2784 1322 2823 (45)Quo,qu;eso,
1342 2788 1425 2823 pacto
1443 2783 1670 2823 incomparabilis
1692 2787 1766 2823 esset
1782 2783 1826 2823 in-

1035 2819 1173 2851 tmoentin,
1186 2826 1247 2853 qua:
1266 2819 1330 2844 olim
1342 2820 1471 2845 ahanima
1482 2817 1571 2845 Maria:
1594 2819 1703 2852 penitus
1717 2817 1825 2846 abluis-

1036 2854 1098 2881 set?
1113 2854 1257 2887 Quomodo
1275 2854 1315 2880 rel
1335 2855 1402 2888 ipsis
1415 2854 1518 2888 angelis
1534 2854 1683 2880 inell‘abilis
1714 2853 1824 2888 dicere-

1037 2894 1080 2916 tur
1095 2890 1210 2922 pnritas,
1226 2889 1246 2915 si
1260 2889 1324 2915 olim
1342 2887 1356 2914 δ
1373 2887 1510 2916 ronnnuni
1525 2889 1586 2918 labe
1598 2889 1688 2916 anima
1702 2887 1827 2924 Virginis

1034 2925 1143 2953 sordtda
1164 2924 1352 2960 apparuisset?
