2088 3159
204 205 258 236 639

860 205 874 234 J
882 205 987 234 ACOBI
1011 205 1184 235 MUNACHI

1779 207 1833 238 6i0

203 271 265 290 rum
276 262 415 291 consortio
426 269 540 297 prorsus
556 266 670 293 remota,
683 266 710 288 et
725 269 739 288 a
773 261 918 296 quibusvis
951 268 992 289 as-

1058 263 1228 298 ιλειτηυργδς
1245 264 1340 298 καιρὸν
1360 264 1504 300 σύμφορον
1515 266 1562 292 καὶ
1578 264 1659 292 τόπον
1676 266 1833 292 συνοίσοντα

203 309 362 336 sentatoriis
386 308 477 335 verbis
491 307 669 334 abhorrebat.
701 307 836 340 Quocirca
869 307 991 342 pruden-

205 354 309 381 tissime
324 354 448 380 minister
469 353 514 380 ille
528 353 647 380 ctelestis
671 357 856 387 opportunum
873 358 991 388 tempus,

169 393 172 396 ’
203 402 231 425 et
244 398 333 424 locum
352 398 390 424 rei
410 396 538 423 idoneum
564 397 733 431 explorabat.

238 443 271 470 Et
294 443 392 470 exinde
412 443 519 475 merito,
534 450 592 469 mea
611 443 722 477 quidem
746 443 892 475 sententia,
918 450 989 478 prie—

204 488 316 516 fcrenda
332 488 390 516 visa
420 492 462 516 est
489 489 589 515 horum
624 494 762 523 gesturum
790 489 905 516 historia
938 488 992 521 illa,

204 542 264 569 qua:
281 535 366 569 prima
376 534 468 570 gaudii
481 535 578 562 nuntia
595 535 628 562 iis
641 539 833 566 connumerat,
846 543 906 568 quae
916 540 994 562 extra

205 579 324 614 Virginis
338 579 449 606 domum
465 580 676 615 (contigerunt).
692 580 748 607 Etsi
766 579 840 607 enim
862 579 996 606 divinitus

205 625 312 653 amatus
343 627 510 662 evangelista
540 627 615 654 illius
638 627 829 654 tantummodo
852 626 994 661 colloquii,

206 673 279 706 quod
314 673 385 700 intra
415 672 533 700 domum.
563 673 745 708 archangelus
773 673 881 706 habuit,
911 673 995 701 verba

206 717 316 752 scriptis
334 718 553 752 consignaverit;
569 723 597 745 at
609 718 660 744 alia
679 719 797 753 plurima
812 718 956 746 brevitatis
968 724 996 746 et

206 762 363 796 compendii
392 769 485 794 causa,
511 766 542 789 ut
568 767 645 797 puto,
678 763 870 798 prmtermisit,
902 765 995 799 prouti

207 806 291 833 etiam
308 806 398 841 quoad
417 806 469 834 alia
484 807 710 835 adverterelicet.

243 852 314 879 Sane
329 852 571 887 quemadmodum,
589 853 654 881 dum
669 854 696 881 in
723 855 876 890 cujuspiam
898 855 997 883 domus

210 897 390 925 lnterioribus
409 898 511 926 inclusi
529 907 682 932 manemus,
696 904 734 932 et,
746 901 853 928 cunctis
862 903 935 929 circa
947 909 998 929 nos

1045 306 1084 342 τῷ
1099 309 1243 343 πράγματι
1258 309 1407 337 διεσκόπει.

1083 441 1163 468 Ὀοεν
1181 450 1226 476 μοι
1241 443 1334 475 σαφῶς
1350 443 1433 475 δοκεῖ,
1448 444 1512 478 περὶ
1531 446 1634 470 τούτων
1650 444 1698 477 τὴν
1713 443 1834 477 ἱστορίαν

1047 485 1227 521 διαλελὲχοαι,
1246 488 1314 522 πρὸς
1339 489 1397 519 τοῖς
1422 489 1503 520 ἐκτὸς
1515 489 1562 515 τοῦ
1578 488 1654 515 οῐκου
1667 489 1701 514 τὰ
1721 488 1771 522 τῆς
1785 497 1834 522 χα-

1050 532 1098 565 ρᾶς
1124 533 1259 568 προοίμια
1284 534 1494 570 ὑποτιθεμένην.
1521 534 1553 561 Ei
1579 534 1633 569 γὰρ
1651 535 1696 560 καὶ
1718 534 1803 568 μόνης
1821 533 1836 559 ὁ

1049 578 1190 610 θεσπέσιος
1216 579 1412 615 εὑαγγελιστὴς
1431 581 1481 615 τῆς
1499 581 1528 607 ὲν
1555 580 1594 615 τῷ
1608 580 1676 614 οἴκῳ
1691 580 1835 611 διαλέξεως

1048 623 1096 649 τοῦ
1112 624 1282 659 ἀρχαγγέλου
1298 625 1361 656 τοὺς
1376 625 1472 659 λόγους
1500 625 1670 661 ὑπέγραψεν,
1687 625 1754 650 ἀλλὰ
1771 624 1837 658 βρα-

1049 671 1188 706 χυλογίας,
1208 670 1297 707 οἶμαι,
1325 672 1375 699 καὶ
1397 673 1543 707 συντομίας
1566 673 1647 707 χάριν
1663 673 1697 698 τὰ
1724 673 1838 698 πλεῖστα

1050 718 1239 753 παρέδραμεν,
1254 719 1291 750 ὡς
1309 719 1355 746 καὶ
1374 720 1403 746 ὲν
1420 719 1510 751 ἄλλοις
1526 719 1583 746 ἔστι
1600 719 1706 754 μαθεῖν.

1093 853 1136 884 Ὠς
1149 853 1204 888 γὰρ
1219 852 1294 880 ἔνδον
1307 853 1388 888 ἡμεῖς
1405 853 1434 879 ὲν
1459 853 1538 888 οἰκίᾳ
1546 851 1600 879 τινὶ
1618 852 1840 886 καθειρχθέντες,

1052 898 1099 924 καὶ
1115 898 1229 933 ἡσυχίαν
1245 898 1355 933 βαθεῖαν
1370 900 1401 925 ὲκ
1417 898 1525 925 πάντων
1542 898 1665 931 ἄγοντες,
1680 897 1727 923 τοῦ
1744 897 1841 930 ἁθρόον

211 943 313 975 tacitis,
325 943 483 971 omnimoda
499 945 578 979 quies
587 945 706 978 obtinet,
718 946 742 973 si
759 954 874 982 magnus
888 952 1000 982 repente

1058 945 1199 979 γενομένου
1211 944 1335 980 ψόφου,ῆ
1351 946 1444 979 φωνῆς
1454 944 1560 980 τρανῶς
1572 944 1736 979 ἐνεχθείσης,
1744 943 1842 969 εἰώθα-

201 987 302 1024 ,fragor
317 990 464 1023 excitetur,
478 995 526 1017 aut
537 991 687 1018 vehemens
701 992 832 1026 percellat
844 1001 895 1020 vox
908 1001 1000 1025 aures,

210 1035 330 1069 graviter
339 1035 408 1063 allici
423 1037 554 1069 solemus,
569 1041 597 1064 et
612 1038 860 1066 vehementissimo
880 1040 1001 1075 correpti

211 1080 309 1108 timore
329 1080 382 1107 huc
398 1081 462 1108 illuc
476 1081 614 1117 propelli;
630 1083 772 1111 multoties
788 1091 855 1110 vero
882 1085 1003 1119 trepida-

211 1128 286 1155 tione
298 1129 422 1163 occupati
437 1129 519 1156 etiam
534 1129 607 1157 foras
622 1129 656 1157 ad
685 1138 778 1158 casum
805 1131 1002 1158 declinandum

210 1173 342 1209 aufugere
360 1175 494 1208 nitimur;
512 1176 623 1211 quando
638 1183 704 1204 vero
727 1177 795 1205 foris
807 1185 965 1208 versamur.
978 1178 1002 1205 si

211 1219 351 1255 quidpiam
382 1221 517 1256 ejusmodi
551 1222 632 1249 nobis
657 1223 808 1258 contingat,
837 1229 897 1251 utut
922 1231 1004 1259 grave

213 1262 280 1289 illud
293 1263 329 1290 sit
348 1271 380 1291 ae
395 1269 509 1299 repente
523 1265 645 1297 invadat,
662 1267 834 1295 moderatius
851 1276 901 1295 nos
915 1274 1005 1296 terror

212 1302 377 1340 commovet,
392 1311 494 1345 quippe
509 1314 573 1338 tunc
586 1319 683 1338 sensus
700 1312 726 1338 in
746 1312 823 1347 plura
840 1313 1003 1340 distrahun-

215 1358 270 1385 tur,
283 1362 334 1382 ncc
347 1355 461 1383 moleste
478 1356 520 1384 vel
545 1356 672 1392 ingentes
688 1356 812 1392 fragores
842 1359 1003 1393 excipiunt;

213 1399 340 1428 eumdem
359 1401 386 1428 in
400 1402 510 1429 modum
528 1403 573 1430 illa
596 1411 706 1438 quoque
728 1404 841 1438 provide
868 1410 933 1432 sunt
948 1405 1006 1433 dis-

216 1447 316 1481 posita,
329 1455 389 1482 qua:
406 1447 441 1475 ad
465 1449 586 1484 Virginis
609 1450 792 1478 Immaculata:
809 1451 1005 1480 aununtiatio-

216 1501 278 1521 nem
294 1495 464 1529 spectabant.
482 1495 588 1523 Etenim
606 1496 628 1523 si
641 1497 715 1524 intus
727 1497 864 1525 allocutus
888 1506 948 1525 eam
961 1506 1006 1526 es-

215 1543 257 1567 set
272 1539 392 1571 Gabriel.
410 1541 564 1576 periculum
593 1542 781 1577 impendebat,
797 1551 831 1570 ne
849 1544 1007 1578 (perturba-

196 1584 304 1631 Χιίὸηδι)
321 1585 393 1613 foras
406 1594 467 1613 eam
492 1588 679 1622 compelleret.
696 1589 730 1615 At
744 1593 887 1623 postquam
905 1589 1006 1616 alicubi

216 1635 293 1658 extra
310 1629 422 1658 domum
439 1640 576 1668 apparens
590 1634 735 1662 salutando
747 1642 808 1662 eam
833 1634 934 1662 affatus
952 1640 1011 1668 est,

215 1677 271 1710 jam
291 1677 367 1706 intus
383 1686 443 1706 eam
469 1681 612 1715 compulit,
629 1685 657 1708 et
669 1681 706 1708 ibi
724 1681 812 1716 ipsam
837 1681 871 1709 ad
898 1690 930 1709 ea
948 1690 1009 1717 quae

219 1723 442 1757 dicendaterant,
462 1733 559 1754 secure
574 1727 723 1760 continuit,
739 1728 842 1763 quippe
873 1736 936 1763 qua:
954 1736 1008 1756 nou

219 1769 333 1798 haberet
349 1778 404 1806 quo
418 1771 488 1799 forte
503 1772 539 1800 ob
555 1773 740 1800 turbationem
755 1774 921 1802 declinaret.

254 1816 301 1844 IX.
316 1817 462 1853 Postquam
474 1818 556 1854 igitur
564 1820 834 1854 providentiaillius,
851 1820 898 1855 qui
910 1826 1013 1856 mystc-'

221 1855 292 1889 rium
319 1871 402 1898 opere
430 1865 598 1899 corripiebat,
628 1874 643 1892 e
662 1865 831 1893 domuncula
860 1875 1009 1901 parumper

219 1916 328 1944 egressa
339 1915 381 1937 est
394 1911 497 1947 (Virgo)
514 1912 548 1939 ad
569 1919 679 1947 aquam,
693 1918 776 1947 prout
807 1913 930 1940 historia,
947 1923 1011 1941 nar-

220 1959 273 1988 ral,
285 1955 476 1990 hauriendam,
490 1961 517 1984 et
536 1958 662 1992 pervenit
686 1958 719 1985 ad
731 1957 835 1986 fontem
863 1960 920 1993 (qui
946 1960 1011 1994 qui—

220 2000 282 2027 dem
301 2003 454 2037 symbolum
472 2008 533 2030 erat
551 2005 684 2039 mysterii,
700 2009 728 2031 et
745 2013 843 2039 aquam
867 2006 1010 2033 immorta—

220 2046 274 2074 lem
301 2048 507 2084 adumbrabat).
527 2053 593 2076 tunc
623 2051 818 2085 archangelus,
831 2052 955 2083 nondum
971 2053 1011 2079 vi-

221 2093 342 2121 dendum
359 2103 388 2122 se
405 2095 542 2130 praebens,
559 2104 639 2123 voces
653 2096 762 2124 effudit.

258 2139 305 2167 Illa
321 2146 412 2168 autem
428 2141 461 2168 ad
481 2141 556 2169 vocis
571 2142 653 2176 huius
676 2143 828 2169 novitatem
852 2142 1011 2177 perterrita,

221 2185 369 2213 formidine
381 2191 558 2221 occupata-et
581 2195 694 2222 pavore,
707 2187 734 2214 in
751 2187 884 2215 interiora
913 2188 1012 2216 domus

222 2239 252 2259 se
265 2232 378 2266 recepit.
397 2232 545 2267 Postquam
564 2241 640 2265 vero,
657 2234 738 2261 corde
751 2234 903 2261 etiamnum
921 2234 1012 2269 palpi-

1055 999 1104 1025 μεν
1121 991 1203 1023 ὀξέως
1218 991 1476 1026 ἀντιλαμὸάνεσθαι,
1485 991 1532 1017 καὶ
1546 991 1719 1026 σφοδροτάτῳ
1733 989 1842 1023 δείματι

1054 1038 1246 1072 συνεχόμενοι,
1274 1037 1474 1072 περιδονεῖσθαι
1502 1035 1690 1071 πανταχόθεν
1711 1035 1843 1066 πολλάκις

1054 1083 1082 1110 δὲ
1102 1082 1150 1110 καὶ
1169 1082 1222 1109 ὑπὸ
1237 1083 1357 1117 ἀγωνίας
1374 1082 1610 1118 πολιορκούμενοι,
1634 1082 1702 1116 πρὸς
1716 1081 1749 1108 τὰ
1764 1081 1844 1112 ἐκτὸς

1055 1129 1127 1156 θέειν
1149 1130 1179 1156 τὸ
1196 1129 1303 1165 συμὸἁν
1319 1129 1456 1156 ἐκκλίνειν
1479 1129 1646 1163 πειρώμενοι
1657 1137 1663 1144 ·
1680 1128 1799 1162 ὁπηνίκα
1815 1127 1844 1154 δὲ

1054 1175 1110 1205 τοῖς
1121 1173 1221 1207 ἔξωθεν
1232 1174 1530 1208 συναναστρεφομὲνοις
1539 1172 1680 1207 ὲπισυμὸῇ
1689 1179 1716 1198 τι
1723 1170 1844 1197 τοιοῦτον

1054 1221 1131 1255 ἡμῖν,
1149 1220 1198 1247 κᾶν
1210 1219 1325 1255 σφοδρὸν
1345 1220 1414 1255 τύχῃ
1431 1219 1477 1246 καὶ
1501 1219 1631 1253 ἐξαπίνης
1656 1217 1842 1251 συνενεχθείη,

1057 1267 1249 1302 μετριωτέροις
1267 1267 1322 1301 τὴν·
1341 1266 1513 1300 κατάπληξιν
1531 1266 1662 1301 φέρομεν,
1680 1265 1728 1298 τῆς
1746 1263 1844 1298 αἰσθή-

1057 1322 1126 1344 σεως
1151 1312 1278 1339 ἐντεῦθεν
1291 1313 1337 1344 είς.
1351 1312 1438 1338 πλείω
1457 1311 1650 1346 μεριζομένης,
1666 1311 1713 1337 καὶ
1742 1309 1778 1345 μὴ
1793 1318 1846 1344 χα-

1056 1359 1147 1391 λεπῶς
1162 1360 1211 1390 τὰς
1234 1359 1360 1395 Θροήσεις
1376 1358 1524 1393 δεχομένης
1536 1366 1543 1373 ·
1570 1357 1640 1384 οὕτω
1656 1357 1704 1383 καὶ
1720 1357 1754 1382 τὰ
1775 1355 1845 1382 κατὰ

1056 1407 1103 1433 τὸν
1127 1405 1328 1440 εὐαγγελισμὺν
1359 1405 1523 1440 ψχονομήοη
1547 1403 1598 1438 τῆς
1612 1403 1751 1437 ἀμιάντου
1772 1403 1846 1436 Παρ-

1058 1453 1146 1479 θένου.
1163 1452 1193 1479 Et
1207 1452 1256 1485 μὲν
1271 1451 1326 1487 γὰρ
1340 1452 1413 1477 ἔνδον
1427 1452 1441 1477 ὁ
1451 1449 1571 1485 Γαΰριὴλ
1585 1449 1672 1484 ταύτῃ
1687 1450 1844 1483 προσεῖπεν,
1879 1481 1882 1484 ⁴

1058 1498 1163 1533 ἀνάγκη
1187 1498 1258 1533 πρὸς
1275 1498 1310 1524 τὰ
1334 1499 1411 1528 sub;
1437 1497 1581 1523 συνελᾶσαι
1600 1496 1680 1522 αὑτὸν
1711 1495 1844 1530 ὑπῆρχεν.

1063 1544 1173 1579 Ἐπειδὴ
1202 1544 1231 1571 δὲ
1257 1544 1311 1576 ἔξω
1338 1551 1390 1570 που
1417 1544 1467 1577 τῆς
1491 1543 1579 1574 οἰκίας
1595 1541 1774 1576 ὑπερφανεὶς,
1800 1540 1847 1566 τὸν

1060 1591 1205 1626 ἀσπασμὸν
1221 1589 1437 1627 προσεχήρυξεν,
1450 1590 1522 1616 ἔνδον
1539 1589 1622 1624 αὐτὴν
1637 1588 1788 1622 συνώθησε,
1800 1587 1848 1613 καὶ

1060 1637 1188 1673 ἀσφαλῶς
1203 1637 1271 1671 πρὸς
1285 1637 1317 1663 τὰ
1338 1637 1524 1672 λεχθησόμενα
1538 1635 1590 1671 ὲπή
1596 1633 1758 1670 ρεισεννοὺκ
1772 1632 1850 1667 ἔχου-

1061 1694 1111 1712 σαν
1127 1685 1188 1712 ὅποι
1204 1686 1243 1720 τῇ
1255 1684 1361 1719 ἀγωνίᾳ
1377 1682 1566 1719 παρεκκλίνοι.

1096 1822 1135 1850 εν.
1160 1822 1237 1849 Ἐπεὶ
1260 1830 1307 1848 ουν
1321 1819 1479 1855 προμηθείᾳ.
1495 1818 1542 1846 τοῦ
1555 1818 1586 1845 τδ
1610 1818 1760 1854 μυστήριον
1773 1818 1850 1852 ἐνερ-

1060 1869 1182 1904 γοῦντος,
1197 1867 1330 1902 ὑπεξῆλοε
1343 1866 1389 1892 τοῦ
1403 1865 1554 1900 δωματίου,
1566 1864 1641 1892 κατὰ·
1652 1865 1702 1897 τὴν
1714 1863 1847 1898 ἱστορίαν,

1061 1913 1252 1950 ὑδρεύσασθαι,
1271 1913 1318 1940 καὶ
1333 1913 1382 1948 τὴν
1400 1912 1490 1946 πηγὴν
1503 1911 1680 1945 κατείληφεν,
1701 1910 1762 1945 ἥτις
1777 1908 1848 1944 cup:-

1061 1961 1138 1987 δολον
1150 1958 1184 1996 ἦν
1194 1960 1241 1986 τοῦ
1261 1959 1422 1995 μυστηρίου,
1434 1959 1465 1984 τὸ
1480 1958 1615 1985 ἀθάνατον
1629 1957 1702 1992 ὕδωρ
1718 1957 1849 1989 ὲξεικονι-

1062 2008 1156 2039 ζουσα,
1171 2006 1220 2041 τὴν
1234 2005 1283 2039 μὲν
1300 2005 1392 2040 φωνὴν
1406 2005 1419 2031 ὁ
1433 2004 1604 2040 ἀρχάγγελος
1619 2003 1743 2038 ἀφίησιν,
1759 2001 1799 2029 ἑτι
1812 1999 1850 2036 μὴ

1061 2053 1184 2086 ἐκφανὴς
1200 2051 1248 2079 ὢν.

1104 2139 1137 2165 'ﬂ
1150 2138 1178 2164 δὲ
1196 2137 1234 2173 τῷ
1249 2137 1316 2173 ξένῳ
1330 2138 1432 2173 ταύτης
1456 2138 1675 2172 καταπλαγεῖσα,
1690 2137 1739 2164 σὺν
1753 2137 1850 2173 τρόμῳ

1063 2185 1110 2211 καὶ
1128 2186 1234 2219 ταραχῇ
1261 2184 1329 2220 πρὸς
1343 2187 1398 2216 τοῖς
1414 2184 1487 2211 ἔνδον
1514 2184 1622 2219 ἐχώρει.
1646 2183 1701 2210 Καὶ
1717 2183 1779 2209 ἐπεὶ
1802 2183 1849 2209 τοῦ

1064 2231 1145 2266 ἔργον
1171 2232 1270 2266 εἴχετο,
1294 2232 1344 2267 ἥδη
1359 2232 1408 2267 τῆς
1435 2232 1550 2268 καρδίας
1566 2232 1781 2268 κραδαινομένης
1805 2233 1852 2258 καὶ

223 2280 298 2303 tante
310 2276 470 2312 crebrisque
489 2278 609 2306 motibus
622 2279 760 2314 pulsante,
791 2287 825 2307 ac
851 2280 930 2316 genis
954 2281 1005 2315 pal-

1065 2277 1184 2312 auvaxt'o;
1200 2277 1403 2313 πατασσούσης,
1421 2277 1470 2312 τῆς
1491 2286 1521 2303 τε
1537 2277 1692 2312 ὠχρότητος
1711 2277 1761 2308 τὰς
1777 2285 1851 2310 παρ-

223 2322 280 2350 lore
292 2322 414 2356 sulfusis,
430 2324 592 2359 cunctisque
605 2325 722 2353 artubus
750 2326 931 2354 vehementer
944 2334 1011 2366 eon-

223 2369 456 2401 tremiscentibus,
473 2371 551 2405 operi
581 2371 686 2398 intenta
712 2377 792 2405 erat;
818 2380 946 2407 supernae
958 2373 1012 2401 tui-

222 2415 288 2442 litiaa
315 2415 414 2443 ductor
436 2416 627 2443 inhumanam
661 2425 722 2445 sese
746 2418 867 2453 speciem
891 2419 1012 2454 conﬁgu-

223 2468 287 2488 rans
300 2468 315 2488 e
329 2462 411 2496 janua
423 2461 451 2488 in
465 2466 645 2497 conspectum
661 2462 700 2490 illi
716 2471 746 2490 se
762 2463 907 2491 manifeste
933 2464 1012 2491 exhi-

224 2507 407 2536 bet:ettunc
432 2508 538 2535 beatam
566 2508 640 2536 illam
669 2516 764 2536 vocem
791 2510 923 2544 protulit;
948 2514 1014 2537 tunc

223 2553 363 2588 gaudium,
377 2553 450 2588 quod
462 2561 572 2581 omnem
596 2549 709 2589 superat
727 2555 910 2587 intellectmn,
923 2563 1014 2583 enun-

225 2600 319 2633 tiavit;
332 2605 398 2627 tunc
405 2600 558 2628 benedicta:
569 2600 668 2628 indixit
683 2601 914 2629 benedictionem.
925 2602 1014 2629 Verba

224 2651 316 2674 autem
344 2652 426 2674 tantae
453 2647 555 2675 la‘tilizc
589 2648 669 2682 plena
707 2648 843 2683 ejusmodi
877 2647 1013 2675 fuerunt:

225 2694 288 2723 Ave.
299 2695 388 2728 gratia
399 2693 497 2729 plena;
515 2693 642 2721 Dominus
658 2698 742 2720 tecum
752 2693 786 2719 ³⁸.

261 2739 296 2766 Χ.
315 2739 401 2767 Ovox
427 2740 549 2767 indolem
577 2739 881 2774 reparationis_humani
909 2741 1018 2776 generis

229 2785 303 2813 clare
317 2787 512 2814 manifestans!
532 2786 662 2819 Quasnam
687 2794 720 2813 ex
734 2786 954 2821 intelligibilibus
967 2795 1018 2814 ua-

230 2831 302 2859 turis
320 2836 422 2859 tantam
445 2832 561 2867 gloriam
577 2832 680 2859 sortita:
699 2832 784 2859 sunt?
801 2832 929 2864 Qumnam
959 2834 1016 2862 sive

268 2923 445 2957 “Luc.t,‘28.

1065 2324 1125 2355 ειὰς
1138 2323 1361 2359 ὑπογραφούσης,
1382 2324 1428 2350 καὶ
1450 2324 1559 2350 πάντων
1574 2323 1628 2350 τῶν
1643 2323 1732 2357 μελῶν
1745 2323 1851 2357 ἐναγω-

1065 2370 1129 2401 νίως
1144 2371 1300 2397 πολλόν-των
1312 2378 1319 2385 ·
1346 2371 1443 2397 ἑαυτὸν
1460 2371 1528 2405 πρὸς
1543 2370 1573 2397 τὸ
1599 2370 1769 2405 ἀνθρώπινον
1785 2378 1851 2404 σχη-

1068 2416 1184 2451 ματίσας
1195 2417 1208 2442 ό
1222 2416 1442 2452 ἀρχιστράτηγος
1457 2415 1537 2449 εἶδος,
1559 2416 1683 2447 ἐνωπίως
1696 2416 1750 2442 ἀπὸ
1767 2415 1853 2450 θύρις

1066 2463 1134 2498 αὐτῇ
1152 2464 1333 2498 προςραίνεται
1345 2472 1351 2479 ·
1377 2464 1423 2490 καὶ
1438 2463 1497 2489 τότε
1525 2462 1574 2498 τὴν
1590 2462 1731 2498 μακαρίαν
1743 2462 1853 2495 ἐκείνην

1065 2509 1182 2544 ὲνήχησε
1197 2510 1288 2544 φωνήν
1302 2518 1308 2524 ·
1324 2509 1383 2536 τότε
1401 2509 1450 2544 τὴν
1465 2509 1536 2544 ὑπὲρ
1547 2508 1652 2535 ἔννοιαν
1666 2509 1784 2543 ἐμήνυσε
1801 2517 1852 2542 χι-

1068 2557 1132 2590 ρᾶιν·
1153 2557 1213 2582 τότε
1233 2558 1266 2591 τῇ
1285 2556 1456 2592 εὐλογημένη
1481 2555 1530 2591 τὴν
1557 2555 1683 2589 εὐλογίαν
1707 2554 1853 2588 ἐκήρυξεν.

1072 2602 1104 2627 'H
1116 2602 1143 2628 δὲ
1157 2602 1211 2628 τῶν
1228 2603 1360 2636 ῥημάτων
1377 2601 1530 2637 εὐφροσύνη
1553 2601 1647 2628 τοῦτον
1666 2602 1723 2635 ἔχει
1749 2601 1795 2625 τὸν
1809 2599 1854 2624 λά‹

1067 2656 1114 2682 γον
1126 2656 1133 2664 ·
1151 2647 1249 2681 Χαῖρε,
1264 2647 1493 2682 κεχαριτωμένη,
1508 2649 1524 2675 ὀ
1541 2648 1648 2682 Κύριος
1657 2646 1733 2681 μετὰ
1751 2646 1819 2672 σοῦ.

1104 2742 1132 2768 ι’.
1151 2741 1183 2767 Ὢ
1196 2740 1288 2775 φωνῆς
1311 2741 1360 2776 τῆς
1375 2739 1421 2766 τοῦ
1445 2739 1541 2773 γένους
1557 2739 1735 2769 ἀναπλάσεωξ
1752 2738 1854 2772 ἐμφαι-

1068 2787 1166 2821 νοὺσης
1183 2786 1228 2812 τδν
1253 2787 1366 2821 τρόπον.⁸
1389 2787 1464 2812 Ποῖαι
1489 2786 1581 2820 νοεραὶ
1607 2785 1702 2818 φύσεις
1725 2783 1853 2817 τοιαύτην

1067 2833 1299 2869 ἀπεκληρώσαντο
1324 2833 1421 2866 δόξαν;
1452 2833 1524 2858 ποῖαι
1556 2830 1714 2866 χερουδικαί
1750 2838 1778 2855 τε
1807 2829 1855 2855 καὶ
