2034 3153
133 241 184 272 625

505 238 647 269 ORATIO
667 238 707 268 ΙΝ
725 235 1083 267 PRJESEN'I‘ATlthEM
1102 235 1152 264 SS.
1171 233 1355 264 DEIPAleE.

1709 234 1764 263 1333

134 302 240 324 σαντες,
255 290 278 319 ὦ
293 295 396 324 τέκνον,
411 292 511 327 πολλὴν
527 293 555 319 δὲ
572 293 621 327 τὴν
647 292 775 318 ἐπίπονον
800 291 921 324 ἀγωνίαν

975 288 1166 316 vehementius
1179 295 1226 315 eos
1240 288 1439 314 contristarunt
1460 290 1508 313 aut
1530 287 1710 321 impulerunt,
1732 295 1763 314 ut

134 339 316 373 ἐνδειξάμενοι
331 339 376 365 καὶ
389 340 436 371 τὴν
446 339 567 374 χαλεπὴν
584 338 771 373 ταλαιπωρίαν
788 337 923 363 ὑποστάν-

134 394 190 417 τες,
203 385 273 411 ὥστε
287 385 333 411 καὶ
345 385 398 412 τῶν
410 385 458 419 τῆς
474 387 601 417 ἀτεκνίας
620 384 809 418 ἀπαλλαγῆναι
830 392 923 417 σκωμ-

137 431 238 464 μάτων,
258 431 304 456 καί
323 439 352 457 σε
375 431 594 467 παρασχεθεῖσαν
619 430 742 465 διηνεκὲς
772 429 844 464 ἑλειν
871 428 923 463 πρὸ

134 476 283 511 δξθαλμῶν
296 477 462 512 ἀγαλλίαμα,
479 478 533 504 τῶν
551 477 793 512 προσδοκηθέντων
811 475 923 509 ἀγαθῶν

134 524 182 558 τὴν
193 524 339 558 ἀφαίρεσιν
357 524 539 559 ὑπομένομεν.
554 526 618 551 Ὀτε
636 525 691 559 γὰρ
705 524 808 550 τούτων
826 525 923 550 ἐναπο-

134 569 227 595 λαύειν
251 570 365 604 προσῆν,
391 571 438 596 καὶ
467 571 496 596 ὲν
525 570 654 606 ὲπιτυχίᾳ
679 569 725 596 τοῦ
753 569 922 604 ζητουμένου

133 613 314 648 καθέστηκεν,
332 616 378 641 ὅτε
392 615 446 641 τῶν
463 616 552 642 πόνων
573 616 720 651 ἀνείθημεν
738 616 784 642 καὶ
805 616 855 650 τὴν
868 614 922 642 τῶν

133 661 324 696 χρηστοτέρων
340 661 369 687 ὲν
383 662 460 695 χερσὶ
472 662 636 696 κατείχομεν
652 662 849 697 πληροφορίαν,
861 661 922 688 τότε

133 705 167 739 τῇ
182 705 370 742 συμὸαινούσῃ
384 707 536 739 διαστάσει,
549 708 620 734 αἵτε
633 708 738 739 ἐλπίδες
756 708 924 743 καταρρέου-

134 759 171 783 σι,
187 753 234 777 καὶ
247 753 270 778 οἱ
291 752 366 779 πόνοι
382 754 557 788 σςςοδρότεροι
582 755 795 789 προσπίπτουσι,
821 754 868 780 καὶ
892 754 922 780 τὸ

134 797 255 832 λυπηρὸν
279 798 493 834 ἀπαρηγόρητον
513 799 767 834 συνεπιτιθέμενον,
795 800 858 834 ἀνιᾷ
874 802 922 827 καὶ

133 843 256 878 βιρύνει,
270 844 318 871 καὶ
336 845 410 871 ἔνδον
431 845 591 880 προχωροῦν
608 846 787 881 κιτατρὺχίι.
815 847 852 872 Οὑ
867 847 922 881 γὰρ

132 887 206 914 οὕτω
219 888 249 914 τὸ
261 890 290 915 ὲν
313 889 402 916 ἐλπίσι
422 891 549 925 κείμενον
568 891 681 924 ἀγαθὸν,
699 890 737 922 ὡς
755 892 786 917 τὸ
799 892 827 917 ὲν
842 893 922 927 χερσὶ

132 935 289 969 γενόμειον,
305 936 417 971 ταχεῖάν
433 946 462 963 τε
476 937 525 972 τὴν
543 937 688 972 ἀφαίρεσιν
709 938 857 973 ὑπομένον,
872 939 922 974 τὴν

131 980 181 1014 τῆς
196 981 347 1016 ἀποτυχίας
372 983 449 1009 ἀνίαν
466 983 585 1018 ἐμποιεῖ.
602 983 638 1009 Τὸ
655 984 704 1018 μὲν
718 984 773 1019 γὰρ
791 985 820 1010 ἐν
840 984 922 1011 ἀπεί-

132 1034 189 1059 ρςις
203 1027 250 1053 τοῦ
268 1027 438 1063 ὲπιθυμητοῦ
467 1028 503 1063 μὴ
519 1029 733 1064 προγινὸμειιον,
760 1030 859 1065 ῥᾳδίως
875 1030 923 1064 φέ-

132 1079 210 1104 ρεται
222 1079 229 1086 ⁸
245 1073 274 1099 τὸ
290 1073 318 1100 δὲ
328 1075 384 1105 τοῖς
396 1073 444 1100 τοῦ
456 1074 532 1109 ἡδέος
548 1075 630 1101 αὑτοῦ
644 1076 823 1110 γευσαμένοις
838 1077 921 1110 ἀφαι-

132 1118 274 1153 ρούμενον,
292 1120 461 1156 δυσφόρητον
480 1122 530 1156 μὲν
545 1122 594 1156 τὴν
606 1122 749 1158 ἀφαίρεσιν
759 1123 826 1158 ἔχει,
842 1123 922 1158 χαλε-

132 1163 187 1197 πὴν
200 1165 228 1191 δὲ
245 1166 294 1200 τὴν
311 1167 413 1200 ζημίαν
426 1168 481 1197 τοῖς
499 1168 667 1201 ὑπομένουσι
683 1168 818 1203 προξενεῖ.
841 1168 923 1204 Ἡμῖν

131 1210 184 1245 μὲν
198 1209 246 1237 οὖν
259 1211 363 1238 πολλῶν
378 1213 466 1238 πόνων
478 1213 526 1239 καὶ
540 1213 699 1248 προσευχῶν
715 1214 819 1248 καρπὸς
833 1224 924 1249 παρα-

131 1257 278 1290 σχεθεῖσα,
297 1257 344 1292 τῆς
359 1266 387 1284 τε
400 1258 576 1290 ἀπολαύσεως
590 1259 716 1292 ἕγευσαε,
742 1262 788 1286 καὶ
799 1261 848 1296 τὴν
861 1261 921 1287 ἐπι-

129 1300 236 1335 θυμίαν
250 1301 381 1337 ἕστησας·
400 1303 447 1329 νῦν
460 1303 487 1329 δὲ
499 1304 568 1337 μετὰ
583 1305 681 1339 πεῖραν
694 1304 747 1330 τῶν
763 1306 816 1331 σὼν
833 1306 923 1333 καλῶν

130 1346 148 1380 ἠ
163 1347 320 1381 ἀφαίρεσις,
337 1348 384 1374 καὶ
402 1349 473 1383 μετά
497 1349 545 1384 τὴν
562 1349 712 1376 ἀπόλαυσιν
728 1351 744 1386 ή
761 1351 859 1386 ζημία,
875 1352 922 1379 καὶ

130 1392 164 1418 τὸ
178 1393 260 1427 ἀηδὲς
275 1394 343 1427 μετὰ
358 1394 406 1429 τὴν
425 1395 531 1430 ἡδονήν.
549 1395 595 1421 Διὸ
622 1395 676 1422 τῶν
703 1404 733 1422 τε
749 1397 922 1431 πραγμάτων

132 1438 150 1472 ἡ
164 1436 255 1471 ἔφεσις
277 1439 379 1474 ἔρημος
398 1440 589 1472 ἀπολείπεται,
616 1441 664 1467 καὶ
687 1440 731 1467 διὰ
749 1441 849 1477 βάθους
872 1443 922 1478 τῆς

131 1483 222 1520 ψυχῆς
249 1485 283 1512 τὰ
296 1485 414 1521 ὀδυνηρά
431 1486 481 1520 τῆς
499 1486 605 1520 φύσεως
631 1489 716 1522 χωρεί
737 1487 850 1523 κέντρα.
867 1490 922 1516 Καὶ.

131 1530 159 1556 ει
180 1530 229 1565 μὲν
249 1531 316 1566 πρὸς
332 1531 427 1566 ἕτερον
445 1529 479 1567 ἦν
494 1532 613 1564 ἀπιδεῖν,
630 1532 647 1567 ἢ
661 1533 776 1569 παρδνῆ
793 1534 921 1569 ἐσόμενον

131 1575 239 1608 τέκνον,
253 1575 326 1612 εἶχεν
338 1577 371 1604 ἂν
383 1578 413 1604 τὸ
429 1578 547 1613 φορητὸν
563 1579 580 1614 ἠ
602 1578 744 1611 διάστασις
756 1587 763 1595 ·
785 1580 879 1616 ἐπειδὴ
892 1581 921 1608 δὲ

134 1623 185 1671 μία
202 1624 252 1671 τῆς
274 1623 442 1671 coemam;
465 1624 575 1659 φύσεως
598 1624 729 1659 θεραπεία
744 1625 920 1662 δεδωρημένη
934 1640 956 1671 C

133 1668 301 1704 καθιέρωσαι
314 1670 353 1704 τῷ
367 1670 450 1702 δόντι,
466 1670 517 1702 τὰς
532 1670 670 1705 ἡμετέρας
687 1671 849 1706 ἀναφλέγεις
867 1673 922 1707 ψυ-

132 1714 193 1747 χὰς,
213 1715 348 1750 μηδεμίαν
371 1716 418 1742 τοῦ
437 1715 539 1745 πάθους
559 1716 762 1743 καταλείπουσα
791 1726 923 1753 παραμυ-

133 1759 206 1791 θίαν,
224 1761 248 1786 εί
263 1760 310 1786 καὶ
327 1761 357 1787 τὸ
381 1761 608 1797 εὐπαρηγόρητον
626 1761 657 1788 τὸ
672 1762 722 1797 τῆς
743 1762 921 1798 ἀφιερώσεως

133 1806 387 1840 κατεπαγγέλλεται
406 1809 531 1842 πρᾶγμα.

975 336 1007 363 ad
1024 336 1106 362 llliam
1129 343 1283 363 sermonem
1309 335 1443 362 haberent
1467 333 1625 369 hujusmodi
1645 343 1651 361 :
1678 335 1765 362 Multa

973 381 1095 416 quidem.
1108 385 1137 408 ut
1151 386 1177 409 te
1187 382 1388 414 obtineremus,
1405 381 1528 415 perpessi
1540 388 1646 414 sumus,
1664 389 1680 408 ο
1695 382 1762 412 tilia.

973 432 1112 455 certamen
1127 427 1250 462 apprime
1263 427 1429 454 laboriosum
1449 426 1631 462 suscepimus,
1650 433 1761 462 graves-

972 482 1026 509 que
1050 482 1187 502 aerutnnas
1209 475 1403 505 sustinuimus.
1428 479 1458 501 ut
1478 478 1506 502 et
1530 482 1545 501 a
1567 474 1769 502 scomntatibus

973 524 1085 554 propter
1102 519 1274 547 sterilitatem
1292 519 1401 555 injectis
1416 519 1609 550 liberaremur,
1626 527 1658 546 ac
1672 523 1698 546 te
1710 526 1760 545 tto-

973 565 1017 593 bis
1032 565 1159 592 donatam
1172 566 1236 600 juge
1253 570 1317 593 ante
1329 565 1425 594 oculos
1442 566 1563 593 solamen
1581 565 1765 597 haberemus;

973 619 1046 638 nunc
1061 616 1152 638 autem
1178 619 1286 642 eorum,
1314 619 1375 646 quae
1397 611 1502 638 tamdiu
1532 611 1763 645 exspectavimus.

973 656 1108 684 bonorum
1119 657 1253 691 jacturam
1267 657 1396 691 patimur.
1414 656 1531 689 Quando
1544 657 1617 684 enim
1634 656 1694 684 istis
1708 657 1767 692 jam‘

972 703 1026 731 frui
1042 703 1169 735 dabatur,
1183 703 1312 738 quodque
1329 707 1488 735 exoptatum
1498 710 1531 730 ac
1545 702 1692 737 qmesitum
1708 702 1766 730 fuc~

975 754 1026 780 rat.
1045 757 1156 776 eramus
1177 749 1305 781 assecuti,
1337 749 1446 783 quando
1459 749 1577 775 cessatio
1590 755 1606 775 a
1623 748 1768 775 labaribus

973 795 1197 830 promittebatur.
1215 798 1244 821 et
1275 802 1382 825 eorum,
1410 802 1470 828 qua:
1499 793 1611 828 reliquis
1636 793 1768 820 omnibus

971 841 1137 878 jucundiora
1152 841 1232 868 nobis
1255 846 1345 872 erant,
1365 841 1443 876 plena
1464 840 1639 875 possessione
1661 840 1766 874 gaude-

973 887 1087 920 bamus;
1102 892 1178 919 tunc,
1201 886 1317 921 abrupto
1338 886 1490 916 consortio.
1512 889 1541 913 et
1568 892 1632 920 spes
1664 889 1768 911 nostra:

973 932 1112 964 dillluunt,
1125 936 1152 959 et
1171 931 1311 967 graviores
1329 931 1438 957 irruunt
1452 938 1592 962 aerumnze,
1615 937 1647 957 ac
1663 937 1767 956 maeror

975 977 1098 1006 succedit
1115 976 1313 1005 consolationis
1338 977 1458 1008 nescius,
1485 976 1531 1011 qui
1549 983 1600 1003 nos
1616 975 1721 1010 allligit.
1739 981 1767 1003 et

976 1024 1117 1059 opprimit,
1129 1028 1157 1050 et
1168 1024 1262 1050 intima
1274 1022 1364 1050 cordis
1375 1022 1526 1058 pervadens
1537 1022 1695 1050 discruciat.
1704 1022 1764 1049 Non

975 1070 1048 1097 enim
1062 1069 1119 1104 pari
1133 1069 1226 1096 dolore
1243 1068 1326 1096 amcit
1346 1068 1457 1095 autisslo
1483 1068 1559 1098 boni.
1576 1067 1650 1102 quod
1676 1067 1768 1094 adhuc

975 1115 1033 1151 spei
1049 1119 1148 1142 nostne
1176 1119 1281 1142 tantum
1296 1115 1436 1150 objicitur,
1452 1114 1682 1149 quemadmodum
1713 1115 1768 1141 im-

975 1163 1085 1197 provisa
1101 1162 1178 1193 boni.
1197 1160 1271 1196 quod
1295 1161 1350 1196 jam
1383 1166 1518 1192 tenemus,
1541 1160 1654 1187 ablatio.
1676 1159 1770 1188 Facile

975 1208 1050 1236 enim
1077 1208 1174 1239 lertur.
1191 1208 1215 1235 si
1238 1207 1411 1242 inexpertum
1427 1206 1539 1238 bonum,
1564 1205 1638 1241 quod
1661 1213 1767 1233 concu-

976 1255 1103 1290 piscitur,
1124 1254 1232 1289 assequi
1245 1262 1300 1287 non
1330 1254 1421 1281 liceat.
1441 1254 1489 1281 Sin
1513 1258 1604 1280 autem
1625 1253 1768 1288 quidpiam

977 1300 1010 1327 iis
1024 1300 1158 1331 aufertur,
1177 1299 1224 1334 qui
1246 1299 1408 1326 suavitatem
1420 1299 1479 1334 ejus
1493 1299 1548 1334 jatn
1579 1302 1771 1333 gustaverantr

976 1344 1095 1372 dillicilis
1122 1352 1237 1380 prorsus
1264 1343 1298 1371 ad
1321 1343 1465 1371 ferendum
1483 1343 1601 1378 privatio
1617 1343 1677 1378 ejus
1698 1351 1769 1370 con-

977 1391 1068 1426 tingit,
1085 1390 1273 1425 fraudatisque
1298 1390 1508 1418 acerbissimum
1533 1389 1656 1417 dolorem
1673 1389 1772 1416 adcrt-

975 1437 1035 1464 Jam
1056 1444 1122 1464 vero
1139 1441 1166 1464 tu
1185 1436 1265 1464 nobis
1280 1443 1410 1464 concessa
1431 1436 1521 1464 fueras
1544 1441 1674 1471 tanquam
1693 1436 1768 1462 mul-

977 1487 1067 1510 torum
1085 1482 1210 1509 laborum
1224 1489 1256 1509 ac
1272 1489 1383 1517 precum
1398 1481 1547 1509 ellusarum
1566 1481 1683 1514 fructus,
1700 1483 1769 1516 jam-

975 1537 1029 1564 que
1053 1533 1083 1555 ut
1103 1528 1265 1555 suavissima
1287 1528 1444 1555 frueremur
1459 1527 1601 1563 voluptate
1622 1526 1766 1560 eﬂ‘eceras,

976 1580 1158 1609 nostrumque
1172 1574 1335 1609 expleveras
1349 1574 1533 1607 desiderium;
1547 1578 1589 1602 ast
1599 1581 1664 1602 ecce
1679 1574 1767 1602 hono-

976 1629 1047 1654 rum,
1062 1629 1123 1657 quae
1139 1621 1166 1648 in
1181 1626 1207 1648 te
1223 1626 1299 1652 sunt,
1319 1621 1519 1656 experientiam
1532 1621 1636 1656 excipit
1651 1628 1767 1648 eorum-

976 1667 1038 1695 dem
1049 1667 1172 1700 amissio,
1184 1666 1307 1694 fruitioui
1321 1667 1444 1694 succedit
1455 1667 1574 1702 jactura.
1585 1665 1685 1701 gaudio
1696 1673 1769 1694 mu:-

976 1713 1062 1740 stitia.
1094 1713 1243 1747 Propterea
1271 1711 1353 1739 nobis
1382 1712 1550 1740 desiderium
1586 1712 1766 1747 relinquitur,

976 1759 1050 1794 quod
1069 1759 1175 1793 expleri
1191 1763 1318 1793 nequeat,
1333 1765 1366 1785 ac
1380 1758 1499 1785 acerbus
1519 1763 1625 1786 natura}
1642 1758 1777 1791 aculeus,_

976 1806 1023 1841 qui
1037 1807 1136 1833 animae
1161 1805 1256 1832 intima
1280 1804 1414 1840 pervadit.
1433 1805 1467 1832 Et
1488 1804 1510 1832 si
1528 1805 1638 1839 quidem
1655 1805 1689 1832 de
1713 1805 1781 1832 alia.-

131 1852 210 1887 prole
229 1858 275 1880 aut
287 1858 421 1888 prasente
438 1859 485 1881 aut
503 1853 595 1882 futura
613 1854 735 1890 cogitare
757 1855 865 1887 liceret,
882 1853 996 1882 ferenda
1031 1853 1090 1880 haec
1109 1851 1249 1887 separatio
1282 1854 1433 1885 utcumque
1453 1849 1554 1877 viderit
1571 1854 1679 1884 posset:
1715 1851 1765 1878 sed

131 1902 277 1934 postquam
295 1900 407 1927 unicum
425 1905 530 1927 natura:
545 1901 718 1935 clanguentis
731 1901 860 1928 solatium
873 1901 954 1928 nobis
972 1899 1076 1926 tributa
1092 1898 1179 1930 fuisti,
1209 1897 1389 1925 acerbissimo
1419 1903 1486 1924 sane
1517 1895 1624 1923 animas
1642 1900 1763 1927 nostras.

132 1945 198 1971 dum
211 1945 324 1974 donanti
345 1946 371 1972 in
391 1945 579 1973 holocaustum
600 1946 685 1978 cedis,
705 1946 800 1974 dolore
825 1947 892 1978 uris,
916 1951 948 1980 et
964 1949 1024 1972 utut
1041 1943 1110 1970 ratio
1142 1943 1359 1970 consecrationis
1375 1948 1427 1970 tua:
1446 1947 1574 1976 tanquam
1599 1942 1703 1978 aliquid
1718 1951 1764 1970 re-

132 1991 259 2018 creandis
269 1991 506 2019 animisidoneum
516 1996 696 2026 proponatur,
711 1992 815 2019 nullum
826 1998 917 2020 tamen
938 1991 1019 2019 nobis
1033 1990 1161 2018 maeroris
1175 1989 1356 2017 lenimentum
1371 1990 1514 2025 relinquis.

173 2037 330 2064 ’Δλλόὺδὲν
354 2038 474 2064 τοιοῦτον
493 2038 518 2063 οι
544 2038 668 2064 πανόσιοι
704 2037 755 2072 τῆς
784 2038 920 2073 παρθένου

132 2085 292 2119 γεννήτορες
307 2081 397 2111 εἴποιμ’
413 2084 426 2110 ὃ
443 2083 474 2118 δὴ
499 2084 544 2109 καὶ
561 2083 759 2118 καταπλήξεως
777 2085 836 2111 ἐστι
851 2084 920 2118 πλῆ-

133 2138 190 2164 ρες,
206 2130 252 2156 καὶ
271 2130 319 2165 τῆς
335 2130 389 2157 τῶν
399 2129 511 2156 δικαίων
529 2128 639 2161 ἐπάξιον
659 2129 771 2164 ἀρετῆς.
788 2130 918 2164 Κατέόη-

130 2183 192 2202 σαν
207 2175 272 2210 γὰρ,
286 2176 379 2211 φησὶν,
395 2176 423 2203 οὶ
436 2175 534 2209 γονεῖς
545 2174 641 2209 αὐτῆς
655 2175 853 2210 θαυμάζοντες
868 2178 917 2204 καί

130 2221 286 2254 αἰνοῦντες
302 2221 356 2248 τὸν
368 2221 451 2252 Θεὸν,
461 2220 505 2247 ὅτι
516 2221 571 2247 οὐκ
584 2220 761 2255 ἀπεστράφη
774 2221 849 2255 πρὸς
864 2223 918 2249 αὐ-

130 2267 211 2299 τούς.

1008 2037 1043 2065 At
1060 2036 1129 2064 nihil
1145 2035 1302 2071 hujusmodi
1320 2036 1486 2064 sanctissimi
1502 2036 1621 2071 Virginis
1637 2042 1778 2070 parentes-

969 2083 1116 2115 dixerunt;
1133 2082 1206 2117 quod
1229 2082 1324 2116 utique
1346 2086 1374 2109 et
1390 2083 1508 2110 maxime
1527 2083 1693 2118 stupendum
1709 2090 1764 2117 est,

969 2133 997 2156 et
1018 2128 1117 2156 horum
1137 2128 1276 2163 justorum
1301 2127 1403 2155 virtute
1420 2128 1621 2164 dignissimum.
1650 2128 1764 2156 Descen-

968 2174 1063 2201 derunt
1089 2174 1169 2206 enim,
1189 2173 1288 2208 inquit.
1315 2178 1437 2209 parentes
1464 2174 1521 2210 ejus
1549 2176 1714 2202 admirantes
1738 2181 1763 2203 et

970 2218 1107 2246 laudantes
1122 2219 1216 2253 Deum,
1228 2219 1354 2254 quoniam
1371 2228 1423 2247 non
1439 2224 1476 2246 est
1493 2229 1617 2248 conversa
1631 2221 1667 2248 ad
1681 2222 1763 2256 ipsos.

167 2312 230 2338 κε’.
245 2311 298 2338 Τοῦ
312 2311 460 2346 δεξαμένου
478 2311 532 2347 γὰρ
558 2311 605 2338 καὶ
628 2312 840 2348 οίκειωσαμὲνου
855 2312 918 2339 ταύ-

1007 2307 1089 2335 XXV.
1105 2307 1139 2334 Et
1165 2315 1230 2334 sane
1258 2307 1411 2342 prrevalens
1428 2315 1506 2334 amor
1525 2308 1595 2343 ejus,
1611 2309 1656 2343 qui
1675 2309 1764 2344 ipsam

129 2364 182 2391 την
197 2358 211 2383 ὁ
238 2357 321 2388 πόθος
346 2357 500 2392 ὑπερτχὼν,
529 2356 576 2383 τοῦ
593 2358 647 2383 τῶν
663 2357 812 2388 τεκόντων,
832 2358 918 2385 καίτοι

131 2402 368 2437 τυραννικωτάτου
392 2402 489 2435 ὄντος,
514 2403 706 2438 κατεκράτησε
732 2403 855 2439 φίλτρου.
887 2405 919 2430 Ὢ

132 2448 230 2482 καινῆς
245 2447 293 2474 καὶ
309 2448 399 2482 πάσης
416 2449 554 2483 ἀνωτέρας
567 2449 732 2484 διανοήσεως
754 2449 883 2485 χάριτοςί
897 2449 920 2476 ὣ

130 2491 213 2525 ξένης
237 2492 284 2516 καὶ
306 2492 416 2526 ἀγωγῆς
442 2493 490 2519 καὶ
508 2493 685 2529 διαιτήσεωςί
714 2493 737 2519 ὢ
760 2494 848 2528 λόγων
864 2493 920 2520 τῶν

131 2537 252 2573 ἁρμόδια
266 2537 322 2568 τοῖς
338 2537 482 2573 πράγμασι
499 2539 533 2565 τὰ
549 2540 660 2574 ῥήματα
676 2539 918 2575 προϐαλλομένωνῐ

131 2582 154 2607 ὦ
168 2582 254 2616 νομῆς
272 2580 392 2616 ἐκείνης.
418 2581 451 2617 ἣν
467 2582 589 2617 ἡλογικὴ
603 2584 650 2610 καὶ
663 2583 777 2615 ἄσπιλος
794 2583 843 2619 τῆς
870 2585 921 2618 φὺ-

134 2637 204 2659 σεως
221 2627 398 2662 κατενεμήθη
416 2627 515 2662 ἀμνάς.

168 2717 225 2746 Ἦν
238 2718 303 2752 γὰρ,
322 2717 400 2752 φησι,
431 2716 546 2751 Μαριὰμ
572 2718 719 2752 νεμομένη
743 2719 779 2745 ὲν
803 2718 843 2751 τῷ
858 2719 920 2752 ναῷ

136 2766 254 2799 Κιρίου,
274 2763 346 2790 ὡσεὶ
365 2763 535 2796 περιστερὰ,
556 2763 603 2789 καὶ
633 2763 783 2797 ἐλάμϐανε
806 2765 922 2799 τροφὴν

136 2813 169 2838 ἐκ
184 2810 280 2844 χειρός
294 2809 435 2844 ἀγγέλου.
456 2808 567 2843 Ἐπειδὴ
581 2808 634 2844 γὰρ
649 2809 835 2844 ἀποδεδομένη
863 2811 921 2845 Θεῷ

138 2858 184 2883 καὶ
194 2857 243 2891 τῆς
259 2855 432 2890 ἀνθρωπίνης
448 2855 645 2889 ἀπηλλαγμένη
662 2855 840 2888 προστασίας,
853 2856 920 2890 μήτε

138 2903 192 2928 τῶν
214 2901 403 2935 γεννησάντων
427 2902 459 2935 τῇ
476 2900 615 2935 ἀναγκαίᾳ
627 2900 731 2934 ταύτης
745 2900 922 2928 ἐπιστατούν-

140 2956 191 2974 των
206 2946 297 2982 χρείᾳ,
319 2947 386 2981 μήτε
403 2946 456 2972 τῶν
475 2946 596 2980 γνησίων
619 2945 650 2971 τὸ
666 2945 842 2978 ὲφυστερίζον
854 2947 922 2972 ἁπο-

970 2357 1132 2388 susceperat
1159 2361 1293 2387 suamque
1313 2353 1426 2386 fecerat,
1441 2353 1571 2380 allectum
1589 2354 1615 2381 in
1637 2361 1768 2389 parentes

971 2401 1032 2425 utut
1056 2398 1340 2429 vehementissimum,
1361 2406 1393 2426 ac
1413 2399 1582 2426 validissime
1603 2399 1763 2427 devincien-

972 2448 1038 2475 tem,
1065 2443 1223 2478 longissime
1242 2444 1403 2472 excedebat.
1422 2443 1444 2472 0
1460 2452 1556 2471 novam
1582 2450 1663 2479 atque
1685 2446 1760 2473 omni

970 2489 1137 2524 cogitatione
1153 2490 1343 2517 sublimiorem
1361 2491 1490 2525 gratiaml
1507 2498 1524 2517 ο
1535 2492 1708 2526 peregrinam
1722 2492 1764 2518 vi-

973 2534 1054 2561 vendi
1073 2535 1205 2562 rationem
1229 2542 1261 2562 ac
1275 2535 1464 2570 disciplinaml
1484 2543 1500 2562 ο
1524 2536 1710 2564 narrationem
1726 2537 1762 2564 iis

972 2580 1065 2608 verbis
1078 2584 1244 2614 contextam,
1272 2589 1333 2616 qua:
1350 2581 1432 2608 rebus
1449 2582 1565 2608 maxime
1582 2584 1757 2617 congruunt!

971 2633 988 2653 ο
1004 2630 1135 2662 pasc’uum
1152 2626 1219 2653 illud
1235 2634 1290 2662 quo
1305 2626 1446 2654 rationalis
1465 2631 1492 2655 et
1513 2629 1686 2655 immaculata
1712 2637 1763 2656 na-

972 2677 1040 2699 tura:
1055 2672 1182 2699 humanae
1194 2680 1262 2707 agna
1280 2673 1458 2708 pascebatur!

1009 2717 1169 2744 Pascebatur
1185 2719 1265 2750 enim,
1281 2719 1379 2753 inquit,
1396 2719 1484 2747 Maria
1498 2720 1524 2746 in
1537 2720 1632 2755 templo
1651 2720 1755 2747 Domini

970 2765 1035 2791 sicut
1056 2763 1186 2796 columba,
1210 2769 1234 2791 et
1258 2772 1345 2791 escam
1362 2773 1375 2791 e
1397 2775 1477 2793 manu
1495 2767 1584 2801 angeli
1605 2767 1760 2802 accipiebat.

972 2811 1121 2844 Postquam
1136 2809 1209 2836 enim
1227 2810 1334 2837 reddita
1350 2811 1407 2838 Deo
1425 2812 1486 2844 fuit,
1503 2817 1530 2839 et
1543 2812 1662 2839 humana
1673 2813 1698 2840 ei
1711 2813 1759 2839 de-

973 2856 1081 2883 licicbat
1097 2855 1266 2888 sollicitudo,
1298 2857 1361 2890 quia
1390 2858 1494 2885 scilicet
1520 2867 1608 2893 neque
1631 2864 1759 2893 parentes

972 2907 1066 2927 curam
1081 2907 1176 2927 eorum
1193 2907 1253 2934 qua:
1272 2901 1433 2935 quotidiano
1458 2904 1518 2930 usui
1551 2903 1705 2930 necessaria
1733 2903 1760 2930 ei

974 2946 1071 2979 forent,
1089 2946 1116 2973 in
1132 2953 1160 2973 se
1177 2947 1294 2980 amplius
1321 2948 1518 2983 suscipiebant,
1538 2957 1625 2977 neque
1639 2949 1771 2983 cognati,
