2034 3153
177 200 231 231 639

833 201 961 231 JACOBl
984 201 1157 232 MUNACHI

1752 203 1804 235 640

177 266 238 285 rum
249 257 388 285 consortio
400 265 513 293 prorsus
529 261 644 289 remota,
657 262 684 284 et
698 265 713 284 a
746 258 892 293 qnibusvis
925 265 965 286 xs-

1032 272 1033 281 ι
1046 259 1201 294 λειτουργὸς
1219 261 1314 295 καιρδν
1334 261 1474 297 σύμφορον
1489 263 1541 289 καὶ
1552 261 1633 288 τόπον
1649 263 1805 288 συνοίσοντα

176 303 336 331 sentatoriis
360 303 451 330 verbis
465 303 643 330 abhorrebat.
675 303 810 336 Quocirca
842 303 965 338 pruden-

178 349 282 376 tissime
298 349 422 376 minister
443 348 487 375 ille
501 349 621 375 caelestis
644 354 829 384 opportunum
847 355 964 384 tempus,

143 387 145 392 ’
176 397 204 419 et
218 393 306 420 locum
326 393 363 419 rei
384 392 512 419 idoneum
538 393 707 427 explorabat.

212 437 245 465 Et
267 438 365 465 exinde
385 439 493 470 merito,
507 446 566 465 mea
585 439 696 473 quidem
719 439 865 471 sententia,
892 447 963 474 pra:-

178 483 289 511 l‘erenda
305 484 364 511 visa
394 487 436 511 est
463 485 562 511 horum
597 491 736 520 gestorum
763 485 879 512 historia
911 485 966 517 illa,

177 537 238 564 qua:
254 531 340 564 prima
350 530 442 565 gaudii
455 531 552 558 nuntia
568 531 602 558 iis
614 535 807 562 eonnumerat,
819 539 879 565 qua!
889 537 967 558 extra

179 575 298 609 Virginis
312 575 423 602 domum
438 576 649 611 (contigerunt).
665 576 722 603 Etsi
739 576 813 603 enim
835 575 969 603 divinitus

179 621 286 649 amatus
317 623 484 657 evangelista
514 623 588 650 illius
611 623 802 650 tantummodo
825 623 967 658 colloquii,

179 668 253 702 quod
288 669 358 695 intra
389 668 506 696 domum.
537 669 718 705 archangelus
746 670 854 702 habuit,
884 670 967 697 verba

180 713 290 748 scriptis
307 713 571 748 consignaverit;vat
582 714 633 741 alia
653 715 770 750 plurima
786 715 930 742 brevitatis
941 720 970 743 et

180 758 336 792 compendii
366 766 458 791 causa,
485 763 515 786 ut
542 763 618 794 puto,
651 760 843 794 praetermisit.
875 761 968 796 prouti

181 802 264 830 etiam
281 803 371 837 quoad
391 803 443 831 alia
458 804 683 832 adverterelicet.

217 848 288 876 Sane
302 849 545 884 quemadmodum,
562 850 627 878 dum
643 851 670 878 in
696 851 850 887 eujuspiam
872 851 970 880 domus

184 893 363 922 interioribus
382 895 484 922 inclusi
502 904 655 929 manemus,
670 901 708 928 et,
719 898 826 925 cunctis
835 899 908 926 circa
921 906 975 926 nos

1019 303 1058 338 τῷ
1072 305 1216 340 πράγματι
1231 306 1381 334 διεσκόπει.

1056 437 1137 465 Ὀοεν
1154 447 1199 473 μοι
1214 439 1307 472 σαφῶς
1323 439 1406 472 δοκεῖ,
1421 441 1486 475 περὶ
1505 443 1607 467 τούτων
1623 441 1671 473 τὴν
1686 439 1807 474 ἱστορίαν

1020 482 1200 517 διαλελὲχθαι,
1219 484 1287 519 πρὸς
1312 486 1370 516 τοῖς
1396 485 1476 517 ἐκτὸς
1489 485 1536 511 τοῦ
1551 485 1627 511 οίκου
1640 486 1673 511 τὰ
1694 485 1743 519 τῆς
1757 494 1806 518 χα-

1024 529 1072 562 ρᾶς
1097 529 1233 564 προοίμια
1258 530 1468 566 ὑποτιθεμένην.
1494 530 1526 557 Et
1553 531 1607 566 γὰρ
1624 531 1670 557 καὶ
1691 531 1776 564 μόνης
1794 530 1808 556 ὁ

1022 574 1164 607 Θεσπέσιος
1189 576 1386 612 εὐαγγελιστὴς
1404 577 1454 612 τῆς
1473 577 1502 604 ὲν
1529 576 1567 612 τῷ
1582 577 1649 611 οἴκῳ
1663 576 1808 608 διαλέξεως

1022 620 1069 646 τοῦ
1085 621 1256 655 ἀρχαγγέλου
1271 622 1334 652 τοὺς
1349 621 1445 656 λόγους
1473 621 1643 657 ὑπέγραψεν,
1660 621 1727 647 ἀλλὰ
1744 621 1809 655 βρα-

1023 668 1162 703 χυλογίας,
1182 667 1270 704 οῐμαι,
1298 669 1348 696 καὶ
1370 669 1516 704 συντομίας
1539 669 1620 704 χάριν
1637 670 1671 695 τὰ
1697 669 1810 695 πλεῖστα

1024 714 1211 750 παρέδραμεν,
1227 715 1264 747 ὠς
1282 716 1328 742 καὶ
1347 717 1376 742 ὲν
1393 715 1483 748 ἄλλοις
1499 716 1557 742 ἐστι
1573 715 1680 751 μαθεῖν.

1065 849 1110 881 Ὦς
1123 849 1177 885 γὰρ
1192 848 1267 876 ἔνδον
1281 850 1362 884 ἡμεῖς
1379 850 1407 876 ὲν
1432 850 1512 884 οίκίςι
1519 848 1573 876 τινὶ
1591 848 1812 883 καθειρχθέντες,

1025 895 1073 921 καὶ
1087 895 1203 930 ἡσυχίαν
1218 895 1328 929 βαθεῖαν
1343 897 1374 921 ὲκ
1390 895 1498 922 πάντων
1515 895 1638 928 ἄγοντες,
1653 894 1700 920 τοῦ
1717 893 1813 927 ἁθρόον

185 939 287 972 tacitis,
299 939 456 968 omnimoda
473 942 552 976 quies
560 942 680 974 obtinet,
692 943 715 970 si
733 951 848 978 magnus
861 949 974 979 repente

1032 942 1173 976 γενομένου
1184 941 1308 976 ψόφου,ἦ
1325 943 1418 976 φωνῆς
1427 941 1533 976 τρανῶς
1545 939 1814 976 ὲνεχθείσης,εἱὼθα-

174 984 275 1020 ,fragor
290 986 438 1019 excitetur,
452 991 500 1014 aut
511 987 661 1015 vehemens
674 989 805 1023 percellat
817 997 868 1016 vox
881 998 974 1022 aures,

183 1032 304 1066 graviter
312 1031 382 1059 allici
397 1034 528 1066 solemus,
543 1038 571 1061 et
585 1034 833 1063 vehementissimo
853 1036 975 1071 correpti

184 1076 282 1104 timore
302 1077 356 1104 huc
371 1077 436 1105 illuc
450 1078 566 1113 propelli
580 1087 587 1112 ;
604 1080 745 1107 multoties
762 1088 828 1107 vero
855 1081 976 1116 trepida-

184 1124 259 1152 tione
272 1125 396 1160 oeeupati
411 1125 493 1153 etiam
508 1125 580 1154 foras
596 1126 630 1154 ad
658 1135 752 1154 casum
779 1127 975 1155 declinandum

184 1170 316 1206 aufugere
334 1172 468 1205 nitimur;
486 1173 597 1208 quando
611 1180 677 1201 vero
700 1173 768 1201 foris
780 1182 939 1204 versamur,
951 1175 975 1203 si

184 1216 325 1251 quidpiam
356 1219 491 1253 ejusmodi
524 1219 605 1246 nobis
630 1220 781 1256 contingat.
810 1225 870 1248 utut
895 1228 977 1255 grave

186 1259 253 1286 illud
266 1259 303 1287 sit
322 1268 354 1287 ac
368 1267 483 1296 repente
497 1262 619 1294 invadat,
636 1264 808 1291 moderatius
824 1272 875 1292 nos
888 1270 978 1292 terror

186 1299 350 1338 commovet,
366 1308 467 1342 quippe
482 1311 546 1335 tunc
560 1315 657 1335 sensus
673 1308 700 1335 in
719 1309 796 1343 plura
814 1309 976 1337 distrahun-

188 1355 242 1383 tur,
256 1359 307 1379 nec
320 1352 434 1380 moleste
451 1353 493 1381 vel
518 1353 646 1389 ingentes
661 1353 785 1389 fragores
815 1355 976 1390 excipiunt;

186 1397 313 1426 eumdem
332 1398 358 1425 in
373 1399 484 1426 modum
501 1399 546 1426 illa
569 1407 679 1434 quoque
701 1400 814 1434 provide
842 1406 906 1428 sunt
922 1401 979 1429 dis-

190 1444 289 1478 posita,
302 1452 362 1479 qua:
380 1445 413 1472 ad
438 1445 559 1480 Virginis
582 1446 766 1474 Immaculata:
783 1448 978 1476 annuntiatio-

189 1498 251 1518 nem
267 1492 438 1526 spectabant.
455 1491 562 1519 Etenim
579 1493 602 1520 si
614 1493 688 1521 intus
700 1494 837 1521 allocutus
861 1502 921 1522 eam
934 1502 979 1522 es-

189 1540 231 1563 set
245 1536 366 1568 Gabricl’,
383 1538 537 1572 periculmn
567 1538 754 1573 impendebat,
771 1547 804 1566 ne
822 1540 980 1574 (perturba-

172 1581 277 1627 χιίὸηιε)
295 1582 367 1609 foras
380 1590 440 1610 eam
465 1584 652 1618 compelleret.
669 1585 704 1611 At
718 1590 861 1620 postquam
878 1585 980 1613 alicubi

190 1632 267 1654 extra
284 1626 396 1654 domum
412 1636 550 1664 apparens
563 1630 708 1657 salutando
721 1638 781 1657 eam
807 1631 907 1658 allatus
925 1636 984 1664 est,

189 1673 245 1707 jam
265 1673 341 1702 intus
357 1682 417 1701 eam
443 1677 586 1710 compulit,
602 1681 631 1704 et
643 1677 680 1704 ibi
697 1678 785 1713 ipsam
811 1678 844 1705 ad
871 1686 904 1705 ea
921 1686 983 1713 qum

193 1719 416 1753 dicendaerant,
436 1729 533 1750 secure
548 1723 696 1756 continuit,
712 1724 815 1759 quippe
847 1732 910 1759 qua:
927 1732 982 1752 non

192 1766 306 1794 haberet
322 1774 377 1802 quo
391 1767 462 1795 forte
477 1768 513 1796 ob
529 1769 713 1797 turbationem
729 1770 894 1798 declinaret.

227 1813 274 1841 IX.
289 1813 436 1849 Postquam
447 1814 529 1850 igitur
538 1816 712 1850 providentia
723 1816 807 1848 illius,
825 1817 872 1851 qui
883 1822 984 1853 myste-

194 1850 264 1886 rium
292 1867 375 1894 opere
404 1860 571 1895 complebat,
602 1870 617 1888 c
635 1862 804 1889 domuncula
834 1871 983 1897 parumper

193 1913 301 1940 egressa
313 1911 355 1933 est
368 1907 471 1943 (Virgo)
487 1908 522 1934 ad
542 1915 652 1943 aquam,
667 1914 749 1943 prout
781 1909 896 1937 historia
920 1919 984 1938 nar-

193 1955 246 1984 rat,
259 1951 450 1986 hauriendam,
463 1957 491 1980 et
509 1954 635 1988 pervenit
659 1954 692 1981 ad
705 1953 808 1982 fontem
837 1956 894 1990 (qui
920 1957 984 1990 qui-

193 1997 255 2024 dem
274 1999 427 2033 symbolum
445 2004 506 2026 erat
524 2001 657 2035 mysterii,
674 2005 702 2027 et
719 2009 817 2036 aquam
840 2002 983 2030 immorta-

193 2043 248 2071 lem
274 2044 481 2080 adumbrabat).
500 2050 566 2073 tunc
597 2047 791 2082 archangelus,
805 2048 928 2081 nondum
944 2049 985 2076 vi-

195 2090 316 2118 dendum
333 2099 361 2119 se
378 2092 516 2126 pmbens,
533 2101 612 2120 voees
626 2093 735 2120 effudit.

231 2136 279 2163 llla
294 2143 385 2164 autem
401 2138 435 2164 ad
455 2138 530 2166 vocis
544 2138 626 2173 hujus
650 2140 801 2166 novitatem
825 2139 984 2175 perterrita,

195 2182 343 2210 formidine
354 2187 532 2218 occupatast
554 2192 667 2219 pavore,
680 2185 708 2212 in
725 2185 857 2213 interiora
886 2185 986 2213 domus

196 2236 226 2255 se
238 2229 351 2263 recepit.
370 2229 518 2265 Postquam
537 2238 613 2263 vero,
629 2231 711 2258 corde
724 2232 877 2259 etiamnum
893 2231 985 2267 palpi-

1028 996 1077 1021 μεν
1094 988 1176 1020 ὀξέως
1192 988 1450 1022 ἀντιλαμϐάνεσθαι,
1459 988 1506 1014 καὶ
1519 987 1693 1022 σφοδροτάτῳ
1705 986 1814 1020 δείματι

1027 1034 1213 1069 συνεχόμενοι,
1248 1034 1447 1069 περιδσνεῖσθαι
1475 1032 1663 1068 πανταχόθεν·
1684 1032 1815 1063 πολλάκις

1027 1080 1055 1106 δὲ
1075 1079 1123 1106 καὶ
1142 1079 1195 1106 ὑπὸ
1211 1080 1330 1113 ἀγωνίας
1348 1079 1583 1114 πολιορκούμενοι,
1607 1078 1676 1112 πρὸς
1689 1078 1722 1105 τὰ
1737 1077 1816 1108 ἐκτὸς

1028 1126 1100 1153 θέειν
1122 1126 1152 1152 τὸ
1169 1127 1276 1161 συμϐὰν
1293 1126 1429 1152 ἐκκλίνειν
1453 1125 1637 1160 πειρώμενοι·
1653 1125 1772 1159 ὁπηνίκα
1788 1123 1817 1150 at

1027 1172 1083 1202 τοῖς
1094 1170 1195 1204 ἔξωθεν
1205 1171 1503 1205 συναναστρεφομένοις
1513 1168 1652 1203 ὲπισυμϐῇ
1662 1176 1688 1194 τι
1696 1167 1816 1194 τοιοῦτον

1027 1217 1104 1252 ἡμῖν,
1122 1217 1171 1244 κᾶν
1184 1216 1298 1251 σφοδρὸν
1318 1217 1386 1252 τύχῃ
1404 1216 1451 1242 καὶ
1474 1215 1604 1249 ἐξαπίνης
1630 1213 1814 1247 συνενεχθεὶη,

1030 1264 1222 1298 μετριωτέρως
1240 1263 1291 1298 τὴν
1314 1263 1486 1297 κατάπληξιν
1504 1263 1635 1297 φέρομεν,
1653 1261 1701 1295 τῆς
1719 1260 1816 1293 αἰσθή-

1031 1318 1099 1340 σεως
1124 1309 1252 1336 ἐντεῦθεν
1264 1310 1311 1341 εἰς
1325 1309 1412 1335 πλείω
1430 1308 1623 1343 μεριζομένης,
1639 1307 1686 1333 καὶ
1715 1306 1753 1341 μὴ
1766 1314 1818 1340 χα-

1029 1356 1120 1387 λεπῶς
1135 1356 1184 1387 τὰς
1207 1355 1333 1391 θροήσεις
1349 1355 1497 1390 δεχομένης
1509 1362 1516 1369 ·
1544 1354 1614 1380 οὕτω
1630 1353 1677 1379 καὶ
1693 1353 1728 1378 τὰ
1748 1351 1818 1378 κατὰ

1029 1403 1076 1430 τὸν
1101 1402 1302 1437 εὐαγγελισμὺν
1332 1401 1495 1437 ᾠκονομήθη
1521 1400 1571 1434 τῆς
1585 1399 1724 1433 ἀμιάντου·
1746 1399 1818 1432 [ἰαρ-

1031 1449 1120 1475 θένου.
1136 1449 1166 1475 Et
1181 1448 1229 1481 μὲν
1245 1448 1300 1482 γὰρ
1313 1448 1386 1474 ἔνδον
1400 1448 1414 1473 ὁ
1424 1446 1545 1481 Γαὸριὴλ
1558 1445 1645 1481 ταύτῃ
1660 1446 1817 1479 προσεῖπεν,
1851 1477 1854 1479 Δ

1031 1495 1136 1529 ἀνάγκη
1160 1495 1233 1529 πρὸς
1248 1494 1283 1520 τὰ
1307 1495 1384 1524 ἐκτὸς
1411 1494 1554 1520 συνελᾱσαι
1573 1493 1653 1518 αὑτὸν
1684 1491 1816 1526 ὑπῆρχεν.

1037 1540 1146 1575 Ἐπειδὴ
1175 1540 1204 1567 δὲ
1231 1540 1284 1572 ἔξω
1311 1549 1363 1566 που
1390 1540 1440 1574 τῆς
1464 1539 1552 1570 οἱκίας
1568 1538 1747 1573 ὑπερφανεὶς,
1773 1537 1820 1563 τὸν

1034 1587 1179 1623 ἀσπασμὸν
1195 1585 1410 1623 προσεκήρυξεν,
1423 1586 1495 1613 ἔνδον
1512 1585 1596 1620 αὐτὴν
1611 1584 1761 1618 συνώθησε,
1773 1583 1820 1609 καὶ

1034 1634 1162 1669 ἀσφαλῶς
1177 1633 1244 1667 πρὸς
1258 1633 1291 1660 τὰ
1312 1633 1498 1669 λεχθησόμενα
1512 1630 1732 1667 ὲτιήρεισεν,-οῡκ
1745 1629 1822 1663 ἐχου-

1034 1690 1085 1708 σαν
1101 1681 1161 1708 ὅποι
1177 1682 1216 1716 τῇ
1229 1681 1335 1715 ἀγωνίᾳ
1350 1679 1540 1715 παρεκκλίνοι.

1069 1818 1108 1846 Θέ.
1133 1818 1211 1845 Ἐπεὶ
1233 1826 1280 1845 ουν
1294 1816 1452 1852 προμηθείᾳ
1468 1815 1514 1842 τοῦ
1527 1815 1558 1841 τδ
1583 1814 1734 1850 μυστήριον
1746 1814 1823 1848 ἐνερ-

1033 1865 1155 1900 γοῦντος,
1170 1863 1303 1898 ὑπεξῆλθε
1317 1862 1362 1889 τοῦ
1377 1861 1527 1896 δωματίου,
1539 1860 1614 1888 κατὰ
1625 1861 1675 1893 τὴν
1687 1859 1820 1894 ἱστορίαν,

1034 1909 1225 1946 ὑδρεύσασθαι,
1245 1910 1292 1936 καὶ
1307 1909 1355 1944 τὴν
1373 1908 1463 1943 πηγὴν
1476 1907 1652 1942 κατείληφεν,
1674 1906 1735 1941 ἥτις
1751 1905 1821 1940 σύμ-

1034 1958 1112 1984 ϐολον
1123 1955 1157 1992 ἧν
1167 1957 1214 1983 τοῦ
1234 1956 1395 1992 μυστηρίου,
1407 1955 1438 1981 τὸ
1452 1954 1588 1981 ἀθάνατον
1602 1953 1675 1988 ὕδωρ
1691 1953 1822 1984 ὲξεικονι-

1034 2005 1128 2036 ζουσα,
1144 2003 1193 2038 τὴν
1207 2002 1256 2036 μὲν
1273 2001 1365 2037 φωνὴν
1379 2001 1393 2028 δ
1406 1999 1577 2037 ἀρχάγγελος
1591 1999 1716 2034 ἀφίησιν,
1732 1997 1772 2024 ἔτι
1785 1995 1823 2032 μὴ

1035 2050 1156 2084 ἐκφανὴς
1173 2048 1221 2076 ὥν.

1077 2135 1110 2162 'll
1123 2136 1150 2161 δὲ
1169 2134 1207 2170 τῷ
1221 2134 1288 2170 ξένῳ
1303 2134 1405 2169 ταύτης
1429 2135 1648 2168 καταπλαγεῖσα,
1663 2134 1712 2160 σὺν
1727 2134 1822 2170 τρόμῳ

1036 2181 1083 2208 καὶ
1101 2183 1208 2216 ταραχῇ
1234 2181 1302 2216 πρὸς
1315 2183 1371 2212 τοῖς
1387 2180 1461 2208 ἔνδον
1487 2180 1595 2215 ἐχώρει.
1619 2179 1674 2206 Καὶ
1690 2180 1752 2206 ἐπεὶ
1775 2179 1822 2206 τοῦ

1036 2228 1118 2263 ἔργου
1144 2229 1243 2263 εἶχετο,
1267 2229 1317 2264 ήδη
1332 2229 1381 2262 τῆς
1408 2228 1522 2264 καρδίας
1539 2228 1754 2264 κραδαινομένης
1778 2229 1824 2254 καὶ

196 2277 271 2301 tante
283 2273 443 2309 crebrisque
462 2275 582 2303 motibus
596 2276 733 2311 pulsante,
765 2285 798 2304 ac
825 2277 904 2313 genis
926 2277 978 2312 pal-

1037 2275 1157 2309 συνεχῶς
1173 2274 1376 2310 παασσοὺαης,
1394 2273 1443 2308 τῆς
1464 2282 1494 2300 τε
1510 2273 1666 2308 ὠχρότητος
1684 2272 1734 2305 τὰς
1749 2281 1823 2306 παρ-

197 2319 253 2347 lore
265 2319 388 2353 suffusis,
403 2321 565 2357 cunctisque
578 2323 695 2351 artubus
724 2323 904 2351 vehementer
917 2331 984 2351 con-

197 2366 429 2398 tremiscentibus,
446 2367 524 2401 operi
554 2367 659 2396 intenta
686 2373 767 2402 erat;
792 2360 985 2404 superlimini-

195 2411 262 2439 litize
288 2412 387 2440 ductor
410 2413 600 2441 inhumanam
635 2422 696 2442 sese
720 2415 840 2450 speciem
864 2415 986 2450 conﬁgu-

196 2465 260 2485 rans
273 2465 288 2485 e
302 2458 385 2492 janua
397 2458 424 2485 in
438 2463 618 2494 conspectum
634 2459 674 2486 illi
690 2468 720 2487 se
736 2460 881 2488 manifeste
907 2461 985 2487 exhi-

197 2503 302 2532 betzet
316 2509 381 2531 tunc
405 2505 512 2532 beatam
539 2505 614 2532 illam
643 2513 738 2533 vocem
765 2506 896 2541 protulit;
922 2510 988 2534 tunc

196 2550 336 2585 gaudium,
351 2551 423 2584 quod
436 2558 545 2579 omnem
570 2546 684 2586 superat
701 2552 884 2583 intellectum,
897 2559 988 2579 enun-

197 2597 292 2629 tiavit;
306 2602 371 2624 tunc
379 2597 532 2625 benedicta:
543 2597 641 2625 indixit
657 2597 888 2625 benedictionem.
900 2598 988 2626 Verba

197 2648 289 2671 autem
318 2649 400 2671 tanta:
427 2644 529 2671 latitia:
563 2644 643 2679 plena
681 2644 817 2679 ejusmodi
851 2644 986 2671 fuerunt:

198 2691 261 2720 Ave.
273 2691 361 2726 gratia
373 2690 470 2726 plena;
489 2690 617 2717 Dominus
632 2695 716 2716 tecum
727 2689 761 2716 ³⁸.

235 2736 270 2764 Χ.
289 2736 375 2764 Ovox
400 2736 522 2764 indolem
550 2735 854 2771 reparationisﬁumani
883 2737 991 2772 generis

203 2782 276 2810 clare
290 2783 486 2811 manifestans!
506 2783 635 2816 Quasnam
661 2790 694 2810 ex
709 2782 927 2818 intelligibilibus
941 2792 991 2811 na-

203 2828 275 2855 turis
294 2833 395 2856 tantam
418 2829 534 2864 gloriam
551 2829 654 2856 sortita:
672 2829 758 2856 sunt?
775 2829 903 2861 Qua-nam
933 2831 989 2858 sive

242 2919 262 2934 δ’
273 2919 418 2954 Luc.t,28.

1038 2320 1097 2351 ειάς
1111 2320 1334 2355 ὐπογραφούσης,
1355 2321 1402 2347 καὶ
1423 2319 1532 2346 πάντων
1548 2319 1600 2346 τῶν
1615 2319 1705 2353 μελῶν
1718 2320 1824 2352 ἐναγω-

1038 2367 1102 2397 νίως
1117 2367 1273 2393 παλλόντων
1285 2375 1292 2381 ·
1319 2367 1416 2393 ἑαυτὸν
1433 2368 1501 2402 πρὸς
1515 2366 1553 2393 τὸν
1571 2366 1742 2402 ἀνθρώπινον
1757 2375 1823 2400 σχη-

1041 2413 1157 2448 ματίσας
1168 2413 1182 2438 ό
1195 2413 1415 2448 ἀρχιστράτηγος
1431 2411 1510 2445 εἶδος,
1531 2412 1655 2443 ἐνωπίως
1668 2412 1723 2438 ἀπὸ
1739 2411 1826 2446 θυρὶς

1039 2460 1107 2494 αὐτῇ
1125 2460 1306 2494 προφαίνεται
1318 2468 1325 2474 ·
1350 2460 1397 2485 καὶ
1411 2459 1470 2484 τότε
1497 2458 1546 2494 τὴν
1563 2458 1825 2494 μακαρίαν-ἐκείνην

1039 2506 1156 2540 ὲνήχησε
1170 2506 1262 2540 φωνήν
1275 2514 1282 2519 ·
1297 2505 1357 2531 τότε
1375 2505 1424 2539 τὴν
1438 2505 1508 2539 ὑπὲρ
1520 2504 1625 2531 ἔννοιαν
1639 2505 1757 2539 ἐμήνυσε
1774 2513 1825 2538 χει-

1042 2553 1105 2587 ρὰνι
1126 2552 1187 2578 τότε
1207 2554 1239 2587 τῇ
1258 2551 1429 2586 εὖλογημένῃ
1454 2551 1502 2586 τὴν
1530 2551 1656 2584 εὐλογίαν
1680 2550 1826 2584 ἐκήρυξεν.

1046 2599 1078 2624 'll
1090 2598 1117 2624 δὲ
1131 2597 1185 2624 τῶν
1201 2598 1333 2632 ῥημάτων
1351 2597 1504 2632 εὐφροσύνη
1525 2597 1620 2623 τοῦτον
1638 2598 1696 2631 ἔχει
1722 2597 1768 2622 τὴν
1781 2595 1828 2621 λό-

1041 2653 1088 2678 γον
1099 2652 1107 2660 ’
1124 2643 1222 2677 Χαῖρε,
1238 2643 1466 2678 κεχαριτωμένη,
1482 2644 1497 2670 ὁ
1514 2644 1621 2677 Κύριος
1630 2642 1705 2677 μετὰ
1724 2642 1792 2668 σοῦ.

1078 2737 1106 2764 ι’.
1125 2737 1157 2763 Ὢ
1170 2736 1262 2771 φωνῆς
1284 2737 1334 2772 τῆς
1348 2735 1395 2762 τοῦ
1419 2735 1514 2769 γένους
1530 2735 1707 2765 ἁναπλάσεως
1725 2734 1827 2768 ἐμφαι-

1041 2784 1140 2818 νούσης
1156 2782 1202 2809 τὸν
1226 2783 1339 2817 τρόπον,-
1362 2783 1438 2808 fleta:
1462 2782 1554 2816 νοεριὶ
1580 2780 1674 2814 φύσεις
1698 2779 1826 2813 τοιαύτην

1041 2829 1272 2865 ἀπεκληρώσαντο
1298 2829 1395 2862 δόξαν;
1426 2830 1498 2854 ποῖαι
1530 2826 1687 2862 [spe-.251“!
1722 2833 1750 2850 τε
1780 2825 1828 2852 καὶ
