2034 3153
175 217 227 247 635

823 222 955 253 JACOBI
975 223 1147 255 MONACHI

1742 233 1794 264 636

176 285 278 312 mundo
299 293 348 312 sua
371 285 454 313 tribui
475 291 636 314 ornamenta
656 296 662 314 :
682 287 797 322 itnperio
818 296 878 315 meo
901 287 959 315 uni-

1017 279 1073 314 ἐγὼ
1089 281 1134 308 τὸν
1153 281 1264 308 διπλοῦν
1287 283 1412 318 ὴμφίαςα
1440 285 1561 320 κόσμον·
1586 288 1639 322 ἐμῇ
1654 290 1803 323 προστάξει

175 331 247 358 versi
275 332 501 360 intellectualium
535 333 707 360 exercituum
736 334 850 361 ordines
878 336 963 362 creati

174 382 240 404 sunt
258 377 354 412 :jussu
372 385 432 404 meo
445 378 545 405 coelum
561 378 637 405 vario
653 383 789 406 astrorum
802 379 872 407 nitet
884 388 965 408 orna-

176 426 228 448 tu:
258 423 429 457 providentia
454 431 514 450 mea
537 423 619 451 tellus
644 423 760 452 ﬂoribus
785 425 930 453 redimitur
955 435 961 453 :

174 475 208 495 ex
230 476 273 495 me
290 475 332 495 est
348 469 439 496 omnis
458 469 637 497 animantium
652 471 708 498 vita
724 481 730 498 :
745 479 805 506 ego,
823 473 891 500 meis
905 473 963 507 ipse

175 513 304 541 manibus
326 522 388 542 cum
413 515 447 542 ad
472 515 616 551 imaginem
636 524 723 543 meam
746 517 887 544 hominem
904 518 962 552 pla-

175 566 320 590 smassem,
338 560 473 591 omnium,
491 568 551 595 quae
565 569 647 596 super
665 565 766 588 terram
781 568 855 595 sunt,
873 563 963 590 domi-

175 612 240 631 num
268 613 415 640 regemque
444 607 520 633 illum
541 607 717 641 proclamavi.
732 607 811 635 [lane
828 614 962 644 tyrannus

174 659 237 677 curn
249 656 446 686 expugnasset,
456 660 471 680 e
484 661 569 688 regno
583 653 761 681 deturbavit:
778 655 850 682 hunc
863 656 963 690 dejccit

173 703 189 722 e
215 696 371 730 principatu
399 705 406 724 :
434 703 511 731 parta
536 697 570 725 de
593 698 652 732 ipso
672 699 787 726 victoria
816 700 960 735 gloriatur.

174 739 322 774 Propterea
337 748 393 768 sum
405 748 468 768 eum
483 741 609 777 dignitati
628 750 688 771 mea
705 744 820 779 ipsemet
836 753 960 780 praesen-

175 785 213 812 tia
225 785 335 813 decrevi
348 786 496 814 restituere
512 796 518 814 :
532 787 766 823 dispensationem
777 790 847 818 hanc
872 798 960 818 meam

173 831 336 866 jampridem
357 832 497 867 pollicitus
524 841 585 861 sum
613 842 663 869 per
688 836 837 870 prophetas
859 846 866 864 :
890 837 962 867 hanc

175 882 205 904 ut
230 878 258 904 in
283 886 353 912 opus
370 878 516 912 deducam,
539 888 616 909 meus
642 889 685 908 me
703 887 781 918 urget
803 884 963 912 misericors

173 931 261 950 amor.
290 923 318 950 ln
333 924 426 952 animo
454 925 520 952 mihi
545 931 597 959 est,
624 927 748 956 homines
771 929 849 957 vobis
871 930 961 958 socios

1017 327 1092 352 πᾶσα
1110 329 1183 362 παρῆ
1190 336 1248 354 ιται
1263 330 1317 355 τῶν
1332 339 1372 355 vos
1379 331 1431 364 ρῶν
1444 334 1656 367 στρατευμάτων
1671 335 1687 369 ἡ
1703 336 1782 369 φύσις
1795 345 1802 352 ⁸

1017 370 1076 405 ἐμῷ
1088 371 1253 407 κελεύσματι
1267 374 1281 399 ὁ
1297 374 1411 409 οὐρανὸς
1427 377 1484 408 τοῖς
1499 377 1611 411 ἄστροις
1626 381 1805 406 καταποικίλ-

1016 416 1092 444 λεται
1107 426 1114 433 ⁸
1132 419 1185 453 ἐμῇ
1208 420 1322 455 προνοίᾳ
1336 421 1391 451 τοῖς
1406 421 1515 448 ἄνθεσιν
1536 423 1551 458 ἡ
1573 424 1607 458 γῆ
1625 427 1804 456 καταστέφε-

1016 471 1061 489 ται
1074 471 1081 479 ·
1097 464 1126 489 ὲν
1141 465 1202 498 ἐμοὶ
1226 466 1300 491 πᾶσα
1319 466 1373 492 τῶν
1394 467 1502 498 ζώντων
1529 468 1584 503 ζωὴ
1603 471 1802 504 temptantu-

1016 509 1072 543 ἐγὼ
1088 511 1183 545 χερσὶν
1196 511 1311 542 οἰκείαις
1327 512 1372 538 τὶν
1387 513 1529 548 ἄνθρωπον
1543 515 1604 541 κατ’
1620 516 1690 551 ἐμὴν
1711 518 1804 544 εἰκόνα

1017 556 1143 590 ποιήσας,
1158 556 1290 590 δεσπότην
1305 557 1351 583 καὶ
1367 557 1480 592 βασιλέα
1497 559 1551 586 τῶν
1562 560 1608 587 ἐπὶ
1629 561 1679 596 γῆς
1704 563 1804 597 ἀνεκή-

1019 601 1096 635 ρυξα,
1125 602 1226 628 Τοῦτον
1253 603 1445 638 ἐκπολεμήσας
1460 605 1473 630 ὁ
1489 605 1634 641 τύραννος,
1660 607 1709 642 τῆς
1725 608 1804 642 βασι-

1017 647 1092 678 λείας
1105 648 1243 683 ἀπέρρηξε
1253 657 1259 663 ·
1276 649 1371 676 τοῦτον
1387 650 1436 684 τῆς
1449 651 1536 685 ἀρχῆς
1558 652 1667 679 καθεῖλε
1682 662 1689 668 ·
1706 654 1803 680 τούτου

1016 693 1184 728 ὲγκαυχᾶται
1198 696 1230 730 τῇ
1245 695 1318 732 νίκῃ.
1342 695 1478 731 Βούλομαι
1493 696 1584 724 τοίνυν
1598 698 1642 724 διὰ
1659 699 1708 734 τῆς
1733 700 1804 734 ὲμῆς

1016 740 1166 774 παρουσίας
1193 741 1260 775 πρὸς
1271 742 1321 776 τὴν
1341 742 1410 768 ἰδίαν
1430 742 1526 769 τοῦτον
1542 744 1693 778 ἐπανάγειν
1708 745 1802 777 ἀξίαν

1015 785 1116 821 ταύτην
1145 795 1196 821 μου
1211 787 1259 822 τὴν
1288 788 1445 824 οἰκονομίαν
1475 789 1560 816 πάλαι
1585 790 1629 817 διὰ
1654 792 1803 827 κροτητῶν

1015 831 1238 868 ἐπηγγειλάμην·
1254 833 1356 868 ταύτην
1380 835 1437 865 τοῖς
1463 835 1540 870 ἐμοῖς
1554 837 1706 871 οἱκτιρμοῖς
1732 838 1802 873 πλη-

1017 875 1079 910 ροῦν
1094 878 1306 913 κατεπείγομαι.
1320 879 1396 905 Θέλω
1406 881 1552 913 κοινωνοὺς
1563 882 1628 916 ὑμῖν
1642 882 1804 918 ἀνθρώπους

1013 922 1176 949 ἀποτελέσαι
1187 932 1193 938 ·
1216 924 1281 957 μίαν
1298 923 1444 959 σύμφωνον
1459 925 1615 961 δοξολογίαν
1626 928 1667 954 δεῖ
1688 937 1721 963 με
1735 929 1803 964 πρὸς

173 969 322 1004 adiungere
340 980 346 997 :
364 978 413 1004 par
434 978 488 1003 est,
514 978 543 999 ut
565 980 635 1000 unus
660 973 742 1000 simul
769 974 803 1001 ab
829 975 958 1002 omnibus

1014 969 1122 994 πάντων
1135 969 1314 1004 εἰσδέχεσθαι.
1333 971 1370 997 Οὐ
1390 971 1482 1005 φθονῶ
1495 974 1527 1008 τῇ
1540 972 1635 999 ἑνὼτει
1648 982 1655 988 ·
1674 975 1720 1000 καὶ
1731 975 1804 1008 ὑμεῖς

173 1022 289 1042 concors
305 1016 397 1050 gloria:
414 1017 531 1052 hymnus
548 1018 613 1045 mihi
629 1019 772 1046 oll‘eratur.
790 1020 871 1047 Nulla
890 1020 959 1047 mihi

175 1059 257 1094 hujus
272 1061 383 1088 unionis
400 1061 522 1096 invidia;
539 1067 567 1090 et
584 1071 633 1091 vos
649 1064 722 1091 enim
740 1065 843 1092 invidia
861 1073 962 1093 vacuos

175 1105 268 1132 creari
293 1115 299 1133 :
319 1107 426 1141 gaudeo
451 1107 486 1135 de
513 1108 632 1144 (eorum)
657 1110 844 1142 exaltatione;
864 1116 892 1138 et
909 1110 961 1146 ipsi

175 1150 209 1178 de
225 1151 364 1179 voluntate
379 1161 439 1180 mea
451 1147 631 1189 congaudete.
645 1155 703 1183 Tua
718 1156 786 1190 haec,
801 1164 817 1184 ο
837 1156 961 1189 Gabriel,

173 1195 206 1222 ad
233 1196 293 1224 illos
316 1197 470 1231 descensio,
487 1207 584 1226 eorum
606 1201 640 1227 ad
665 1208 715 1228 vos
738 1202 907 1230 ascensionis
922 1203 962 1230 si-

173 1249 256 1276 gnum
269 1246 321 1270 est.

209 1287 250 1314 Tu
280 1288 372 1322 itaque
405 1289 491 1320 vade.
523 1291 653 1325 mysterio
688 1291 889 1324 l'amulaturus:
920 1293 961 1320 illi

173 1338 265 1360 autem
284 1341 368 1368 penes
387 1342 416 1362 se
438 1343 499 1362 eam
518 1336 631 1368 habent,
650 1345 732 1372 qttam
749 1339 782 1366 ad
802 1340 844 1366 sui
863 1340 961 1374 imple—

173 1383 297 1406 mentum
313 1380 474 1415 mysterium
494 1383 624 1416 postulat,
642 1391 723 1418 quam
742 1384 769 1411 in
783 1390 956 1412 antecessum

172 1425 206 1453 ad
237 1426 311 1453 hunc
341 1427 421 1453 linem
456 1428 624 1462 praeparavi,
655 1429 832 1463 purissimum
868 1437 960 1457 meum

172 1472 366 1504 diversorium,
379 1473 552 1507 impollututn
563 1474 746 1508 domicilium,
756 1475 960 1503 immaculatum

177 1518 340 1552 hospitium,
369 1519 531 1546 thesaurum
562 1519 629 1546 mihi
659 1520 796 1548 universis
824 1521 962 1548 creaturis

173 1563 364 1597 pretiosiorem
384 1565 452 1599 (42),
471 1565 592 1600 Require
608 1566 692 1597 illam.
706 1573 722 1592 ο
738 1565 859 1596 Gabriel,
876 1573 961 1601 quam

171 1613 236 1636 ante
251 1610 442 1644 generationes
454 1618 550 1638 omnes
565 1611 599 1638 ad
616 1611 669 1639 hoc
685 1612 751 1638 mihi
767 1612 862 1647 selegi,
877 1619 959 1646 quam
976 1629 997 1659 Ο

171 1655 386 1689 dispensationis
419 1654 503 1690 hujus
534 1663 616 1683 causa
649 1656 853 1691 praedestinavi.
884 1656 960 1683 Hanc

171 1699 368 1735 prophetarum
398 1707 522 1728 meorum
564 1702 667 1729 chorus
705 1702 814 1737 magnis
846 1702 962 1730 vocibus

170 1746 366 1781 pr.rnnntiavit
383 1755 391 1773 :
412 1754 461 1781 per
479 1747 549 1774 hanc
576 1747 735 1774 mortalium
750 1755 837 1782 genus
864 1747 959 1774 denuo

175 1800 289 1827 regnum
321 1793 465 1828 proprium
491 1792 695 1819 restituendum
723 1797 826 1828 sperat.
856 1794 886 1821 lu
916 1794 962 1820 illa

170 1837 229 1872 ipse
244 1838 364 1873 glorior;
390 1838 464 1866 illitts
488 1845 538 1874 ego
559 1838 680 1873 puritate
707 1839 849 1872 delector;
881 1839 960 1874 plane

170 1892 218 1918 par
234 1890 286 1916 est,
305 1889 334 1912 ut
355 1884 425 1912 hane
454 1892 505 1920 ego
536 1884 700 1917 inhabilem,
732 1894 876 1921 meamque
896 1885 956 1914 elli-

168 1930 239 1957 ciam
262 1934 378 1958 matrem
405 1930 474 1965 (43),
497 1938 529 1958 ac
552 1939 608 1966 prae
629 1937 720 1958 vestra
737 1937 834 1959 natura
852 1932 958 1960 honore

169 1983 295 2010 augeam.
320 1975 394 2003 Vade
416 1975 511 2012 igitur.
533 1980 561 2003 et
581 1976 736 2004 admirandi
763 1977 846 2012 hujus
866 1977 960 2012 operis

167 2025 228 2048 esto
253 2021 378 2048 minister
395 2030 402 2048 :
423 2026 550 2057 pcrge,et
567 2022 670 2057 inspice
687 2022 837 2050 thalamum
855 2031 958 2055 meum,

168 2065 325 2092 columbam
338 2065 429 2092 omnis
439 2070 582 2100 expertem
595 2067 704 2094 malitia
715 2067 782 2101 (44),
798 2067 958 2094 rationalem

169 2118 276 2145 agnam,
296 2118 388 2137 arcam
407 2111 635 2145 sanctiﬁcationis
650 2120 733 2144 meae;
757 2113 866 2140 intuere
884 2113 960 2142 illius

169 2156 407 2191 pulchritudinem
431 2162 523 2183 vestro
542 2157 664 2191 ipserum
684 2158 837 2186 intellectui
855 2160 960 2186 incom-

169 2202 399 2236 prehensibilem:
420 2202 557 2230 detnirare
571 2204 813 2239 incomparabilem
828 2205 961 2233 innocen-

1014 1015 1067 1050 γὰρ
1080 1015 1213 1050 ἀφθόνους
1228 1016 1345 1050 ἐποίησα
1356 1025 1363 1031 ⁸
1382 1017 1471 1052 χαίρω
1486 1019 1518 1053 τῇ
1535 1018 1666 1045 ἀναϐάσει
1677 1028 1684 1036 ι
1702 1021 1805 1054 συγχα-

1014 1068 1078 1094 ρητε
1093 1060 1142 1086 καὶ
1155 1060 1232 1087 αὐτοὶ
1249 1060 1288 1095 τῷ
1305 1061 1451 1097 θελήματι.
1480 1063 1566 1098 Αὕτη,
1582 1061 1604 1090 ὧ
1624 1065 1756 1100 Γαόριὴλ,
1784 1067 1801 1100 ἡ

1014 1105 1082 1140 πρὸς
1095 1105 1215 1137 ἐκείνους
1229 1114 1276 1133 σου
1302 1107 1418 1139 κάθοδος
1445 1108 1496 1144 τὴν
1516 1109 1607 1136 αὐτῶν
1632 1110 1702 1144 πρὸς
1729 1111 1802 1146 ὑμᾶς

1014 1151 1144 1187 σημαίνει
1156 1153 1302 1182 ἀνάῆασιν.

1048 1284 1084 1310 Συ
1099 1284 1149 1318 μὲν
1164 1284 1259 1320 ἀπίῃς,
1274 1284 1442 1321 διακονήσων
1467 1286 1506 1321 τῷ
1525 1287 1669 1324 μυστηρίῳ
1680 1296 1688 1304 ⁸
1703 1289 1803 1316 ἐκεῖνοι

1013 1331 1041 1357 δὲ
1057 1331 1229 1366 κατέχουσιν,
1244 1332 1278 1368 ῆν
1291 1332 1418 1368 ἐπιζητεῖ
1437 1334 1505 1368 πρὸς
1515 1334 1702 1369 ὲκπληρωσιν,
1715 1337 1749 1372 ἢν
1762 1338 1803 1368 εἰς

1013 1376 1093 1404 τοῦτο
1104 1379 1357 1412 προκατεσκεύασα,
1375 1379 1406 1406 τὸ
1419 1380 1486 1415 ὲμδν
1499 1381 1692 1416 καθαρώτατον
1703 1383 1802 1409 ὲνδιαί-

1012 1431 1101 1457 τημα,
1119 1423 1149 1449 τὸ
1167 1423 1320 1458 ὰμόλυντον
1346 1425 1516 1460 οἰκητήριον,
1534 1426 1564 1452 τὸ
1579 1426 1694 1453 ἄσπιλον
1719 1436 1803 1454 κατα-

1013 1467 1125 1502 γώγιον,
1155 1469 1186 1495 τὸ
1202 1469 1292 1504 πάσης
1317 1471 1378 1504 ἐμοὶ
1406 1471 1454 1505 τῆς
1485 1471 1600 1503 κτίσεως
1632 1474 1803 1509 προτιμηθὲν

1014 1514 1201 1550 θησαύρισμα.
1230 1513 1325 1550 Εἶρον,
1349 1512 1371 1541 ὦ
1392 1516 1526 1551 Γαϐριὴλ,
1553 1518 1585 1552 ῆν
1601 1519 1639 1549 εἰς
1652 1518 1732 1545 τοῦτο
1749 1518 1803 1554 πρὸ

1015 1560 1110 1587 πασῶν
1127 1560 1229 1594 γενεῶν
1245 1560 1422 1596 ἐξελεξάμην,
1448 1561 1482 1596 ἢν
1506 1562 1544 1597 τῷ
1567 1563 1617 1597 τῆς
1644 1565 1800 1599 οἰκονομίις

1013 1606 1094 1642 Λόγῳ
1109 1606 1260 1642 προώρισα.
1278 1607 1387 1643 Ταύτην
1397 1609 1411 1634 ὁ
1427 1608 1505 1642 χορὺς
1517 1609 1571 1635 τῶν
1588 1610 1737 1645 προφητῶν
1751 1619 1802 1645 μου

1019 1652 1218 1687 μεγαλοφὼνως
1235 1653 1369 1688 ἐκήρυξε·
1395 1654 1556 1688 διὰταύτης
1583 1655 1633 1690 τὴν
1661 1656 1710 1690 τῆς
1734 1657 1804 1688 ιδίας

1017 1699 1157 1734 βασιλείας
1175 1699 1327 1734 ἀνάρρησιν
1354 1700 1370 1734 ὴ
1399 1699 1558 1734 ἀνθρωπεία
1586 1701 1668 1728 πάλιν
1698 1702 1804 1734 ἐλπίζει

1016 1745 1108 1779 φύσις.
1127 1744 1219 1780 Ταύτῃ
1242 1744 1298 1778 ἐγὼ
1317 1745 1520 1779 ὲπαγάλλομαι,
1545 1747 1577 1781 τῇ
1602 1747 1705 1782 ταύτης
1718 1748 1804 1774 καθα-

1017 1790 1109 1824 ρότητι
1124 1790 1307 1825 ἐπιτέρπομαι
1317 1798 1324 1805 ·
1341 1791 1442 1826 ταύτην
1457 1800 1489 1825 με
1504 1791 1543 1817 δεῖ
1554 1793 1674 1827 οἰκῆσαι,
1688 1795 1734 1819 καὶ
1751 1802 1804 1828 μη-

1014 1836 1082 1871 τέρα
1099 1844 1150 1871 μου
1166 1836 1262 1868 δεῖξαι,
1282 1837 1328 1863 καὶ
1342 1837 1390 1871 τῆς
1403 1837 1482 1872 ὑμῶν
1498 1838 1605 1872 φύσεως
1621 1840 1802 1874 προτιμῆσαι.

1014 1883 1067 1909 ’⁷1οι
1091 1883 1192 1915 τοίνυν,
1207 1883 1409 1918 λειτουργήοίων
1498 1884 1660 1920 παραδὸξῳ·
1687 1886 1736 1918 τοι,
1752 1887 1804 1921 τὴν

1014 1928 1083 1964 ὲμὴν
1110 1929 1280 1963 ἐποψόμενος
1315 1929 1450 1961 παστάδα,
1481 1930 1531 1965 τὴν
1558 1931 1726 1966 περιστερὰν
1751 1934 1802 1968 τὴν

1013 1975 1127 2006 ἄκακον,
1144 1975 1195 2009 τὴν
1213 1975 1325 2010 λογικὴν
1347 1975 1466 2009 ἀμνάδα,
1492 1977 1540 2011 τὴν
1557 1976 1604 2003 τοῦ
1629 1978 1803 2013 ἁγιάσματὸς

1015 2029 1066 2055 μου
1083 2021 1198 2048 κισωτόν
1208 2029 1215 2036 '
1229 2021 1268 2048 ἴδε
1283 2021 1313 2048 τὸ
1326 2022 1430 2056 ταύτης
1447 2023 1633 2059 ἀκατανόητον
1650 2025 1715 2058 ὑμῖν
1737 2025 1804 2051 κάλ-

1014 2066 1058 2097 λος
1069 2075 1075 2081 ·
1107 2067 1247 2101 θαύμασον
1269 2068 1300 2094 τὸ
1315 2068 1364 2103 τῆς
1380 2069 1491 2103 ἁγνείας
1505 2070 1591 2104 αὐτῆς
1617 2071 1782 2106 ἀσύγκριτον
1792 2079 1804 2088 ’

1015 2112 1156 2147 θαύμασον
1171 2113 1201 2139 τὸ
1213 2114 1262 2149 τῆς
1285 2115 1474 2151 καθαρότητος
1493 2116 1651 2152 ἀπόρρητον
1663 2125 1670 2132 ”
1698 2118 1803 2145 ἐκπλά-

1014 2160 1127 2194 γηθιτέι
1155 2159 1225 2195 ὑπὲρ
1253 2160 1358 2187 ἔννοιαν
1377 2162 1427 2196 τῆς
1443 2162 1544 2197 ἀρετῆς
1574 2164 1724 2198 παράδοξα,
1756 2164 1803 2191 καὶ

1014 2206 1163 2240 ἐκπλαγεὶς
1179 2207 1228 2238 τὴν
1245 2207 1313 2242 ἐμὴν
1326 2208 1393 2243 αὐτῇ
1410 2209 1562 2244 παρουσίαν
1576 2209 1735 2243 βεῦαίωσον.

169 2250 235 2275 tiam
262 2249 341 2283 ejus;
365 2248 504 2276 demirare
524 2249 692 2276 inclTabilem
716 2250 772 2285 (45)
795 2251 960 2285 puritatem:
999 2251 1165 2286 obstupesce
1192 2257 1352 2288 portentum
1390 2254 1502 2282 virtutis
1531 2255 1605 2281 otuni
1633 2255 1801 2290 cogitatione

167 2294 289 2331 majoris,
319 2299 347 2322 et
374 2299 488 2330 stupore
516 2295 622 2323 deﬁxus
650 2303 741 2323 meum
775 2297 813 2323 illi
850 2303 956 2325 certum
976 2298 1125 2326 adventum
1138 2299 1281 2326 annuntia.

203 2374 258 2409 (4⁵2)
274 2374 344 2412 Ecce
361 2373 502 2402 inducitur
514 2374 561 2412 Dei
579 2374 701 2412 Verbum
722 2380 844 2402 sanctam
866 2376 957 2412 Virgi-
975 2380 999 2407 ι)
1013 2385 1072 2404 eam
1091 2377 1143 2405 sibi
1160 2378 1186 2404 in
1205 2382 1319 2404 tnatrem
1344 2377 1467 2412 eligeret.
1489 2376 1673 2404 Conlirtnatur
1687 2377 1798 2411 exinde,

167 2418 228 2437 nem
246 2417 295 2436 ceu
315 2410 475 2437 thesaurum
494 2410 725 2444 pretiosissimum
741 2410 955 2445 commendatis;

167 2453 255 2479 neque
269 2451 357 2472 tatneu
372 2446 440 2473 ullas
454 2446 527 2473 illius
544 2446 654 2473 divitias
666 2454 796 2481 expresse
813 2455 955 2474 commen-

164 2481 221 2512 tlat,
231 2486 424 2517 praeterquam
437 2481 681 2517 singularissimam
696 2483 854 2515 puritatem.
863 2483 957 2517 Atqui.

165 2516 237 2551 quod
264 2517 344 2550 paulo
371 2523 434 2543 ante
461 2516 654 2550 przetuisiinus.
677 2521 774 2550 suapte
790 2523 888 2544 natura
908 2516 958 2545 res

166 2552 295 2586 postulat,
311 2556 351 2580 ut.
363 2552 385 2579 si
399 2560 452 2586 qtta
465 2552 524 2582 dos,
538 2551 646 2579 caeteris
661 2552 761 2581 tacitis.
775 2553 807 2578 ad
820 2560 956 2580 sutumam

164 2587 319 2622 cujuspiam
337 2587 445 2614 laudem
461 2587 638 2621 pra'dicctur,
656 2587 714 2614 hzee
730 2587 845 2621 reliquis
866 2589 958 2614 omni-

165 2622 218 2649 bus
244 2623 462 2657 superemineat.
490 2623 570 2657 Ergo,
598 2621 739 2657 siquidem
762 2629 796 2649 ex
825 2628 958 2658 perpetua

164 2657 289 2684 omnium
305 2658 453 2689 sententia,
466 2658 500 2684 ab
516 2658 577 2685 aliis
591 2658 713 2692 Deiparm
731 2657 834 2685 sanctaé
846 2658 959 2685 dotibus

165 2700 197 2731 ac
215 2693 364 2731 virtutibus
390 2700 486 2731 naevus
505 2693 622 2731 quilibet
641 2697 688 2731 aut
709 2692 835 2731 defectus
851 2693 948 2731 ‘abluit

166 2727 317 2762 hocipsum
334 2727 368 2754 de
381 2728 502 2763 puritate
516 2728 603 2762 ipsius
619 2728 732 2763 pariter,
749 2727 804 2754 into
817 2735 831 2754 a
849 2727 954 2754 fortiori

164 2763 348 2796 proﬁtendum
360 2763 516 2790 necessario
529 2768 581 2789 est.
598 2763 696 2791 Nullus
710 2769 777 2796 ergo
793 2771 827 2790 ex
841 2763 951 2790 Patrum

164 2797 290 2833 doctrina
326 2799 404 2825 locus
437 2798 603 2831 relinquitur
631 2805 708 2824 naevo
745 2799 876 2833 cuipiam.
908 2798 954 2832 qui

165 2831 294 2866 \irginea':
311 2833 409 2861 animm
432 2833 581 2860 candorem
604 2839 723 2866 unquam
746 2831 800 2860 vel‘
816 2831 954 2861 levissime

162 2867 350 2894 oll'nscavorit.

202 2901 258 2936 (ιδ)
275 2902 362 2930 llabes
384 2902 548 2930 sententiam
567 2904 637 2937 apud
657 2903 752 2930 l‘alres
770 2903 953 2935 tritissimam,

165 2936 331 2972 singularem
352 2938 442 2965 Maria:
459 2938 606 2973 puritatem
621 2939 707 2966 Deum
723 2940 906 2974 permovissc,
923 2945 954 2967 ut

1012 2413 1084 2447 quod
1100 2413 1227 2447 superius
1241 2413 1392 2448 innuimus,
1410 2413 1482 2448 inter
1494 2419 1590 2448 omnes
1603 2413 1719 2447 Virginis
1734 2422 1801 2448 prfe-

1012 2448 1149 2483 rogativas
1163 2447 1358 2474 nobilissimam
1373 2447 1444 2483 hanc
1457 2447 1541 2483 visam
1558 2447 1684 2475 Patribus
1703 2449 1797 2480 fuisse,

1012 2481 1201 2518 ac’propterea
1210 2483 1274 2508 oliui
1287 2487 1397 2516 peccato
1407 2481 1594 2509 obnubilatam
1605 2483 1756 2510 existimari
1765 2493 1799 2512 ex

1012 2519 1122 2545 Patrum
1140 2518 1274 2544 sententia
1296 2525 1350 2543 non
1367 2524 1455 2550 posse.

1048 2554 1103 2587 (Μ)
1117 2551 1353 2585 Quemadmodum
1369 2560 1400 2578 ex
1418 2552 1468 2578 hac
1487 2553 1622 2579 sententia
1648 2553 1797 2587 colligitur,

1011 2588 1045 2615 de
1067 2594 1161 2614 sancta
1184 2587 1298 2621 Deipara
1323 2588 1408 2623 ιιι-υἱμί
1430 2595 1462 2613 ea
1485 2589 1673 2620 Consuevisse,
1692 2597 1752 2623 qua:
1771 2590 1798 2616 in

1010 2623 1130 2650 Canticis
1147 2623 1322 2658 canticorum
1332 2622 1365 2648 de
1382 2623 1486 2656 Sponsa
1504 2623 1645 2657 leguntur;
1665 2624 1700 2650 ita
1724 2624 1798 2658 quod

1010 2657 1194 2692 appellatione
1208 2657 1256 2690 τῆς
1271 2657 1390 2687 ἀκάκου,
1408 2658 1522 2692 επριινιές
1539 2658 1660 2690 malitia,
1678 2657 1798 2686 exorna-

1011 2691 1065 2728 tur,
1083 2691 1265 2728 palrantwl‘acit,
1292 2692 1343 2718 hoc
1364 2691 1480 2720 maxime
1498 2693 1671 2728 privilegium
1687 2699 1799 2722 sanctos

1010 2727 1106 2764 Patres
1122 2727 1149 2754 in
1171 2727 1281 2762 Virgine
1304 2728 1470 2763 suspexisse,
1497 2728 1570 2763 quod
1590 2727 1666 2756 omni
1691 2729 1797 2764 peccati

1011 2763 1115 2789 tnacula
1131 2763 1261 2789 caruerit.

1045 2797 1295 2837 (45)Quo,quaes_o.
1316 2802 1399 2837 pacto
1418 2797 1644 2837 incomparabilis
1667 2802 1740 2837 esset
1756 2798 1799 2837 in-

1009 2833 1147 2865 nocentia,
1160 2841 1220 2867 qua:
1240 2834 1304 2859 olim
1316 2834 1348 2859 ab
1356 2834 1445 2860 anima
1456 2833 1545 2859 Mariae
1569 2833 1677 2866 penitus
1691 2833 1798 2861 abfuis-

1009 2868 1072 2895 set?
1087 2868 1231 2901 Quomodo
1248 2869 1289 2895 vel
1309 2869 1376 2902 ipsis
1390 2869 1492 2902 angelis
1508 2868 1657 2895 iuell'abilis
1688 2868 1796 2895 dicere-

1011 2908 1053 2930 tur
1069 2904 1184 2936 pnritas,
1200 2904 1220 2929 si
1234 2903 1298 2929 olim
1316 2911 1329 2939 a
1346 2903 1484 2930 communi
1500 2903 1561 2931 hbe
1572 2903 1663 2930 auitna
1676 2902 1800 2939 Virginis

1008 2939 1117 2967 sordida
1138 2938 1326 2974 apparuisset?
