2034 3153
172 194 226 225 639

828 195 955 225 .l-ACOBI
978 195 1151 226 MUNACHI

1746 197 1799 230 6ίο

171 259 233 279 rum
244 252 382 280 consortio
394 259 508 287 prorsus
523 255 638 283 remota,
651 257 678 278 et
693 259 707 277 a
741 251 885 286 quibusvis
919 258 959 279 as-

1024 253 1195 288 ινλειτσυργὺς
1212 255 1308 289 καιρθιν
1327 255 1468 292 σύμφορον
1482 257 1530 283 καὶ
1546 256 1627 283 τύπον
1643 257 1799 283 συνοίσοντα

171 298 330 325 sentatoriis
354 297 445 324 verbis
459 297 637 324 abhorrebat.
669 297 804 330 Quocirca
836 297 959 332 pruden-

172 343 276 370 tissime
292 343 416 370 minister
437 342 481 369 ille
495 342 615 369 ccelcstis
638 348 823 377 opportunum
840 348 958 378 tempus,

137 381 139 385 ’
170 390 198 414 et
212 387 301 413 locum
319 387 357 413 rei
378 385 506 413 idoneum
532 386 701 420 explorabat.

206 431 239 459 Et
261 432 359 459 exinde
379 432 487 464 merito,
501 439 560 459 mea
579 433 689 466 quidem
713 433 860 465 sententia,
886 440 956 467 prm‘

172 477 284 505 ferenda
300 477 357 505 visa
388 481 430 505 est
457 478 556 505 horum
591 484 729 513 gesturum
757 479 872 506 historia
905 479 960 511 illa,

171 530 232 558 qua:
247 524 334 558 prima
344 524 435 559 gaudii
449 525 545 551 nuntia
562 524 596 551 iis
608 528 800 556 connumerat,
813 532 873 558 qua!
883 530 961 551 extra

172 568 292 603 Virginis
305 568 417 596 domum
432 569 643 605 (contigerunt).
660 570 715 596 Etsi
733 570 807 596 enim
829 569 962 596 divinitus

172 613 280 642 afﬂatus
311 616 477 651 evangelista
508 617 582 644 illius
605 616 796 643 tantummodo
819 616 960 651 colloquii,

173 661 254 695 quod
281 662 352 688 intra
382 661 500 689 domum.
530 662 712 698 archangelus
740 663 848 695 habuit,
878 663 961 690 verba

174 706 283 741 scriptis
301 707 521 741 consignaverit;
537 711 565 734 at
576 707 627 734 alia
646 708 764 742 plurima
779 707 923 735 brevitatis
935 713 963 736 et

173 750 330 784 compendii
359 759 452 784 causa,
479 756 509 778 ut
535 756 612 786 puto,
644 752 837 787 praetermisit,
868 754 962 789 prouti

174 795 258 822 etiam
274 795 365 830 quoad
384 794 436 823 alia
451 796 677 825 adverterelicet.

210 841 281 868 Sane
295 841 538 876 quemadmodum,
556 843 620 870 dum
636 843 663 871 in
690 845 843 880 cujuspiam
865 844 964 873 domus

177 885 356 914 interioribus
376 887 477 915 inclusi
495 896 648 922 manemus,
663 894 701 921 et,
712 891 819 918 cunctis
828 892 902 919 circa
914 899 964 919 nos

1013 297 1051 332 τῷ
1066 299 1210 333 πράγματι
1225 300 1375 328 διεσκόπει.

1050 431 1131 458 Ὅθεν
1148 440 1193 466 μοι
1208 433 1301 466 σαφῶς
1317 433 1400 466 δοκεῖ,
1416 434 1479 469 περὶ
1499 437 1601 461 τούτων
1617 435 1665 467 τὴν
1680 434 1800 468 ἱστορίαν

1014 475 1194 511 διαλελέχοαι,
1213 478 1281 512 πρὸς
1306 480 1364 510 τοῖς
1390 479 1470 511 ἐκτὸς
1483 479 1529 505 τοῦ
1545 479 1620 506 οἶκοι)
1634 480 1667 505 τὰ
1687 479 1737 513 τῆς
1751 488 1800 513 χα-

1017 522 1065 556 ρᾶς
1091 523 1223 558 προοίμια
1251 524 1461 560 ὑποτιθεμένην.
1488 525 1520 552 Εἰ
1546 526 1600 560 γὰρ
1618 526 1663 551 καὶ
1685 525 1769 559 μόνης
1788 524 1802 550 ὁ

1016 568 1157 600 Θεσπέσιος
1183 570 1379 606 εὐαγγελιστὴς
1398 571 1448 606 τῆς
1466 571 1495 598 ὲν
1522 571 1560 606 τῷ
1575 571 1643 606 οἴκῳ
1657 571 1801 602 διαλέξεως

1015 613 1063 639 τοῦ
1079 615 1249 649 ἀρχαγγέλου
1265 616 1327 646 τοὺς
1342 616 1439 650 λόγους
1466 615 1637 652 ὑπέγραψεν,
1653 615 1721 642 ἀλλὰ
1737 615 1804 649 βρα-

1016 661 1156 696 χυλογίας,
1175 660 1264 697 οἶμαι,
1292 663 1341 690 καὶ
1363 663 1510 698 συντομίας
1532 663 1613 698 χάριν
1630 664 1664 690 τὰ
1691 664 1804 689 πλεῖστα

1017 708 1205 744 παρέδραμεν,
1221 709 1258 741 ὡς
1275 710 1322 736 καὶ
1341 711 1370 736 ὲν
1387 710 1477 742 ἄλλοις
1493 710 1550 736 ἐστι
1567 710 1673 745 μαθεῖν.

1059 843 1103 874 Ὠς
1116 843 1171 878 γὰρ
1185 842 1260 869 ἔνδον
1274 843 1354 878 ἡμεῖς
1372 844 1400 870 ὲν
1425 844 1505 879 οἰκίαν
1512 842 1567 870 τινὶ
1584 842 1806 877 καθειρχθέντες,

1018 888 1065 914 καὶ
1081 888 1196 923 ἡσυχίαν
1211 888 1321 923 βαθεῖαν
1336 890 1368 915 ἑκ
1383 889 1491 916 πάντων
1508 889 1631 922 ἄγοντες,
1646 888 1693 914 τοῦ
1710 887 1807 921 ἀθρόον

178 931 280 964 tacitis,
292 933 450 960 omnimoda
466 934 545 968 quies
553 934 673 967 obtinet,
685 936 708 963 si
726 944 841 971 magnus
855 942 967 972 repente

1024 935 1166 969 γενομένου
1177 935 1301 970 ψόφου,ἢ
1318 937 1411 970 φωνῆς
1420 935 1526 970 τρανῶς
1538 935 1703 970 ἐνεχθείσης,
1711 933 1808 960 εἰώθα-

167 977 269 1012 Jragor
283 979 431 1012 excitetur,
445 983 492 1006 aut
504 980 654 1008 vehemens
667 982 799 1016 percellat
810 990 862 1010 vos
874 991 966 1015 aures,

177 1024 297 1058 graviter
306 1024 374 1052 allici
389 1026 521 1059 solemus,
536 1031 564 1054 et
579 1027 826 1056 vehementissimo
846 1029 968 1064 correpti

177 1069 275 1096 timore
295 1069 349 1096 huc
365 1070 430 1097 illuc
443 1071 559 1106 propelli
573 1079 580 1105 ;
596 1073 738 1100 multoties
755 1081 821 1100 vero
849 1074 969 1108 trepida-

177 1116 253 1144 tione
265 1117 389 1152 occupati
404 1118 486 1145 etiam
501 1118 573 1146 foras
589 1119 622 1146 ad
651 1127 745 1147 casum
772 1120 968 1148 declinandum

177 1162 309 1198 aufugere
327 1163 460 1198 nitimur;
479 1166 590 1200 quando
604 1173 671 1194 vero
693 1166 762 1194 foris
773 1175 931 1198 versamur.
944 1168 968 1195 si

178 1207 318 1243 quidpiam
349 1211 483 1245 ejusmodi
517 1211 598 1239 nobis
623 1212 774 1248 contingat,
803 1219 863 1241 utut
887 1221 970 1248 grave

179 1250 246 1278 illud
259 1251 296 1279 sit
315 1260 347 1280 ac
361 1259 475 1288 repente
490 1255 612 1287 invadat,
629 1257 800 1284 moderatius
817 1265 868 1285 nos
881 1264 970 1285 terror

179 1291 343 1330 commovet,
359 1300 460 1334 quippe
475 1304 539 1328 tunc
552 1308 650 1328 sensus
666 1301 693 1328 in
712 1302 789 1336 plura
806 1303 969 1330 distrahun-

181 1347 236 1374 tur,
249 1351 300 1371 ncc
314 1345 427 1372 moleste
444 1345 486 1373 vel
511 1346 638 1382 ingentes
654 1346 778 1382 fragores
807 1349 968 1383 excipiunt;

179 1389 306 1417 eumdem
325 1390 351 1418 iu
366 1391 476 1419 modum
494 1392 539 1419 illa
561 1400 672 1428 quoque
693 1393 807 1428 provide
834 1400 899 1422 sunt
915 1395 972 1423 dis-

183 1436 282 1470 posita,
295 1444 356 1471 quae
372 1437 407 1465 ad
431 1438 552 1473 Virginis
574 1439 758 1468 Immaculata:
775 1442 971 1470 aununtiatio-

182 1490 244 1510 nem
260 1484 430 1518 spectabant.
447 1484 554 1512 Etenim
571 1486 593 1513 si
607 1486 681 1514 intus
693 1487 830 1515 allocutus
853 1495 914 1515 eam
927 1496 972 1516 es-

182 1532 224 1556 set
238 1528 358 1561 Gabrit-l’,
376 1531 529 1566 periculum
559 1532 747 1567 impendebat,
763 1541 797 1560 ne
814 1534 972 1568 (perturba-

164 1574 270 1621 Χιὶὸῐιιε)
287 1575 359 1602 foras
372 1583 432 1603 eam
457 1577 644 1612 compelleret.
662 1579 696 1605 A-t
710 1583 853 1613 postquam
870 1579 972 1607 alicubi

182 1625 259 1647 extra
276 1619 388 1648 domum
404 1630 541 1657 apparens
555 1623 700 1651 salutando
713 1632 773 1651 eam
799 1624 899 1652 allatus
918 1630 976 1658 est,

181 1666 237 1700 jam
257 1667 333 1695 intus
349 1676 409 1695 eam
435 1670 622 1704 compulitret
635 1671 672 1698 ibi
689 1671 777 1706 ipsam
803 1671 837 1699 ad
863 1680 895 1699 ca
913 1679 975 1707 quae

185 1713 408 1747 dicendaerant,
428 1723 525 1743 secure
540 1717 688 1750 continuit,
705 1718 808 1753 quippe
839 1726 901 1753 qua:
919 1726 974 1746 non

184 1759 299 1787 haberet
314 1767 369 1795 quo
383 1761 454 1789 forte
469 1762 504 1789 ob
521 1763 705 1790 turbationem
721 1764 886 1792 declinaret.

220 1805 267 1834 IX.
281 1806 428 1842 Postquam
439 1807 521 1843 igitur
530 1809 703 1844 providentia
715 1810 800 1842 illius,
817 1810 864 1845 qui
876 1816 976 1846 myste-

186 1844 257 1878 rium
285 1860 368 1888 opcre
396 1854 563 1888 complebat,
594 1864 609 1882 e
628 1855 796 1883 domuncula
826 1864 975 1891 parumper

185 1905 294 1933 egressa
305 1904 347 1926 est
360 1900 463 1936 (Virgo)
480 1901 514 1928 ad
534 1909 644 1936 aquam,
658 1908 742 1937 prout
773 1903 888 1930 historia
912 1912 976 1932 nan-

186 1948 239 1977 rat,
251 1944 442 1979 hauriendam,
455 1951 483 1973 et
501 1948 627 1981 pervenit
651 1948 684 1974 ad
697 1947 800 1975 fontem
829 1950 886 1984 (qui
912 1950 976 1984 qui-

185 1989 248 2017 dem
267 1992 420 2026 symbolum
438 1997 498 2020 erat
516 1994 649 2029 mystcrii,
666 1999 693 2021 et
711 2003 809 2029 aquam
833 1996 976 2023 immorta-

186 2036 240 2063 lem
266 2037 473 2073 adumbrabat).
492 2043 559 2066 tunc
589 2041 783 2075 archangelus,
797 2042 920 2074 nondum
936 2043 977 2069 vi-

187 2083 308 2111 dendum
325 2092 353 2112 se
370 2085 508 2119 praebens,
525 2094 604 2113 voces
618 2086 727 2114 effudit.

223 2129 270 2156 Illa
286 2136 378 2157 autem
393 2131 427 2157 ad
447 2131 522 2158 vocis
536 2132 618 2166 huius
642 2133 793 2159 novitatem
817 2132 976 2167 perterrita,

187 2175 335 2203 formidine
347 2180 524 2211 occupatast
546 2185 659 2212 pavore,
672 2177 700 2204 in
717 2177 849 2205 interiora
878 2178 978 2206 domus

188 2228 217 2248 se
230 2222 343 2256 recepit.
362 2222 510 2257 Postquam
529 2230 605 2255 vero,
622 2223 704 2251 corde
716 2224 868 2251 etiamnum
885 2224 977 2260 palpi-

1021 990 1071 1015 μεν
1087 981 1170 1013 ὀξέως
1185 981 1498 1016 ὰντιλαμϐάνεσθαι,καὶ
1513 981 1686 1017 σφοδροτάτῳ
1698 980 1808 1014 δείματι

1020 1028 1212 1062 συνεχόμενοιμ
1241 1027 1440 1062 περιδονεῖσθαι
1468 1026 1656 1062 πανταχόθεν·
1677 1026 1808 1057 πολλάκις

1019 1073 1048 1099 δι
1068 1072 1116 1100 καὶΙ
1135 1073 1188 1099 ὑπὸ
1203 1074 1323 1107 ἀγωνίας
1341 1073 1576 1108 πολιορκούμενοι,
1600 1073 1668 1106 πρὸς
1682 1072 1715 1099 τὰ
1730 1072 1809 1103 ἐκτὸς

1021 1119 1093 1146 θέειν
1116 1120 1146 1146 τὸ
1162 1120 1269 1155 συμῦᾶν
1285 1120 1422 1146 ἐκκλίνειν
1445 1119 1630 1154 πειρώμενον
1646 1119 1765 1153 ὁπηνίκα
1781 1118 1810 1145 δὲ

1020 1165 1076 1196 τοῖς
1087 1164 1187 1197 ἔξωθεν
1198 1165 1496 1198 συναναστρεφομὲνοις
1505 1162 1645 1198 ὲπισυμὸῇ
1655 1161 1809 1188 τιτοιοῦτον

1020 1211 1097 1245 ἡμῖν,
1115 1210 1164 1237 κᾶν
1177 1210 1291 1244 σφοδρὸν
1310 1210 1379 1245 τύχῃ
1397 1210 1443 1236 καὶ
1467 1209 1597 1243 ἐξαπίνης
1622 1207 1807 1242 συνενεχθείη,

1023 1257 1215 1292 μετριωτέροις
1233 1257 1288 1291 τὴν
1307 1257 1479 1291 κατάπληξιν
1496 1257 1627 1291 φέρομεν,
1646 1256 1693 1289 τῆς
1712 1254 1810 1288 αἰσθή-

1023 1312 1092 1334 σεως
1116 1302 1244 1330 ἐντεῦθεν
1257 1304 1302 1335 εἰς
1317 1303 1404 1329 πλείω
1422 1302 1616 1337 μεριζομὲνης,
1632 1301 1679 1328 καὶ
1707 1300 1744 1335 μὴ
1759 1309 1811 1334 χα-

1022 1349 1113 1381 λεπῶς
1128 1350 1177 1380 τὰς
1199 1349 1326 1385 θροὴσεις
1341 1349 1489 1384 δεχομένης
1501 1357 1508 1363 ·
1536 1348 1606 1374 οὕτω
1622 1347 1669 1374 καὶ
1685 1348 1720 1373 τὰ
1741 1346 1811 1372 κατὰ

1022 1397 1069 1423 τὸν
1093 1396 1293 1430 εὐαγγελισμὺν
1325 1395 1488 1430 ψκονομήθη
1513 1394 1563 1429 τῆς
1577 1393 1717 1428 ἀμιάντου
1738 1393 1811 1426 Παρ-

1023 1442 1112 1469 θένου.
1129 1442 1158 1469 El
1173 1442 1222 1476 μὲν
1237 1442 1292 1477 γὰρ
1305 1442 1379 1468 ἔνδον
1392 1442 1406 1467 ὁ
1417 1440 1537 1475 Γαϐριὴλ
1551 1439 1637 1475 ταύτῃ
1653 1440 1810 1473 προσεῖπεν,
1844 1472 1848 1474 Α

1024 1489 1129 1523 ἀνάγκη
1152 1489 1223 1523 πρὸς
1241 1489 1276 1514 τὰ
1299 1489 1376 1518 tuo;
1403 1488 1546 1514 συνελᾱσαι
1565 1487 1646 1513 αὐτὸν
1676 1485 1809 1520 ὑπῆρχεν.

1029 1534 1139 1569 Ἐπειδὴ
1167 1535 1196 1561 δὲ
1223 1534 1277 1567 ἔξω
1303 1542 1356 1561 που
1382 1534 1432 1568 τῆς
1456 1533 1544 1565 οἰκίας
1560 1532 1739 1567 ὑπερφανεὶς,
1765 1531 1811 1557 τὸν

1026 1581 1171 1617 ἀσπασμὸν
1186 1579 1402 1617 προσεκήρυξεν,
1415 1580 1488 1607 ἔνδον
1504 1579 1588 1614 αὐτὴν
1603 1578 1753 1612 συνώθησε,
1765 1578 1813 1603 καὶ

1026 1628 1154 1663 ἀσφαλῶς
1169 1627 1237 1662 πρὸς
1250 1628 1283 1654 τὰ
1304 1627 1490 1662 λεχθησόμενα
1504 1624 1724 1661 ὲπήρεισεν,-οὺκ
1737 1623 1815 1658 ἐχου-

1027 1684 1077 1702 σαν
1093 1675 1154 1702 ὅποι
1170 1676 1209 1710 τῇ
1221 1675 1327 1709 ἀγωνίᾳ
1343 1673 1532 1709 παρεκκλίνοι.

1061 1812 1101 1840 8'.
1125 1812 1203 1839 Ἐπεὶ
1225 1820 1273 1839 ουν
1287 1810 1444 1846 προμηθείᾳ
1460 1809 1506 1836 τοῦ
1520 1808 1551 1836 τὸ
1576 1808 1725 1844 μυστήριον
1738 1809 1815 1842 ἐνερ-

1026 1859 1147 1894 γοῦντος,
1162 1857 1295 1893 ὑπεξῆλθε
1309 1856 1355 1883 τοῦ
1369 1855 1519 1891 δωματίου,
1531 1855 1606 1882 κατὰ
1617 1855 1667 1887 τὴν
1679 1853 1812 1888 ἱστορίαν,

1026 1904 1217 1940 ὑδρεύσασθαι.
1237 1904 1284 1930 καὶ
1298 1904 1348 1938 τὴν
1365 1902 1456 1937 πηγὴν
1468 1902 1645 1936 κατείληφεν,
1666 1901 1727 1935 ἦτις
1742 1899 1813 1934 σύμ-

1027 1951 1104 1978 6ο).ον
1115 1949 1149 1986 ἦν
1159 1951 1207 1977 τοῦ
1226 1949 1388 1986 μυστηρίου,
1399 1949 1430 1975 τὸ
1445 1949 1580 1976 ἀθάνατον
1595 1947 1667 1982 ὕδωρ
1683 1947 1814 1979 ὲξεικονιι

1027 1998 1121 2029 ζουσα,
1136 1997 1185 2031 τὴν
1199 1996 1248 2030 μὲν
1266 1995 1358 2031 φωνὴν
1371 1995 1385 2021 ὁ
1398 1994 1569 2031 ἀρχάγγελος
1583 1993 1708 2028 ἀφίησιν,
1724 1992 1763 2019 ἔτι
1777 1989 1815 2027 μὴ

1027 2043 1149 2077 ἐκφανὴς
1165 2041 1213 2069 ὥν.

1069 2128 1102 2155 Ἦ
1115 2128 1143 2154 δὲ
1162 2127 1199 2163 τῷ
1214 2127 1280 2163 ξένῳ
1295 2128 1397 2164 ταύτης
1421 2129 1640 2162 καταπλαγεῖσα,
1655 2128 1704 2155 σὺν
1719 2128 1814 2164 τρύμη)

1028 2175 1075 2201 καὶ
1094 2176 1200 2210 ταραχῇ
1226 2174 1294 2209 πρὸς
1308 2177 1363 2206 τοῖς
1379 2174 1452 2202 ἔνδον
1479 2174 1587 2210 ἐχώρει.
1611 2174 1665 2201 Καὶ
1682 2175 1744 2200 ἐπεὶ
1767 2173 1814 2200 τοῦ

1029 2221 1110 2256 ἔργου
1136 2222 1236 2256 εἴχετο,
1259 2222 1308 2257 ἤδη
1324 2222 1373 2257 τῆς
1400 2223 1515 2258 καρδίας
1531 2222 1745 2258 κραδαινομένης
1769 2224 1816 2248 καὶ

188 2269 264 2293 tante
275 2266 435 2302 crebrisque
454 2267 574 2295 motibus
588 2269 726 2304 pulsante,
757 2277 789 2297 ac
817 2270 895 2305 genis
918 2270 971 2305 pal-

1030 2268 1149 2302 awsxt'u;
1165 2267 1368 2303 πατασσούσης,
1386 2268 1435 2302 τῆς
1456 2276 1485 2294 τε
1502 2267 1656 2302 ὠχρότητος
1675 2266 1724 2297 τὰς
1741 2274 1815 2300 παρ-

188 2311 245 2339 lore
257 2312 380 2346 suffusis,
395 2313 557 2349 cunctisque
570 2315 687 2343 artubus
716 2316 896 2344 vehementer
909 2324 976 2344 con-

189 2358 421 2391 tremiscentibus.
437 2359 516 2394 operi
546 2360 651 2388 intenta
678 2366 758 2395 erat;
783 2353 977 2397 superimmi-

187 2404 254 2432 litire
280 2404 379 2432 ductor
402 2405 592 2433 inhumanam
627 2415 687 2434 sese
711 2408 832 2442 speciem
856 2409 978 2444 conﬁgu-

188 2457 252 2477 rans
265 2457 280 2478 e
294 2451 377 2485 janua
389 2451 416 2477 in
430 2455 610 2486 conspectum
626 2452 666 2479 illi
681 2460 711 2480 se
727 2453 872 2481 manifeste
898 2454 977 2481 exhi-

189 2497 373 2525 betzettune
397 2497 504 2524 beatam
531 2497 605 2525 illam
635 2506 729 2526 vocem
756 2499 888 2534 protulit;
913 2504 979 2528 tunc

188 2543 328 2578 gaudium,
343 2543 416 2577 quod
427 2550 537 2571 omnem
561 2538 675 2578 superat
693 2544 875 2577 intellectum,
888 2553 979 2572 enun-

189 2590 284 2622 tiavit;
298 2594 363 2617 tunc
371 2589 523 2617 benedicta:
535 2590 632 2618 indixit
648 2591 879 2618 benedictionem.
891 2591 979 2619 Verba

189 2641 281 2664 autem
309 2641 391 2664 tanta:
419 2637 520 2664 ltrtitiae
555 2637 634 2672 plena
672 2637 808 2672 ejusmodi
842 2637 978 2664 fuerunt:

190 2683 253 2713 Ave,
265 2684 353 2718 gratia
365 2682 462 2718 plena;
479 2683 607 2710 Dominus
624 2688 707 2710 tecum
717 2683 751 2709 ³⁸.

226 2729 261 2756 Χ.
280 2729 366 2757 Ovox
392 2729 513 2756 indolem
541 2729 846 2764 rcparationisﬁumani
874 2729 982 2765 generis

194 2775 268 2803 ciare
282 2777 477 2804 nianifcstansl
497 2775 627 2809 Qmenam
652 2783 685 2802 ex
700 2775 919 2811 intelligibilibus
932 2785 983 2803 na-

194 2821 267 2848 turis
286 2825 386 2849 tantam
410 2822 525 2857 gloriam
542 2822 646 2849 sortita:
663 2821 749 2849 sunt?
766 2822 894 2854 Qua-nam
924 2823 980 2851 sive

233 2912 252 2927 ⁸³
264 2912 409 2947 Luc.t,28.

1030 2313 1089 2345 ειὰς
1103 2313 1326 2349 ὕπογραφοὺσης,
1347 2314 1393 2341 καὶ
1415 2313 1524 2339 πάντων
1538 2311 1591 2338 τῶν
1606 2311 1695 2345 μελῶν
1708 2312 1815 2345 ἐναγω-

1030 2360 1094 2391 νίως
1109 2361 1265 2388 παλλόντων
1277 2369 1284 2376 ·
1311 2361 1407 2387 ἑαυτὸν
1424 2361 1492 2394 πρὸς
1507 2359 1536 2385 τὸ
1562 2358 1732 2393 ἀνθρώπινον
1748 2367 1814 2394 σχη-

1033 2406 1149 2441 ματίσας
1160 2407 1173 2432 ὁ
1187 2407 1406 2442 ἀρχιστράτηγος
1422 2404 1500 2437 εἶδος,
1522 2404 1646 2436 ἐνωπίως
1659 2405 1713 2431 ἀπὸ
1730 2404 1816 2439 θύρας

1030 2454 1098 2488 αὐτῇ
1117 2454 1315 2488 προφαίνεται·
1341 2452 1388 2478 καὶ
1402 2451 1461 2477 τότε
1489 2450 1537 2485 τὴν
1554 2451 1694 2486 μακαρίαν
1707 2451 1816 2485 ἐκείνην

1030 2499 1147 2534 ὲνήχησε
1161 2499 1253 2533 φωνήν
1267 2507 1272 2512 ·
1288 2498 1347 2523 τότε
1365 2497 1414 2531 τὴν
1429 2497 1499 2531 ὑπὲρ
1511 2496 1616 2523 ἔννοιαν
1629 2498 1748 2532 ἐμήνυσε
1765 2507 1815 2532 χα-

1034 2547 1096 2580 ράν·
1117 2546 1177 2571 τότε
1197 2547 1231 2580 τῇ
1249 2543 1419 2579 εὐλογημένῃ
1445 2543 1493 2579 τὴν
1521 2543 1646 2577 εὐλογίαν
1671 2544 1815 2578 ἐκήρυξεν.

1037 2591 1108 2617 Ἡδὲ
1121 2591 1175 2617 τῶν
1193 2591 1323 2624 ῥημάτων
1341 2589 1494 2625 εὐφροσύνη
1516 2589 1610 2616 τοῦτον
1629 2590 1686 2624 ἔχει
1712 2591 1758 2615 τὸν
1771 2589 1817 2614 λό-

1032 2645 1079 2670 γον
1091 2645 1098 2652 ·
1115 2636 1213 2670 Χαῖρε,
1228 2636 1457 2671 κεχαριτωμένη,
1472 2638 1488 2663 ὀ
1505 2636 1612 2671 Κύριος
1621 2636 1696 2670 μετὰ
1714 2636 1782 2662 σοῦ.

1069 2730 1097 2756 ι’.
1116 2729 1147 2755 Ὢ
1161 2728 1252 2764 φωνῆς
1275 2730 1324 2764 τῆς
1339 2728 1385 2755 τοῦ
1409 2729 1504 2763 γένους
1521 2728 1698 2758 ἀναπλάσεωξ
1715 2728 1816 2761 ἐμφαι-

1033 2777 1132 2810 νούσης
1147 2775 1193 2801 τον
1217 2776 1330 2810 τρόπω-1.·
1353 2775 1429 2801 Heia:
1453 2775 1545 2809 νοεραὶ
1571 2774 1665 2808 φύσεις
1688 2772 1815 2806 τοιαύτην

1033 2822 1264 2858 ἀπεκληρώσαντο
1289 2822 1386 2855 Eoi/1v;
1416 2823 1488 2847 ποῖαι
1521 2819 1677 2855 χερουεικαί
1712 2827 1740 2844 τε
1770 2819 1817 2844 καὶ

2028 1635 2034 1959 l
