2034 3153
249 160 300 191 64³1

247 265 390 301 promissis
407 265 551 295 inescabis.
567 272 621 291 non
646 264 817 293 demulcebis
830 267 951 294 animum
969 268 1038 294 mira

246 313 322 339 vocis
339 317 390 339 tute
403 311 554 341 suavitate,
571 318 624 337 non
638 313 807 346 expugnabis
824 313 965 341 inauditis
979 315 1037 349 pol-

246 357 444 385 licitationibus
459 356 625 384 voluntatcm
645 366 743 384 meatu.
765 359 862 386 'Ncscit
884 361 958 386 enim
973 368 1036 387 mu-

247 403 298 429 tari
317 411 322 428 :
339 402 501 428 inconcussa
517 401 584 436 jecit
609 402 750 436 pudicitia:
774 403 954 432 fundamenta
969 415 975 432 ι
988 406 1037 434 dc-

246 449 297 474 tlxa
308 453 350 475 est
366 455 448 482 supra
460 447 565 475 ﬁrmam
581 452 698 483 petram,
713 458 774 484 quae
789 451 815 477 in
829 453 928 479 szecula
943 458 1037 480 manet

243 499 367 522 immota.

279 541 334 569 XV.
352 542 397 570 Sic
411 543 558 577 purissima
573 545 618 572 illa
633 546 701 580 (55),
713 554 766 580 qua
784 551 931 581 angeretur
957 555 1034 580 cura,

243 587 315 615 haud
340 590 467 624 ambigue
485 590 652 618 edisserens.
667 593 799 626 Supernae
816 601 897 627 porro
913 594 967 619 dux
983 593 1035 619 mi-

242 633 306 659 litiae
324 633 370 660 ubi
386 642 447 660 eam
462 635 669 669 suspicionibus
686 637 762 663 hisce
780 642 944 664 commotam
972 637 1033 664 ani-

242 681 401 713 madvertit,
416 690 513 709 rursus
531 690 684 709 sermonem
705 691 846 711 accommo
858 686 909 711 lata
927 685 1034 712 ratione

241 725 372 757 instituit,
383 732 412 752 et
425 727 603 760 restionsione
618 733 720 754 metum
736 728 872 761 dissolvit,
885 729 1012 764 inquiens
1025 739 1031 757 :

241 771 280 798 Ne
313 773 417 803 timeas,
444 772 549 802 Maria;
577 774 699 800 invenisti
726 776 797 802 enim
820 776 935 810 gratiam
962 776 1034 810 apud

242 816 338 844 Dcum.
358 819 391 843 Et
408 825 466 844 ecce
489 820 616 854 concipias
634 821 661 846 in
678 824 764 853 utero,
779 825 803 847 cl
827 823 912 857 paries
933 821 1032 856 ﬁlium,

241 867 265 888 et
280 864 382 889 vocabis
397 872 490 890 nomen
512 865 568 899 ejus
596 865 688 892 Jesum
703 866 734 893 “.
750 867 788 893 Ne
814 867 920 898 timeas.
933 867 1032 902 inquit,

240 908 273 934 ad
291 909 424 936 insuetam
440 916 567 945 aspectus
583 912 634 938 mei
663 913 794 946 specicm,
819 921 908 948 neque
924 922 1030 946 eorum,

239 961 300 987 qua:
320 954 461 987 dicuntur,
486 956 607 984 novitate
625 958 745 984 turbcris
760 967 766 984 :
783 966 817 985 ne
831 959 897 994 quid
921 959 977 986 doli
1005 960 1031 987 in

241 999 284 1026 his
300 1001 468 1034 suspiceris:
482 1002 517 1028 ab
530 1002 603 1029 omni
621 1003 717 1030 fraude
735 1003 866 1031 immunis
883 1010 926 1032 est
941 1013 1032 1032 sermo

241 1052 328 1071 meus.
345 1046 421 1077 chi,
437 1052 466 1073 ut
488 1047 618 1081 gaudium
647 1050 841 1077 annuutiarem
857 1060 863 1077 :
895 1050 989 1086 (veni,
1004 1056 1033 1078 ut

239 1090 408 1124 nuntiarent)
428 1093 554 1126 gratiam,
566 1101 647 1128 quam
665 1103 720 1129 pra
734 1097 864 1124 omnibus
878 1098 1033 1132 generatio-

239 1136 321 1164 nibus
334 1138 393 1164 sola
407 1138 554 1171 invenisti;
572 1148 653 1175 quam
669 1143 772 1177 accipis
788 1151 842 1170 non
869 1143 969 1171 debita:
985 1152 1030 1171 rc-

239 1183 399 1212 tributionis
410 1188 532 1218 nomine,
546 1187 592 1214 sed
606 1193 704 1222 utpote
717 1190 822 1216 auctrix
840 1191 905 1217 doni
924 1191 1033 1218 univcr-

239 1235 270 1255 so
286 1229 389 1256 immdo
416 1231 593 1266 impettiendi
608 1234 755 1262 assistens.
777 1236 850 1262 Nihil
868 1236 950 1271 igitur
965 1236 1032 1263 sub-

231 1281 300 1302 esse
316 1281 405 1309 putes,
422 1278 497 1312 quod
514 1278 595 1305 fallax
610 1279 704 1306 haberi
727 1283 811 1314 'queat
829 1289 836 1307 :
851 1289 941 1315 neque
957 1282 1031 1309 enim

230 1328 284 1348 .res
307 1321 365 1356 ipsa
389 1323 482 1350 dolum
511 1324 622 1358 praefert
640 1334 646 1352 :
663 1333 717 1352 non
747 1327 882 1361 ejusmodi
908 1328 1031 1362 speciem

239 1366 297 1401 ipse
314 1368 383 1398 fero.
407 1377 495 1404 neque
519 1371 713 1398 aemulationis
730 1372 864 1399 indicium
891 1381 1032 1401 sermones

240 1414 294 1441 mei
309 1414 453 1442 exhibent.
467 1415 565 1442 Gaudii
576 1424 673 1451 praeco
687 1417 780 1450 venio,
793 1425 847 1444 non
869 1425 936 1445 sane
960 1419 1030 1446 adu-

240 1459 352 1487 lationis
366 1461 612 1493 concinnator;ad
634 1461 855 1490 benedictionem
882 1465 1033 1492 concilian-

239 1505 301 1531 dam
321 1506 413 1536 venio.
433 1513 487 1533 non
516 1514 582 1533 vero
604 1507 638 1533 ad
666 1507 759 1534 dolum
785 1508 964 1538 struendum:
982 1509 1032 1536 ad-

239 1551 363 1578 miranda
380 1551 467 1578 forma
484 1552 596 1583 induor,
610 1561 663 1581 non
679 1553 773 1588 utique
787 1554 935 1581 terrificum
954 1563 1033 1590 aspe-
1048 1562 1069 1590 ρ

238 1601 313 1623 etum
332 1596 466 1631 pnefero;
483 1598 638 1633 angelicum
655 1603 697 1626 est
719 1599 794 1633 quod
810 1599 910 1632 cernis,
923 1600 957 1627 de
980 1600 1032 1628 Do-

239 1642 315 1668 mino
327 1650 370 1669 res
382 1643 448 1670 mihi
466 1647 519 1675 est,
534 1650 591 1670 non
607 1643 683 1671 enim
691 1644 726 1671 de
742 1644 870 1672 humanis
881 1649 1029 1679 pertracto.

237 1686 309 1720 Quid
336 1688 429 1722 itaque
455 1688 577 1715 turbaris
604 1694 633 1716 et
659 1690 838 1724 expavescis?
852 1690 909 1717 Cur
924 1698 1030 1725 angore

237 1741 331 1768 pressa
347 1734 380 1760 ad
392 1741 436 1765 ea,
446 1734 655 1769 qmedieuntur,
668 1735 834 1764 addubitas?
845 1736 917 1769 Quid
928 1737 1030 1764 times?

237 1778 438 1807 Maledictionis
456 1780 511 1807 imo
535 1780 703 1808 solutionem
716 1789 748 1808 ea
761 1782 959 1816 praenuntiant,
971 1790 1032 1817 qua:

238 1825 319 1859 plena
335 1825 384 1852 tibi
403 1825 513 1853 timoris
532 1826 671 1854 videntur.
691 1827 834 1855 Probanda
852 1835 917 1856 sane
932 1828 1030 1863 exqui-

237 1869 289 1897 sita
305 1875 351 1897 tua
366 1871 394 1898 in
416 1872 522 1906 agendo
538 1872 643 1899 cautela
659 1877 717 1904 est;
735 1877 817 1908 atque
835 1873 892 1908 ipse
916 1877 962 1901 tua
985 1874 1030 1900 illa

236 1922 290 1949 qua
316 1916 413 1948 uteris,
428 1924 510 1951 supra
528 1922 656 1945 naturam
671 1917 816 1952 prudentia
831 1918 938 1953 gaudeo
948 1923 1030 1954 atque

901 163 1031 194 JACOBI
1050 163 1228 195 MONACHI

248 219 371 247 movebis
387 219 578 248 assentatoriis
598 219 700 251 verbis,
717 228 771 247 non
787 221 966 256 amplissimis
982 222 1031 249 tuis

1090 223 1266 256 καταθέλξεις
1280 231 1285 237 ·

1822 171 1873 204 (48

1316 225 1347 251 οὐ
1373 224 1411 259 τῷ
1432 225 1498 261 ξένῳ
1518 226 1571 252 τῶν
1595 227 1766 260 ἐπαγγελιῶν
1793 237 1868 255 autc»

1092 270 1292 306 πραγματεὺσῃ
1311 279 1362 304 μου
1382 273 1431 305 τὴν
1454 272 1584 299 διάνοιαν.
1616 273 1807 307 ’Δμεταοέῖως
1823 275 1874 307 γὰρ

1090 315 1196 349 ἵδρυται
1206 323 1213 330 '
1231 316 1396 348 ἀσαλεύτους
1410 317 1472 349 τοὺς
1484 318 1532 353 τῆς
1550 319 1724 354 σωφροσύνης
1742 320 1873 346 κατέϐαλε

1089 360 1249 395 ϐεμελίους·
1282 362 1406 397 πέπηγεν
1441 363 1488 389 ἐπὶ
1521 366 1632 399 στερεᾶς
1670 365 1785 401 πέτρας,
1815 366 1874 401 ἥτις

1089 405 1289 442 ἀμετακίνητος
1309 407 1349 439 είς
1365 408 1467 439 αἰῶνας
1479 409 1615 444 διαμένει.

1124 537 1172 565 1Ε¹,
1193 538 1295 570 Ταῦτα,
1322 539 1355 565 δι’
1375 535 1412 565 ὧν
1437 540 1635 576 ἐδυσχέραινεν,
1663 543 1678 576 ἡ
1705 544 1873 576 πανάσπιλος

1086 584 1250 611 ῶεὸεόαίου.
1277 585 1354 611 Ἐπεὶ
1367 585 1395 611 δὲ
1417 586 1523 618 τούτοις
1539 588 1625 622 αὐτὴν
1641 589 1874 625 πολιορκουμένην

1086 630 1157 665 ὁρῶν
1172 632 1227 661 τοῖς
1243 630 1386 664 λογισμοῖς
1401 633 1415 658 ὁ
1429 632 1647 670 ἀρχιστράτηγος
1661 632 1705 670 ἦν,
1720 635 1873 667 ἀκολούθοις

1086 677 1184 709 ἐπάγει
1196 676 1241 702 τὸν
1252 676 1331 709 λόγον
1349 677 1439 709 πάλιν,
1457 678 1505 705 καὶ
1520 678 1576 705 λύει
1591 680 1636 705 τὸν
1655 681 1738 714 φόϐον
1759 683 1791 717 τῇ
1808 682 1874 708 ἀπο-

1086 722 1177 756 φάσει,
1195 722 1284 756 λέγων
1294 731 1302 738 '
1320 723 1367 756 Μὴ
1381 723 1486 757 φοϐοῦ,
1502 725 1633 759 Μαριάμ·
1653 724 1741 759 εὗρες
1754 727 1810 760 τὰρ
1821 728 1874 762 χά·
1896 719 1901 723 ”

1058 782 1062 786 -
1080 776 1133 801 ριν
1145 767 1225 801 παρὰ
1240 767 1279 800 τῷ
1297 768 1433 800 Θεῷ.Καὶ
1448 769 1524 802 ἰδοὺ,
1541 770 1689 805 annumin;
1704 770 1739 797 ἐν
1754 773 1870 805 γαστρὶ.

1085 815 1132 841 καί
1150 814 1220 848 τέξῃ
1237 815 1313 846 olor.
1329 815 1378 841 καὶ
1394 814 1537 847 καλέσεις
1550 816 1583 843 τὸ
1600 815 1693 850 ὄνομα
1703 817 1799 844 αὐτοῦ
1821 817 1872 851 ’1η-

1084 861 1173 888 σοῦν.
1187 861 1232 896 Μὴ
1248 861 1350 896 δείσῃς,
1366 862 1443 896 φησι,
1460 861 1490 888 τὺ
1504 861 1578 894 ξένον
1587 862 1638 896 τῆς
1648 862 1711 893 θέας
1728 872 1790 898 μου,
1805 863 1872 898 μηδὲ

1050 896 1069 923 Β
1084 909 1117 941 τῇ
1135 907 1275 942 καινότητι
1290 907 1345 933 τῶν
1366 907 1520 942 λεγομένων
1536 908 1670 944 θροηθτῖκ·
1697 896 1780 945 μηδὲν

1086 949 1166 984 τηλὸν
1178 950 1207 975 ὲν
1218 949 1322 981 τούτοις
1335 951 1519 988 ὑποπτεύσῃς·
1536 953 1655 986 καθαρὸς
1667 954 1756 986 πάσης
1770 955 1872 988 πλάνης

1084 997 1098 1022 ὁ
1110 995 1176 1029 ἐμός
1190 996 1248 1022 ἐστι
1259 996 1350 1029 λόγος.
1368 997 1464 1032 Χαρὰν
1480 997 1599 1032 ἐλήλυθα
1613 999 1741 1034 μηνύσων
1751 1008 1758 1016 ·
1779 1001 1869 1035 χάριν,

1084 1041 1117 1076 ἣν
1134 1041 1202 1076 μόνη
1226 1042 1296 1076 ὑπὲρ
1311 1041 1420 1073 ἁπάσας
1442 1043 1539 1076 γενεὰς
1557 1040 1653 1078 εὗρες·
1672 1044 1706 1080 ἣν
1719 1044 1750 1071 οὗ
1766 1045 1872 1079 μισθῶν

1084 1087 1212 1122 ἀμοιϐὴν,
1233 1087 1301 1113 ἀλλὰ
1326 1089 1375 1122 τῆς
1402 1089 1577 1123 παγκοσμίου
1602 1090 1707 1123 δωρεᾶς
1718 1090 1760 1122 ὡς
1785 1091 1870 1123 αἰτία,

1083 1131 1241 1165 λαμϐάνεις.
1269 1134 1361 1168 Μηδὲν
1380 1133 1426 1160 οὖν
1449 1134 1522 1167 ἄξιον
1548 1135 1724 1172 ὑποτοπήσῃς
1745 1137 1869 1173 ἀπάτης·

1083 1178 1145 1205 οὐδὲ
1168 1178 1222 1214 γὰρ
1248 1178 1377 1214 ἐμφαίνει
1395 1179 1425 1206 τὸ
1443 1181 1578 1215 πρᾶγμα·
1605 1181 1635 1207 οὺ
1657 1181 1786 1216 τοιαύτην
1815 1182 1870 1216 ἐγὼ

1084 1224 1243 1259 περίκειμαι
1273 1225 1424 1260 μόρφωσιν,
1451 1225 1512 1252 οὐδὲ
1534 1227 1684 1262 τεκμήριον
1705 1227 1827 1259 οωπείας
1845 1228 1870 1254 οἱ

1084 1271 1146 1304 ἐμοὶ
1168 1272 1390 1306 προχαράττουσι
1404 1270 1488 1305 λόγοι.
1504 1272 1600 1306 Χαρὰν
1615 1273 1674 1307 ἥκω
1685 1273 1816 1308 κηρῦξαι,
1832 1275 1870 1309 μὴ

1084 1316 1138 1351 γὰρ
1153 1316 1298 1343 κολακείαν
1315 1317 1467 1353 συμπλέξαι
1477 1325 1485 1333 ⁸
1502 1319 1628 1352 εὐλογίαν
1639 1320 1816 1355 προξενῆσαι,
1831 1321 1870 1356 μὴ

1084 1363 1138 1398 γὰρ
1167 1362 1272 1397 πλάνην
1306 1363 1520 1399 δημιουργῆσαι.
1554 1364 1716 1400 Θαυμαστὸν
1745 1366 1869 1401 περικει-

1085 1417 1134 1442 μαι
1152 1408 1254 1443 σχῆμα,
1277 1409 1314 1444 μὴ
1331 1409 1385 1444 γὰρ
1401 1409 1515 1444 φοὸερὺν
1529 1409 1696 1445 ἑπιφὲρομαι
1715 1408 1784 1442 sibe;
1795 1418 1803 1424 ‘
1819 1412 1871 1445 ἀγ-

1083 1454 1193 1487 γελικὺν
1206 1453 1236 1480 τὸ
1249 1454 1397 1489 ὁρώμενον,
1410 1456 1454 1481 τὸν
1467 1456 1568 1490 Κύριον
1582 1456 1756 1491 είσηγοῦμαι,
1770 1457 1808 1492 μὴ
1817 1457 1871 1492 γὰρ

1084 1501 1118 1527 τὰ
1144 1501 1199 1527 τῶν
1214 1500 1368 1536 ἀνθρώπων
1390 1501 1522 1537 μυοῦμαι.
1540 1502 1572 1528 Τί
1587 1502 1677 1529 τοίνυν
1703 1503 1805 1537 θορνὸᾒ
1824 1502 1872 1530 καὶ

1085 1546 1284 1582 καταπλήττῃ;
1302 1547 1335 1574 Τί
1351 1549 1383 1582 τῇ
1400 1547 1504 1582 ἀγωνίᾳ
1521 1549 1687 1583 συνεχομένη
1705 1548 1869 1583 δικμφιὸάλ-

1084 1592 1139 1623 λεις
1156 1592 1223 1627 πρὸς
1239 1592 1271 1618 τὰ
1284 1592 1434 1627 λεγόμενα;
1451 1592 1477 1618 τί
1498 1592 1637 1626 δέδοικας;
1654 1594 1695 1620 Τὰ
1711 1593 1758 1620 τοῦ
1774 1594 1870 1628 φόϐου,
1911 1587 1917 1594 ’

1083 1638 1235 1665 κατάλυσιν
1260 1639 1390 1674 προδηλοῖ
1403 1639 1453 1674 τῆς
1476 1639 1558 1675 ἀρᾶς.
1584 1640 1663 1674 Καλὴ
1679 1640 1730 1674 μὲν
1753 1640 1871 1676 ἀκριὸὴς

1081 1683 1217 1718 ἀσφάλεια
1236 1684 1282 1710 τοῦ
1297 1685 1398 1718 τρόπον
1415 1693 1462 1710 σου
1476 1692 1484 1699 ⁸
1502 1685 1549 1711 καὶ
1563 1685 1651 1720 χαίρω
1664 1686 1712 1712 καὶ
1731 1685 1870 1721 τέρπομαι

1080 1730 1119 1765 τῷ
1136 1731 1205 1767 ὑπὲρ
1221 1730 1302 1765 φύσιν
1318 1731 1497 1766 τετηρημένῳ
1518 1739 1563 1757 σου
1582 1732 1748 1767 φρονήματι.
1767 1732 1869 1768 Καιρὺς

1079 1776 1108 1802 δὲ
1133 1776 1185 1802 τῶν
1201 1776 1361 1809 ἁμφιὸόλων
1388 1777 1502 1803 ἄπεστι·
1528 1776 1576 1803 καὶ
1599 1777 1638 1802 δεῖ
1665 1786 1694 1803 σε
1720 1779 1776 1809 τοῖς
1793 1778 1869 1812 ὲμοίς

1086 1822 1252 1848 ὑπείκουσαν
1264 1821 1363 1855 λόγοις,
1377 1821 1520 1858 προσηνῶς
1533 1821 1704 1854 εἰσδέξασθαι
1716 1823 1765 1857 τὴν
1779 1823 1868 1858 χάριν.

1085 1868 1160 1902 Αὕτη
1176 1867 1204 1894 δὲ
1221 1868 1333 1903 τοιαύτη
1345 1869 1419 1895 ἐστίν
1428 1876 1436 1883 ·
1445 1869 1533 1900 Ἰδοὺ,
1544 1869 1694 1903 ovillum
1705 1870 1740 1896 ἐν
1751 1869 1869 1904 γαστρὶ,

1085 1916 1133 1943 καὶ
1150 1916 1219 1950 τέξῃ
1233 1917 1310 1943 υἱόν.

237 1963 371 1991 oblcctor.
387 1964 435 1991 Ast
457 1965 548 1992 omnis
566 1966 646 1994 abest
659 1965 818 2001 ambigendi
834 1966 926 1999 locus,
960 1970 988 1994 et
1002 1973 1052 2001 par
1069 1970 1111 1992 est
1131 1965 1256 1995 omnino,
1285 1968 1314 1990 ut
1337 1963 1419 1990 dictis
1439 1963 1508 1990 meis
1533 1964 1700 1998 acquiescas.
1716 1971 1752 1991 ac
1778 1970 1868 1992 multo

237 2010 344 2044 placida
379 2011 494 2045 gratiam
519 2012 652 2047 excipias.

693 2010 755 2039 Haec
778 2019 861 2046 porro
886 2011 1045 2047 huiusmodi
1064 2016 1105 2039 cst
1119 2020 1125 2037 ;
1140 2010 1206 2037 Ecce
1223 2010 1352 2045 concipias
1365 2010 1393 2037 in
1410 2015 1494 2041 utero,
1510 2015 1534 2036 et
1559 2010 1646 2044 paries
1662 2009 1759 2044 ﬁlium.

272 2065 343 2091 XVI.
361 2066 433 2092 Dixit
452 2070 543 2093 autem
562 2067 647 2094 Maria
662 2076 668 2091 :
690 2066 825 2098 Quomodo
839 2068 944 2094 erilhoc
957 2068 1029 2099 mihi,

1119 2066 1178 2100 ις’.
1195 2065 1262 2093 Eine
1277 2067 1305 2093 δὲ
1318 2067 1442 2102 Μαριάμ·
1456 2067 1521 2098 Πῶς
1535 2066 1621 2094 ἔσται
1628 2075 1678 2101 μοι
1694 2067 1793 2100 τοῦτο,
1803 2067 1868 2094 ἐττει

236 2111 363 2143 quoniam
377 2111 463 2137 virum
479 2120 529 2138 non
547 2121 671 2147 cognosco
682 2113 722 2139 “7
735 2113 803 2139 Dum
819 2120 915 2147 magna
934 2113 1027 2143 offers.

237 2155 305 2182 illud
323 2165 375 2183 una
391 2157 574 2189 subintulisti,
589 2159 663 2192 quod
679 2166 713 2185 ex
727 2158 866 2190 omnibus,
882 2165 943 2192 quae
961 2157 1028 2185 mihi

237 2202 380 2233 interdixi.
404 2204 523 2231 maxime
551 2203 720 2232 horrendum
748 2209 801 2231 est.
826 2204 1027 2239 Concepturam

239 2256 282 2275 me
298 2248 401 2283 inquis,
418 2257 449 2276 ac
472 2250 624 2284 parituram
639 2250 737 2277 filium.
754 2250 818 2278 limo
835 2250 902 2277 mihi
917 2250 1028 2284 angoris

237 2302 281 2323 est
300 2303 401 2323 causa:
425 2296 477 2323 hoc
494 2302 578 2331 caput
594 2296 771 2323 formidinis:
787 2304 841 2323 non
855 2296 910 2323 ulla
925 2303 954 2323 re
976 2296 1029 2322 alia

236 2350 251 2369 e
267 2343 385 2374 cunctis.
410 2351 471 2377 qua:
492 2343 593 2370 terrori
621 2348 699 2377 sunt,
726 2343 766 2370 sic
782 2350 842 2370 sum
866 2342 1024 2377 perterrita.

236 2389 483 2423 Splendidissimus
504 2398 570 2417 sane
587 2393 716 2424 aspectus
728 2394 791 2417 tuus
807 2394 861 2422 est,
873 2394 900 2416 et
917 2397 969 2416 vox
981 2394 1027 2417 tua

235 2437 380 2471 stupenda.
393 2440 422 2463 et
444 2436 538 2464 dulces
551 2444 695 2464 sermones
714 2437 764 2470 tui,
783 2444 814 2464 ac
831 2436 1028 2471 promissioues

236 2487 291 2510 tua:
316 2483 423 2517 amplae,
439 2488 467 2510 et
488 2483 552 2510 dolo
577 2491 680 2510 vacuae.
697 2484 729 2509 At
749 2491 815 2511 vero
840 2482 912 2518 quod
927 2483 956 2509 in
975 2482 1027 2509 viri

236 2529 466 2556 consuetudinem
491 2530 673 2562 consentiam,
689 2529 819 2564 quodque
843 2537 954 2556 carnem
972 2529 1027 2556 Deo

235 2574 361 2601 devotam
374 2575 513 2602 connubio
522 2577 690 2610 permittam.
705 2575 730 2602 id
741 2583 855 2611 prorsus
865 2575 929 2602 mihi
940 2575 1024 2602 ncfas.

234 2620 422 2653 Quamobrem
450 2622 515 2649 licet
542 2622 730 2650 faustissimus
759 2623 817 2649 visu
848 2621 981 2651 cernaris,
998 2625 1026 2647 ct

234 2667 444 2695 bcnedictioncs
452 2668 549 2704 quavis
561 2670 648 2704 gratia
661 2669 784 2704 potiores
801 2673 891 2696 tecum
910 2667 1022 2699 afferas,

271 2759 293 2774 ”
319 2760 386 2786 Luc.
403 2768 421 2789 ι.
436 2760 482 2786 30.
520 2760 542 2774 “
557 2759 623 2787 Luc.
638 2769 657 2793 ι,
671 2761 716 2788 Si.

1084 2112 1179 2146 ἄνδρα
1187 2113 1221 2139 οὐ
1230 2112 1364 2147 γινώσκω
1372 2120 1382 2143 ;
1391 2113 1470 2146 Μέγα
1477 2113 1692 2148 παρεγγυώμενυ
1698 2121 1717 2145 ς,
1727 2113 1782 2139 τῶν
1789 2113 1868 2140 ἀπει-

1085 2160 1211 2194 ρημένων
1222 2168 1266 2194 μοι
1274 2159 1304 2185 τδ
1313 2159 1502 2193 φοϐερώτατον
1515 2159 1726 2193 συγκατέμιξας.
1737 2160 1868 2195 3mm:-

1083 2205 1145 2231 σθαι
1169 2205 1267 2240 λέγεις,
1284 2206 1331 2232 καὶ
1343 2205 1468 2238 τέξεσθαι
1481 2206 1548 2232 υίὸν.
1563 2205 1647 2232 Τοῦτό
1663 2214 1707 2240 μοι
1721 2207 1867 2242 παραίτιον

1081 2252 1131 2286 τῆς
1139 2251 1269 2285 ἀγωνίας·
1279 2250 1358 2277 τοῦτο
1365 2250 1412 2277 τοῦ
1425 2251 1508 2284 φόὗου
1522 2251 1698 2286 ὑπέκκαυμα·
1709 2251 1755 2277 ὑπ’
1763 2253 1868 2285 οὐδενὸς

1078 2298 1133 2324 τῶν
1142 2297 1227 2324 ὅντων
1237 2298 1368 2333 φρικτῶν,
1378 2298 1448 2324 οὕτω
1457 2298 1657 2332 κατεπτόημαι,
1669 2298 1704 2324 Τὸ
1715 2298 1764 2333 μὲν
1775 2300 1868 2334 σχῆμά

1080 2353 1138 2376 σου,
1156 2345 1232 2378 φησὶ,
1245 2343 1450 2379 λαμπρότατον,
1464 2345 1511 2369 καὶ
1522 2345 1537 2378 ἡ
1549 2344 1624 2378 φωνή
1639 2352 1685 2369 σου
1703 2345 1865 2380 παράδοξος,

1080 2391 1128 2417 καὶ
1141 2391 1166 2416 οἱ
1181 2390 1254 2424 λόγοι
1267 2398 1314 2416 σου
1328 2390 1450 2423 γλυκεῖς,
1461 2389 1508 2415 καὶ
1519 2390 1547 2414 al
1559 2389 1722 2423 ὑποσχέσεις
1738 2391 1865 2424 μεγάλαι,

1083 2438 1130 2463 καὶ
1147 2437 1278 2467 ἀπιστίας
1294 2435 1445 2469 ἀλλότριαι.
1467 2434 1504 2459 Τὸ
1521 2434 1549 2460 δὲ
1570 2436 1748 2467 σνγκατιέναι
1770 2444 1804 2470 με
1829 2437 1867 2466 εἰς

1083 2480 1180 2515 ἀνδρὸς
1196 2482 1348 2510 κοινωνίαν,
1369 2480 1415 2504 καὶ
1430 2478 1480 2513 τὴν
1495 2479 1680 2514 ἀνακειμένην
1701 2480 1760 2515 Θεῴ
1778 2481 1867 2515 σάρκα

1081 2527 1114 2561 τῇ
1131 2526 1263 2560 συναφείᾳ
1281 2524 1496 2556 καταδουλῶσαι,
1508 2525 1562 2550 τῶν
1577 2526 1812 2560 ἀπηγορευμένων
1822 2535 1866 2560 μοι

1082 2574 1170 2607 πάντη
1187 2573 1366 2606 καθέστηκεν.
1386 2571 1467 2596 Ὂοεν
1490 2572 1513 2597 εἰ
1536 2573 1580 2597 καὶ
1595 2573 1776 2606 φαιδρότατος
1796 2571 1821 2598 εἷ
1837 2572 1866 2598 τὸ

1081 2618 1253 2652 φαινόμενον,
1274 2619 1319 2642 καὶ
1337 2617 1494 2650 κρείττονας
1514 2619 1530 2653 ἢ
1548 2618 1616 2644 κατὰ
1634 2619 1713 2652 χάριν
1727 2618 1775 2649 τὰς
1792 2617 1865 2644 εὐλο-

1079 2665 1141 2698 γίας
1160 2662 1292 2697 κομίζεις,
1308 2663 1331 2688 εἰ
1350 2663 1398 2689 καὶ
1412 2664 1545 2700 ήδντέραν
1561 2664 1668 2699 ἐπᾴδεις
1688 2665 1736 2698 τὴν
1761 2664 1864 2698 χαράνυ

274 2838 327 2873 (55)
344 2840 414 2867 Ecce
431 2840 479 2866 tibi
496 2846 617 2867 sanctam
632 2841 770 2875 Virginem
805 2849 856 2867 ana
888 2847 953 2867 voce
990 2840 1118 2870 puritatis
1136 2846 1273 2866 summum
1291 2839 1482 2874 signiﬁcantis,
1503 2847 1551 2873 της
1585 2838 1756 2864 πανασπί).ου
1775 2838 1860 2864 uomi-

238 2882 281 2900 ne.
299 2883 345 2908 per
363 2876 579 2902 antonomasiam
595 2878 794 2910 Cililllil‘nilla'Y'.
