2034 3153
170 187 220 214 iib‘i

536 184 676 212 Ot‘tIt'l'RO
697 184 735 212 ΙΝ
757 183 1103 213 ANNUNTIATIONEM
1118 184 1171 213 SS.
1191 184 1375 214 DEIP.\R.E.

1739 188 1792 219 638

170 237 292 271 τουργός.
316 237 379 269 Ἴθι,
402 238 458 269 τοῖς
479 238 614 271 οὐρανίοις
641 239 809 273 ἀπάγγειλον
835 241 883 276 τὴν
907 241 954 267 τοῦ

1016 240 1069 267 :(nli
1083 241 1170 268 nostri
1192 241 1304 276 gloriam
1322 249 1328 267 :
1353 241 1408 274 abi,
1428 249 1526 269 enarra
1547 241 1714 270 tabernaculi
1736 252 1794 271 am-

172 283 305 316 ήμετέρου
317 282 431 316 οὖροινοῦ
444 282 522 314 δόξαν
535 291 542 298 ”
557 284 604 316 ίθι,
619 284 652 310 τὰ
666 284 717 318 τῆς
729 284 956 319 εὐρυχωροτέρας

172 330 218 354 καὶ
231 328 396 362 τιμιωτέρας
410 328 500 354 αὐτῶν
519 329 646 364 διήγησαι
668 330 772 364 σκηνῆς
795 330 935 364 παράδοξα
947 340 954 346 -

170 373 231 400 εἰπὲ
244 375 304 404 ταῖς
327 373 384 400 ἄνω
407 376 557 409 στρατιαῖς,
581 376 665 411 ὅνπερ
689 377 717 403 ὲν
744 377 812 411 αὐτῇ
833 377 956 409 κατεῖδες

171 420 303 446 πλοῦτον¹
328 420 444 453 λάλησον
469 421 580 455 Θρόνοις
601 422 648 448 καὶ
675 423 824 458 Κυριότησι
850 423 880 449 τὺ
906 423 956 457 τῆς

171 465 314 501 βασιλικῆς
329 465 462 501 καθέδρας
484 467 643 502 ὑπέρτιμον,
661 468 692 494 τὸ
713 469 825 503 πύρινον
843 470 891 503 τῆς
909 468 955 494 τοῦ

169 510 248 544 λόγου
265 511 429 545 σαρκώσεως
443 512 545 547 δχημα,
567 512 615 547 τὴν
635 513 827 548 πολυόμματον
840 513 886 539 τοῦ
902 523 955 548 μυ-

170 555 280 589 στηρίου
293 555 431 590 ὃιόπτραν,
443 558 493 592 τὴν
508 557 665 591 πολύφωτον
680 559 813 590 παστάδα,
827 559 860 594 ἢν
872 560 955 593 ὲνυμ-

170 601 342 633 φοῖτόλισας,
363 602 395 636 ῆν
415 603 610 634 κατεποίκιλας
626 603 664 637 τῷ
686 603 853 638 κηρύγματι,
876 603 909 640 ἦς
923 605 957 631 τὰ

170 645 241 680 ὑπὲρ
263 646 344 679 φύσιν
360 646 519 681 ἐθαύμασας
547 649 633 675 καλά·
657 649 777 683 μήνυσον
799 651 891 681 αὐτοῖς
907 651 956 685 τὴν

169 691 372 725 ἁνερμήνευτον
391 692 437 719 τοῦ
454 693 572 720 Κτίστου
597 695 720 729 Μητέρα,
740 695 789 729 τὴν
803 696 852 726 τὰς
866 696 957 722 αὐτῶν

169 736 386 770 ὕπερὸαίνουσαν
402 739 519 772 νοήσεις,
534 739 584 774 τὴν
601 740 844 775 καταπλήττουσαν
860 741 956 772 αὐτοὺς

169 782 198 806 ἐν
215 781 254 816 τῷ
271 781 358 817 τόκῳο
370 783 507 817 τράνωσον
520 785 554 810 τὰ
570 784 669 820 ταύτης
682 787 824 820 μεγαλεῖα,
839 787 956 821 κήρυξον

168 825 219 859 τὴν
232 825 310 859 ἡμῶν
324 826 358 852 δι’
378 827 463 861 αὐτῆς
481 828 640 864 ἀνάκλησιν,
663 830 712 864 τὴν
730 830 808 866 ξένην
822 831 957 858 καταλλα-

168 871 232 905 γὴν,
248 872 297 904 τὴν
309 872 453 906 σύμφωνον
470 874 561 906 αὐτοῖς
575 875 813 911 χροτηθησομένην
826 880 937 912 χορείαν
947 885 955 893 ·

168 916 242 947 εἰπὲ,
259 917 365 944 ποθεινὲ
381 919 426 944 καὶ
446 919 494 954 τῆς
511 920 588 955 ἡμῶν
602 922 687 956 χαρᾶς
705 922 828 955 κοινωνὲ,
844 922 872 948 ἐν
887 923 956 949 τὶσιν
976 913 995 939 Β

169 961 270 993 αὐτοὺς
286 963 511 998 πλεονεκτοῦμεν,
526 967 555 992 ὲν
570 966 622 998 τίνι
637 966 686 1002 τὴν
698 967 764 1001 πρὸς
775 968 872 999 αὐτοὺς
885 970 957 1003 παῤ-

170 1007 270 1041 ρησξαν
285 1009 454 1044 ἐσχήκαμεν,
471 1012 499 1037 ἐν
519 1012 572 1037 τίνι
594 1013 799 1047 σεμνυνόμενοι,
817 1013 955 1047 ἐγκαλλω-

169 1053 308 1086 πςὸμεθα
321 1062 329 1069 ·
345 1055 473 1089 κήρυξον,
498 1057 588 1082 ὁποῖον
609 1057 793 1092 ὴνθοφόρητεν
816 1059 831 1093 ἡ
852 1059 958 1093 ἀνθρω-

169 1098 238 1123 πεία
253 1099 333 1131 φύσις
348 1101 463 1134 καρπὸν,
484 1097 538 1127 οἷον
553 1101 597 1127 τὸν
613 1101 727 1128 πλοῦτον
740 1103 888 1137 ἀπέθηκεν,
903 1101 959 1129 οἷον

169 1143 308 1178 θησαυρὸν
324 1145 514 1179 ἐταμιεύσατο.
533 1147 612 1173 Οὕτω
628 1148 778 1183 κηρύττων,
796 1149 958 1183 συνευξραί-

169 1196 218 1214 νου
238 1191 272 1224 τῇ
292 1190 369 1224 ἡμῶν
390 1192 511 1227 σωτηρίᾳ
525 1200 531 1206 ⁶
561 1193 650 1219 κοινὸν
671 1194 739 1229 ἡγοῦ
762 1195 791 1220 τὸ
805 1195 855 1229 τῆς
872 1196 958 1230 χαρᾶς

170 1236 363 1270 ἀναφαίρετον.
389 1239 444 1264 Καὶ
462 1239 515 1274 γὰρ
535 1239 583 1274 τῆς
602 1239 702 1275 ταύτης
726 1241 805 1275 μόνος
828 1241 957 1268 κεκοινώ-

169 1289 260 1316 νηκας
285 1281 472 1318 λειτουργίας·
500 1285 658 1320 συγχαίρεις
677 1285 736 1319 μὲν,
760 1287 880 1321 οἴδαμεν,
898 1288 958 1318 ταῖς

169 1329 229 1354 ἄνω
249 1331 388 1363 στρατιαῖς
402 1330 445 1357 διὰ
466 1331 560 1358 τοῦτο’
584 1332 642 1358 ἀλλ’
661 1331 800 1368 ἐξαίρετον
813 1335 893 1368 ἡμεῖς
910 1335 958 1369 τὴν

170 1373 261 1408 γαρὰν
277 1375 473 1410 ἐπιζητοῦμεν,
489 1377 522 1412 ἢν
541 1377 674 1404 διακονῶν
693 1379 832 1412 ἐπεδείξω,
849 1381 881 1415 ἦν
897 1380 958 1406 ἐϐε-

170 1419 366 1458 6αίωσαςλτοῖς
385 1421 529 1456 πράγμασι
543 1432 549 1439 ·
562 1425 663 1457 ταύτην
680 1425 815 1459 ἁμείωτον
830 1426 959 1460 αἰτοῦμεν

172 1465 370 1501 διατηρείσθαι,
390 1467 432 1495 ἵνα
456 1469 489 1495 τὰ
504 1469 552 1504 τῆς
573 1471 639 1505 πρὸς
663 1471 691 1497 σὲ
711 1471 867 1506 παρρησίας
881 1472 960 1506 ἡμῶν

175 1512 214 1547 μὴ
233 1513 410 1548 ἀποκλείηται
420 1515 611 1550 γνωρίσματα,
625 1516 668 1543 ἵνα
681 1517 710 1542 τὸ
727 1516 838 1552 θαρρεἰν
852 1517 960 1552 ἔχοντες

1007 287 1104 322 plioris
1122 287 1188 321 ipsis
1205 295 1236 314 ac
1254 287 1426 322 pretiosioris
1439 293 1565 323 portenta
1581 298 1587 316 :
1604 297 1673 324 quas
1693 290 1720 316 in
1737 291 1796 325 ipso

1008 332 1118 359 divitias
1141 333 1310 367 suspexeris,
1337 333 1421 360 dicito
1446 334 1574 368 supernis
1601 335 1794 363 exercitibus:

1008 378 1112 411 revela,
1127 379 1233 413 explica
1249 378 1370 406 Thronis
1387 384 1413 406 et
1428 380 1667 407 Dominationibus
1678 381 1797 408 celsissi-

1008 431 1068 451 mos
1096 424 1163 459 regii
1190 424 1280 452 throni
1298 420 1428 457 honores,
1456 426 1571 460 ignitum
1599 427 1796 453 incarnationis

1008 468 1089 495 Verbi
1099 476 1221 501 currum,
1229 469 1407 496 multoculum
1417 470 1538 504 mysterii
1549 471 1701 505 speculum,
1713 471 1798 498 thala-

1008 522 1082 541 mum
1101 515 1327 547 nitentissimum,
1343 523 1424 549 quem
1436 515 1470 542 ad
1489 515 1626 550 Sponsum
1643 517 1796 551 suscipien-

1011 559 1078 586 dum
1103 561 1274 594 praeparasti,
1297 568 1379 594 quem
1404 561 1542 595 preconio
1566 565 1614 588 tuo
1643 563 1794 590 exornasti.

1009 605 1088 639 cujus
1101 605 1358 640 praetergredientes
1373 609 1500 632 naturam
1529 606 1723 639 prscrogativas
1746 607 1795 632 ob-

1010 649 1158 683 stupuisti:
1173 657 1254 676 narra
1272 649 1326 676 illis
1339 649 1373 676 de
1389 649 1521 676 iueﬂ‘abili
1534 649 1675 677 Creatoris
1700 650 1796 681 Matre,

1009 702 1068 729 qua:
1082 694 1278 729 intelligentias
1292 702 1388 722 eorum
1412 700 1570 729 exsuperat,
1584 703 1644 729 quae
1655 701 1732 730 partu
1747 704 1798 722 sun

1008 747 1036 768 et
1054 741 1127 775 ipsos
1147 745 1259 775 stupore
1272 740 1415 775 percellit:
1432 739 1542 767 declara
1560 740 1641 775 hujus
1653 741 1796 775 magnalia.

1009 787 1147 821 proclama
1165 791 1297 818 nostram,
1319 787 1376 820 ipsa
1395 786 1568 818 mediatrice,
1586 787 1797 821 reparationem,

1010 832 1231 866 insperatamque
1252 831 1522 860 reconciliationem.
1543 836 1571 858 et
1587 831 1715 858 cborcam
1735 840 1800 857 cou-

1009 883 1077 902 sono
1091 883 1152 903 cum
1172 875 1239 910 ipsis
1257 876 1352 910 plausu
1368 875 1593 903 instaurandam:
1620 876 1761 910 eloquere,
1783 884 1799 902 ο

1010 920 1110 948 dilecte
1132 928 1163 948 ac
1182 921 1270 947 nostri
1298 920 1389 955 gaudii
1407 928 1532 953 consors,
1561 920 1727 954 quibusnam
1753 927 1800 948 eos

1013 967 1104 994 titulis
1123 974 1172 994 nos
1188 967 1341 998 vincamus,
1365 967 1445 1001 cujus
1465 967 1550 1002 gratia
1577 974 1638 994 cum
1665 966 1719 993 illis
1738 974 1803 1001 aga-

1012 1020 1074 1039 mus
1085 1011 1211 1044 ﬁdcnter,
1227 1019 1281 1046 qua
1297 1012 1332 1038 de
1344 1020 1427 1039 causa
1443 1012 1604 1047 gloriemur,
1620 1019 1652 1039 ac
1662 1012 1800 1047 superbia-

1012 1065 1090 1084 Inus:
1107 1059 1232 1090 enuntia,
1245 1059 1353 1092 qualem
1365 1058 1483 1085 fructum
1496 1058 1617 1086 humana
1628 1063 1723 1085 natura
1735 1066 1800 1092 pro-

1011 1103 1208 1138 germinaverit
1222 1104 1288 1138 (59),
1303 1108 1419 1138 quantas
1431 1104 1482 1131 sibi
1493 1104 1663 1139 congesserit
1677 1103 1796 1135 divitias,

1010 1157 1091 1183 quam
1113 1149 1276 1176 immensum
1301 1149 1351 1176 sibi
1378 1154 1467 1177 servet
1486 1149 1646 1177 thesaurum
1671 1149 1797 1176 recondi-

1011 1199 1078 1221 tum.
1089 1195 1157 1222 Dum
1172 1194 1221 1221 ista
1235 1195 1377 1229 przedicas,
1392 1195 1535 1222 nobiscum
1549 1195 1584 1223 de
1599 1199 1693 1222 nostra
1708 1195 1796 1222 salute

1011 1240 1147 1267 collaetare
1164 1249 1169 1266 :
1190 1248 1314 1267 securam
1335 1240 1418 1275 hujus
1430 1241 1522 1274 gaudii
1536 1241 1737 1276 possessionem
1750 1248 1800 1268 ceu

1011 1293 1184 1314 communem
1198 1285 1333 1312 existima.
1348 1286 1455 1313 Etenim
1477 1291 1504 1313 tu
1525 1287 1600 1314 solus
1614 1287 1666 1314 hoc
1678 1286 1802 1314 ministe-

1011 1332 1082 1359 rium
1105 1331 1221 1358 sortitus
1247 1339 1294 1363 cs;
1328 1332 1380 1358 hac
1404 1332 1439 1359 de
1461 1340 1555 1364 causa.
1573 1334 1710 1366 novimus,
1738 1340 1800 1360 cum

1012 1377 1172 1405 ccelcstibus
1195 1377 1365 1404 exercitibus
1390 1378 1566 1412 congaudes;
1589 1378 1638 1406 sed
1663 1378 1801 1414 singulare

1013 1423 1080 1450 illud
1099 1423 1241 1458 gaudium,
1264 1423 1336 1457 quod
1350 1430 1399 1450 ceu
1427 1423 1532 1458 legatus
1560 1424 1693 1455 indixisti,
1723 1424 1802 1459 cujus

1012 1469 1094 1496 ﬁdem
1111 1469 1190 1497 factis
1210 1469 1392 1501 conﬁrmasti,
1409 1470 1539 1497 nobisest
1554 1470 1581 1497 in
1597 1470 1754 1503 desiderio;
1771 1474 1802 1496 ιιι

1012 1514 1066 1542 hoc
1085 1515 1220 1549 integrum
1239 1515 1321 1543 nobis
1335 1515 1667 1550 servetur.deposcimus,
1685 1523 1720 1543 ne
1752 1523 1802 1543 no.

172 1559 220 1585 διὰ
233 1559 322 1592 τοῦτο,
341 1561 429 1586 κοινὸν
454 1561 596 1597 ὲξιλαστήν
623 1570 652 1588 σε
671 1563 738 1597 πρός
754 1571 782 1588 τε
799 1562 844 1589 τὸν
857 1564 961 1590 Δεσπό-

1016 1563 1077 1587 stra:
1103 1560 1130 1587 in
1162 1567 1188 1588 te
1219 1560 1326 1588 ﬁducia:
1349 1565 1509 1596 argumenta
1536 1562 1802 1596 prazcludantur;ut

172 1612 226 1638 την
250 1604 298 1631 καὶ
321 1605 388 1641 πρὸς
415 1606 498 1641 αὐτὴν
525 1607 603 1642 ἡμῶν
621 1607 670 1642 τὴν
694 1609 780 1643 χαρὰν
801 1608 962 1643 προϐαλλοί-

177 1650 259 1684 μεθα.

214 1743 276 1771 ΚΓ.
301 1744 380 1777 Ἀλλ’,
395 1741 417 1771 ὦ
435 1745 522 1771 κοινὸν
541 1744 707 1780 ἁγαλλίαμα,
719 1743 741 1772 ὦ
759 1747 897 1781 παρῤησία
917 1746 962 1771 τοῦ

177 1790 286 1822 γένους,
307 1789 352 1815 τδν
369 1789 489 1816 τοιοῦτον
512 1790 678 1824 προσιεμένη
703 1790 795 1821 πόθον,
822 1792 881 1821 ταῖς
905 1791 964 1821 σαῖς

178 1834 350 1869 εὐεργεσίαις
366 1834 491 1869 ἀμείϐου.
508 1834 603 1870 Ὶιμείς
615 1835 705 1861 τοίνυν
719 1835 744 1861 οἱ
758 1835 825 1868 πρὸς
838 1835 966 1860 τοσοῦτον

180 1879 384 1914 ἀναδραμόντες
404 1879 481 1914 ὕψος,
503 1880 551 1906 καὶ
578 1880 621 1906 διὰ
649 1879 695 1906 σοῦ
717 1880 766 1914 τὴν
784 1879 837 1905 τῶν
856 1879 966 1913 ἀγαθῶν

180 1925 453 1959 καταπλουτήσαντες
489 1925 636 1958 ἀφθονίαν,
673 1926 756 1960 μηδὲν
787 1925 893 1960 ἔχοντες
927 1925 967 1956 είς

180 1971 298 2006 ἀμοιϐὴν
314 1971 495 2006 προϐαλέσθαι
509 1971 620 2002 τούτων,
637 1972 710 2006 ὅμως
726 1970 851 2002 τοιαύτας
864 1979 904 1997 σοι
918 1971 966 2002 τὰς

183 2017 321 2052 εὐφημίας
338 2016 531 2051 διαπλέκομεν.

218 2062 315 2096 Χαῖρε,
330 2062 378 2097 τῆς
403 2061 603 2093 καταπτώσεως
628 2062 740 2098 ήμῶνή
764 2063 966 2097 ἐπανόρθωσις·

184 2109 274 2143 χαῖρε,
288 2107 322 2134 δι’
333 2106 366 2143 ἦς
379 2108 447 2143 προς
460 2107 489 2134 τὺ
505 2108 553 2142 τῆς
570 2107 696 2141 γνώσεως
711 2108 869 2143 ἀνήχθημεν
883 2109 948 2143 ὕψος
958 2117 965 2124 ⁸

184 2157 273 2190 χαῖρε,
299 2154 481 2189 ὐπερκείμενε
507 2154 615 2188 οὐρανὲ,
640 2154 673 2180 δι’
701 2151 731 2181 οὗ
756 2155 810 2181 τῶν
836 2156 969 2190 οὐρανίων

185 2201 402 2237 κατατρυφῶμεν
416 2200 561 2235 θησαυρῶν
574 2208 580 2214 “
598 2202 688 2235 χαῖρε,
704 2200 858 2236 βασίλισσα,
882 2202 916 2228 δι’
935 2200 969 2237 ἧς

186 2249 250 2283 ἡμῖν
264 2249 280 2282 ή
294 2248 431 2282 ἀκήρατος
445 2247 540 2282 ἠνοίγη
555 2246 675 2281 βασιλεία
686 2256 692 2262 ·
707 2249 794 2282 χαῖρε,
808 2248 855 2283 τῆς
866 2248 970 2281 ἀνθρω-

187 2295 267 2329 πίνης
283 2294 391 2329 φύσεως
414 2295 430 2328 ἡ
453 2294 583 2328 εὐφορία·
599 2295 688 2329 χαῖρε,
713 2294 762 2329 τῆς
789 2294 844 2320 τῶν
861 2295 971 2328 ἀγαθῶν

189 2341 323 2376 μεθέξεως
338 2341 354 2375 ἡ
369 2339 483 2373 ἀφθονία
496 2347 502 2355 ⁸
516 2341 606 2374 χαῖρε,
617 2341 631 2366 ὁ
645 2340 780 2374 θησαυρὸς
792 2343 806 2367 ὁ
819 2340 952 2375 ἁσύλητος
962 2349 969 2356 ·

188 2389 277 2422 χαῖρε,
295 2387 308 2412 ὁ
326 2385 438 2417 πλοῦτος
454 2385 468 2411 ὁ
485 2385 664 2420 ἀναφαίρετος
676 2394 682 2400 ”
699 2387 788 2421 χαῖρε,
805 2387 891 2420 τροφὴ
906 2387 970 2412 ἀδα-

189 2434 311 2467 πάνητε·
327 2432 414 2465 χαῖρε,
437 2430 525 2465 τρυφὴ
551 2430 717 2465 ἀνεκλάλητε
731 2439 738 2445 ·
760 2432 847 2466 χαῖρε,
873 2431 972 2466 βρῶσις

190 2478 288 2509 ἀείζωε
301 2484 306 2490 ·
322 2478 410 2510 χαῖρε,
424 2476 497 2510 πόμα
512 2476 640 2510 νηφάλιον
655 2485 661 2491 ·
674 2477 689 2510 ἡ
712 2476 849 2511 διψωμένη
870 2477 973 2509 ἔφεσις,

191 2526 209 2559 ἡ
227 2520 383 2555 ἐπιθυμητὴ
401 2520 517 2554 μέθεξις,
542 2521 572 2547 τὸ
596 2522 710 2555 ταμεῖον
733 2520 787 2547 τῶν
805 2521 926 2554 ἀγαθῶν,
945 2521 974 2546 τὸ

192 2567 345 2598 διαιωνίζον
371 2566 542 2599 ὲντρύψημα,
564 2567 580 2600 ἠ
606 2567 784 2601 ἁτελεύτητος
811 2566 974 2600 εὐφροσύνη,

192 2614 222 2640 τὶ)
238 2610 362 2646 διηνεκὲς
377 2609 547 2643 Χριστιανῶν
573 2611 739 2645 ἁγαλλίαμα,
757 2612 773 2646 ἡ
789 2611 976 2645 πολυπόθητος

192 2661 246 2688 τῶν
265 2667 293 2684 σε
309 2657 461 2684 ποθούντων
477 2657 556 2691 χαρά.
574 2657 681 2688 Ταύτας
697 2666 743 2684 σου
758 2658 805 2688 τὰς
818 2658 976 2692 εὐεργεσίας

229 2718 285 2753 (59)
298 2717 356 2745 Jam
375 2716 441 2753 alias
457 2715 624 2743 advertimus
640 2716 753 2753 (inﬂuat.
775 2717 808 2743 ad
825 2717 838 2752 ᾗ
854 2717 886 2753 10
899 2717 973 2744 Orat.

195 2750 392 2788 Petri’Argivi,
419 2755 490 2788 part.
507 2759 524 2782 ι,
550 2750 710 2788 pag.nl3_6),
729 2750 836 2778 bonum
856 2751 974 2778 fructum

197 2794 262 2815 tunc
285 2785 350 2814 vero
363 2786 479 2821 quodam
497 2793 577 2821 sensu
594 2785 676 2812 tribui
691 2791 794 2821 natura!
807 2794 896 2820 posse,
913 2794 975 2813 cum

198 2824 285 2850 bonus
305 2830 319 2848 a
334 2819 381 2849 sua
397 2821 500 2854 origine
512 2820 617 2847 fruetus
630 2819 762 2846 exstiterit
783 2830 789 2846 :
805 2819 885 2848 aecus
902 2821 974 2848 cnim

198 2858 312 2885 eﬂ'ectus
324 2857 434 2891 quidem
451 2855 550 2891 deinde
562 2855 650 2881 bonus
662 2854 714 2881 dici
731 2860 841 2891 posset;
853 2860 881 2882 at
903 2856 976 2889 quad

199 2893 232 2919 ad
257 2890 381 2919 naturam
399 2890 598 2926 producentetn
624 2893 740 2924 spectat,
764 2890 851 2917 malus
867 2891 901 2917 ab
920 2891 978 2924 ipsa

1014 1609 1158 1640 propterea
1182 1605 1298 1634 ﬁdenter
1315 1607 1487 1639 accedentes,
1508 1615 1683 1635 communem
1698 1612 1724 1635 te
1737 1615 1801 1642 pro-

1014 1651 1170 1686 pitiatorem
1197 1652 1269 1687 apud
1296 1653 1440 1680 Dominum
1472 1658 1500 1680 et
1514 1653 1587 1688 apud
1617 1653 1684 1681 illud
1712 1653 1801 1688 ipsum

1014 1697 1143 1732 gaudium
1160 1702 1284 1725 nostrum
1308 1698 1432 1732 proferre
1444 1699 1591 1732 possimus.

1050 1742 1145 1769 XXIII.
1164 1742 1204 1769 Tu
1229 1751 1306 1775 vero,
1327 1751 1343 1770 ο
1366 1742 1523 1770 communis
1540 1743 1664 1770 omnium
1685 1743 1804 1770 exsulta-

1018 1787 1065 1819 tio,
1081 1795 1097 1813 ο
1108 1788 1219 1823 generis
1233 1788 1344 1815 humani
1360 1788 1469 1820 llducia,
1496 1788 1654 1823 huiusmodi
1675 1789 1803 1816 allectum

1017 1838 1121 1868 gratum
1149 1834 1253 1861 habens
1273 1834 1314 1861 fac
1331 1833 1418 1868 ipsum
1441 1833 1582 1861 beneﬁciis
1607 1833 1662 1860 tuis
1684 1833 1804 1861 vicissim

1018 1880 1150 1907 cumules.
1170 1880 1211 1907 Ad
1227 1885 1329 1907 tantam
1346 1880 1437 1914 itaque
1452 1880 1539 1908 evecti
1556 1880 1759 1912 celsitudinem,
1773 1889 1805 1908 ac

1018 1925 1153 1952 bonorum
1171 1925 1248 1959 copia
1265 1933 1314 1959 per
1337 1930 1362 1952 te
1377 1925 1547 1960 locupletati,
1567 1933 1630 1952 cum
1646 1925 1716 1952 nihil
1734 1934 1805 1960 pric-

1019 1975 1062 1998 sto
1077 1970 1156 1997 nobis
1172 1971 1218 2001 sit,
1235 1977 1289 2004 quo
1305 1977 1397 2005 parem
1414 1978 1464 2005 pro
1481 1970 1524 1997 his
1539 1970 1653 2006 gratiam
1672 1971 1805 2005 rependa-

1019 2023 1091 2048 mus,
1104 2016 1184 2043 hasce
1194 2015 1372 2043 nihilominus
1385 2016 1433 2043 tibi
1444 2016 1532 2043 laudis
1543 2023 1659 2043 coronas
1674 2016 1806 2043 teximus.

1054 2060 1122 2092 Ave,
1136 2061 1335 2088 ruime'nostraa
1346 2060 1483 2095 reparatio
1494 2061 1550 2096 (60)
1563 2069 1569 2086 :
1586 2068 1649 2094 ave,
1663 2069 1712 2096 per
1724 2069 1805 2095 quam

1020 2107 1052 2134 ad
1076 2107 1216 2141 sapientia:
1239 2107 1437 2135 sublimitatem
1463 2107 1568 2134 reducti
1597 2115 1692 2135 sumus
1714 2116 1721 2134 :
1746 2115 1807 2139 ave,

1020 2154 1119 2182 coelum
1138 2154 1214 2181 cmlis
1235 2154 1399 2188 praacelsius,
1412 2157 1462 2188 per
1484 2153 1558 2188 quod
1569 2154 1728 2182 coelestibus
1751 2154 1810 2181 the-

1021 2201 1111 2227 sauris,
1125 2200 1290 2234 perfruimur
1305 2209 1310 2226 :
1323 2207 1381 2231 avc,
1392 2207 1409 2226 ο
1419 2199 1522 2234 regina,
1536 2207 1584 2234 per
1598 2207 1679 2234 quam
1696 2207 1808 2234 regnum

1025 2245 1203 2279 corruptione
1215 2245 1333 2271 liberum
1347 2244 1428 2271 nobis
1442 2249 1568 2279 apertum
1583 2250 1625 2271 cst
1639 2254 1646 2271 ε
1659 2253 1718 2278 ave,
1732 2253 1748 2272 o
1761 2254 1810 2272 na-

1027 2295 1094 2317 turm
1112 2290 1237 2316 humana:
1255 2289 1368 2316 ubertas
1384 2298 1389 2315 :
1404 2297 1464 2322 ave,
1480 2297 1496 2316 0
1512 2290 1657 2316 abundans
1676 2292 1808 2317 bonorum

1025 2335 1200 2371 participatio
1219 2344 1224 2361 :
1244 2343 1305 2367 ave,
1324 2335 1469 2362 thesaurus
1488 2335 1635 2363 inviolatus
1659 2344 1665 2361 ε
1687 2343 1747 2365 ave.
1770 2335 1813 2361 di-

1024 2382 1152 2408 vitiarum
1169 2381 1309 2415 opulentia
1320 2381 1483 2415 direptionis
1495 2381 1585 2408 nescia
1598 2389 1605 2407 :
1619 2388 1679 2411 ave,
1696 2381 1810 2407 alimen-

1026 2433 1083 2455 tum
1103 2427 1262 2454 indcliciens
1282 2435 1287 2452 :
1309 2434 1369 2459 ave,
1386 2426 1517 2454 delicimn
1529 2425 1713 2454 inenarrabile
1732 2434 1811 2458 :ave,

1026 2474 1105 2500 cibus
1113 2481 1221 2506 semper
1236 2472 1330 2499 vivens
1342 2481 1348 2498 :
1359 2480 1420 2504 ave,
1434 2476 1516 2506 potus
1524 2472 1683 2499 sobrietatis
1692 2480 1790 2507 parens
1806 2483 1811 2499 :

1026 2527 1086 2551 ave,
1101 2519 1249 2545 vehemens
1263 2517 1387 2544 onmium
1402 2517 1578 2550 desiderium,
1593 2518 1737 2553 concupita
1751 2526 1813 2553 par-

1027 2565 1157 2600 ticipatio,
1179 2564 1313 2590 bonorum
1352 2563 1591 2598 promptuarium,
1630 2563 1814 2590 oblectamen-

1030 2616 1086 2637 tum
1114 2617 1254 2644 nunquam
1281 2609 1448 2643 clanguens,
1475 2609 1566 2636 laztitia
1581 2609 1688 2635 nullum
1710 2609 1815 2636 habens

1035 2657 1126 2688 tinem,
1139 2657 1211 2690 iugis
1232 2655 1450 2682 Christianorum
1466 2655 1620 2686 exsultatio,
1635 2654 1813 2682 desideratis-

1029 2715 1163 2751 prodiisse
1188 2715 1340 2751 diceretur.
1356 2713 1434 2751 Quod
1460 2713 1667 2751 ergogeximium
1693 2713 1812 2751 fructum

1031 2748 1126 2777 natura
1142 2750 1242 2776 dicitur
1260 2749 1489 2784 progerminasse,
1507 2749 1534 2775 id
1548 2749 1642 2784 exigit,
1657 2753 1687 2775 ut
1700 2748 1784 2784 Maria
1801 2757 1816 2774 λι

1031 2793 1078 2812 sua
1095 2785 1180 2816 ipsius
1192 2784 1296 2818 origine
1312 2784 1429 2810 eximius
1444 2783 1550 2811 fructus
1562 2783 1705 2818 prtedicari
1721 2787 1813 2816 queat.

1068 2819 1124 2854 (60)
1150 2817 1339 2854 Alquirruina:
1358 2819 1504 2854 reparatio,
1515 2819 1560 2854 rutl
1577 2823 1663 2854 patet,
1677 2818 1703 2844 in
1718 2817 1815 2844 eadem

1032 2852 1110 2881 ruina
1121 2854 1215 2887 jaccns
1230 2853 1306 2880 nullo
1317 2853 1399 2879 modo
1414 2853 1520 2880 censeri
1533 2857 1630 2887 potest.
1645 2852 1710 2885 Quze
1722 2857 1817 2879 autem

1032 2890 1075 2916 hic
1096 2893 1138 2916 est
1154 2888 1233 2915 ruina
1249 2893 1351 2920 nostra,
1369 2888 1420 2914 nisi
1438 2887 1531 2921 lapsus
1544 2887 1570 2914 in
1583 2887 1707 2920 Adatno'.’
