2034 3153
221 176 272 207 €07

850 178 977 207 JACOBI
999 177 1172 208 MONACIl-l

1791 175 1843 206 668

219 235 274 261 eit‘.
289 234 427 267 Quantum
447 236 473 263 in
490 240 526 268 te,
541 244 557 263 ο
570 236 663 271 Virgo,
683 235 857 266 miraculum,
871 239 1003 269 quantum

1068 234 1160 268 Ραῦμα,
1175 234 1236 260 ὅσον
1255 233 1286 259 τὸ
1311 234 1374 269 περὶ
1401 233 1429 260 σὲ
1459 233 1623 268 μυστήριονι
1646 233 1843 266 ’Λκατανόητυν

223 281 250 306 itt
270 285 296 306 te
313 280 380 307 latet
395 282 570 315 mysterium!
594 281 709 308 ()mncm
734 281 827 315 utique
844 280 945 307 utentis
959 287 1006 307 ca-

221 330 309 359 ptum,
328 331 356 352 et
371 334 479 353 omnem
500 327 554 353 vim
579 328 715 354 sermonis
736 327 855 358 excedit,
871 334 903 354 ac
922 334 1006 360 super

220 378 329 397 omnem
345 371 454 398 dicendi
477 372 632 400 facultatem
654 373 795 400 extollitur
811 373 877 408 (7|).
902 372 1007 405 Quibus

221 423 285 449 ergo
311 421 336 442 te
359 424 480 451 congrue
504 418 639 452 excipiam
664 419 776 446 verbis?
794 418 962 451 Quibusnam
980 422 1006 444 te

221 462 432 495 gratulabundis
447 464 561 491 vocibus
577 465 751 499 eompcllem,
770 472 861 498 quove
885 463 1008 498 gaudens

222 506 326 533 honore
354 509 522 542 prosequar?
547 509 634 542 Quam
662 510 710 536 tibi
738 514 800 544 apte
826 509 1007 536 reverentiam

221 551 382 579 exhibebo?
396 552 535 589 Quasnam
558 555 708 589 exeogitcm
729 555 786 581 oris
807 562 889 581 sonos
904 554 1011 581 suavis-

222 597 317 629 sitnos,
343 602 372 624 ttt
390 599 423 625 ad
446 599 638 626 suavissimum
658 604 798 634 aspectum
816 604 893 626 tttum
917 599 1009 633 eloqui

224 644 363 671 instituam
375 645 386 670 ?
397 644 558 672 Sermonem
573 646 659 672 vittcit
671 646 833 673 miraculum
849 653 855 671 :
868 645 1010 680 pnecludit

224 689 344 723 linguam
372 690 411 716 rei
440 691 559 724 novitas,
587 699 621 718 nc
644 691 678 718 de
697 691 740 722 iis,
765 698 826 725 quae
850 691 877 717 itt
903 695 929 717 te
947 694 1010 717 sunt

224 735 400 766 abscondila,
422 735 578 770 disceptare
603 737 798 771 aggrediatur;
815 736 848 762 ad
865 736 922 763 bzec
937 736 1009 763 enim

226 787 259 805 ne
276 788 360 814 prope
375 781 486 814 quidem
501 782 634 809 accedere
650 782 779 816 praefidit.
790 782 837 809 seti
849 790 879 808 ea
893 787 1009 814 tantum,

225 832 285 857 qua:
299 829 324 852 te
338 826 530 859 circumstant,
544 829 724 863 contemplari
735 833 763 855 et
777 836 909 855 enarrare
925 836 1009 862 exop-

226 872 275 895 tat.
290 869 352 897 Hzec
367 871 457 905 palam
471 871 625 900 ineffabiles
638 873 748 900 divitias
772 878 832 900 tuas
846 873 1010 903 ostendunt;

1060 279 1113 314 ἄρα
1128 279 1175 306 καὶ¹
1189 279 1328 314 ἄφραστον
1351 280 1398 306 καὶ
1426 280 1517 315 πάσης
1536 280 1690 314 διηγήσεως
1703 278 1842 304 ἐπέκεινα.

1061 325 1152 356 Ποίοις
1177 334 1207 352 σε
1225 326 1315 353 τοίνυν
1343 327 1400 357 τρῖς
1424 326 1593 361 προσήκουσι
1621 324 1787 358 δεξιώσομαι
1802 323 1845 349 λόη

1061 379 1137 405 γοις;
1168 371 1235 398 Τίνα
1264 372 1402 407 περιχαρῆ
1430 379 1471 397 σοι
1506 369 1715 404 προφθέγξομαι
1744 369 1845 403 τιμήνς

1062 417 1141 443 Ποῖόν
1176 425 1217 443 σοι
1243 416 1381 451 ἁρμοδίως
1417 415 1581 449 διατυπώσω
1605 415 1636 441 τὸ
1664 414 1766 446 σέϐας;
1782 414 1846 440 Τίνα

1062 462 1268 497 προσλαλοῦσαι]
1295 462 1425 497 ἠδύτερον
1450 463 1596 496 ἐπινοήσας
1624 461 1732 496 φωνὴν,
1754 462 1786 495 τῇ
1815 461 1847 494 σῇ

1062 509 1219 544 γλυκυτᾶιτῃ
1230 509 1373 543 προσείπω
1388 509 1437 544 θέᾳ
1449 518 1456 542 ;
1470 509 1542 544 Νικᾷ
1553 509 1582 534 τὺ
1596 508 1688 543 Θαῦμα
1703 508 1747 534 τὸν
1759 506 1846 540 λόγον·

1062 555 1157 588 δεσμεῖ
1172 554 1223 589 τὴν
1239 554 1362 588 γλῶτταν
1376 555 1407 580 τὸ
1419 553 1504 586 ξένον,
1519 554 1550 580 οὐ
1566 553 1619 580 τῶν
1635 553 1663 578 ὲν
1675 553 1716 578 σοὶ
1728 559 1848 586 κρυπτο-

1065 600 1152 634 μένων
1167 601 1345 634 πειρωμένην
1361 599 1483 633 ἔρευναν·
1498 599 1604 630 τούτοις
1620 598 1674 633 γὰρ
1686 597 1748 624 οὐδὲ
1762 594 1849 631 προσ-

1067 645 1158 671 εαλεῖν
1177 645 1282 680 τολμᾷ,
1297 645 1331 671 τὰ
1345 644 1373 671 ἱὲ
1400 645 1463 679 περὶ
1494 645 1524 670 σὲ
1549 646 1690 670 κατανοεῖν
1716 643 1763 669 καὶ
1785 643 1849 676 ἁγο-

1066 690 1158 725 ρεὺειν
1189 691 1291 717 ἐθέλειν
1320 690 1410 723 μόνον.
1437 689 1531 716 Ταῦτά
1559 698 1604 715 σου
1627 689 1671 715 τὸν
1695 689 1849 724 ἀπόρρητον

1065 737 1193 770 ἐμφαίνει
1207 735 1332 761 πλοῦτον
1348 735 1435 762 ταῦτα
1451 736 1496 761 τὸν
1514 735 1727 768 ὲναποκείμενον
1747 741 1850 766 τεκμη-

1067 783 1119 816 ριοῖ
1150 791 1196 807 σου
1219 782 1374 816 θησαυρόνθ
1391 783 1421 808 ἐκ
1441 781 1495 807 τῶν
1526 781 1578 813 ἔξω
1607 780 1850 812 καταπληττόλιτων

1065 827 1114 861 τὴν
1127 827 1202 854 ἔνδον
1214 828 1372 862 ἀμηχανίαν
1389 821 1600 862 διασκοποῦμαι·
1614 827 1646 852 ἐκ
1655 826 1710 852 τῶν
1725 826 1850 861 ἀμυδρῶς

1065 873 1213 907 ὁρωμένων
1247 874 1297 908 τὴν
1322 873 1434 909 ἀφανῶς
1450 873 1643 908 ἀπορουμένην
1661 872 1786 898 κατανοῶ
1803 880 1852 906 μα-

229 914 285 941 hcce
302 916 460 944 thesaurum
476 918 502 944 in
529 923 555 945 te
578 920 748 946 reconditum
770 919 961 948 manifestam:
979 927 1012 946 ex

1068 919 1229 954 καριότητα.

225 963 420 995 exterioribus,
444 973 504 999 quat
524 970 636 1000 stupore
662 966 827 1000 percelluut,
848 966 1010 993 immensam
1031 965 1193 992 interiorum
1215 966 1431 1002 magnitudinem
1461 966 1583 1001 percipio
1597 973 1630 994 ex
1646 959 1690 998 iis,
1707 973 1769 1001 quae
1787 965 1852 992 sub-

228 1009 344 1037 obscure
361 1016 522 1043 cernuntur,
545 1020 658 1046 prorsus
674 1013 803 1040 latentem
822 1011 1013 1039 animadverto
1032 1011 1203 1039 beatitatem.

261 1067 328 1095 Vill.
361 1067 382 1094 0
402 1069 511 1102 generis
535 1070 621 1096 nostri
650 1070 806 1097 fecunditas
827 1070 900 1105 (ηομ
925 1069 1012 1102 Quam

226 1114 386 1141 exuberanti
413 1115 503 1142 frttctu
529 1117 647 1144 ditatum
672 1117 739 1143 illttd
765 1117 824 1144 est!
852 1116 1013 1144 Fertilitatis

227 1156 385 1192 ltujusmodi
405 1159 577 1187 nobilissimo
589 1161 714 1196 germine
731 1161 887 1195 praecelsatn
903 1162 1014 1196 angelo-

227 1210 288 1229 rum
313 1209 438 1230 naturam
461 1205 605 1239 superavit
632 1206 698 1241 (75).
725 1206 905 1241 Propaginem
934 1206 1014 1234 istam

227 1250 350 1277 extendit
364 1259 450 1286 usqtte
465 1252 498 1278 ad
524 1261 609 1284 mare,
625 1258 652 1280 et
664 1261 751 1287 usque
768 1253 801 1279 ad
818 1254 917 1280 ccelum
934 1260 1013 1280 suum

227 1294 315 1328 ipsius
328 1296 466 1329 palmitem
483 1298 592 1330 extulit,
605 1298 689 1325 vitem
701 1298 773 1324 illam
788 1298 894 1325 scilicet
906 1297 1014 1325 fructus

228 1339 288 1366 sine
314 1340 475 1375 irrigatione
500 1342 668 1377 gigne‘ntcm,
685 1347 780 1370 sancto
799 1343 902 1378 Spiritu
920 1343 1016 1370 fecun-

228 1385 329 1418 datam,
345 1389 438 1423 gratia:
455 1390 581 1416 ubertate
602 1390 764 1424 saginatam,
782 1397 920 1417 racemum
938 1390 1015 1418 ttullo

230 1438 371 1466 praeeunte
391 1435 466 1461 cultu
491 1435 637 1469 ferentem,
657 1444 672 1463 e
695 1444 750 1471 quo
762 1437 879 1464 dulcedo
900 1437 1016 1465 distillat

232 1479 454 1513 immortalitatis,
480 1489 494 1508 e
524 1490 579 1517 quo
596 1482 715 1517 mystica:
735 1483 835 1510 laetitiae
852 1489 960 1511 torrens
977 1485 1016 1511 ef-

231 1523 366 1556 funditur,
387 1534 402 1552 e
428 1535 483 1561 quo
508 1528 629 1555 salutare
644 1528 772 1563 poculum
790 1529 931 1564 impletum
956 1538 1016 1557 om-

231 1577 289 1602 nes,
317 1572 364 1605 qui
393 1580 426 1599 ex
456 1580 489 1599 eo
521 1573 627 1600 bibant.
659 1575 875 1609 incorruptionis
903 1583 1016 1603 munere

231 1615 340 1643 tlilabil.

266 1670 288 1697 Ο
304 1672 406 1705 planta,
429 1673 490 1700 coeli
508 1681 626 1701 convexa
650 1675 798 1710 attingens,
825 1685 884 1711 qua:
904 1685 969 1704 sane
989 1681 1017 1705 et

231 1717 308 1750 ipsos
330 1719 414 1746 caelos
436 1721 687 1755 prtclergredictur,
714 1709 742 1749 et
759 1709 894 1750 universis
916 1709 1053 1751 intelli-C

232 1763 361 1795 gentibus
372 1764 521 1793 virtutibus
535 1767 681 1794 sublimius
696 1769 826 1795 ascendet
836 1769 841 1795 Ι
851 1769 872 1796 Ο
888 1770 1016 1797 umbrosa

230 1810 324 1842 arbor,
348 1819 409 1845 qum
430 1812 587 1840 universam
616 1818 741 1841 natttratn
768 1815 928 1842 rationalem
952 1823 1018 1843 con-

232 1856 299 1882 tt-xit
315 1857 382 1891 (Η),
397 1862 423 1884 ct
438 1866 521 1892 super
539 1867 661 1892 omnetn,
676 1869 736 1895 quze
750 1861 902 1896 excogitari
920 1862 1016 1896 possit,

230 1903 403 1930 aititudinem
428 1909 469 1932 est
485 1910 596 1938 erecta;
614 1914 629 1933 e
654 1915 705 1941 qtta
720 1908 858 1941 plantator
876 1909 1018 1936 recondito

232 1950 312 1982 plane
330 1951 411 1978 modo
432 1952 516 1978 veluti
537 1960 552 1979 e
577 1958 670 1980 monte
693 1962 841 1982 nemoroso
857 1957 974 1988 orietur,
990 1960 1019 1983 et

233 1996 332 2029 figuras
346 1997 372 2023 in
389 1997 482 2029 finetn,
508 1999 541 2025 ad
559 2007 640 2033 quetn
667 2001 794 2032 tendttttt,
816 2002 940 2028 veritatis
954 2009 1020 2029 con-

233 2042 339 2074 tz‘ahet;
358 2044 437 2077 cujus
449 2044 496 2077 qui
514 2045 683 2079 percipietur
696 2046 812 2078 fructus,
826 2047 955 2074 omnibus
972 2049 1019 2073 de-

231 2089 408 2122 gustantibus
441 2090 603 2117 alimentum
638 2091 854 2118 immortalitatis
891 2093 1017 2120 exsistet.

232 2134 360 2166 Quinam,
376 2142 393 2161 ο
410 2135 504 2169 Virgo.
520 2136 668 2171 excogitari
683 2142 785 2171 queant
800 2144 954 2171 sermones,
972 2139 1018 2172 qui

233 2180 405 2214 magualibus
421 2182 475 2208 tuis
490 2183 662 2216 congruant?
678 2183 743 2214 Quae
755 2191 825 2210 nova
839 2191 918 2211 sensa
938 2184 1020 2212 rebus

234 2225 300 2259 ipsis
314 2225 482 2259 respondere
505 2227 627 2261 possint?
642 2227 707 2260 Quae
726 2228 842 2255 inveniri
862 2229 957 2256 laudes
971 2237 1019 2264 po-

234 2275 326 2298 terunt
342 2274 374 2299 ad
387 2281 494 2306 eorutn,
517 2275 563 2309 qui
587 2279 612 2302 te
623 2280 787 2310 genuerunt,
804 2275 890 2302 decus
903 2275 1020 2303 efferen-

233 2319 315 2345 dum?
325 2321 344 2345 Ο
355 2320 448 2347 felices
460 2321 505 2348 tali
515 2322 591 2355 prole
602 2327 729 2356 parentes
740 2323 746 2348 ι
759 2330 775 2348 o
783 2322 947 2355 fecunditas,
958 2330 1019 2357 qua:

231 2366 378 2400 cujuslibet
393 2371 492 2394 creata:
510 2367 650 2395 felicitatis
667 2369 867 2396 assecutionem
889 2368 1016 2402 superati
1034 2377 1056 2405 ο

267 2412 325 2439 iluc
339 2413 422 2447 igitur
436 2421 495 2448 age,
511 2422 571 2448 quae
582 2415 638 2441 sola
652 2422 737 2449 prope
750 2415 783 2442 ad
796 2415 881 2442 Deum
898 2415 1016 2448 accedis,

270 2496 324 2528 (Ἠ)
342 2495 430 2522 Habes
443 2496 686 2523 familiarissimam
699 2495 747 2523 SS.
765 2495 891 2522 Patribus
905 2500 1018 2522 senten-

235 2530 310 2562 tiam,
325 2539 496 2566 quaecunque
509 2532 542 2558 ad
559 2531 698 2566 Virginem
712 2531 854 2565 Dciparam
867 2531 1016 2565 pertinent,

233 2567 326 2592 titilllia
346 2567 432 2593 instar
448 2567 572 2593 miraculi
593 2566 728 2598 habenda,
747 2571 776 2592 ut
793 2574 890 2593 eorum
906 2566 1019 2592 celsitu-

234 2601 326 2627 dinem
346 2609 435 2636 neque
462 2610 540 2628 mens
556 2601 712 2636 cogitando,
733 2609 822 2636 neque
841 2601 932 2636 lingua
960 2601 1016 2627 dis-

234 2636 351 2662 scz‘cndo
365 2637 473 2670 assequi
488 2644 518 2663 ea
534 2638 630 2670 possit.

271 2671 327 2705 (ΤΞ)
344 2672 485 2698 Consonat
505 2672 560 2698 bare
577 2671 713 2698 sententia
728 2679 789 2697 cum
806 2671 849 2701 iis,
863 2678 924 2704 quze
941 2678 954 2697 a
970 2671 1021 2697 Pc-

237 2712 279 2732 tto
305 2706 438 2740 Argorum
465 2707 597 2740 episvvpo
619 2707 701 2733 statui
725 2707 843 2733 vidimus
859 2707 885 2732 in
907 2705 1019 2732 ltomilia

235 2743 261 2767 in
287 2740 407 2774 Deipara:
431 2748 626 2775 conceptionem
647 2741 673 2775 (ᾗ
693 2742 734 2771 10,
753 2745 823 2769 nart.
847 2749 866 2771 ι,
889 2749 914 2774 ιι,
938 2741 1019 2771 156);

237 2776 394 2803 sterilitatis
419 2784 517 2811 nempe
546 2776 740 2803 tnaledictione
766 2777 938 2802 laboraverat
968 2775 1019 2801 htt-

237 2817 316 2836 mana
334 2815 442 2844 natura,
466 2818 609 2845 quousque
633 2811 743 2837 Mariam
768 2811 881 2844 gignens
910 2811 1017 2837 tandem

238 2845 357 2880 fructum
383 2846 438 2872 Deo
460 2846 573 2880 dignum
604 2847 729 2880 protulit.
754 2846 821 2872 llinc
851 2845 932 2879 paulo
949 2845 1017 2872 infra

237 2879 330 2906 videas
353 2879 425 2914 licet,
453 2879 574 2915 Virginis
598 2879 726 2915 parentes
765 2880 879 2908 laudari.
909 2886 938 2907 ut
969 2880 1015 2907 tali

1104 1070 1144 1096 H'.
1164 1071 1196 1096 Ὢ
1222 1072 1270 1104 τῆς
1299 1070 1347 1097 τοῦ
1377 1071 1473 1104 γένους
1496 1070 1645 1105 εὐφορίαςῐ
1664 1071 1710 1101 Εἰς
1732 1070 1794 1096 ὅσον
1811 1070 1855 1096 τὸν

1069 1116 1174 1148 καρπὸν
1189 1116 1368 1144 ὲπλεόνασενῑ
1389 1117 1491 1152 ’Υπερῇ
1498 1125 1526 1151 ρε
1546 1117 1596 1150 τὴν
1610 1116 1663 1142 τῶν
1675 1116 1802 1150 ἀγγέλων
1816 1117 1856 1142 εὑ-

1069 1161 1236 1197 ουνουμένην
1255 1163 1335 1196 φύσιν
1356 1162 1396 1197 τῷ
1419 1163 1585 1197 μεγαλοφυεῖ
1601 1163 1650 1197 τῆς
1667 1163 1855 1197 καρποφορίας

1067 1207 1169 1242 ταύτης
1184 1208 1367 1243 βλαστήματι.
1391 1209 1524 1240 Ἐξέτεινε
1541 1210 1591 1244 τὴν
1612 1209 1779 1243 παραφυὰδα
1793 1210 1857 1235 ταύ-

1068 1261 1118 1286 την
1130 1253 1183 1283 ἕως
1199 1252 1347 1287 θαλάσσης,
1363 1253 1410 1278 καὶ
1426 1252 1481 1284 ἓως
1495 1253 1613 1287 οὐρανοῦ
1638 1253 1669 1279 τὸ
1689 1252 1789 1287 ἑαυτῆς
1812 1253 1857 1278 ἀν-

1069 1298 1153 1324 έδωκε
1172 1299 1276 1333 κλῆμα,
1291 1299 1339 1334 τὴν
1356 1299 1511 1330 ὰποτίστως
1524 1299 1646 1333 φύουσαν
1660 1298 1794 1332 ἄμπελον,
1808 1297 1856 1331 τὴν

1069 1345 1108 1379 τῷ
1124 1345 1194 1379 ἁγίῳ
1212 1346 1350 1380 Πνεύματι
1377 1345 1587 1380 πυκαζομένην,
1607 1345 1656 1379 τὴν
1677 1344 1857 1378 πιαινομένην

1069 1391 1103 1425 τῇ
1122 1391 1225 1425 χάριτι,
1238 1391 1288 1425 τὴν
1311 1391 1355 1416 τὸν
1372 1390 1551 1426 ἀγεώργητον
1570 1389 1798 1424 καρποφοροῦσαν
1814 1388 1858 1422 βό-

1070 1445 1148 1471 τρυν,
1160 1437 1190 1469 ἐξ
1210 1435 1240 1464 οὗ
1256 1437 1286 1463 τὺ
1301 1438 1349 1470 τῆς
1372 1437 1522 1467 ἀθανασίας
1537 1436 1713 1462 ἀποθλίὸεται
1731 1434 1857 1469 γλεῦκος,

1070 1483 1117 1518 ἀφ’
1134 1481 1164 1510 οὗ
1177 1483 1206 1509 τὸ
1222 1483 1272 1518 τῆς
1295 1483 1432 1518 μυστικῆς
1446 1483 1618 1518 εὐφροσύνης
1635 1482 1783 1517 προχὲεται
1804 1482 1858 1514 ῥεῖ-

1071 1529 1146 1564 θρον,
1171 1530 1201 1563 ἐξ
1216 1527 1301 1564 οὗπερ
1325 1531 1338 1556 ὀ
1368 1530 1501 1565 σωτήριος
1521 1529 1709 1564 πληρούμενος
1736 1527 1858 1562 κρατὴρ,

1071 1576 1225 1611 ἀφθαρσίας
1239 1576 1303 1608 τοὺς
1320 1577 1482 1611 μεῠέξοντας
1500 1576 1648 1611 ἐμπλήσει.

1107 1678 1139 1703 Ὤ
1170 1677 1256 1712 φυτοῦ
1283 1677 1338 1704 τῶν
1362 1677 1498 1712 οὐρανίων
1518 1676 1620 1711 ἀψίδων
1645 1676 1856 1711 ἐξικνουμένου,

1070 1726 1138 1761 ὅπερ
1151 1724 1250 1756 αὐτούς
1261 1732 1291 1750 τε
1307 1723 1468 1758 παρελάσει,
1485 1723 1532 1749 καὶ
1550 1722 1641 1753 πάσας
1664 1722 1761 1757 νοερὰς
1777 1721 1857 1755 ὑπερ-

1071 1771 1184 1805 ϐήσεται
1201 1770 1346 1804 δυνάμειςι
1371 1770 1402 1795 Ὢ
1416 1769 1567 1796 κατασκιου
1581 1769 1690 1803 δένδρου
1705 1767 1752 1794 τοῦ
1767 1768 1856 1794 πᾶσαν

1070 1817 1181 1852 λογικὴν
1198 1815 1441 1849 κατακαλύψαντος
1467 1815 1548 1848 φύσιν
1563 1835 1569 1845 ,
1588 1815 1636 1840 καὶ
1653 1814 1754 1845 παντὸς
1773 1813 1856 1847 ὑπερ-

1070 1863 1200 1898 αρθέντος
1213 1862 1359 1896 νοουμένου
1375 1860 1536 1896 ὑψώματοςῑ
1556 1860 1586 1892 ἐξ
1605 1858 1690 1894 οὗπερ
1708 1861 1722 1886 ὁ
1741 1868 1858 1893 φυτουρ-

1070 1909 1117 1942 γὸς
1133 1909 1171 1944 τῷ
1188 1907 1442 1941 συγκεκαλυμμένῳ
1456 1906 1560 1940 τρόπῳ,
1575 1905 1612 1936 ὡς
1627 1906 1657 1931 ἐκ
1673 1904 1768 1936 δασέος
1779 1904 1856 1938 ὅρους

1072 1955 1207 1986 ἀνατελεί,
1227 1955 1275 1981 καὶ
1294 1953 1418 1980 συστελεῖ
1444 1953 1508 1982 τοὺς
1536 1952 1642 1983 τύπους
1666 1953 1705 1983 είς
1720 1952 1769 1985 τὴν
1793 1951 1858 1985 ἁλη-

1071 2001 1145 2031 θείας
1164 2001 1348 2027 κατάπαυσιν·
1367 1996 1397 2025 οὗ
1415 1998 1694 2033 μεταληφθησόμενος
1720 1998 1734 2023 ὸ
1751 1996 1856 2031 καρπὸς

1070 2047 1220 2078 ἀθανασίας
1237 2047 1323 2082 τροφὴ
1336 2047 1392 2077 τοῖς
1410 2045 1570 2080 μεθέξουσιν
1591 2045 1752 2079 ὀφθήσεται..
1769 2044 1856 2074 Τίνες,

1070 2091 1092 2120 ὧ
1107 2093 1239 2128 Παρθένε,
1252 2093 1308 2123 τοῖς
1327 2091 1484 2125 μεγαλειοις
1500 2099 1547 2117 σου
1561 2091 1732 2121 συνοίσοντες
1746 2091 1856 2123 ἐπινοη-

1072 2139 1142 2165 θεῖεν
1155 2137 1245 2171 λόγοι;
1262 2137 1341 2163 Ποῖαι
1357 2135 1604 2170 καινοτομούμεναι
1623 2135 1679 2166 τοῖς
1697 2134 1857 2169 πράγμασιν

1071 2183 1246 2218 ἀμιλληθεῖεν
1266 2183 1384 2214 ἔννοιαι;
1415 2182 1494 2213 Τίνες
1518 2181 1664 2216 ἐγκωμίων
1694 2180 1855 2214 ὲφευρέσεις

1070 2231 1101 2256 τὸ
1117 2229 1171 2256 τῶν
1188 2229 1379 2264 γεννησάντων
1392 2237 1422 2254 σε
1433 2227 1634 2262 διαγορεύσειεν
1647 2227 1724 2257 κλέος
1736 2235 1743 2258 ;
1761 2226 1794 2251 Ὢ
1808 2226 1856 2259 τῆς

1071 2275 1176 2302 τούτων
1204 2276 1366 2307 εὐτεκνίαςῐ
1391 2275 1414 2301 ὦ
1435 2274 1588 2305 εὐπαιδίας,
1606 2273 1696 2307 πάσης
1720 2271 1857 2307 γεννητῆς

1071 2321 1272 2358 ὑπεραροείσης
1290 2321 1446 2356 ἐπιτυχίαςι

1111 2414 1196 2449 Δεῦρο
1222 2414 1312 2440 τοίνυν
1338 2414 1355 2447 ἡ
1375 2412 1443 2447 μόνη
1466 2411 1580 2447 πλησίον
1599 2409 1678 2442 Θεοῦ,
1702 2409 1719 2444 ἡ
1747 2407 1786 2444 τῷ
1807 2407 1855 2434 τοῦ

1070 2497 1147 2530 prole
1161 2495 1344 2526 beatissimos,
1358 2502 1388 2521 ac
1403 2494 1478 2520 nulla
1488 2493 1554 2520 satis
1570 2491 1649 2530 laude
1664 2490 1854 2530 celebrandos.

1108 2533 1163 2562 (73)
1181 2532 1292 2562 Auctor,
1313 2531 1350 2556 uti
1367 2534 1450 2563 patet.
1471 2537 1526 2555 nott
1544 2527 1690 2563 modopro
1712 2531 1789 2553 certo
1805 2526 1855 2552 ha-

1071 2567 1128 2598 bet,
1147 2567 1288 2600 Dciparam
1302 2562 1420 2601 fructum
1436 2564 1490 2590 Deo
1505 2567 1611 2601 gratum
1626 2562 1854 2601 fuisseexortam.

1072 2602 1119 2627 sed
1135 2610 1149 2628 a
1168 2597 1254 2635 prima
1271 2600 1315 2626 illa
1331 2599 1436 2632 origine
1449 2606 1498 2625 sua
1509 2597 1600 2633 ’(quod
1617 2597 1857 2635 e_st_nobilissin_to-

1072 2644 1131 2663 rum
1149 2630 1338 2669 tlirologorum
1350 2630 1460 2665 scitum)
1477 2630 1718 2671 tam'przeclarisa
1737 2631 1792 2658 Deo
1806 2630 1855 2671 do-

1071 2671 1113 2697 nis
1129 2671 1213 2697 l‘uisse
1234 2667 1405 2700 exornatam.
1421 2674 1451 2696 ut
1466 2677 1499 2695 ex
1515 2673 1580 2695 tunc
1595 2667 1756 2694 cmlcstibus
1773 2667 1855 2701 spiri-

1071 2706 1146 2732 tibus
1156 2706 1235 2739 longe
1251 2704 1430 2739 prazcelleret.

1106 2741 1162 2774 (74)
1192 2736 1360 2767 Describitur
1392 2747 1490 2773 nempe
1508 2738 1590 2772 Virgo
1612 2745 1661 2764 ccu
1686 2736 1777 2774 arbor,
1794 2743 1855 2770 qua:

1072 2771 1230 2809 languidum
1249 2771 1500 2811 butnanunrgetius
1515 2771 1611 2811 umbra
1627 2780 1676 2798 sua
1691 2771 1810 2811 reficiat}
1822 2778 1854 2797 ex

1073 2806 1129 2845 quo
1145 2815 1241 2844 sponte
1262 2809 1383 2844 proﬂuit,
1402 2806 1618 2845 lfancrarborcm
1635 2806 1774 2833 communi
1797 2806 1855 2845 lan-

1071 2840 1166 2879 g'uore'
1182 2840 1288 2871 f‘l‘llSOl'i
1306 2852 1358 2870 non
1377 2851 1456 2878 posse
1482 2843 1769 2879 laborantent,_atqtte
1787 2840 1855 2867 adeo

1073 2876 1201 2915 primatu)
1218 2880 1284 2907 vitio
1300 2876 1448 2906 immunem
1462 2885 1522 2907 esse
1539 2876 1736 2904 aﬂirmandam.
