2034 3153
215 197 270 231 671

851 197 980 228 JACOBI
1000 197 1173 228 MONACHI

1801 200 1857 231 ετξ

218 263 350 291 magnum
367 259 396 283 et
413 254 597 282 desiderabile
617 254 644 281 in
669 257 716 281 tuo
737 252 880 281 hominum
899 261 1006 288 genere.

1067 253 1135 286 ἀλλ’,
1158 253 1370 288 Ἐμεγιίλυνεν,
1403 253 1440 284 ὡς
1467 253 1513 281 τοῦ
1541 254 1787 290 ἀνακεχωρηκότας
1804 257 1857 290 τῆς

220 303 254 330 Et
269 302 378 337 quidem
392 309 446 328 non
457 301 536 331 dixit,
549 299 727 330 Glorilicavit,
745 300 804 332 sed,
815 298 1009 334 Magni/ienuit,

1066 300 1144 332 ἀξίας
1163 300 1208 326 καὶ
1224 299 1270 326 τοῦ
1283 299 1487 334 ἁνερμηνεύτου
1499 300 1700 334 σημαινομένου
1716 301 1854 327 ἐντεῦθεν.

220 356 351 385 tanquam
376 350 398 376 si
427 349 526 376 exinde
555 347 770 383 signiﬁcaretur,
798 347 935 383 ejusmodi
958 347 1011 374 hoc
1031 354 1131 374 nomen
1166 355 1238 379 esse,
1260 347 1334 382 quod
1359 355 1409 375 nec
1440 355 1489 382 pro
1511 347 1609 375 merito
1633 348 1777 381 aestimari,
1803 357 1854 377 nec

222 397 279 424 ulla
295 395 401 422 ratione
414 394 544 428 explicari
559 394 656 428 possit.

256 443 303 469 Xl.
327 441 413 474 Quale
436 449 519 476 porro
533 445 575 467 est
599 441 651 468 hoc
667 448 778 471 nomen,
802 444 857 467 tam
881 440 1006 476 praeclari

220 488 313 523 gaudii
330 494 438 521 parens,
465 487 540 521 quod
558 487 690 513 Dominus
710 487 783 513 Deus
808 486 1009 521 magnificavit?

220 534 370 566 Quamnam
386 533 469 566 hujus
480 531 598 566 Virginis
610 532 824 566 appellationem
836 536 910 558 tanta
922 531 1008 565 gloria

219 579 293 606 Deus
314 578 485 605 cumulavit?
511 578 582 605 Num
607 577 747 612 propriam
774 585 806 604 ac
825 569 1007 612 personalem,

218 632 280 652 eam
295 624 413 656 scilicet,
428 631 489 658 quae
504 624 578 650 illam
595 624 629 651 ab
649 624 763 658 reliquis
778 623 902 658 ejusdem
923 630 1008 657 gene-

219 670 260 697 ris
285 674 313 696 et
335 677 453 696 numero
469 672 498 695 et
516 668 704 703 singularibus
718 667 936 702 proprietatibus
951 666 1007 693 di5<

219 715 320 747 cernit,
350 723 385 742 an
413 722 480 741 vero
509 721 683 741 communem
711 722 742 741 ac
764 713 922 748 specialem.
949 720 1010 747 qua:

219 759 327 787 scilicet
336 759 394 794 pari
412 759 516 786 ratione
526 758 783 793 omnibusejusdem
794 757 894 792 speciei
910 757 1009 785 indivi-

218 805 284 832 duis
301 805 538 832 communicatur?
553 804 660 831 Nullam
683 811 778 839 reapse
799 804 896 830 harum
914 804 1008 838 appel-

219 850 353 877 lationum
381 849 490 877 videtur
514 849 559 877 hic
584 857 675 877 sermo
696 850 826 882 innuere;
852 856 1009 883 quanquam

219 900 248 922 et
270 895 339 927 ista),
363 895 513 930 gloriﬁcata
532 895 587 928 illa,
613 895 694 923 simul
719 895 932 930 congloriticatae
953 895 1010 921 iue-
1025 908 1047 937 Β

220 941 287 968 rint.
307 940 360 968 Sed
381 941 462 968 liceat
483 941 661 975 praimittere,
690 941 843 975 cujusmodi
867 940 933 968 illud
960 940 1005 972 sit,

222 987 295 1021 quod
312 991 339 1013 et
364 986 559 1013 celebrandum
578 991 606 1013 et
624 986 855 1022 magniﬁcandum
876 985 1006 1020 intelligi-

221 1035 276 1064 tur,
297 1032 436 1060 Creatoris
455 1039 567 1064 nomen,
585 1032 658 1067 quod
675 1039 741 1059 sane
756 1036 784 1059 et
805 1036 938 1058 aeternum
955 1035 1006 1064 est,

217 1083 247 1105 et
262 1082 388 1105 sanctum
405 1083 433 1105 et
452 1077 626 1110 admirabile,
641 1081 668 1104 et
691 1077 717 1104 in
734 1077 863 1104 ontuibus
877 1077 1007 1112 gentibus

218 1124 360 1156 terribile;
377 1124 474 1151 eadem
498 1124 598 1151 deinde
617 1123 722 1151 ratione
747 1128 776 1151 et
801 1124 834 1150 de
855 1124 1006 1159 praeclaris-

216 1170 280 1196 simi
297 1171 383 1197 nostri
401 1170 494 1204 gaudii
511 1170 623 1197 nomine
636 1174 767 1196 statuere.
790 1170 823 1196 Et
838 1177 902 1197 sane
923 1170 1004 1205 quid-

217 1217 285 1251 quid
308 1216 432 1243 divinum
450 1221 504 1249 est,
529 1224 591 1243 cum
620 1224 672 1243 nec
695 1221 785 1243 mente
808 1216 1005 1250 comprehendi

218 1270 270 1289 nec
286 1262 378 1300 \ferbis
394 1262 487 1289 eﬂerri
506 1266 599 1296 queat.
622 1262 709 1293 nullo,
725 1262 765 1289 uti
792 1266 877 1296 patet,
894 1263 1006 1290 nomine

216 1307 366 1342 signiﬁcari
391 1313 490 1342 potest,
513 1309 617 1335 nullam
642 1308 834 1343 appellationis
853 1309 1007 1343 impositio-

216 1360 279 1380 nem
295 1353 398 1380 subire.
417 1353 562 1386 Quodnam
582 1355 666 1388 igitur
677 1358 720 1380 est
731 1354 791 1388 ejus
807 1362 920 1385 nomen,
932 1355 1006 1390 quod

214 1399 341 1426 omnium
359 1406 407 1426 ore
424 1399 613 1434 glorificatur?
632 1399 687 1426 Aut
701 1399 849 1431 undenam,
871 1404 902 1427 ut
917 1400 1005 1435 impo-

216 1449 341 1477 neretur,
355 1445 483 1480 accepit?
500 1445 582 1473 Plane
592 1445 714 1475 fatentur
731 1446 811 1473 simul
828 1453 935 1478 omnes,
953 1447 1007 1474 hoc

215 1499 318 1519 nomen
331 1498 392 1518 esse
409 1491 497 1518 Deus:
514 1491 568 1519 hoc
583 1492 657 1519 illius
672 1496 701 1519 et
715 1493 857 1527 proprium
875 1498 903 1520 et
916 1493 1004 1520 solum

211 1546 276 1565 esse
293 1538 427 1566 creditur.
451 1538 508 1566 Etsi
529 1537 603 1565 enim
631 1539 723 1573 plures
743 1538 835 1565 divina
861 1539 1005 1574 Scriptura

214 1583 283 1610 deos
299 1584 439 1616 nominat;
463 1587 491 1610 at
508 1583 542 1611 de
567 1583 644 1618 ipsis,
665 1583 711 1618 qui
732 1584 821 1619 reipsa
839 1585 908 1611 nihil
927 1590 1003 1616 sunt,
1018 1583 1039 1611 C

214 1634 347 1663 tanquam
364 1629 386 1656 si
403 1629 507 1664 aliquid
524 1635 626 1660 essent,
644 1629 678 1656 ad
695 1630 855 1657 earumdem
870 1630 1004 1657 fallaciam

217 1673 439 1708 redarguendam
463 1674 596 1709 loquitur.
620 1674 666 1702 Sic
692 1674 785 1709 itaque
810 1682 841 1702 ex
860 1676 912 1703 hoc
934 1677 1004 1711 ipso,

216 1720 291 1754 quod
306 1728 371 1748 sane
388 1721 439 1748 rite
456 1721 613 1748 discussum
627 1725 679 1754 est,
697 1721 830 1756 intellige,
847 1726 875 1748 et
887 1722 1006 1757 Virginis

215 1774 317 1794 nomen
344 1767 424 1802 plane
450 1767 596 1802 perspicue
621 1767 792 1803 deprehendi
812 1777 901 1803 posse.
926 1769 1005 1802 Quod

214 1812 286 1839 cnim
309 1812 347 1840 ibi
363 1813 496 1846 ostendit,
514 1813 742 1848 magniﬁcandam
758 1822 818 1842 esse
842 1815 1002 1850 appellatio-

214 1865 276 1884 nem
296 1858 355 1890 Dei,
380 1859 425 1885 hic
448 1859 633 1893 respondente
655 1859 769 1887 honoris
783 1861 868 1895 gloria
883 1862 1004 1896 appella-

215 1904 317 1931 tionem
331 1904 423 1932 innuit
439 1904 573 1940 Deipurw.
589 1905 645 1933 Hoc
662 1906 798 1941 siquidem
820 1907 910 1934 solum
930 1907 1004 1934 illius

1097 437 1149 465 Μ’.
1168 438 1248 464 Ποῖον
1271 437 1299 464 δὲ
1315 438 1364 472 τῆς
1398 437 1577 472 πολυωνύμου
1598 439 1688 472 χαρᾶς
1701 439 1853 472 ὲμεγάλυνε

1060 483 1160 517 Κύριος
1174 484 1187 510 ὁ
1202 483 1267 514 Θεὸς
1301 483 1401 517 multa;
1421 483 1505 510 Ποίαν
1529 483 1634 519 ταύτης
1665 484 1851 520 ὕπερεδόξασε

1061 529 1268 564 προσηγορίαν;
1297 527 1371 564 Ἀρα
1397 529 1446 564 τὴν
1470 530 1568 564 κυρίαν
1584 531 1632 557 καὶ
1655 530 1850 567 ὑποστατικὴν,

1060 575 1107 601 καὶ
1122 574 1238 610 τὴντῶν
1253 574 1385 609 ὁμοειδῶν
1409 575 1520 610 ἀριθμῷ
1541 575 1588 602 καὶ
1618 576 1732 611 ἰδιότησι
1759 577 1853 609 διαφέ-

1062 628 1172 655 ρουσαν,
1187 620 1202 654 ἢ
1217 620 1264 655 τὴν
1278 620 1372 655 κοινὴν
1385 621 1432 647 καὶ
1446 620 1547 656 είδικὴν
1561 622 1609 648 καὶ
1622 622 1706 649 πᾶσιν
1713 623 1851 657 ὁμοτίμοις

1060 667 1116 697 τοῖς
1128 666 1209 692 αὑτοῦ
1226 666 1440 701 μεταδιδομένην
1456 667 1561 699 εῐδους;
1579 667 1716 702 Οὑδεμίαν
1731 668 1803 694 δοκεῖ
1818 670 1849 704 τῇ

1061 712 1177 747 ἀληθείᾳ.
1199 712 1255 738 τῶν
1271 713 1401 739 τοιούτων
1421 713 1554 748 κλήσεων,
1580 713 1725 748 ἐμφαίνειν
1754 714 1850 740 ὲνταῦ-

1062 757 1095 784 θα
1123 758 1167 784 τὸν
1197 758 1294 792 λόγον,
1332 758 1383 785 κᾶν
1416 760 1449 793 τῇ
1489 759 1673 795 δεδοξασμένῃ
1707 760 1847 792 συνεδοξά-

1063 804 1186 838 σθησανο
1214 804 1271 830 ἀλλ’
1300 805 1358 830 ἐνὸν
1384 805 1514 838 πρότερον
1529 806 1625 837 εἰπεῖν,
1652 807 1728 832 ποῖον
1756 806 1788 839 δὴ
1810 807 1853 832 λε-

1063 850 1180 884 γόμενον
1198 850 1246 876 καὶ
1262 850 1479 885 μεγαλυνόμενον
1493 851 1578 886 ὄνομα
1602 851 1648 878 τοῦ
1677 851 1851 886 Δημιουργοῦ

1063 897 1175 928 νοεῖται,
1206 896 1272 930 ὅπερ
1298 895 1407 923 αίώνιον
1432 897 1538 923 τίθεται
1567 897 1614 924 καὶ
1640 897 1718 931 ἅγιον
1746 897 1852 931 θαυμα-

1062 942 1124 968 στόν
1141 951 1168 968 τε
1182 943 1228 968 καὶ
1246 941 1360 976 φοϐερὸν
1376 943 1405 968 ὲν
1418 943 1483 968 πᾶσι
1497 944 1553 974 τοῖς
1567 942 1684 973 ἔθνεσιν,
1709 941 1760 968 εἷθ’
1783 943 1852 969 οὕτω

1060 988 1186 1022 καὶπερὶ
1205 987 1255 1021 τῆς
1280 986 1458 1022 πολυωνύμου
1487 988 1576 1022 χαρᾶς
1599 987 1747 1013 διαλαϐεῖν.
1769 987 1852 1021 Δῆλον

1060 1034 1114 1068 γὰρ
1133 1033 1171 1064 ὡς
1186 1033 1216 1059 τὸ
1235 1033 1305 1059 θεῖον
1335 1033 1522 1068 ἀκατανόητόν
1546 1041 1575 1059 τε
1591 1033 1622 1059 ὃν
1646 1032 1694 1060 καὶ
1720 1033 1850 1068 ἄρρητον,

1060 1080 1282 1115 ἀκατονόμαστον
1313 1080 1398 1115 μένει,
1413 1080 1463 1115 τὴν
1492 1080 1546 1106 τῶν
1568 1080 1693 1114 κλήσεων
1714 1080 1751 1114 μὴ
1767 1088 1851 1112 προσ-

1060 1127 1167 1161 ιέμενον
1178 1127 1262 1153 θέσιν.
1280 1127 1358 1153 Ποῖον
1368 1124 1414 1152 οὖν
1424 1126 1499 1152 ἐστιν
1507 1125 1521 1151 ὃ
1531 1125 1757 1160 πολυθρυλ).ἡτως
1768 1125 1850 1151 αὑτοῦ

1059 1173 1199 1204 δοξάζεται
1234 1173 1339 1207 δνομα;
1364 1172 1418 1198 Καὶ
1445 1172 1526 1197 πόθεν
1555 1171 1634 1197 τοῦτο
1654 1171 1702 1200 τὰς
1721 1171 1849 1204 ἀφορμὰς

1058 1220 1108 1254 τῆς
1123 1219 1272 1250 ἐπιθέσεως
1297 1218 1391 1252 εἴληφε
1404 1217 1420 1250 ;’
1442 1217 1555 1248 Πάντως
1573 1216 1799 1254 συνομολογεῐται
1810 1216 1850 1246 τὸ,

1060 1266 1150 1298 Θεός·
1169 1265 1182 1291 ὃ
1199 1265 1247 1291 καὶ
1261 1265 1362 1299 κυρίως
1377 1263 1459 1291 αὑτοῦ
1473 1263 1520 1289 καὶ
1541 1263 1629 1297 μόνως
1640 1260 1710 1289 εἶναι
1726 1262 1850 1288 πιστεύε-

1058 1317 1115 1336 ται.
1133 1309 1162 1334 Εἰ
1178 1308 1231 1343 γὰρ
1259 1309 1307 1334 καὶ
1330 1307 1455 1338 πλείονας
1472 1307 1488 1341 ὴ
1507 1307 1566 1333 θεία
1584 1307 1679 1342 Γραφὴ
1702 1307 1852 1341 κατονομά-

1059 1354 1098 1386 ζει
1120 1354 1208 1386 θεοὺς,
1237 1354 1304 1380 ἀλλὰ
1335 1353 1388 1380 τῶν
1415 1354 1464 1386 μὲν
1491 1352 1541 1379 οὐκ
1567 1353 1652 1379 ὄντων
1666 1353 1704 1384 ὡς
1721 1353 1851 1379 ὅντωντὺ

1058 1399 1198 1433 ἀπατηλὸν
1234 1398 1396 1433 στηλιτεύει.
1412 1398 1494 1425 Οὕτω
1513 1398 1567 1433 γὰρ
1584 1399 1616 1425 ἐκ
1631 1399 1679 1424 τοῦ
1696 1400 1851 1434 διευκρινη-

1059 1444 1151 1476 οέντος
1172 1445 1239 1476 νόει,
1255 1445 1302 1471 καὶ
1324 1445 1354 1471 τὸ
1370 1445 1418 1479 τῆς
1434 1444 1574 1479 Παρθένου
1593 1445 1767 1480 caesariem
1779 1445 1850 1480 ἔχειν

1059 1494 1108 1527 τὴν
1134 1492 1253 1526 εὕρεσιν.
1280 1493 1313 1518 Ὃ
1328 1491 1382 1526 γὰρ
1410 1492 1470 1518 ἐκεῖ
1488 1492 1537 1527 τὴν
1561 1492 1634 1519 Θεοῦ
1664 1492 1850 1527 προσηγορίαν

1060 1537 1283 1573 omniomne.qu
1316 1537 1428 1569 ἔδειξεν,
1443 1538 1559 1564 ἐνταῦθα
1583 1539 1615 1573 τῇ
1638 1538 1795 1573 καταλλήλῳ
1812 1547 1850 1565 τι-

1059 1584 1174 1619 μωμένῃ
1187 1583 1262 1619 δέξῃ,
1275 1584 1323 1618 τὴν
1341 1583 1390 1618 τῆς
1405 1584 1550 1610 Θεοτόκου
1566 1584 1765 1617 καθυποφαίνει
1782 1584 1848 1617 κλῆ-

1059 1638 1110 1656 σιν.
1138 1628 1224 1655 Τοῦτο
1240 1630 1294 1663 γὰρ
1313 1629 1382 1664 αὐτῇ
1409 1629 1496 1663 μόνως
1511 1628 1609 1663 ἥνομα,
1636 1628 1716 1654 τοῦτο
1731 1629 1846 1663 κυρίως,

1057 1674 1135 1701 τοῦτο
1164 1674 1271 1709 ἀληθῶς
1281 1682 1288 1688 “
1305 1673 1385 1700 τοῦτο
1403 1674 1551 1708 μεγαλύνει
1566 1675 1582 1708 ἡ
1594 1675 1681 1706 κτίσις
1695 1684 1701 1689 ·
1715 1675 1793 1701 τοῦτο
1807 1675 1850 1701 δο-

1058 1721 1183 1754 ξάζοντες
1199 1720 1428 1754 ὑπερευ).ογοῦσιν
1447 1720 1597 1754 ἄνθρωπον
1616 1721 1695 1748 τοῦτο
1706 1722 1734 1748 ἐν
1750 1722 1850 1752 πάσαις

1056 1769 1105 1793 οὐκ
1129 1767 1276 1802 ὠνομάσθη
1305 1768 1365 1798 ταῖς
1387 1767 1511 1800 γενεαῖ;“
1540 1767 1620 1793 τοῦτο
1651 1768 1736 1803 μόνης
1762 1768 1849 1802 αὐτῆς

1059 1813 1216 1844 ἰδιαίτατον,
1235 1812 1330 1847 ὥσπερ
1348 1813 1429 1847 μόνου
1440 1812 1488 1839 τοῦ
1508 1813 1683 1848 Δημιουργοῦ
1711 1814 1752 1846 τὸ,
1768 1813 1848 1846 Θεός.

1059 1859 1114 1886 Καὶ
1133 1858 1204 1885 οὕτω
1217 1859 1266 1892 μὲν
1282 1858 1345 1893 περὶ
1362 1857 1463 1884 τούτων
1476 1858 1607 1893 ἁρμόδιον
1624 1859 1760 1893 ἡγεῖσθαι.
1782 1860 1850 1885 Και-

1061 1905 1105 1941 ρδς
1121 1904 1149 1931 δὲ
1163 1905 1229 1939 ἡμῖν
1241 1903 1288 1930 ἐπὶ
1309 1903 1358 1938 τὴν
1375 1903 1496 1938 ἱστορίαν
1512 1903 1689 1939 ἀναδραμεῖν.

212 1958 323 1984 nomen,
350 1952 404 1979 hoc
435 1953 588 1987 proprium,
618 1952 669 1980 hoc
702 1961 815 1986 verum;
845 1954 898 1981 hoc
931 1955 1066 1982 universa:
1091 1955 1225 1979 creatura:
1249 1949 1439 1985 magniﬁcam;
1472 1950 1524 1977 hoc
1548 1950 1673 1977 homines
1698 1951 1850 1986 gloriﬁcant

214 2006 246 2026 ac
266 2006 348 2034 supra
364 1999 477 2026 modum
493 1999 679 2033 benedicunt;
697 2002 748 2028 hoc
775 2002 802 2027 in
818 2002 948 2028 omnibus
973 2006 1052 2029 antea
1086 1998 1312 2035 generationibus
1347 1998 1518 2031 inauditum;
1548 1999 1600 2026 hoe
1632 2000 1705 2027 illius
1729 2005 1850 2028 tantulu-

215 2046 297 2073 modo
326 2047 468 2080 proprium
497 2047 611 2074 omnino
638 2050 693 2080 est,
739 2048 972 2081 quemadmodum
999 2052 1025 2075 et
1048 2047 1130 2073 unius
1151 2044 1290 2073 Creatoris
1311 2045 1451 2080 proprium
1484 2050 1526 2073 est
1542 2053 1643 2073 nomen
1658 2046 1739 2074 Deus.
1760 2048 1794 2075 Et
1811 2048 1851 2076 sic

213 2093 326 2127 quidem
345 2093 379 2120 dc
400 2093 443 2120 his
465 2093 625 2120 existimare
640 2101 793 2128 congruum
810 2094 904 2122 fuerit.
926 2096 1004 2123 Nunc
1025 2101 1092 2121 vero
1110 2097 1218 2129 tempus
1236 2093 1268 2120 ad
1286 2093 1429 2121 historiam
1449 2101 1500 2121 nos
1514 2093 1627 2122 reverti.

249 2139 308 2166 XII.
322 2138 414 2172 [liquit
430 2139 502 2166 enim
520 2139 693 2173 :Ezsurgens
704 2140 791 2167 Maria
803 2141 828 2167 in
840 2141 928 2168 diebus
939 2142 1003 2173 illis,

213 2183 276 2210 abiit
290 2184 318 2209 in
334 2186 463 2209 montana
478 2191 537 2210 cum
554 2183 722 2217 festinatione
734 2184 767 2210 ⁸⁸.
784 2184 850 2211 Vide
867 2186 1002 2213 narratio-

214 2236 280 2255 num
301 2227 530 2262 consonantiam;
547 2235 601 2255 non
616 2228 688 2255 enim
706 2230 863 2264 evangelica
879 2232 1003 2259 narratio

1094 2140 1142 2166 IB’.
1179 2137 1351 2166 Ἀναστᾶσα
1374 2140 1439 2173 γὰρ,
1470 2141 1558 2175 φησὶ,
1589 2140 1705 2174 Μαριὰμ
1728 2141 1762 2167 ἐν
1787 2142 1850 2174 21.7.;

1057 2185 1180 2220 ἡμέραις
1206 2185 1327 2217 ταύταις
1343 2185 1491 2219 ἐπορεύθη
1504 2187 1547 2218 εὶς
1559 2185 1617 2219 τὴν
1635 2186 1756 2220 ὀρεινὴν
1774 2190 1849 2221 μετά

1056 2231 1207 2270 σποιίόῆς.
1234 2231 1306 2265 Ὅρα
1335 2231 1385 2264 τὴν
1411 2232 1573 2266 συμφωνίαν
1599 2233 1654 2258 τῶν
1680 2233 1847 2268 διηγήσεων·

211 2274 290 2305 dixit.
309 2274 401 2300 eadem
423 2274 475 2306 die,
496 2279 544 2302 aut
562 2279 619 2309 post
635 2275 704 2302 diem
727 2275 852 2308 alterunt,
875 2281 923 2304 aut
945 2277 1001 2304 alia

1058 2278 1087 2304 οὐ
1103 2278 1156 2312 γὰρ
1171 2278 1268 2309 αὐτὴν
1285 2277 1336 2311 ἔφη
1361 2277 1417 2311 τὴν
1434 2278 1560 2312 ἡμέραν,
1576 2277 1677 2313 ἢμετὰ
1692 2279 1848 2313 δειιτέμιν,

211 2321 338 2356 quapiam
355 2328 387 2347 ex
404 2321 586 2355 sequentibus,
606 2321 654 2348 sed
676 2321 702 2348 in
716 2321 805 2348 diebus
819 2322 882 2354 illis,
896 2331 944 2358 per
961 2324 1003 2350 in-

212 2366 356 2394 definitum
378 2367 485 2393 scilicet
509 2370 618 2401 tempus
636 2367 766 2399 innuens,
789 2368 900 2396 Mariam
928 2370 1002 2397 domi

211 2413 327 2440 instanti
346 2421 430 2447 opere
449 2413 535 2440 fuisse
558 2414 714 2441 necessario
741 2414 903 2442 detentam:
928 2417 1001 2451 quod

211 2459 322 2493 quidem
343 2459 396 2486 alia
424 2459 540 2487 historia
566 2461 712 2488 manifesto
738 2462 833 2493 tradit,
861 2462 894 2490 ad
918 2463 1002 2497 perﬁ-

210 2504 338 2531 ciendum
362 2504 438 2539 (veli)
454 2512 524 2539 opus
540 2505 565 2532 id
581 2505 682 2533 factum
698 2506 800 2539 fuisse;
823 2508 892 2535 adeo
909 2513 940 2535 ut
955 2517 1001 2535 ve—

212 2550 422 2578 hementissimo
450 2551 561 2585 quidem
587 2551 727 2580 desiderio
747 2553 780 2580 ad
806 2554 1001 2590 (invisendam)

213 2597 353 2624 Elisabeth
372 2597 582 2632 impelleretur;
600 2600 706 2626 ratione
728 2604 831 2632 tamen,
848 2608 929 2635 quam
953 2609 1002 2628 an-

211 2648 252 2670 lca
276 2643 408 2676 diximus,
437 2644 618 2673 detineretur.
642 2645 763 2681 Utraque
789 2655 856 2674 vero
882 2647 999 2674 historia

210 2691 292 2717 simul
311 2691 463 2725 composita
482 2691 589 2721 edocet.
609 2692 683 2719 illaut
701 2698 758 2720 tum
775 2694 809 2720 ad
825 2694 999 2721 sacerdotem

211 2740 268 2761 tum
285 2734 317 2761 ad
342 2739 484 2770 cognatam
499 2736 595 2763 eodem
612 2744 641 2764 se
667 2737 764 2765 itinere
781 2739 942 2768 contulisse,
958 2740 998 2765 vi-

210 2780 311 2807 delicet
330 2781 365 2807 ab
384 2781 490 2809 aedibus
504 2782 617 2818 Joscphi
639 2783 672 2810 ad
698 2778 880 2815 sacerdotem,
898 2785 932 2811 ab
948 2785 1000 2811 isto

212 2833 278 2851 \cro
292 2826 326 2852 ad
343 2826 455 2854 domum
469 2827 617 2856 Zacharize.
635 2828 768 2861 Quocirca
783 2830 897 2856 historia
912 2830 977 2857 dicit
992 2839 998 2856 :

1056 2324 1103 2350 καὶ
1120 2324 1177 2357 τὴν
1188 2323 1319 2357 καθεξῆς
1332 2323 1464 2358 ἐκείνης,
1482 2325 1540 2351 ἀλλ’
1555 2325 1583 2351 ὲν
1602 2326 1734 2359 ταύταις,
1749 2327 1787 2361 τῷ
1800 2327 1848 2353 ἀο-

1058 2371 1142 2406 ρίστῳ
1157 2370 1204 2397 τοῦ
1218 2371 1313 2405 χρόνου
1330 2371 1360 2397 τὸ
1371 2371 1421 2406 τῆς
1433 2371 1604 2406 κατεχούσης
1617 2372 1750 2405 ἐργασίας
1761 2373 1848 2405 ἀναγ-

1056 2419 1133 2444 καῖον
1145 2419 1160 2451 ἡ
1180 2417 1227 2444 τοῦ
1239 2417 1402 2452 εὐαγγελίου
1421 2418 1593 2453 σημαίνουσα
1605 2427 1612 2433 ·
1627 2417 1696 2452 ὅπερ
1710 2419 1726 2452 ἡ
1742 2418 1848 2452 ἱστορία

1054 2463 1097 2489 διὰ
1114 2461 1161 2489 τοῦ
1174 2462 1376 2498 συμπληρῶσαι
1389 2461 1420 2489 τὸ
1433 2461 1514 2497 ἔργον
1526 2462 1662 2496 ἐδήλωσεν
1671 2471 1678 2477 ·
1697 2463 1767 2489 ὥστε
1784 2472 1849 2497 σφο-

1054 2508 1170 2543 δροτέρᾳ
1191 2508 1241 2542 μὲν
1266 2508 1397 2543 ἠπείγετο
1420 2508 1517 2543 γνώμῃ
1545 2508 1614 2542 πρὸς
1626 2508 1674 2543 τὴν
1692 2508 1845 2539 Ἐλισάϐετ,

1055 2545 1196 2589 κατείχετο
1209 2553 1238 2580 δὲ
1254 2553 1292 2588 τῷ
1311 2553 1522 2588 προλελεγμένῳ
1534 2553 1637 2588 τρόπῳ.
1649 2553 1722 2580 Μίαν
1737 2553 1766 2580 δὲ
1779 2555 1846 2588 πρός

1054 2609 1084 2627 τε
1096 2601 1143 2627 τὸν
1172 2600 1247 2635 ίερέα
1277 2601 1324 2627 καὶ
1351 2600 1420 2634 πρὸς
1437 2600 1486 2634 τὴν
1517 2600 1664 2633 συγγενίδα
1679 2601 1729 2635 τὴν
1755 2600 1846 2633 ἄφιξιν

1055 2646 1174 2681 ἑκατέρα
1190 2645 1419 2673 καθυποδείκνυσι
1437 2646 1530 2680 γραφή
1547 2654 1553 2660 ·
1569 2646 1623 2672 ἀπὸ
1644 2647 1694 2680 μὲν
1714 2646 1760 2672 τοῦ
1774 2647 1847 2681 οξκὴ-
1871 2664 1873 2667 -

1057 2701 1140 2727 ματος
1161 2692 1259 2726 Ἰωσὴφ
1273 2691 1341 2727 πρὸς
1367 2692 1413 2718 τὸν
1436 2692 1522 2726 ἱερέα,
1541 2692 1595 2718 ἀπὸ
1608 2692 1636 2718 δὲ
1656 2691 1750 2718 τούτου
1778 2692 1846 2727 πρὸς

1054 2740 1099 2765 τὸν
1115 2738 1188 2766 οἷκον
1199 2738 1346 2772 Ζαχαρίου,
1362 2738 1407 2764 Διό
1425 2747 1506 2772 φησιν
1524 2739 1539 2771 ἡ
1557 2738 1680 2773 ἱστορία·
1698 2738 1798 2772 Χαρὰν
1812 2738 1846 2764 δὲ

1055 2785 1192 2811 λαϐοῦσα
1207 2783 1334 2817 Μαριὰμ,
1351 2784 1440 2818 ἀπῄει
1450 2784 1589 2818 πρὸςτὴν
1600 2784 1766 2818 συγγενῖδα
1793 2785 1846 2811 αὐ-

1055 2840 1117 2864 της.

211 2871 345 2898 (laudium
361 2877 449 2900 autent
462 2882 522 2901 cum
539 2875 695 2910 percepisset
713 2875 813 2909 Maria,
831 2877 948 2910 profectu
967 2882 1002 2903 cs!
1023 2878 1206 2911 mlmgnutam
1221 2884 1305 2902 suum.

245 2929 268 2945 "
283 2927 349 2955 Luc.
361 2936 379 2961 t,
391 2929 435 2955 39.
