2034 3153
180 191 231 222 673

579 188 719 218 ORATIO
738 188 777 218 IN
799 189 852 218 SS.
875 189 1049 220 DEIPAR/E
1069 190 1356 221 VISITATIONEM.

1745 194 1798 226 671

217 247 325 281 Ἐχαιρε
352 245 401 277 τὰς
423 245 583 280 συμφώνους
609 246 771 280 λογιζομένη
786 247 967 282 προρρήσεις.

1055 248 1196 276 Gaudebat
1213 256 1297 284 porro
1309 248 1462 276 concordes
1478 256 1572 275 sccum
1590 255 1719 284 reputans
1737 259 1807 286 prae-

187 293 290 327 Ὲπειδὴ
306 293 358 328 γάρ
372 294 405 328 τῇ
417 292 465 319 τοῦ
495 293 591 328 ἱερέως
605 293 738 328 ἀσυνήθει
760 292 889 326 διαλέξει,
901 294 966 328 πρὶν

181 339 305 373 ἐνόψεσιν
317 339 445 374 ὀφθῆναι,
461 340 495 365 τά
506 340 555 374 τῆς
568 339 726 375 παρρησίας
742 339 881 375 ἀφῄρητο,
897 340 967 375 ὑπὲρ

179 385 271 410 ἐλπίδα
285 385 313 410 δὲ
339 385 441 420 ταύτης
473 385 612 417 ἀπώνατο,
634 386 668 419 τῇ
695 386 772 419 παρὰ
804 385 967 419 προσδοκίαν

180 429 287 463 ἔχαιρεν
297 430 424 464 ἑπιτυχίᾳ
435 438 441 444 ·
461 429 477 464 ἢ
490 430 590 464 μᾶλλον
601 429 706 464 ταύτην
720 430 862 465 εἰληφέναι
880 431 967 466 χαρὰν

180 475 194 500 ό
209 475 286 508 λόγος
308 475 470 508 αἰνίττεται,
492 476 542 510 τὴν
568 476 652 511 μόνην
671 475 754 507 ὅντως
775 476 874 510 χαρὰν,
890 473 967 512 καὶῇ

182 521 247 555 μόνῃ
270 521 408 555 συνήδετο,
423 522 457 556 ἣν
486 522 572 557 μόνην
596 522 700 554 ἐπόθει,
717 524 763 550 καὶ
778 523 812 558 ἢν
827 532 968 557 σωματου-

181 567 264 600 μένην
281 566 356 592 ἔνδον
374 569 497 602 κατεῖχε,
512 567 558 594 τὸν
574 567 738 603 ὑπερούσιον
751 569 848 602 Λόγον,
860 568 906 594 τὸν
918 569 967 603 τῆς

180 613 265 646 χαρᾶς
289 613 462 647 φυτουργὸν,
489 613 534 639 τὸν
559 613 607 647 τῆς
630 614 823 646 ἀγαλλιάσεως
854 614 966 649 ταμίαν,

179 657 208 682 τδ
224 657 413 693 ὑπερπόθητον
443 659 552 692 κάλλος,
565 660 594 685 τὸ
611 660 712 695 ὑπερδν
739 660 840 695 ὡραῖον
869 661 968 694 ἐγκαλ-

179 702 316 737 λώπισμα,
342 703 372 729 τὸ
396 703 475 738 μόνον
505 705 616 740 ὀρεκτὸν
636 705 804 740 ἀγαλλίαμα,
820 705 869 741 τὴν
897 706 968 740 ὑπὲρ

179 747 270 781 ἔφεσιν
284 748 391 782 ἡδονὴν.
407 748 455 784 τὴν
471 749 618 784 ἀκόρεστον
631 751 789 785 γλυκύτητα
806 771 814 783 ,
831 751 880 786 τὴν
903 751 966 784 ἄλη-

184 803 248 821 κτον
267 794 426 829 ἐπιθυμίαν,
443 795 489 822 τδν
501 797 605 829 ὲφετοῖς
617 797 717 832 ἔρωτος
729 797 913 833 τιτρώσκοντα
927 797 970 832 βέ-

179 839 247 866 λεσι.
275 840 375 866 Τοῦτον
396 842 646 876 ἡκεχίιριτωμένη
676 841 809 874 λαϐοῦσα,
829 843 879 878 τὴν
897 842 969 877 ὑπὲρ

180 884 282 911 ἔννοιαν
298 885 391 921 ἔχαιρε
408 887 506 922 χαράν.

1019 294 1166 322 dictiones.
1183 294 1252 321 Cum
1275 295 1348 321 enim
1368 295 1402 321 ob
1420 295 1558 321 insuetum
1585 303 1647 322 cum
1663 297 1807 324 sacerdote

1019 339 1189 374 colloquium
1205 347 1315 367 omnem
1333 339 1407 366 fandi
1425 340 1580 367 libertatem
1599 341 1641 367 vel
1658 346 1806 376 antequam

1019 386 1047 413 in
1063 391 1242 420 conspectum
1259 387 1334 413 illius
1351 387 1469 418 veniret,
1486 387 1634 419 amisisset,
1657 388 1727 415 hanc
1740 397 1807 416 vero

1019 437 1100 464 supra
1115 438 1191 464 spem
1212 431 1312 458 deinde
1332 436 1410 458 nacta
1434 436 1517 463 esset,
1537 432 1728 466 inexspectato
1746 441 1808 460 sue-

1019 483 1098 502 cessu
1114 476 1273 510 ltetabatur;
1288 485 1336 504 seu
1354 478 1445 511 potius
1458 478 1588 512 gaudium
1604 479 1669 506 illud
1691 479 1808 507 historia

1021 521 1124 549 indicat
1147 522 1273 556 adeptam
1298 529 1361 549 eam
1382 530 1454 555 esse,
1478 523 1550 557 quod
1580 524 1668 550 solum
1687 532 1751 552 vere
1766 531 1809 551 est

1020 566 1162 600 gaudium.
1186 572 1214 594 et
1237 575 1292 602 qtto
1308 568 1369 594 solo
1391 569 1592 601 delectabatur,
1624 570 1697 605 quod
1719 571 1808 597 solum

1020 612 1204 647 discupiebat,
1223 618 1252 640 et
1275 615 1348 648 quod
1362 622 1443 641 carne
1457 615 1512 648 jam
1531 615 1659 642 indutum
1682 617 1752 642 intra
1770 617 1809 643 si-

1021 667 1086 686 num
1102 666 1181 686 suum
1197 659 1331 693 gestabat,
1349 657 1614 694 supersubstautiale
1630 669 1728 695 nempe
1742 662 1811 688 Ver-

1020 705 1096 736 bum,
1120 705 1239 739 pritnum
1263 705 1356 740 gaudii
1375 711 1526 737 auctorem.
1546 707 1645 733 laetitiae
1664 707 1810 741 dispensa-

1021 755 1121 782 torem,
1147 751 1381 785 pulchritudinem
1397 757 1459 778 vota
1473 752 1603 786 qucelibet
1617 752 1808 784 excedentem,

1020 799 1212 822 ornamentum
1226 796 1352 830 quamvis
1369 801 1542 823 venustatem
1556 796 1682 828 vincens,
1700 796 1808 823 unica-,n

1020 841 1200 875 appetendam
1225 841 1448 873 exsultationem,
1471 841 1641 876 voluptatem
1660 849 1741 868 omne
1760 841 1808 868 de-

1022 886 1155 913 sideriqu
1173 891 1361 921 superantem,
1383 886 1558 914 dulcedinem
1582 895 1643 921 qua:
1667 895 1808 921 nunquam

182 931 337 958 satietatem
359 932 450 965 affert,
473 934 566 968 iugem
589 933 745 962 ardentium
771 939 899 961 votorum
926 941 1052 968 scopum,
1073 933 1118 967 qui
1146 933 1282 967 exoptatis
1307 933 1409 960 amoris
1431 934 1530 968 jaeulis
1558 933 1665 960 animos
1690 933 1806 960 sauciat.

179 977 258 1004 lluue
272 985 334 1004 cum
355 978 382 1004 in
399 986 428 1008 se
443 979 595 1014 excepisset
620 980 666 1007 illa
688 982 776 1015 gratia
793 980 883 1015 plena,
898 980 1008 1016 gaudio,
1029 979 1101 1013 quod
1118 979 1218 1006 mentis
1234 979 1403 1006 transcendit
1419 983 1542 1013 captum,
1564 978 1730 1006 exsultabat.

214 1024 263 1051 ll".
282 1025 453 1053 Ἀναστᾶσα
467 1025 511 1057 δὲ,
532 1026 610 1060 φησὶ,
624 1026 741 1060 Μαριὰμ
763 1026 797 1052 ἐν
816 1026 880 1058 ταῖς
897 1026 964 1059 ἠμέ-

1053 1024 1121 1050 Xlll.
1146 1024 1297 1058 Exsurgens
1321 1029 1421 1056 autem,
1448 1024 1547 1058 inquit,
1565 1024 1654 1051 Maria
1672 1025 1698 1050 in
1720 1026 1810 1053 diebus

177 1079 245 1104 ραις
261 1072 391 1104 ταύταις.
408 1072 492 1099 Πόθεν
514 1071 614 1106 ἀνέστη
630 1072 661 1098 τὸ
681 1072 849 1107 ἀμετάθετον
876 1073 969 1106 στήρι-

181 1124 251 1148 γμα,
267 1117 283 1150 ἠ
301 1117 448 1147 ἀσάλευτος
466 1116 553 1148 πόλις,
570 1117 599 1143 τὸ
619 1117 668 1151 τῆς
685 1117 796 1151 ἁγνείας
817 1118 969 1152 ἑδραίωμα,

182 1161 198 1193 ἡ
216 1159 294 1194 βάσις
309 1161 355 1186 τοῦ
374 1161 544 1195 ἀνθρωπείου
554 1161 660 1194 γένους,
679 1165 709 1187 τὸ
727 1162 772 1188 τοῦ
800 1163 972 1196 προπάτορος

180 1206 308 1241 ἔρεισμα,
320 1208 334 1232 ό
348 1209 397 1241 τῆς
415 1208 592 1238 ἀναστάσεως
609 1207 745 1240 θεμέλιος,
758 1209 774 1241 ὴ
790 1208 893 1242 κρηπὶς
922 1209 970 1240 τῆς

182 1252 370 1286 ἀνακλήσεως,
386 1253 402 1287 ὴ
423 1251 488 1287 ῥίζα
506 1253 555 1287 τῆς
574 1254 672 1288 χαρᾶς,
690 1254 706 1287 ἡ
724 1253 838 1288 ἀπαρχὴ
854 1253 903 1286 τῆς
919 1253 970 1286 φύ-

183 1305 264 1329 σεως,
285 1297 316 1323 τὸ
333 1298 433 1332 τεῖχος,
453 1298 481 1324 ἐν
495 1294 517 1331 ᾧ
538 1298 573 1324 τὰ
601 1298 651 1333 τῆς
672 1298 751 1333 ἡμῶν
770 1297 970 1332 ἐπῳκοδομήοη

182 1344 321 1378 σωτηρίας
340 1344 513 1379 etpalatum;
539 1344 625 1371 Πόθεν
648 1344 740 1371 τοίνυν
764 1345 888 1379 ἀνέστης
924 1344 971 1370 Ἐκ

182 1388 229 1414 τοῦ
245 1389 394 1424 οἰκήματος
416 1389 528 1424 Ἰωσὴφ,
551 1391 580 1416 ἐν
598 1387 674 1425 ᾧπερ
704 1390 914 1425 ἀμετακινήτως
938 1391 970 1425 τῇ

183 1435 268 1469 ἁρετῄ
286 1436 466 1471 προσήδρευε.
487 1437 542 1462 Καὶ
561 1436 604 1462 διὰ
620 1437 645 1462 τί
669 1437 719 1471 μὴ,
748 1436 889 1470 Ἐξῆλθεν,
906 1435 971 1471 ἔφη,

182 1479 254 1512 ἀλλ’,
265 1480 404 1514 Ἀνέστη;
422 1481 477 1516 Τὴν
493 1482 603 1516 διηνεκῆ
619 1482 665 1508 καὶ
676 1481 795 1516 ἔμμονον
804 1481 889 1516 αὐτῆς
905 1481 972 1514 ἠσυ-

183 1524 244 1559 χὶαν
259 1526 273 1551 ό
292 1526 447 1560 σοφώτατος
464 1527 663 1561 εὑαγγελιστὴς
682 1527 726 1553 διὰ
741 1526 836 1553 τούτου
849 1526 971 1561 ᾐνίξατο.

183 1569 237 1598 Ἶξν
261 1572 316 1607 γὰρ
333 1572 427 1608 ὥσπερ
447 1573 606 1609 ἡδρασμένη
625 1573 673 1600 καὶ
690 1573 860 1608 ἀμετάθετος
883 1573 912 1600 ὲν
934 1573 973 1608 τῷ

183 1618 232 1652 τῆς
255 1618 397 1652 ὑπομονῆς
429 1618 475 1644 καὶ
498 1618 643 1652 ἁγιότητος
666 1619 808 1652 πεπηγυῖα
833 1616 971 1651 θεμελίῳ·

187 1664 253 1699 μηδὲ
273 1664 304 1690 τὸ
322 1665 402 1699 τυχδν
422 1664 486 1691 ἄνευ
496 1665 545 1699 τῆς
562 1663 724 1699 ἐπειγούσης
741 1664 864 1697 ἀνάγκης
878 1663 908 1688 ἐκ
924 1661 970 1687 τοῦ

185 1710 388 1744 καθεστηκότος
403 1709 617 1744 μεταϐαίνουσα.

219 1799 268 1826 Μ’.
288 1798 362 1834 Αὕτη
377 1799 466 1825 τοίνυν
480 1800 495 1834 ἡ
516 1799 643 1834 καθάπερ
657 1801 685 1826 ἐν
709 1800 816 1832 ἀδύτοις
832 1801 860 1826 ὲν
874 1801 912 1835 τῷ
936 1801 974 1827 οἰ-

185 1847 291 1880 κήματι
308 1845 497 1880 κρυπτομένη,
518 1845 587 1880 πρδι,
601 1846 646 1872 τὸν
663 1846 738 1881 ἱερέα
757 1846 804 1872 καὶ
829 1847 898 1880 πρὸς
925 1847 975 1880 τὴν

184 1891 295 1926 ἀρεινὴν
318 1891 418 1926 σπουδῇ
437 1892 594 1926 συνέτρεχε,
610 1892 726 1918 τοιαῦτα
743 1893 814 1926 τάχα
836 1892 974 1925 διεξιοῦσα

186 1937 225 1971 τῷ
241 1937 316 1971 λόγῳ
328 1945 335 1951 ·
354 1935 437 1970 Ἐγὼ,
452 1936 544 1971 φησὶν,
560 1933 582 1962 ὦ
595 1937 727 1968 Δέσποτα,
737 1938 770 1970 τῇ
790 1937 823 1971 σῇ
839 1937 976 1972 κυῆερνω-

188 1982 255 2017 μένη
280 1982 373 2016 χάριτι
389 1981 470 2016 μέχρι
486 1981 534 2016 τῆς
550 1981 694 2016 παρούσης
716 1982 826 2016 ἡλικίας
844 1981 892 2007 καὶ
911 1981 975 2016 χρό-

186 2038 231 2056 νου
246 2029 296 2055 τοῦ
313 2029 473 2060 ἐνεστῶτος,
485 2028 516 2053 ὲκ
525 2027 633 2053 πάντων
645 2027 766 2062 ἐμαυτὴν
780 2027 896 2061 ἐπέσχον
910 2027 974 2059 τῶν,

186 2076 235 2102 ὅσα
246 2073 293 2101 διὰ
305 2074 360 2099 τῶν
378 2072 534 2106 αἰσθήσεων
554 2071 721 2098 ὲπινοθεύειν
734 2071 839 2105 πέφυκε
858 2071 907 2106 τὴν
929 2071 975 2097 τοῦ

187 2121 234 2146 νεῦ
251 2118 438 2153 καθαρότητα.
453 2116 619 2151 Ὀφθαλμοῖς
629 2116 677 2151 μὲν
690 2116 738 2151 τὴν
751 2116 804 2142 τῶν
818 2115 976 2150 ἀναγκαίων

188 2165 333 2199 ἀντίληψιν
348 2163 463 2199 μετρίαν
473 2162 674 2198 ἐπιτρέπουσα,
689 2164 720 2189 τὸ
735 2163 904 2206 θεωρητικὸν
928 2162 976 2188 αὺ-

188 2213 242 2238 τῶν
264 2212 339 2238 ἀπαν
362 2210 431 2246 πρὸς
454 2210 504 2244 τὴν
526 2208 575 2244 σὴν
595 2209 740 2244 ἀνήρτησα
764 2208 974 2244 μεγαλειότητα.

189 2258 323 2292 ιὶαθαράν
351 2256 379 2283 δὲ
397 2256 446 2283 καὶ
470 2256 610 2289 ἀνέπαφον
632 2255 797 2290 διατηροῦσα
815 2255 864 2290 τὴν
879 2254 974 2289 ἀκοὴν,

188 2303 337 2339 ἐμεράσεων
360 2302 439 2329 θείων
453 2301 635 2337 ἀκροατήριον
649 2300 752 2336 ταύτην
770 2301 976 2334 παρεσκεύασα.

189 2349 274 2383 Χείλη
298 2356 327 2374 τε
353 2347 400 2374 καὶ
414 2347 539 2381 γλῶτταν
557 2346 597 2377 είς
613 2345 661 2381 τὴν
672 2345 726 2381 ,σὴν
745 2345 899 2379 δοξολογίαν
923 2345 977 2371 ἁπ-

189 2394 356 2430 ασχο).οὖσα,
372 2393 421 2428 τὴν
441 2392 588 2427 ἀσώματον
616 2392 645 2419 ὲν
661 2391 768 2426 σώματι
794 2391 976 2426 παρεζήλωσα

191 2440 286 2474 φύσιν.
311 2437 373 2463 ’Υπ’
399 2437 504 2469 οὐδενὸς
527 2437 582 2463 τῶν
608 2436 750 2471 παρόντων
779 2435 823 2462 τὸν
849 2433 978 2468 λογισμὸν

192 2483 393 2518 παρετράπην·
409 2483 477 2517 πρὸς
492 2483 546 2516 γὰρ
559 2482 608 2517 τὴν
629 2481 678 2517 σὴν
694 2481 780 2516 μόνην
797 2479 978 2515 ἀπησχόλησα

191 2528 290 2555 τοῦτον
332 2526 446 2561 μελέτην
463 2547 471 2559 ,
497 2526 615 2561 ὄργανον
650 2525 772 2560 ἐμαυτὴν
800 2525 978 2558 ὑμνολογικὶν

191 2572 398 2605 κατεσκεύασα,
427 2573 541 2608 δργανον
560 2572 733 2607 ἡρμοσμένον
759 2571 797 2606 τῷ
827 2571 978 2605 Πνεύματι,

193 2622 312 2657 ὄργανον
339 2621 391 2655 τῆς
420 2620 607 2654 καθαρότητος
635 2619 748 2654 away
779 2619 923 2654 μελῳδίαν,
950 2619 981 2645 τὸ

193 2667 250 2694 τῶν
268 2666 358 2693 ἀΰλων
382 2665 530 2699 Δυνάμεων
552 2665 768 2699 ἀνακρουόμενον
785 2663 872 2700 ᾆσμα,
889 2666 921 2700 τῇ
936 2673 980 2699 χε-

197 2713 310 2748 ρσυϐικῇ
346 2711 486 2745 δοξολογεᾳ
522 2718 552 2735 συ
559 2709 775 2744 μφθεγγόμενον.

817 2710 980 2744 Ἀκόρεςτον

234 2793 288 2828 (Ἰδ)
315 2793 413 2819 Plures
431 2790 476 2828 bic
502 2789 591 2828 hab_cs_
605 2790 764 2828 sententias.
780 2789 977 2828 qumnullatus

200 2825 370 2862 permittunt,
389 2831 419 2853 ut
439 2825 519 2860 Virgo
545 2825 669 2862 Deipara.
684 2825 812 2862 prim-.ew
840 2825 978 2851 laborasse

198 2859 266 2888 'vitio
276 2863 458 2889 existimetur.
474 2859 617 2894 Quomodo
627 2859 699 2885 enim
710 2859 898 2885 fulcimentum
907 2865 980 2885 esset

200 2897 269 2932 lapsi
281 2897 361 2932 primi
372 2896 505 2932 parentis,
522 2895 545 2924 si
558 2900 585 2922 et
601 2895 659 2929 ipsa
673 2894 746 2928 lapsa
761 2894 788 2920 in
808 2893 904 2920 eodem
925 2894 980 2921 hu:-

1024 1070 1090 1096 illir.
1106 1070 1247 1098 Undenam
1259 1071 1415 1097 exsurrexit
1437 1070 1580 1097 immotum
1596 1070 1663 1096 illud
1678 1070 1810 1102 fulcrum.

1025 1115 1124 1143 civitas
1139 1116 1314 1147 inconcussa,
1332 1116 1495 1143 innocentia:
1508 1116 1721 1148 ﬁrmamentum,
1739 1116 1812 1144 basis

1025 1161 1139 1189 humani
1156 1162 1375 1197 generis,‘primi
1391 1163 1480 1197 gentis
1497 1167 1598 1189 nostrai
1622 1163 1745 1196 parentis
1757 1163 1812 1189 ful-

1023 1208 1186 1240 cimentum,
1199 1215 1276 1235 novae
1291 1207 1441 1234 ercetionis
1457 1207 1687 1239 sustentaculum,
1704 1214 1813 1242 repara-

1022 1254 1139 1282 rationis
1155 1254 1278 1281 omnium
1296 1253 1503 1280 fundamentum
1522 1253 1590 1287 (78),
1604 1252 1696 1287 gaudii
1721 1252 1810 1283 radix,

1023 1305 1129 1327 natura:
1142 1299 1226 1326 totius
1241 1298 1379 1333 primitias,
1391 1306 1487 1325 murus
1498 1318 1504 1329 ,
1518 1305 1602 1332 super
1616 1305 1696 1331 quem
1713 1297 1811 1324 inaedi-

1024 1345 1103 1372 ﬁcata
1120 1344 1216 1371 salutis
1231 1348 1332 1371 nostrte
1355 1343 1472 1370 ﬁrmitas
1494 1343 1637 1370 innititur?
1651 1342 1726 1370 Unde
1747 1350 1813 1376 ergo

1023 1388 1256 1416 cxsurrcxit?Ex
1284 1388 1395 1422 Josephi
1423 1388 1516 1417 domo,
1540 1387 1566 1414 in
1598 1394 1652 1422 qua
1673 1394 1739 1414 sane
1764 1395 1813 1414 stta

1023 1435 1111 1470 ipsam
1140 1434 1230 1461 virtus
1256 1433 1478 1461 constantissime
1504 1432 1657 1459 detinebat.
1688 1433 1722 1459 At
1748 1439 1814 1459 vero

1022 1489 1104 1515 quam
1118 1481 1155 1508 ob
1171 1488 1229 1507 rem
1258 1487 1313 1508 non
1328 1480 1407 1513 dixit,
1425 1480 1540 1515 Egressa
1567 1483 1620 1510 est,
1638 1479 1697 1510 sed,
1714 1478 1814 1505 Exsur-

1024 1526 1218 1561 reritHugem
1235 1525 1342 1553 scilicet
1356 1530 1385 1553 et
1408 1530 1580 1553 constantem
1598 1524 1671 1551 illius
1692 1523 1813 1558 quietem

1024 1572 1244 1607 sapientissimus
1257 1572 1425 1607 evangelista
1439 1579 1488 1606 per
1514 1571 1573 1597 ha:c
1592 1569 1749 1605 significare
1766 1577 1815 1596 vo-

1025 1619 1084 1645 luit.
1104 1617 1170 1644 Nam
1187 1618 1307 1644 stabilita
1321 1617 1526 1652 quodammodo
1546 1621 1575 1643 et
1590 1616 1703 1642 immota
1727 1622 1814 1650 super

1024 1662 1232 1690 fundamentum
1249 1662 1390 1697 patientia).
1406 1666 1434 1689 et
1448 1661 1602 1688 sanctitatis
1615 1660 1702 1687 deﬁxa
1721 1660 1814 1687 consi-

1025 1709 1130 1740 stebat;
1147 1717 1236 1742 neque
1261 1709 1375 1735 forsitan
1393 1708 1461 1734 citra
1478 1707 1664 1741 impellentctn
1696 1706 1815 1734 necessi-

1027 1759 1108 1782 tatem
1124 1755 1158 1782 ab
1173 1755 1298 1782 insiituto
1313 1762 1362 1781 suo
1377 1753 1545 1780 discedebat.

1035 1833 1038 1835 Α
1065 1801 1135 1828 XIV.
1149 1800 1214 1834 Qua:
1227 1808 1293 1835 ergo
1310 1801 1336 1827 in
1353 1800 1493 1826 domicilio
1509 1807 1560 1826 suo
1574 1800 1659 1826 veluti
1676 1800 1702 1826 in
1728 1808 1816 1826 sacra-

1026 1847 1068 1874 rio
1086 1847 1246 1874 abscondita
1271 1846 1377 1873 solebat
1406 1853 1528 1877 manere,
1543 1845 1577 1872 ad
1593 1845 1765 1873 sacerdotem
1787 1851 1815 1873 et

1027 1894 1054 1920 iu
1073 1898 1201 1920 montana
1220 1899 1282 1919 cum
1308 1891 1484 1918 festinatione
1505 1898 1534 1917 se
1556 1891 1726 1921 conferebat,
1741 1891 1816 1918 hisce

1026 1938 1105 1964 facile
1120 1937 1235 1964 vocibus
1259 1937 1344 1964 Deum
1361 1936 1505 1971 alloquens
1522 1946 1529 1964 :
1546 1937 1613 1971 Ego,
1626 1936 1778 1970 inquiebat,
1798 1945 1814 1963 ο

1027 1983 1153 2013 Domine.
1172 1988 1216 2010 tua
1232 1990 1274 2009 me
1294 1982 1380 2017 gratia
1394 1982 1578 2016 gubernante.
1595 1981 1628 2008 ad
1642 1981 1712 2008 hanc
1730 1989 1816 2016 usque

1026 2033 1134 2056 aetatem
1155 2034 1183 2056 et
1205 2029 1239 2056 ad
1272 2032 1434 2063 praesentem
1468 2028 1541 2054 diem
1567 2027 1602 2054 ab
1630 2027 1664 2054 iis
1688 2027 1818 2054 onmibus

1028 2083 1072 2101 me
1097 2074 1244 2104 custodivi,
1259 2073 1492 2108 qumcumque’ad
1522 2073 1749 2108 eorrumpendatn
1769 2081 1818 2108 per

1027 2127 1125 2146 sensus
1149 2120 1295 2154 puritatem
1327 2119 1427 2146 mentis
1453 2123 1519 2145 sunt
1542 2117 1651 2145 idunea.
1675 2118 1709 2145 Et
1728 2118 1818 2144 oculis

1027 2165 1138 2200 quidem
1153 2164 1337 2192 concedebant
1353 2168 1394 2197 ut,
1411 2163 1456 2191 ubi
1469 2171 1540 2198 opus
1554 2167 1637 2196 esset,
1650 2166 1795 2190 cernerent
1808 2171 1818 2194 ;

1027 2211 1075 2238 sed
1097 2215 1310 2245 quantacunque
1340 2210 1451 2237 videndi
1477 2210 1517 2236 vis
1545 2210 1645 2241 inerat,
1676 2213 1760 2236 totam
1782 2209 1817 2236 ad

1028 2256 1262 2290 magnificentiam
1279 2260 1352 2282 tuam
1369 2254 1609 2289 contemplandatu
1624 2254 1711 2280 erexi.
1730 2253 1820 2280 Aures

1027 2307 1111 2334 porro
1124 2307 1207 2334 puras
1221 2299 1398 2333 illibatasque
1416 2306 1541 2329 servans,
1556 2303 1667 2333 paratas
1680 2297 1818 2325 habebant

1030 2346 1063 2373 ad
1083 2345 1237 2373 divinarum
1262 2352 1354 2371 rerum
1382 2344 1593 2379 explicationem
1616 2343 1818 2378 excipiendam.

1032 2392 1100 2419 Tum
1112 2392 1182 2419 labia
1198 2397 1254 2418 tum
1269 2391 1390 2426 linguam
1411 2390 1438 2417 in
1455 2395 1480 2417 te
1498 2389 1680 2417 collaudando
1704 2388 1817 2415 assidue

1028 2446 1173 2470 exercens,
1189 2437 1367 2471 incorporeas
1395 2441 1510 2463 naturas
1532 2436 1560 2462 in
1583 2442 1699 2469 carpore
1721 2433 1821 2461 stude-

1029 2484 1094 2511 bam
1122 2483 1254 2510 :emulari.
1273 2481 1353 2509 Nulla
1378 2488 1499 2516 unquam
1527 2485 1698 2507 terrenarum
1726 2486 1818 2505 rerqu

1031 2536 1120 2556 meam
1139 2536 1154 2555 a
1181 2532 1206 2554 te
1227 2531 1345 2554 tuentem
1370 2526 1493 2553 avertit:
1511 2525 1544 2552 ad
1571 2532 1652 2551 uuam
1674 2525 1748 2551 enim
1778 2523 1822 2550 tui.

1031 2573 1289 2609 contemplationem
1312 2571 1415 2606 iugiter
1436 2577 1497 2599 eam
1519 2570 1662 2598 intendere
1676 2569 1818 2601 consuevi,

1033 2627 1167 2655 organum
1183 2618 1374 2652 memetipsam
1392 2617 1526 2644 exhibens
1545 2616 1600 2643 tuis
1628 2615 1757 2642 laudibus
1777 2622 1822 2641 re-

1034 2673 1134 2692 sonans
1151 2685 1157 2696 ,
1183 2670 1316 2698 organum
1340 2670 1355 2689 a
1376 2667 1471 2689 sancto
1498 2661 1602 2696 Spiritu
1632 2660 1666 2687 ad
1685 2666 1822 2694 supernas

1034 2711 1191 2738 ltarmonias
1205 2713 1338 2744 aptatum,
1350 2716 1484 2743 organum
1498 2707 1675 2735 suavissimo:
1691 2705 1827 2741 puritatis

1028 2789 1105 2816 rebat
1119 2788 1198 2815 luto?
1209 2787 1353 2820 Quomodo
1365 2793 1438 2812 nam
1448 2786 1586 2812 crcctionia
1596 2783 1818 2820 sustentaculum.

1029 2825 1051 2851 si
1068 2832 1130 2851 eutn
1150 2823 1212 2849 altis
1221 2818 1347 2856 'jacelmt.
1365 2826 1393 2848 et
1414 2828 1476 2847 cum
1504 2821 1566 2847 aliis
1586 2825 1646 2847 erat
1670 2818 1825 2856 erigenda?

1029 2859 1172 2891 Quomodo
1202 2853 1382 2891 reparationis
1406 2856 1523 2882 omnium
1539 2853 1765 2891 vlundamcntitm,
1795 2853 1822 2880 si

1031 2890 1170 2920 communi
1186 2890 1309 2920 omnium
1322 2890 1515 2919 iuvolvebatur
1529 2890 1630 2918 ruina?
