2034 3153
202 214 256 245 075

832 209 961 239 J.\C0l}l
983 207 1155 238 MONACHI

1777 209 1827 240 676

203 272 354 296 concentus
383 266 538 297 modulans,
568 264 640 299 quod
666 264 818 290 rudestium
849 265 987 290 Virtutum

1045 263 1138 297 ἔχουσα
1157 262 1205 296 τὴν
1225 261 1329 296 ἔφεσιν,
1352 261 1469 297 ἄληκτον
1484 262 1633 297 διετήρησα
1648 263 1697 295 τὴν
1714 262 1825 294 αἴνεσιυ,

203 313 319 346 canticis
347 311 502 345 respondet,
528 310 601 344 quod
632 310 789 336 chernbieis
815 310 908 343 gioria:
937 315 990 336 ture

203 359 372 386 carminibus
387 356 518 384 concinit.
536 355 687 383 lnsatiabili
704 355 743 383 tui
759 356 859 382 ardens
879 355 988 382 deside-

204 406 257 436 rio,
290 404 477 431 indesinenter
501 409 653 437 prosequor
686 402 873 428 laudationem
899 406 989 432 tuam;

203 457 296 477 amore
319 449 358 475 tui
389 456 436 475 cor
462 447 585 474 saucium
610 447 685 473 intus
712 453 821 480 gerens,
847 446 873 472 itt
906 446 989 473 verba

202 495 303 520 amoris
329 493 498 519 incessanter
525 498 650 525 erumpo.
669 490 719 517 llic
742 498 818 517 amor
841 490 907 516 ntihi
927 499 989 517 cum

203 545 317 572 corpore
339 537 489 568 sucerevit,
511 537 556 563 hic
580 544 642 563 cum
666 541 759 562 tuente
775 535 913 562 adolevit:
927 543 989 562 cum

203 584 255 610 hoc
272 583 352 610 simul
380 582 527 616 eongcnita
544 581 634 608 anima
660 589 720 607 mea
737 580 791 614 (79)
813 580 990 615 bymuodiam

203 628 347 656 intermitti
362 628 482 654 nesciam
500 627 626 661 pertexit.
646 626 788 652 Luxenim
807 634 847 658 es,
860 626 988 658 Domine;

203 677 250 706 lux
281 675 464 708 undequaque
495 673 678 704 suavissima;
710 671 756 698 lux
783 672 852 698 citra
880 680 990 699 omnem

203 720 440 754 comparationem
461 717 670 750 desiderabilis;
690 717 736 744 lux
750 725 809 752 quae
834 717 902 744 citra
922 722 991 744 tem-

204 773 302 801 porum
342 764 645 799 spatia~intelligitur;
676 763 723 790 lux
760 771 820 797 quze
859 763 991 797 temporis

205 811 314 838 vicibus
343 818 397 837 non
428 809 580 841 subditur;
609 809 654 835 lux
680 809 706 835 in
743 808 898 835 innocentia
930 817 990 835 inea

206 858 359 892 refulgens;
375 857 419 884 lux
443 857 565 891 dirigens
581 863 692 891 gressus
717 864 812 888 meos;
834 857 890 887 lux,
909 863 990 890 quant

205 910 254 937 per
265 902 456 929 admirantium
471 901 546 927 illum
564 900 692 926 uuntitttn
707 900 733 926 in
751 908 793 927 me
811 901 905 934 excepi
922 901 988 934 (80),

1041 309 1115 334 ἔνδον
1134 309 1179 334 τὸν
1200 308 1244 334 σὺν
1269 309 1456 343 ἐπιφερομένη
1478 308 1570 341 πόθον,
1592 309 1776 340 ἀδιαλείπτως
1796 311 1828 336 τὰ

1041 354 1090 386 τῆς
1103 354 1184 380 αὑτοῦ
1205 355 1316 389 ἀγάπης
1326 354 1514 389 προϐάλλομαι
1528 355 1648 388 ῥήματα.
1665 352 1749 386 Οὗτος
1758 363 1827 380 συν-

1040 399 1145 433 ηυξήοη
1168 399 1207 433 τῷ
1225 399 1343 434 σώματι,
1360 397 1438 430 οὗτος
1471 400 1642 434 συνακμάζει
1662 401 1695 434 τῇ
1712 399 1826 433 διανοίᾳ,

1038 445 1125 478 τούτῳ
1136 447 1152 479 ἡ
1161 444 1233 479 ψυχὴ
1247 445 1442 480 προσφυομένη
1459 445 1508 479 τὴν
1520 445 1733 471 ἀκατάπαυστον
1749 444 1829 478 ὑμνο-

1039 491 1131 524 λογίαν
1156 490 1307 517 διαπλέκει.
1335 491 1394 522 Φῶς
1412 491 1465 526 γὰρ
1485 489 1520 522 εἴ,
1546 490 1680 522 Δέσποτα,
1714 490 1772 523 φῶς
1799 490 1829 515 τδ

1043 537 1129 570 μόνως
1143 537 1326 570 γλυκύτατον
1341 537 1397 571 φῶς
1414 537 1444 563 τὸ
1458 537 1631 571 ἁσυγκρίτως
1644 535 1827 569 ποθούμενον·

1042 581 1098 615 φῶς
1118 582 1148 607 τὸ
1164 582 1286 616 ἀχρόνως
1299 581 1444 616 νοούμενον
1459 590 1465 596 “
1483 581 1539 615 qui);
1555 581 1584 607 τὸ
1609 581 1646 615 μὴ
1663 580 1828 614 τεμνόμενον

1041 628 1129 662 χρόνῳ
1140 636 1145 641 ·
1157 627 1214 661 φῶς
1229 629 1260 653 τὸ
1272 627 1452 661 καταλάμπον
1468 628 1496 653 ἐν
1511 628 1544 662 τῇ
1566 626 1663 660 ἁγνείᾳ
1679 634 1731 660 μου
1745 633 1752 640 ·
1771 625 1828 659 φῶς

1041 674 1071 699 τὸ
1083 673 1250 700 κατευθῦνον
1260 673 1309 704 τὰς
1317 673 1392 705 ὁδούς
1406 682 1455 708 μου
1466 682 1473 687 '
1485 673 1542 707 φῶς
1555 673 1622 707 ὅπερ
1638 672 1683 698 διὰ
1707 672 1762 698 τῶν
1778 681 1829 697 πα-

1043 719 1164 753 ραδόξων
1182 718 1348 753 μηνυμάτων
1365 717 1552 753 ὑπεδεξάμην,
1569 718 1638 751 ὅπερ
1655 716 1698 743 διὰ
1716 718 1767 751 τῆς
1781 725 1829 750 χο.-

1041 766 1091 800 ρΞς
1116 765 1368 800 κατεπλουτίσθηνο
1393 765 1423 791 τὸ
1450 764 1550 795 παντὸς
1577 764 1706 790 ἐπέκεινα
1729 763 1830 795 γλυκα-

1042 810 1164 844 σμοῦ,τὸ
1183 811 1274 845 πάσης
1294 810 1482 844 φωτοφανείας
1504 810 1607 835 αἴτιον·
1629 802 1708 834 τοῦτο
1728 806 1775 833 νῦν
1794 806 1830 837 ὡς

1040 855 1137 889 λύχνον
1164 855 1328 889 κατέχουσα,
1354 856 1400 881 καὶ
1429 855 1467 885 ὡς
1493 854 1700 887 ἀσφαλέστατον
1723 851 1830 886 φύλακα

1042 902 1172 936 φέρουσα,
1195 902 1262 936 πρὸς
1276 901 1420 935 ἀσυνήθεις
1437 900 1582 934 στέλλομιι
1596 899 1722 933 πορείας.

205 955 258 982 qua
272 948 359 974 multo
381 954 442 973 cum
455 945 555 980 gaudio
570 946 736 980 locupletata
751 953 827 977 sum;
864 953 923 979 qua:
946 954 1055 973 omnem
1086 947 1172 974 vineit
1191 945 1376 977 dulcedinem,
1411 953 1472 979 quae
1500 944 1622 979 cujusvis
1651 941 1830 970 illuminalio-

205 995 249 1022 nis
261 995 338 1029 origo
350 999 410 1026 est;
426 994 496 1020 hanc
511 993 592 1020 modo
607 1000 656 1020 ceu
672 993 826 1027 lampadem
844 998 940 1020 tenens
954 1013 961 1025 ,
979 998 1007 1020 et
1026 1002 1075 1021 ceu
1104 994 1292 1022 fidelissimum
1312 993 1453 1021 custodem
1480 1000 1587 1019 meeum
1604 991 1719 1023 habens,
1742 990 1829 1017 insue-

206 1041 241 1067 tis
265 1048 308 1067 me
322 1041 469 1069 itineribus
484 1043 638 1070 committo.

240 1087 297 1113 XV.
323 1087 444 1115 Cernere
458 1096 524 1124 ergo
538 1093 604 1116 tunc
617 1093 677 1116 erat
703 1089 904 1116 immaculatum
923 1090 995 1116 illam
1011 1092 1033 1121 Β

203 1140 218 1159 e
231 1132 290 1159 loco
305 1132 331 1159 in
349 1133 440 1160 locum
460 1138 659 1164 transeuntem,
671 1139 699 1160 et
711 1134 767 1168 jugi
788 1134 896 1160 incessu
914 1142 992 1168 gres-

203 1186 250 1206 sus
275 1180 477 1212 alternantem,
509 1181 718 1215 subjectumque
747 1179 836 1206 solum
870 1179 993 1214 vestigiis

203 1225 262 1252 suis
278 1226 397 1260 puritate
413 1225 637 1260 perluudentem.
655 1225 676 1252 0
691 1230 761 1251 terra
790 1225 846 1257 illa,
863 1233 923 1259 qu:e
939 1226 992 1252 im-

203 1278 296 1304 pressa
315 1270 527 1304 purissimorutn
551 1270 625 1297 illius
640 1271 795 1304 fgressuum
812 1271 888 1304 signa
912 1277 992 1296 exce-

204 1315 260 1348 pitl
287 1315 308 1342 Ο
330 1315 392 1350 quis
416 1316 572 1349 expeditam
597 1315 664 1342 mihi
687 1315 758 1342 riam
787 1315 820 1342 ad
837 1315 993 1342 veneranda

205 1361 254 1388 illa
267 1361 325 1388 loca
354 1361 576 1396 pnebeat?Quis
602 1361 669 1388 milli
699 1361 802 1388 tribuat
830 1366 935 1388 tanturn
954 1361 993 1387 νίν

205 1407 286 1439 rium,
300 1412 330 1434 ut
345 1408 410 1434 illuc
421 1407 562 1442 appelletis
575 1407 742 1434 desiderium
754 1415 843 1434 meum
857 1408 993 1442 expleam,

206 1457 236 1480 ut
250 1457 351 1479 terram
379 1453 453 1479 illam
474 1452 629 1483 deosculer,
645 1460 728 1487 quam
745 1453 993 1480 immaculatissimi

205 1498 244 1525 illi
271 1498 354 1532 pedes
376 1499 564 1529 calcaverunt,
584 1498 611 1525 in
639 1506 692 1532 qua
715 1498 892 1526 illibatissimi
920 1498 995 1525 illius

206 1543 329 1570 incessus
339 1544 432 1570 relicta
449 1548 515 1571 sunt
528 1543 643 1578 vestigia
657 1544 713 1579 (8|)
723 1544 776 1571 ?Ut
793 1545 907 1571 humum
919 1545 995 1571 illam

205 1589 428 1622 apprehendens,
442 1593 470 1616 et
487 1589 575 1615 oculis
590 1594 618 1616 et
631 1590 673 1617 ori
695 1597 841 1624 apponam,
861 1597 993 1625 meosque

206 1639 303 1659 sensus
324 1640 421 1660 omnes
453 1633 642 1665 sanetilicem,
669 1634 848 1669 eamdemque
877 1635 906 1662 in
932 1635 993 1662 sinu

207 1685 268 1704 meo
285 1685 333 1705 ceu
349 1678 581 1713 pretiosissimum
598 1679 758 1707 thesaurum
774 1681 942 1707 recondam?

249 1723 320 1754 XVI.
333 1723 404 1751 Ecce
417 1724 489 1751 enim
501 1730 634 1752 creatura:
645 1733 740 1753 omnes
759 1726 797 1752 illi
810 1734 858 1760 per
873 1727 994 1753 medium

1086 1089 1134 1115 lE’.
1150 1087 1204 1114 ἾῙν
1218 1088 1307 1113 τοίνυν
1320 1087 1379 1113 τότε
1394 1086 1514 1120 καθορᾷν
1529 1085 1628 1115 τόπους
1651 1083 1831 1118 μεταμείόου-

1043 1143 1092 1161 σαν
1111 1135 1160 1169 τὴν
1178 1134 1322 1168 ἄχραντον,
1339 1133 1438 1166 συνεχῆ
1452 1140 1481 1157 τε
1496 1126 1697 1165 μεταποιοῦσαν
1710 1129 1828 1163 βήματα,

1042 1181 1089 1206 καὶ
1106 1181 1163 1211 τοῖς
1191 1179 1291 1209 οίκείος
1307 1178 1337 1204 τὸ
1355 1178 1454 1211 ἔδαφος
1477 1175 1695 1210 καθαγνίζουσαν
1720 1175 1829 1209 ἴχνεσιν.

1044 1226 1075 1251 Ὠ
1085 1226 1135 1260 γῆς
1151 1226 1270 1259 ἐκείνης,
1284 1225 1346 1259 ἥτις
1359 1224 1414 1250 τῶν
1435 1222 1560 1257 ἀμώμων
1576 1221 1660 1255 αὐτῆς
1674 1221 1755 1256 ἰχνῶν
1770 1222 1831 1252 τοὺς

1043 1271 1145 1302 τύπους
1172 1271 1297 1303 ὲδέξατοί
1323 1269 1346 1296 ὦ
1369 1270 1410 1300 τις
1441 1270 1474 1295 ἃν
1505 1267 1644 1295 ἀκώλυτόν
1671 1276 1716 1302 μοι
1745 1267 1831 1302 παρά-

1044 1326 1102 1352 σχοι
1117 1317 1166 1352 τὴν
1193 1318 1231 1347 είς
1250 1317 1372 1347 ἐκείνους
1388 1317 1452 1347 τοὺς
1470 1316 1636 1349 σεὸασμίους
1662 1315 1763 1344 τόπους
1782 1313 1830 1346 61'9-

1044 1354 1112 1395 ίξινς
1127 1362 1175 1393 Τίς
1190 1362 1222 1388 ἄν
1239 1370 1284 1396 μοι
1295 1361 1353 1396 δοίη
1367 1361 1528 1396 περιουσίαν
1536 1361 1690 1395 δυνάμεως,
1705 1359 1776 1384 ὥστε
1799 1358 1832 1383 τὰ

1043 1408 1133 1433 ἐκεῖσε
1142 1407 1320 1441 κατειληφότι
1329 1405 1378 1440 τῆς
1389 1406 1538 1441 ἐπιθυμίας
1549 1405 1751 1440 ἐμφορηθῆναι,
1761 1404 1831 1430 ὥστε

1043 1455 1092 1489 τὴν
1105 1453 1157 1488 γῆν
1172 1453 1279 1488 ἐκείνην
1288 1451 1514 1487 περιπτύξασθαι,
1532 1452 1574 1486 ἐφ’
1584 1452 1617 1487 ἢν
1633 1452 1657 1477 οἱ
1675 1451 1830 1486 πανάχρςιν-

1045 1508 1085 1526 τοι
1104 1500 1182 1531 πόδες
1208 1499 1347 1534 ἐπέϐησαν
1375 1500 1486 1530 ἐκεῖνοι,
1505 1498 1547 1532 ἐφ’
1570 1496 1603 1535 ἧς
1619 1498 1652 1524 τὰ
1674 1497 1832 1524 πανάσπιλα

1044 1545 1265 1580 διεσημάνθησαν
1298 1544 1428 1580 βήματας
1458 1545 1539 1571 Ὥστε
1567 1545 1612 1570 τὸν
1632 1543 1696 1579 χοῦν
1729 1544 1833 1570 ἐκεῖνον

1045 1591 1249 1626 ἀναλεξαμένῳ,
1265 1591 1415 1626 ὀφθαλμοῖς
1427 1590 1562 1617 ἐπιθεῖναι
1581 1590 1629 1616 καὶ
1643 1590 1770 1624 στόματι,
1786 1589 1833 1615 καὶ

1045 1639 1135 1664 πᾶσαν
1152 1637 1281 1672 αἴσθησιν
1301 1637 1481 1670 καθαγιάσαι,
1499 1636 1545 1662 καὶ
1556 1636 1593 1667 ὡς
1610 1635 1760 1670 πολύτιμον
1785 1634 1834 1669 θη-

1047 1683 1147 1717 σαυρὸν
1163 1681 1391 1716 ὲγκολπώσασθαι
1408 1681 1513 1708 τοῦτον.

1082 1728 1131 1755 1Ζ’.
1155 1729 1221 1754 Ἰδοὺ
1235 1728 1289 1762 γὰρ
1303 1727 1495 1762 μεσοπορούσῃ
1508 1725 1595 1762 ταύτῃ
1610 1726 1625 1761 ἡ
1639 1725 1729 1757 κτίσις
1758 1727 1833 1752 πᾶσα

207 1769 481 1804 ιτειιιεθυηιὶρὴνίδηι
495 1771 580 1798 veluti
589 1777 776 1804 occurrentes,
785 1773 995 1807 gratulabundis

1048 1774 1263 1809 προῦπαντῶσοι,
1284 1775 1339 1804 τοῖς
1362 1773 1551 1809 χαριστηρίοις
1578 1773 1830 1808 προσεπιδεξιοῦται

206 1814 329 1850 laetisque
345 1816 418 1842 illam
433 1817 547 1844 vocibus
563 1818 714 1852 excipiunt.
735 1818 769 1844 Et
785 1823 858 1845 terra
874 1818 997 1853 quidem,

208 1864 341 1895 tauquam.
348 1862 461 1896 proprio
477 1862 610 1897 inprimis
629 1865 751 1898 genuine
772 1865 943 1899 superbiens,
961 1866 998 1892 ita

207 1908 411 1941 propemodum
436 1909 594 1936 exclamat:
619 1910 658 1937 Eu
686 1910 876 1937 ﬂoridissuuus
905 1918 999 1938 ramus

207 1959 377 1984 meus;ecce
409 1954 559 1982 fertilitatis
588 1963 655 1982 mea:
678 1956 997 1988 fructus,exuberantes

207 1997 338 2026 ubertatis
359 2007 427 2026 mea:
456 2000 568 2033 divitia),
591 2001 727 2028 ubertatis
750 2006 778 2028 et
800 2002 1000 2030 benedictionis

206 2043 399 2071 fecundissima
412 2045 539 2072 feracitas
553 2046 621 2080 (82),
634 2055 681 2080 per
695 2055 777 2080 quam
792 2055 807 2074 a
821 2048 997 2075 damnatione

208 2090 314 2116 l'ereudi
329 2090 424 2125 spinas
441 2091 555 2126 eripiar,
577 2099 626 2126 per
642 2100 723 2126 quam
741 2101 755 2119 a
771 2094 937 2120 tributorum
953 2102 1001 2121 as-

209 2134 483 2168 peritateliberabor.
497 2137 555 2171 ipsa
566 2142 610 2164 est
620 2138 723 2164 oblatio
740 2146 810 2170 utea,
827 2146 875 2173 per
887 2146 968 2172 quam
983 2147 998 2166 a

209 2181 323 2206 maculis
331 2181 470 2215 abstergar
481 2186 508 2208 et
519 2182 672 2209 ntundabor
684 2183 853 2218 (85),_etquae
862 2183 998 2211 idolorum

209 2225 352 2253 nidoribus
365 2231 429 2253 ante
445 2226 559 2260 polluta,
570 2231 598 2253 et
617 2226 708 2261 impiis
727 2227 846 2254 lavacris
860 2228 995 2254 contami-

1047 1821 1145 1853 λόγοις.
1172 1819 1210 1854 Γῆ
1236 1819 1295 1854 μὲν,
1311 1819 1348 1849 ὡς
1375 1818 1469 1853 οἰκείῳ
1493 1819 1610 1853 πρώτως
1645 1817 1832 1852 τεμνυνομένη

1048 1866 1217 1901 βλαστήματι
1232 1885 1239 1897 ,
1263 1863 1376 1891 τοιαῦτα
1403 1864 1496 1898 σχεδὸν
1529 1863 1688 1889 ἐπιϐοᾶται·
1713 1862 1779 1888 Ἰδοὺ
1804 1862 1834 1888 τὸ

1046 1911 1231 1947 ἀνθηρότατον
1274 1919 1325 1945 μου
1352 1909 1494 1944 στέλεχος·
1527 1909 1581 1935 ἰδοὺ
1617 1911 1667 1943 τῆς
1703 1909 1833 1944 εὐφορίας

1049 1967 1099 1993 μου
1115 1958 1129 1983 ὁ
1146 1957 1264 1992 καρπὸς,
1275 1957 1289 1982 ὁ
1305 1956 1420 1990 ἄφθονος
1436 1955 1486 1989 τῆς
1508 1956 1578 1989 ἐμῆς
1602 1955 1728 1989 εὐθηνίας
1751 1953 1833 1980 τιλοῦ-

1047 2010 1110 2032 τος,
1137 2002 1153 2036 ἡ
1187 2001 1235 2035 τῆς
1259 2001 1386 2034 εὐθηνίας
1416 2001 1463 2026 καὶ
1492 1999 1619 2033 εὐλογίας
1637 1999 1831 2033 καρποφορία.

1047 2047 1081 2073 δι’
1099 2045 1132 2082 ἧς
1145 2047 1194 2080 τῆς
1205 2046 1260 2072 τῶν
1275 2045 1401 2072 ἀκανθῶν
1422 2045 1654 2079 ἀπαλλαγήσομαι
1667 2044 1828 2077 καταδίκης,

1046 2093 1078 2118 δι’
1091 2090 1124 2126 ἦς
1141 2093 1191 2126 τῆς
1205 2092 1258 2118 τῶν
1275 2091 1408 2126 τριϐόλων
1421 2091 1675 2125 ὲλευθερωθήσομαι
1697 2089 1833 2124 τραχύτη-

1047 2146 1101 2168 τος.
1120 2138 1195 2172 Αὕτη
1207 2137 1281 2163 ἐστὶν
1307 2137 1323 2171 ἠ
1348 2137 1402 2171 ἐμὴ
1421 2136 1575 2171 προσφορὰ,
1594 2136 1626 2162 δι’
1656 2133 1690 2169 ἦς
1708 2135 1834 2169 ἀποσμη-

1050 2183 1186 2218 χθήσομαί
1194 2192 1223 2209 τε
1230 2184 1276 2209 καὶ
1287 2182 1536 2218 καθαρισθήσομαι,
1546 2183 1589 2208 καὶ
1600 2182 1735 2216 μυστικῆς
1745 2181 1835 2207 θυσια-

1052 2230 1161 2264 στήριον
1174 2229 1338 2264 χρηματίοω
1358 2228 1454 2259 θυσίας
1466 2237 1472 2243 ·
1484 2230 1500 2262 ἡ
1513 2229 1571 2258 ταῖς
1590 2227 1742 2257 είδωλικαίς
1760 2234 1835 2260 μιαι-

245 2317 301 2355 _('i_9)
318 2315 393 2355 Nihil
408 2322 474 2355 sane
489 2315 647 2350 praeclarius
657 2317 690 2355 ad
712 2316 885 2355 sanctitatem
902 2318 996 2352 prima:
1013 2324 1035 2353 ι)
1049 2323 1209 2355 sustentant,
1232 2319 1277 2345 ubi
1298 2319 1394 2346 scribit
1410 2318 1448 2353 (in
1466 2318 1510 2355 Ps.
1527 2317 1571 2347 49,
1587 2325 1614 2343 n.
1637 2317 1662 2349 1)
1676 2325 1682 2342 :
1704 2316 1757 2342 Nec
1777 2319 1833 2352 ipsa

209 2352 309 2386 origini
322 2351 441 2384 Virginis
459 2358 577 2386 coaevam
591 2351 790 2384 pratdicandam
805 2352 858 2379 dici
872 2351 994 2386 poterat:

210 2389 233 2414 si
258 2385 338 2413 enim
359 2393 421 2412 cum
452 2385 694 2412 vehementissimo
725 2387 773 2413 Dei
802 2385 894 2414 amore
919 2387 997 2415 beata

212 2423 334 2455 Deipara:
351 2421 442 2446 anima
460 2420 605 2454 congenita
622 2425 681 2452 est,
695 2420 869 2455 divinumque
880 2423 998 2449 charita-

211 2462 266 2484 tein
290 2464 344 2483 non
365 2463 444 2491 secus
458 2463 490 2482 ac
509 2463 541 2482 ex
560 2456 698 2482 communi
724 2457 912 2491 theologorum
935 2465 997 2483 seti—

213 2492 298 2519 tentia
328 2490 445 2525 angelici
475 2490 589 2526 spiritus
611 2495 639 2516 et
656 2492 737 2524 primi
764 2497 902 2526 parentes,
917 2492 998 2518 simul

211 2534 273 2553 cum
304 2532 401 2552 natura
429 2525 550 2559 accepit;
581 2532 689 2559 semper
717 2534 783 2560 ergo
816 2531 910 2553 sancta
933 2527 996 2558 fuit,

211 2568 375 2596 semperque
391 2560 446 2596 Deo
459 2560 658 2596 dilectissima;
675 2568 725 2588 nec
748 2566 886 2588 tartareus
906 2566 998 2596 tyran-

213 2604 267 2623 nus
282 2597 352 2622 haue
366 2595 486 2622 animam
512 2595 565 2622 sibi
585 2596 650 2622 olim
670 2596 754 2623 fuisse
767 2596 871 2628 sedem,
896 2595 999 2630 jactare

229 2631 351 2666 uperbus
368 2634 467 2666 potest.

255 2666 311 2700 (80}
326 2665 388 2692 litec
408 2665 502 2705 verba,
517 2669 547 2691 ut
561 2669 638 2705 puto,
651 2665 696 2705 ah_
710 2665 814 2693 Isidoro
827 2665 868 2692 vel
886 2665 998 2705 incogi-

215 2705 290 2728 tante
313 2701 428 2726 extorsit
450 2701 606 2727 communis
623 2701 746 2727 omnium
775 2701 922 2729 sententia.
939 2708 999 2734 qua:

213 2743 268 2762 non
283 2735 364 2761 modo
380 2738 456 2761 tenet
475 2735 599 2761 divinutn
626 2735 743 2762 Verbum
769 2735 940 2762 inearnatum
967 2742 999 2761 ex

214 2774 278 2796 tunc
290 2770 384 2801 fuisse,
398 2777 460 2796 cum
480 2769 546 2796 illud
558 2770 630 2796 inter
644 2770 798 2797 Gabrielcm
814 2778 846 2797 ac
861 2770 998 2804 Virginem

214 2805 382 2838 colloquium
412 2804 576 2836 habebatur,
592 2805 640 2831 sed
666 2805 705 2831 uti
727 2811 832 2831 certutu
860 2805 953 2835 habet,
974 2804 1000 2830 id

213 2839 297 2865 beata:
316 2839 436 2873 Deipara:
451 2839 572 2873 ignotum
594 2847 646 2866 non
666 2840 790 2866 l‘uisse.A
819 2848 871 2874 qua
891 2840 1000 2874 quidem

213 2874 359 2902 sententia,
379 2879 408 2900 ut
420 2874 538 2900 vidimUs
552 2875 625 2908 (sup.
642 2875 710 2908 §lV’,
722 2882 782 2908 pag.
797 2876 858 2907 479)
873 2875 998 2901 disci-ssi-

213 2914 256 2933 sse
267 2907 367 2934 Auctor
379 2908 498 2940 videtur,
518 2916 541 2935 et
559 2907 625 2936 huic
641 2907 778 2943 pra-ivisse
798 2910 899 2936 dixeris
914 2909 999 2943 Chry-

1055 2353 1143 2387 Virgo.
1163 2362 1220 2388 qum
1246 2363 1305 2381 eum
1330 2360 1404 2381 utero
1419 2353 1546 2388 gestabat,
1570 2356 1679 2388 noverat
1705 2360 1833 2388 arcemur:

1049 2386 1176 2422 mysterii;
1187 2389 1252 2414 ῡὺδὲ
1267 2390 1334 2422 αὐτὴ
1344 2390 1360 2422 ἡ
1377 2386 1548 2423 κνοφοροῦσα
1564 2387 1701 2420 Παρθένος
1713 2386 1770 2420 ᾔδει
1787 2388 1833 2414 τοῦ

1052 2424 1202 2457 μυστηρίου
1215 2423 1245 2448 τὸ
1258 2425 1424 2458 ἀπόρρητον.
1574 2456 1579 2458 _
1781 2455 1786 2458 _
1801 2452 1803 2455 ι

1081 2455 1269 2493 (ξυγίιιοείίε,
1285 2455 1423 2493 quomodo
1436 2456 1625 2491 praerogativa,
1642 2455 1833 2493 quasmaxime

1051 2492 1077 2517 in
1094 2491 1202 2526 Virgine
1217 2490 1347 2524 enitebat,
1370 2490 1451 2526 atque
1464 2493 1531 2518 adeo
1547 2498 1600 2524 prie
1617 2490 1728 2525 reliquis
1741 2491 1834 2517 Obser-

1050 2525 1165 2552 vabatur
1179 2527 1299 2554 ﬁdelium
1322 2525 1470 2559 mentibus,
1487 2533 1588 2560 easque
1605 2525 1773 2560 percellchat
1788 2533 1832 2551 ve-

1051 2561 1204 2593 hementer,
1219 2563 1322 2595 puritas
1337 2567 1380 2589 est
1396 2563 1441 2588 illa
1463 2561 1688 2595 singularissima,
1701 2567 1761 2594 qua:
1777 2561 1834 2586 cir-

1051 2597 1216 2623 cumstantia
1231 2597 1322 2624 omnia
1336 2597 1420 2623 veluti
1437 2596 1635 2623 sanctiﬂeabat.

1091 2631 1146 2664 (82)
1165 2631 1252 2658 Habes
1269 2633 1322 2663 hic,
1338 2632 1403 2666 quid
1418 2632 1454 2658 sit
1467 2631 1605 2661 feracitas,
1625 2631 1659 2658 de
1684 2637 1738 2664 qua
1759 2637 1832 2659 terra

1051 2666 1109 2701 haec
1125 2669 1216 2692 nostra
1227 2667 1368 2700 gloriatur.
1382 2666 1552 2700 Quaanem'pe
1564 2666 1632 2692 nihil
1652 2669 1833 2701 praeterquam

1052 2700 1146 2735 spinas
1165 2707 1197 2726 ac
1220 2701 1336 2728 tribulos
1354 2702 1478 2732 dederat,
1494 2701 1603 2727 tandem
1626 2700 1832 2728 ﬂoridissiiunm

1053 2742 1157 2761 ramum
1173 2736 1297 2769 protulit,
1312 2744 1374 2763 cum
1388 2736 1500 2762 Mariam
1516 2736 1670 2770 progenuit.
1687 2736 1753 2768 Qua:
1769 2744 1831 2770 pro-

1054 2771 1126 2796 fecto
1141 2772 1287 2802 sententia,
1302 2771 1354 2797 nisi
1377 2771 1410 2797 ad
1436 2771 1578 2797 hominum
1606 2775 1695 2796 ortum
1713 2777 1833 2805 eumque

1056 2805 1172 2831 maxime
1186 2806 1328 2837 referatur,
1343 2807 1431 2840 plane,
1444 2806 1482 2832 uti
1496 2810 1579 2839 patet,
1594 2805 1660 2831 falsa
1670 2811 1753 2832 esset.

1097 2840 1151 2871 i83)
1161 2839 1277 2871 Oblatio,
1295 2839 1434 2874 perquam
1448 2841 1558 2867 maculie
1569 2842 1764 2872 emundentur,
1780 2847 1833 2866 non

1055 2879 1155 2909 potest,
1179 2877 1216 2902 uti
1245 2877 1418 2903 manifestum
1435 2880 1486 2907 est,
1508 2875 1605 2902 iisdem
1626 2876 1740 2902 maculis
1761 2876 1834 2901 iunia

1053 2917 1169 2936 censen.
