2034 3153
244 224 296 257 63’]

890 219 1021 251 JACOBI
1040 219 1213 250 MONACHI

1822 218 1873 250 634

249 283 331 317 hujus
348 284 517 316 portentum,
539 278 676 313 simulque
696 277 819 305 absentia
841 277 964 312 cujusvis
981 277 1031 304 hn-

1087 276 1142 303 τῶν
1161 276 1298 311 αἰσθητῶς
1320 276 1511 311 συνεπομέ·,ων
1533 276 1570 312 μὴ
1594 276 1732 312 προσοῦσα
1759 276 1873 312 δορυφο-

248 328 321 356 tnani
347 328 502 357 comitatus,
526 325 573 360 qui
590 331 649 352 eam
669 323 813 351 ministerii
827 330 893 358 ergo
904 330 1034 357 sequere-

247 379 300 402 tur.
322 374 360 401 Et
383 372 482 400 exinde
505 373 581 399 velut
599 371 715 399 attonita
729 370 866 405 stupenda
891 370 949 398 hmc
965 377 1029 405 pro-

245 422 317 448 lert:

281 466 353 493 XXI.
370 466 436 493 Ecce
450 466 529 497 enim,
547 465 636 500 inquit
653 465 686 497 ⁸⁵,
704 468 733 491 ιιι
749 464 819 498 facta
835 470 872 491 est
890 471 940 490 vos;
957 462 1033 490 salu-

246 513 353 541 tationis
374 517 425 539 tua:
444 513 470 539 in
492 511 600 538 auribus
625 511 700 543 meis,
724 510 865 538 exsultavit
886 511 911 537 in
938 509 1033 544 gaudia

247 559 338 594 infans
353 559 377 586 in
391 563 465 585 utero
480 565 547 585 meo.
563 557 632 590 Quid
649 556 730 588 dicis,
747 564 763 583 ο
779 555 918 583 Elisabeth
931 555 942 581 ?
957 555 1033 582 Unde

245 604 328 636 nosti,
347 604 433 631 saltus
452 603 514 630 illos
533 611 548 629 a
564 602 665 638 gaudio
685 601 826 636 profectos
842 601 926 628 esse?
951 600 1031 633 Qua:-

245 657 308 676 nam
331 649 424 685 gaudii
447 648 548 676 indicia
575 649 601 675 iu
632 648 686 675 illis
715 648 837 675 molibus
866 647 1035 675 advertisti?

243 697 310 730 Quae
322 695 430 730 loquela
441 695 515 722 hunc
526 694 609 722 foetus
621 692 745 721 nomium
756 693 896 728 loquentis
904 694 1032 721 allectum

243 741 327 768 animi
344 739 489 775 prodidit?
505 739 623 772 Quinam
638 743 744 774 gestus,
769 738 863 766 cordis
875 743 968 766 motus
982 739 1033 766 de-

243 786 394 820 signantes,
423 783 579 819 huiusmodi
609 784 732 811 lanitium
765 783 1034 811 tnanil'estaverunt?

242 831 322 862 Nam,
350 834 422 860 esto.
447 829 603 857 saltationis
625 837 724 856 sensus
742 829 825 856 etiam
845 829 949 856 uolenti
972 837 1033 857 cer-

245 881 288 903 tus
301 874 350 902 tibi
365 873 471 907 fuerit;
489 879 516 902 at
539 874 612 909 quod
633 874 743 902 saltatio
762 874 813 902 ista
839 881 919 901 suum
937 874 972 902 ab
983 883 1032 902 ex-

243 919 392 947 sultatione
418 923 508 946 ortum
540 919 632 952 duoat,
665 919 832 954 quibusnam
864 921 1033 955 conjecturis

243 965 396 1000 cognovisti
409 965 420 992 ’ἔ

278 1011 349 1044 Quid
368 1011 460 1046 itaque
471 1019 533 1043 nos,
560 1010 607 1046 qui
628 1009 661 1038 de
680 1011 738 1045 ipsa
766 1010 929 1046 (Elisabeth)
951 1011 1033 1039 verba

241 1056 369 1089 facimus,
391 1056 482 1092 quoad
514 1056 573 1084 hmc
594 1055 735 1084 dicimus?
761 1056 897 1083 Nimirum
922 1056 1033 1083 interim

243 1103 309 1130 dum
323 1102 433 1130 saltatio
450 1108 643 1138 perageretur,
655 1106 771 1129 matrem
788 1102 920 1137 repletam
933 1103 1034 1137 gaudio

242 1148 336 1179 tuisse,
349 1152 377 1174 et
387 1151 572 1174 consentanee
583 1154 632 1181 per
645 1146 672 1173 id
688 1146 825 1174 motiones
839 1147 937 1174 animae
949 1147 1033 1175 fuisse

243 1194 383 1226 detectas;
401 1201 434 1221 ex
459 1193 503 1221 his
520 1193 604 1227 igitur
627 1193 710 1220 etiam
738 1192 766 1219 in
791 1191 859 1220 foeta
885 1193 1033 1221 excitatam

242 1239 366 1267 la‘titiam
385 1238 567 1273 intelligebat.
585 1237 670 1272 Magis
684 1245 750 1264 vero
766 1241 794 1264 et
807 1245 841 1265 ex
859 1238 914 1265 alio
929 1230 1032 1266 indicio

243 1285 366 1312 laetitiam
381 1284 456 1311 illaut
473 1283 557 1318 probe
582 1282 830 1310 animadvertebat.
854 1281 892 1309 Ex
913 1291 1032 1318 quonam

243 1331 342 1366 signa?
360 1331 398 1356 Ex
414 1338 448 1357 eo
465 1337 574 1364 nempe,
589 1328 662 1363 quod
676 1328 703 1354 hi
719 1327 806 1355 saltus
818 1328 878 1355 sine
891 1328 947 1355 ullo
960 1329 1034 1364 ejus-

243 1377 306 1404 dem
329 1376 424 1403 dolore
447 1375 612 1403 acciderint.
637 1374 696 1401 Non
721 1374 794 1401 enim
817 1373 1031 1401 existimandum

242 1428 295 1456 est,
313 1423 390 1450 nullo
419 1421 512 1449 vexari
537 1420 632 1448 dolore
658 1425 771 1451 matres,
794 1427 857 1447 eutn
879 1420 961 1448 fanus
979 1419 1033 1448 hoc

243 1469 325 1497 modo
342 1469 406 1496 hinc
427 1467 490 1494 inde
505 1467 643 1502 agitatur;
664 1473 726 1492 nam
742 1465 919 1493 vehementes
933 1466 1030 1500 utique

242 1523 371 1544 :erurnna:
388 1514 448 1541 illas
467 1512 632 1547 corripiunt,
647 1516 675 1538 et
690 1511 798 1546 sagittis
813 1511 880 1546 ipsis
892 1511 1032 1539 acutiores

245 1562 371 1589 sauciant
386 1559 495 1588 easdem
510 1559 619 1586 dolores
633 1567 640 1589 ;
663 1563 690 1585 et
707 1557 805 1584 horum
831 1565 898 1585 sane
926 1563 1033 1585 certum

245 1610 437 1642 argumentum
456 1609 520 1632 sunt
537 1603 683 1636 molestiaa,
699 1610 760 1637 qum
775 1602 835 1629 illas
849 1602 876 1629 iu
897 1608 975 1637 partu
990 1604 1032 1630 in-

244 1653 359 1686 vadunt,
376 1659 437 1686 qua
452 1649 551 1685 quovis
567 1649 622 1676 alio
641 1649 735 1676 dolore
751 1656 783 1675 ac
797 1648 921 1675 molestia
936 1648 1030 1683 utique

243 1699 385 1735 graviores
423 1701 497 1724 sunt.
539 1693 766 1729 Quandoquidem
794 1701 859 1729 ergo
888 1694 1029 1721 Elisabeth

243 1746 381 1780 ingentem
408 1743 481 1770 illam
498 1741 673 1769 saltationem
695 1744 879 1773 perscnserat,
904 1747 964 1766 eam
991 1744 1030 1765 ta-

243 1798 305 1818 men
323 1790 382 1817 sine
399 1789 453 1816 ulla
468 1788 510 1816 sui
525 1786 650 1814 molestia
667 1785 792 1813 evenisse
814 1785 1028 1817 considerabat;

1087 321 1142 356 ρία.
1162 322 1244 348 Ὅθεν
1259 322 1425 357 ὲξισταμένη
1436 322 1496 349 τότε
1513 323 1664 357 παράδοξον
1681 323 1872 356 καταγγέλλει.

1121 465 1186 492 KA'.
1218 465 1294 491 Ἰδοὺ
1313 464 1379 499 γὰρ,
1392 465 1486 500 φησὶν,
1507 464 1547 497 ὡς
1560 463 1678 498 ἐγένετο
1694 465 1712 498 ἡ
1724 463 1808 498 φωνὴ
1822 465 1874 491 τοῦ

1085 510 1250 545 ἀσπασμοῦ
1275 519 1334 537 σου
1360 511 1404 542 εἰς
1435 511 1473 537 τὰ
1488 507 1548 537 ὦτά
1569 519 1639 544 μου,
1661 510 1825 543 ἐσκᾷντησε
1842 509 1873 536 τὸ

1081 556 1197 590 ,βρέφος
1220 556 1256 582 ἐν
1273 555 1452 590 ἀγαλλιάσει
1475 555 1510 582 ἐν
1527 554 1563 588 τῇ
1578 555 1677 588 κοιλίᾳ
1695 564 1764 589 μου.
1784 555 1816 581 Τί
1833 555 1874 580 λέ-

1084 611 1154 637 γεις,
1171 600 1193 628 ὦ
1213 601 1370 635 Ἐλισάΰεη
1390 601 1476 627 Πόθεν
1492 601 1612 634 συνῆκας
1627 601 1658 626 τὸ
1672 601 1700 625 εν
1714 600 1874 634 ἀγαλλιάσει

1085 649 1242 682 enipi-qna;
1258 647 1325 673 Τίνα
1340 648 1427 682 χαρᾶς
1437 647 1577 681 τεκμήρια
1587 647 1643 677 τοῖς
1657 646 1792 681 κινήμασι
1807 654 1874 671 κατ-

1084 693 1218 728 ενόησας;
1241 693 1283 724 τίς
1308 693 1389 718 λαλιὰ
1404 692 1451 719 τοῦ
1478 695 1562 727 μήπω
1579 691 1732 726 φωνοῦντος
1752 691 1874 726 ὲμϐρύου

1082 739 1133 774 τὴν
1157 739 1285 773 τοιαύτην
1313 739 1452 774 ὲτράνωσε
1474 738 1614 771 διάθεσινς
1648 739 1713 763 ποῖα
1745 738 1874 772 σχήματα

1083 786 1140 816 τοῖς
1154 785 1232 821 ἤθεσι
1255 784 1415 819 τυπούμενα
1428 784 1532 818 ταύτην
1554 783 1603 820 τὴν
1625 783 1798 819 εὐφροσύνην
1816 783 1874 818 ἐδή-

1083 831 1192 862 λωσαν;
1215 830 1248 856 Ἢ
1264 830 1314 864 μὲν
1329 827 1376 856 οὖν
1395 829 1442 856 τοῦ
1466 830 1653 865 σκιρτήματος
1676 829 1801 864 αῐσθησις
1822 837 1874 863 φι-

1083 877 1150 912 νερά
1176 885 1217 903 σοι
1245 876 1394 903 καθίστατο
1416 876 1466 902 καὶ
1495 876 1532 911 μὴ
1562 875 1730 911 βουλομένῃ·
1752 875 1783 901 τὸ
1798 875 1826 901 δὲ
1845 876 1874 900 ἐν

1083 920 1245 955 ἀγαλλιάσει
1259 919 1363 954 ταύτην
1385 919 1563 954 γεγενῆσθαι,
1587 919 1668 946 πόθεν
1685 919 1873 954 στοχαζομένη

1050 957 1070 984 Β
1085 967 1200 1000 διέγνως
1212 975 1219 998 ;

1120 1012 1152 1038 Τί
1169 1012 1216 1039 οὖν
1230 1013 1321 1046 ἡμεῖς,
1336 1011 1382 1038 τὸν
1397 1011 1500 1046 ταύτης
1514 1010 1671 1045 ποιούμενοι
1690 1010 1779 1044 λόγον,
1795 1011 1875 1045 ἐροῦ-

1086 1068 1136 1093 μεν
1149 1058 1217 1094 πρὸς
1229 1058 1309 1085 τοῦτο
1321 1067 1328 1090 ;
1342 1058 1404 1084 Ὅτι
1424 1059 1473 1085 σὺν
1495 1057 1534 1092 τῷ
1547 1057 1671 1091 γεγονότι
1693 1060 1873 1092 σκιρτήματι,

1084 1105 1172 1140 χαρᾶς
1187 1105 1204 1139 ἡ
1225 1105 1319 1139 μήτηρ
1332 1103 1498 1139 ένεφορήθη,
1518 1103 1566 1130 καὶ
1583 1103 1725 1137 ἀναλόγως
1741 1103 1829 1138 τούτῳ
1841 1103 1875 1129 τὰ

1084 1150 1134 1185 τῆς
1145 1149 1236 1184 ψυχῆς
1249 1149 1424 1175 ἐπεδείκνυτο
1438 1149 1577 1183 κινήματα
1589 1156 1596 1164 ·
1615 1147 1656 1174 διὸ
1670 1149 1701 1174 ὲκ
1714 1147 1817 1174 τούτων
1828 1148 1874 1174 καὶ

1085 1196 1134 1230 τὴν
1145 1195 1192 1222 τοῦ
1207 1194 1328 1230 ὲμὸρὺου
1341 1195 1465 1222 κατενόει
1479 1194 1685 1230 ἐνεργουμένην
1701 1194 1873 1227 ἁγαλλίασιν.

1084 1242 1194 1269 Μᾶλλον
1205 1242 1232 1268 δὲ
1248 1241 1296 1268 καὶ
1310 1242 1340 1274 ἐξ
1362 1242 1457 1276 ἑτέρου
1471 1241 1574 1276 ταύτην
1592 1240 1666 1272 εἰκὸς
1693 1240 1874 1267 διεσκοπεῖτο.

1085 1288 1164 1320 Τίνος
1184 1288 1280 1314 τούτου
1294 1296 1301 1318 ς
1318 1287 1372 1314 Τοῦ
1384 1287 1528 1318 ἀνωδύνως
1543 1286 1594 1321 τὴν
1608 1285 1738 1318 τοιαύτην
1754 1286 1874 1321 ὑποστῆ-

1085 1342 1129 1360 ναι
1142 1333 1259 1367 κίνησιν.
1281 1333 1344 1359 Ἐπὶ
1361 1332 1475 1367 μὲνγὰρ
1494 1332 1548 1359 τῶν
1562 1331 1649 1362 οὕτως
1665 1331 1874 1366 συμϐαινουσῶν

1086 1378 1295 1413 περιδινήσεων,
1311 1379 1361 1405 οὐκ
1377 1378 1452 1405 ἐστιν
1463 1378 1588 1404 ὑπονοεῖν
1605 1377 1766 1411 ἀναλγήτως
1776 1375 1873 1410 διαμέ-

1085 1432 1141 1450 νειν
1157 1425 1207 1455 τὰς
1224 1424 1360 1460 μητέρας·
1373 1424 1495 1458 δριμεῖαι
1508 1424 1562 1458 γὰρ
1582 1423 1677 1454 ὠδῖνες
1691 1421 1794 1453 ταῦτας
1810 1430 1874 1448 συν-

1087 1469 1189 1504 έχουσι,
1204 1470 1252 1496 mi
1264 1470 1386 1505 ὀξύτεροι
1404 1470 1489 1504 βελῶν
1504 1468 1759 1503 κατατιτρώσκουσι
1784 1467 1875 1493 πόνοι⁸

1086 1515 1134 1542 καὶ
1157 1515 1260 1541 τούτων
1284 1515 1398 1550 ἀψευδὲς
1422 1516 1585 1550 τεκμήριον,
1609 1515 1637 1540 αῖ
1666 1515 1695 1540 ἐν
1717 1513 1757 1547 τῷ
1772 1513 1876 1539 τίκτειν

1087 1560 1276 1596 καθεστήκασι
1302 1561 1491 1596 περιστάσεις,
1515 1560 1615 1591 παντὸς
1640 1558 1768 1593 ἀλγεινοῦ
1794 1558 1874 1584 πόνον

1088 1606 1319 1642 ὑπερὸα).λουσαι.
1338 1600 1415 1633 Ἐπεί
1429 1605 1477 1633 οὖν
1494 1607 1510 1641 ἡ
1533 1605 1674 1632 Ἐλισὰὁετ
1692 1604 1808 1640 σφοδρδν
1825 1604 1875 1638 μὲν

1086 1653 1116 1678 τὸ
1132 1652 1273 1689 σκίρτημα
1295 1652 1509 1687 συναισθομένη,
1530 1651 1638 1683 ἀπόνως
1651 1651 1678 1677 δὲ
1698 1650 1780 1676 τοῦτο
1797 1657 1877 1683 γεγο-

1085 1697 1202 1731 νημένον
1226 1700 1405 1732 κατενᾶησεν,
1432 1698 1502 1732 έγνω
1530 1697 1573 1724 διὰ
1599 1696 1646 1723 τοῦ
1675 1695 1878 1733 ὲνεργήσαντοξ

1086 1743 1246 1778 Ilva-inata;
1267 1745 1295 1770 έν
1313 1743 1475 1778 ἀγαλλιάσει
1502 1736 1644 1777 γεγονέναι
1662 1743 1711 1779 τὴν
1727 1744 1755 1769 ἐν
1775 1742 1816 1777 τῷ
1831 1750 1875 1775 εγ-

1089 1790 1212 1825 γαστρίῳ
1227 1789 1470 1825 καινοτομηθείσαν
1483 1790 1600 1824 κίνησιν.

243 1840 322 1867 facile
340 1837 490 1874 perspexit,
506 1843 604 1864 novam
617 1835 691 1862 illam
716 1834 929 1862 commotionem
943 1833 1038 1868 fmtus,
1058 1843 1140 1870 quem
1175 1842 1254 1865 utero
1287 1838 1420 1872 gestabat,
1440 1837 1466 1864 in
1482 1837 1582 1872 gaudio
1595 1844 1628 1864 ex
1641 1835 1729 1864 sancti
1754 1835 1876 1870 Spiritus

242 1887 403 1923 operatione
421 1885 520 1912 factam
535 1883 631 1911 fuisse.

278 1931 360 1960 XXII.
378 1930 513 1964 Quocirca
542 1936 605 1956 cttm
620 1927 687 1954 illud
710 1925 853 1958 edixisset,
884 1926 912 1953 in
934 1926 1030 1954 laudes

241 1979 304 2006 dein
326 1976 448 2012 Virginis
465 1976 544 2011 plane
562 1973 715 2009 singulares
731 1972 863 2006 erumpit,
877 1978 917 2004 et,
932 1971 1028 2004 Beata,

241 2024 330 2060 inquit
350 2023 383 2055 ⁵⁷,
396 2030 454 2057 qua:
466 2020 620 2051 credidisti;
641 2019 766 2053 quoniam
799 2017 969 2052 perﬁcieutur
993 2026 1024 2045 ea

243 2078 302 2106 quia
313 2070 383 2096 dicta
404 2072 465 2094 sunt
489 2067 533 2093 tibi
550 2075 565 2092 α
585 2065 705 2090 l‘omino.
731 2063 753 2090 Ο
771 2063 851 2090 ﬁdem
876 2064 950 2090 nulla
968 2071 1032 2090 ora-

247 2116 322 2143 tione
339 2112 547 2142 enarrabilem!
566 2110 588 2138 0
607 2110 714 2137 beatam
732 2116 764 2136 ac
780 2116 845 2136 vere
867 2114 908 2136 ter
926 2109 1032 2136 beatam

242 2162 316 2189 illam
333 2164 464 2188 mentem,
487 2165 547 2192 quae
569 2156 603 2183 ad
625 2159 727 2182 tantum
749 2154 812 2180 lidei
837 2154 1030 2181 celsitudinem

1119 1929 1183 1956 KB’.
1199 1928 1245 1954 Διὸ
1265 1927 1368 1963 ταύτην
1388 1927 1546 1960 ἐξειποῦσα,
1560 1927 1592 1953 τὰ
1611 1927 1681 1962 ὑπὲρ
1695 1926 1774 1960 λόγον
1787 1925 1875 1960 ἐγκώ-

1084 1984 1134 2010 μια
1148 1975 1197 2009 τῆς
1213 1974 1351 2010 Παρθένου
1368 1974 1562 2008 καταγγέλλει,
1582 1974 1642 2006 καὶ,
1660 1973 1806 2006 Μακαρία,
1825 1981 1876 2007 φη-

1085 2023 1137 2053 σὶν,
1164 2021 1183 2053 ἡ
1214 2021 1423 2047 πιστεύσασα·
1445 2021 1487 2046 ὅτι
1507 2020 1594 2046 ἔσται
1629 2019 1783 2050 τελείωσις
1810 2018 1873 2050 τοῖς

1083 2066 1306 2100 ,λελαλημένοις
1333 2065 1410 2099 αὐτῇ
1436 2065 1516 2099 παρὰ
1537 2066 1658 2099 Κυρίου.
1688 2065 1720 2090 Ὢ
1749 2065 1870 2098 ἀνερμη-

1087 2113 1182 2138 νεὺτου
1198 2112 1335 2143 πίστεωςι
1352 2111 1374 2138 ὣ
1397 2112 1536 2147 μακαρίας
1552 2112 1598 2137 καί
1616 2110 1819 2145 τρισμακαρίας
1838 2110 1875 2141 ὼς

1087 2157 1196 2192 ἀληθῶς
1214 2157 1263 2191 τῆς
1288 2158 1407 2190 διανοὶας
1434 2158 1552 2192 ἐκείνης,
1571 2157 1631 2192 ἥτις
1658 2157 1726 2192 προς
1746 2155 1873 2193 τοσοῦτον

241 2212 338 2235 eVecta
365 2205 425 2233 esti
449 2203 506 2230 lloe
541 2209 641 2236 nempe
665 2200 854 2227 testimonium
878 2204 931 2232 est,
957 2200 1030 2234 quod

1087 2205 1160 2240 ᾕρθη
1183 2205 1231 2239 τῆς
1250 2205 1369 2236 πίστεως
1387 2204 1472 2239 ῦιᾴοςι
1494 2204 1582 2230 Τοῦτο
1604 2204 1672 2237 αὐτῇ
1689 2203 1706 2237 ἡ
1732 2202 1874 2228 Ἐλισάϐετ

243 2252 350 2288 Virgini
374 2249 515 2286 perhibuit
539 2246 679 2275 Elisabeth
703 2254 709 2272 :
740 2245 894 2280 ejusmodi,
922 2245 1031 2280 inquit,

243 2302 321 2331 sunt,
349 2305 409 2333 quae
432 2297 460 2324 in
486 2300 511 2322 te
538 2293 728 2329 perﬁciuntur,
759 2296 842 2326 atque
864 2292 933 2318 adeo
955 2292 1034 2326 longe

212 2345 214 2347 ’
243 2349 307 2373 sunt
325 2351 407 2378 supra
427 2341 521 2374 ﬁderit,
540 2345 569 2368 ut
586 2348 678 2373 nemo,
697 2344 797 2375 praeter
814 2344 851 2371 te,
869 2346 930 2374 quae
945 2339 1034 2374 puris-

244 2392 312 2419 sima
329 2395 411 2425 atque
426 2396 535 2416 otnuem
555 2393 661 2415 natura:
679 2387 805 2414 ordinem
821 2385 1034 2413 transcendente

243 2439 296 2466 fide
309 2438 432 2470 excellis,
461 2437 494 2464 iis
521 2436 574 2464 sibi
602 2434 772 2463 denuntiatis
794 2434 897 2469 absque
925 2434 1033 2461 haesita—

244 2486 318 2514 tione
331 2485 490 2512 crediturus
505 2483 598 2511 fuerit.
622 2483 716 2518 Neque
731 2483 804 2508 enittt
822 2485 869 2508 aut
885 2481 1031 2513 Abraham,

243 2536 294 2560 aut
311 2532 396 2564 Isaac,
414 2535 461 2558 ant
483 2530 579 2561 Jacob,
609 2533 657 2556 aut
680 2528 786 2564 Moyses
811 2527 942 2554 inusitato
969 2526 1033 2553 huic

244 2583 354 2613 tamque
371 2584 443 2605 novo
456 2575 611 2603 ministerio
629 2575 709 2602 facile
727 2582 759 2602 ac
782 2573 864 2601 nullis
879 2572 931 2600 sibi
946 2572 1033 2607 signis

243 2623 364 2652 ostensis
377 2631 437 2651 sese
453 2627 596 2658 promptos
612 2621 817 2648 cxhibuissent.
842 2619 876 2646 Et
887 2626 953 2646 sane
965 2625 1034 2652 quo-

244 2669 326 2697 modo
340 2669 391 2700 illi,
405 2669 452 2703 qui
467 2667 626 2695 testimonia
638 2667 704 2693 olim
720 2674 736 2693 a
751 2665 807 2693 Deo
823 2663 1033 2699 exquisiverunt

244 2717 272 2743 itt
287 2716 370 2743 rebus
385 2714 453 2742 levis
467 2714 610 2744 momenti,
630 2720 703 2739 nttne
717 2713 769 2744 rei,
786 2719 846 2746 quin
860 2717 969 2737 omnem
984 2717 1031 2735 su-

244 2766 322 2797 perat
352 2760 512 2795 cogitatum,
544 2759 614 2785 nihil
635 2757 796 2785 haesitantes
828 2754 1032 2784 credidissent?

243 2807 293 2839 Qui
310 2806 384 2833 enim
401 2812 448 2833 aut
464 2809 543 2832 terra:
556 2805 705 2839 possessio,
720 2809 767 2830 attt
795 2802 910 2830 seminis
935 2801 1030 2828 multi-

244 2852 366 2887 plicatio,
383 2857 430 2879 aut
448 2853 610 2889 a‘serritute
625 2850 761 2884 liberatio,
776 2850 809 2878 de
824 2849 924 2884 quibus
941 2848 979 2875 illi
995 2847 1029 2874 ad

278 2940 300 2955 ἐ
318 2939 384 2966 Luc.
415 2947 432 2973 ι,
449 2940 493 2968 44.
533 2940 554 2956 ⁸⁷
571 2939 639 2966 Luc.
652 2947 670 2971 ι,
687 2937 731 2964 ιδ.

1086 2250 1360 2286 προσεμαρτύρησεν,
1377 2251 1417 2286 ᾇτι
1432 2249 1544 2276 τοιαῦτά
1557 2250 1615 2276 ἔστι
1629 2249 1663 2275 τὰ
1678 2249 1706 2275 έν
1724 2249 1766 2274 σοὶ
1782 2247 1874 2274 τελού-

1087 2306 1167 2332 μενα,
1187 2299 1234 2323 καὶ
1252 2297 1378 2324 τοσοῦτον
1399 2297 1497 2332 ἀπέχει
1522 2296 1589 2331 πρὸς
1615 2294 1784 2330 παραδοχὴν,
1803 2294 1873 2320 ὥστε

1087 2343 1174 2375 οὐδεὶς
1201 2343 1234 2370 ἂν
1263 2342 1533 2377 καταγγελλομένοις
1561 2341 1654 2373 αὐτοῖς
1679 2339 1874 2373 ἀναμφιϐόλως

1085 2390 1212 2425 ἐπείσθη,
1243 2391 1314 2424 πλὴν
1343 2390 1393 2424 τῆς
1417 2389 1468 2422 σῆς
1490 2387 1647 2423 ὑπερφυοῦς
1666 2387 1714 2413 καὶ
1733 2385 1874 2420 ἀκηράτου

1086 2437 1216 2468 πίστεως.
1230 2437 1268 2463 Οὐ
1285 2436 1340 2470 γὰρ
1359 2436 1391 2471 δὴ
1411 2435 1545 2470 Ἀὃραὰμ,
1562 2435 1579 2469 ἢ
1601 2434 1706 2463 Ὶσαὰκ.
1723 2433 1739 2468 ἦ
1762 2432 1872 2462 Ἰακὼϐ,

1087 2484 1102 2519 ἦ
1118 2483 1241 2518 Μωϋσῆς
1257 2482 1448 2511 ἀϐασανίστως
1470 2481 1503 2507 ἂν
1519 2479 1633 2512 ὑπεῖξαν
1646 2481 1678 2514 τῇ
1695 2480 1774 2514 καινῇ
1788 2478 1874 2515 ταύτῃ

1085 2531 1133 2556 καὶ
1156 2530 1218 2564 ξένῃ
1239 2527 1407 2563 λειτουργίᾳ.
1429 2527 1491 2558 Πῶς
1513 2527 1568 2562 γὰρ
1590 2527 1616 2552 οἱ
1641 2525 1778 2560 τεκμήρια
1798 2526 1873 2558 παρὰ

1085 2575 1153 2602 Θεοῦ
1167 2576 1220 2601 τῶν
1235 2574 1372 2601 ταπεινῶν
1389 2573 1558 2608 ζητήσαντες
1572 2572 1668 2604 πάλαι,
1681 2570 1728 2597 νῦν
1748 2570 1788 2604 τῷ
1805 2570 1875 2603 ὑπὲρ

1085 2621 1189 2647 ἔννοιαν
1213 2619 1410 2650 ἀνενδοιάστως
1431 2618 1616 2652 ὲπείσθησαν;
1642 2616 1674 2642 Τί
1693 2616 1747 2650 γὰρ
1766 2614 1873 2649 ὑπῆρχε

1086 2666 1155 2700 πρὸς
1176 2665 1206 2691 τὸ
1230 2665 1276 2690 ἐπὶ
1292 2665 1343 2698 γῆς
1358 2663 1475 2698 ὀφθῆναι
1493 2663 1570 2696 Θεὸν,
1586 2664 1634 2689 καὶ
1648 2663 1680 2688 ἐκ
1693 2661 1739 2687 σοῦ
1758 2660 1808 2695 τὴν
1825 2661 1872 2686 ἁν-

1086 2711 1224 2746 θρωπεὶαν
1248 2710 1394 2737 ἀναλαϐεῖν
1425 2709 1519 2744 φύσιν,
1553 2709 1603 2742 γῆ,
1637 2708 1801 2741 κατάσχεσις
1826 2705 1872 2732 καὶ

1085 2756 1246 2790 πληθυσμὺς
1263 2757 1432 2790 σπέρματος,
1451 2756 1498 2781 καὶ
1523 2755 1646 2786 δουλείας
1669 2754 1824 2788 ἀπαλλαγὴ,
1844 2753 1872 2778 έν

1083 2799 1125 2833 οἷς
1141 2802 1240 2828 ἐκεῖνοι
1259 2802 1308 2835 τῆς
1333 2802 1377 2828 διὰ
1395 2801 1449 2827 τῶν
1474 2801 1634 2836 τεκμηρίων
1650 2800 1801 2835 ἐδεήθησαν
1826 2799 1871 2834 βε-

1084 2847 1240 2880 6αιὼσεω;;
1257 2848 1305 2874 Διὰ
1321 2848 1353 2883 δὴ
1369 2847 1447 2874 τοῦτὸ
1463 2855 1548 2882 φησι·
1567 2846 1601 2872 Σὺ
1620 2847 1688 2881 μόνη
1703 2845 1837 2881 μακαρία,
1854 2845 1871 2879 ἡ
