2034 3153
136 175 183 205 ιεε

554 173 695 204 ORATIO
715 173 755 203 IN
776 174 826 204 SS.
850 174 1025 205 DEIPAR/E
1042 173 1324 205 VlSlTATlONEM.

1698 174 1750 206 6Ῡῦ

135 229 292 264 ἁμψιϐόὶοιι,
321 228 358 262 μὴ
385 227 573 261 περιπεσοῦσα
602 229 755 263 λογισμοῖς,
783 230 799 263 ἡ
826 229 861 260 ὡς
886 229 915 255 ἐν

971 229 1074 257 ﬁrmam
1099 229 1180 256 fidem
1209 229 1285 264 signa
1312 230 1506 264 postularunt.
1535 229 1598 264 qui,
1619 230 1748 263 inquam,

135 277 245 306 ἅπασιν,
257 274 328 300 οὕτω
344 275 389 301 καὶ
408 274 436 301 ἐν
457 276 490 309 τῇ
509 275 611 306 πίστει,
627 276 675 310 τῆς
693 275 756 309 ὅλης
774 283 912 310 κατακρα-

134 322 215 348 τοῦσα
230 320 346 354 φύσεως.

969 275 1121 309 enitiparari
1140 276 1190 301 ista
1214 280 1316 308 queant
1333 282 1394 302 cum
1414 275 1556 311 mysterio,
1581 276 1654 310 quod
1681 276 1752 302 Dens

968 319 996 347 in
1015 311 1090 347 terra
1104 319 1178 346 visus
1194 319 1290 352 fuerit,
1311 325 1340 347 ct
1357 321 1504 348 humanam
1527 326 1653 348 naturam
1680 329 1711 348 ex
1728 327 1753 348 to

134 366 332 402 assumpserit?
361 367 395 394 Et
415 367 468 394 hac
495 374 562 394 sane
586 365 621 394 de
648 374 731 394 causa
755 366 844 395 dicit:
865 366 905 394 Tu
927 374 992 394 vere
1008 367 1067 394 sola
1101 368 1192 399 beata,
1219 375 1281 402 qua;
1303 367 1461 394 nullatenus
1491 367 1585 394 dubiis
1607 367 1752 402 cogitatio-

135 414 212 441 nibus
224 412 367 444 luesitasti,
390 419 452 447 quin
472 419 535 440 cum
555 413 663 441 caeteris
683 412 824 445 omnibus,
846 418 910 445 ,tum
930 414 1014 440 etiam
1032 414 1095 441 lidei
1107 413 1268 441 excellentia
1285 419 1425 441 creaturas
1437 421 1533 440 omnes
1548 414 1636 441 vicisti
1651 414 1718 449 (89).

168 459 228 486 Kl".
246 459 309 485 Ὅτι
325 459 353 485 δὲ
367 459 457 486 ταῦτα
475 459 521 486 τὸν
539 460 661 486 τοιοῦτον
680 461 821 494 συνίστησι
838 459 916 493 λόγον

135 504 219 539 ἁληοῆ
230 512 260 530 τε
273 504 340 531 ὄντα
350 505 397 531 καὶ
411 505 470 536 τοῖς
481 505 629 539 πράγμασι
643 505 673 531 τὸ
689 505 799 539 βέὸαιον
807 504 915 539 ἔχοντα,

135 550 225 585 καιρὸς
238 549 277 581 ὡς
297 550 406 583 ἐφικτὸν
427 549 571 583 ἐπιδεῖξαι.
588 550 642 578 Καὶ
660 551 754 586 μηδεὶς
771 551 915 584 κατάγνω-

135 605 174 623 σιν
186 596 234 631 τὴν
248 595 303 622 τῶν
319 595 433 622 δικαίων
448 595 592 630 σύγκρισιν
615 596 776 631 ὐποτοπάσῃ
786 604 793 610 ·
814 596 915 623 ἄτοπον

133 643 184 677 γὰρ
204 642 234 668 τὺ
246 641 368 668 τοιοῦτον
387 641 554 669 διανοεῖσθαι
565 650 572 658 ο
597 642 666 669 ἀλλὰ
677 642 798 676 δεχέσθω
811 642 856 668 τὸν
872 641 915 667 M-

132 697 177 722 γον
188 688 379 715 ἐπιδεικνύντα
398 688 494 724 ὦσπερ
509 689 630 719 ἐκείνους
651 687 866 722 ὑπερκειμένους
887 687 915 712 ὲν

133 735 163 768 τῇ
184 733 287 763 πίστει,
304 733 378 760 οὕτω
399 732 502 767 ταύτην
525 732 738 767 ἀνερμηνεὺτως
760 734 810 766 τὴν
826 732 916 758 αὐτῶν

133 778 344 813 ὑπεραναῦᾶσαν
369 778 481 812 ἀρετὴν.
507 777 537 804 οὐ
557 778 590 811 τῇ
615 777 706 812 δωρεᾷ
722 777 772 812 τῆς
793 777 914 811 χάριτος,

131 823 191 851 οὐδὲ
205 823 245 858 τῷ
259 823 329 858 ξένῳ
343 823 391 858 τῆς
408 824 545 858 auﬁdum,
567 823 640 857 ἅπερ
655 823 764 859 ἄρρητα
780 822 915 857 διαμένει,

1003 460 1098 487 XXlll.
1118 461 1197 494 Quod
1223 467 1289 488 vero
1307 460 1464 487 omnimoda
1482 461 1596 487 veritate
1627 465 1756 487 constent

967 515 1027 542 que
1045 507 1160 539 aﬁlrmo,
1175 515 1207 534 ac
1225 507 1332 542 plenam
1348 514 1381 534 ex
1405 507 1488 534 rebus
1510 507 1578 542 ipsis
1601 507 1682 534 ﬁdem
1707 507 1754 534 ha-

968 555 1060 587 beant,
1075 556 1129 590 jam
1145 560 1252 590 tempus
1263 561 1304 582 est
1330 561 1358 582 ut
1371 563 1421 589 pro
1433 554 1540 581 viribus
1555 554 1753 581 demonstrem.

967 601 1053 628 Nemo
1069 609 1153 636 porro
1179 601 1345 636 suspicetur,
1370 601 1397 628 in
1412 601 1657 635 reprehensionem
1684 601 1754 628 forte

966 646 1106 682 justornm
1122 646 1222 674 cedere
1239 646 1309 674 hanc
1328 646 1400 673 inter
1415 645 1477 673 illos
1499 646 1753 680 comparationem;

967 692 1119 719 absurdum
1144 693 1246 728 quippe
1270 697 1313 719 est
1334 692 1377 719 vel
1402 692 1455 719 hoc
1472 692 1611 726 cogitare;
1629 692 1677 719 sed
1692 699 1755 718 ora-

969 739 1071 766 tionem
1094 743 1250 773 exspectet,
1275 746 1336 774 qua:
1358 738 1497 768 ostendat,
1520 737 1754 772 quemadmodum

968 785 1006 812 illi
1023 784 1125 811 virtute
1151 784 1213 811 ﬁdei
1241 784 1450 816 excelluerunt,
1475 784 1512 810 ita
1534 783 1675 819 Virginem
1700 790 1756 810 non

968 831 1081 865 quidem
1096 830 1191 865 gratia»,
1205 830 1367 857 muneribus
1384 838 1473 866 neque
1488 838 1560 858 novo
1576 835 1671 866 partus
1693 837 1757 865 pro-

131 869 198 896 ἀλλὰ
213 870 246 904 τῇ
262 871 313 904 τῇς
328 869 517 904 προαιρέσεως
534 868 680 904 φιλοτιμίᾳ
698 869 746 896 καὶ
759 867 798 903 τῷ
823 867 918 902 οἰκείῳ

971 877 1053 912 digio,
1069 885 1130 911 quae
1143 884 1209 904 sane
1226 877 1321 904 nullus
1334 881 1426 912 potest
1438 884 1529 905 sermo
1548 877 1694 912 attingere,
1707 876 1755 904 sed

131 914 185 942 τῶν
203 914 316 950 ἆγαθῶν
330 915 561 949 πλεονεκτῇματι.

163 1063 212 1096 Τίς
227 1063 277 1091 οὖν
293 1065 367 1091 ἐστιν
384 1065 399 1091 ὸ
422 1064 660 1100 περιὸοητοτέρως
681 1064 811 1091 ἁπάντων
836 1065 865 1091 ἐν
880 1065 918 1099 τῷ

127 1110 176 1145 τῆς
198 1110 320 1142 πίστεως
352 1110 522 1144 μεγαλοφυεῖ
538 1111 761 1145 κηρυττόμενοςς
794 1110 920 1146 ’Δσραὰμ

127 1157 259 1187 πάντωςυ
285 1153 319 1183 οὗ
339 1156 374 1182 τὰ
395 1155 464 1182 ἄλλα
489 1155 541 1191 μὲν
565 1156 674 1184 ἅπαντα
691 1157 742 1191 τῆς
762 1157 920 1191 κρείττονος

127 1202 267 1236 ὑποδοχῆς
282 1201 393 1236 γέγονεν
414 1201 488 1234 ἄξια,
505 1202 607 1237 μᾶλλον
622 1201 651 1228 δὲ
666 1201 697 1228 τὸ
710 1201 760 1237 τῆς
774 1202 870 1233 θυσίας
879 1203 921 1228 εὺ-

128 1246 377 1282 προσδεκτότερον,
409 1248 456 1273 καὶ
485 1248 542 1279 τοῖς
572 1247 668 1275 ἔπειτα
697 1247 921 1282 θαυμασιώτερον

127 1291 309 1327 κατελείφθη.
317 1292 389 1318 Ἀλλ’
399 1292 457 1319 ἐστι
468 1293 516 1320 καὶ
528 1292 623 1319 τοῦτον
633 1293 662 1319 ὲν
674 1292 731 1318 τισὶ
745 1293 801 1324 τοῖς
813 1292 920 1329 ἀνθρω-

128 1337 219 1368 πίνοις
236 1337 443 1374 περιπίπτοντα
455 1338 573 1364 κατιδεῖν
585 1337 738 1371 λογισμοῖς,
750 1337 922 1372 διελεγχὰμε-

128 1382 173 1409 νόν
183 1391 214 1409 τε
230 1383 265 1418 τῇ
280 1383 336 1409 τῶν
353 1382 475 1418 σημείων
488 1383 538 1418 τῆς
554 1381 732 1417 κληροδοσίας
745 1383 919 1418 ἐπιζητήσει.

130 1427 192 1459 Πῶς
207 1429 255 1454 καὶ
269 1428 322 1454 τίνι
334 1429 429 1464 τρόπῳ
439 1449 446 1460 ,
459 1429 608 1462 ἀναγκαῖον
617 1428 671 1462 γὰρ
685 1427 771 1462 αὐτὴν
785 1428 824 1459 είς
838 1429 920 1462 μέσον

130 1475 302 1508 παραγαγεῖν
319 1473 368 1509 τὴν
387 1475 527 1510 ἱστορίαν.

970 924 1082 959 egregio
1096 923 1246 950 voluntatis
1263 923 1403 956 proposito
1425 931 1530 958 suaque
1545 931 1661 959 operum
1685 927 1757 950 stre~

971 980 1088 999 nuorum
1106 973 1274 1006 praestantia,
1299 979 1394 998 eorum
1416 971 1548 999 virtutem
1580 969 1758 998 ineﬁ'abiliter

970 1026 1177 1053 supergressum
1191 1026 1263 1046 esse.

1006 1065 1074 1098 Quis
1086 1070 1129 1092 est
1144 1066 1248 1100 itaque,
1271 1065 1318 1099 qui
1334 1064 1430 1099 majori
1449 1064 1546 1099 plausu
1561 1071 1618 1098 prae
1645 1062 1760 1098 reliquis

971 1111 1100 1139 omnibus
1111 1111 1174 1138 ﬁdei
1187 1118 1244 1138 sua:
1255 1110 1416 1138 excellentia
1428 1110 1584 1138 celebratur
1594 1109 1605 1136 ῗ
1619 1108 1759 1141 Abraham

972 1157 1118 1192 profecto;
1142 1157 1221 1192 cujus
1245 1161 1343 1184 cuncta
1367 1156 1480 1191 quidem
1500 1156 1553 1183 alia
1576 1159 1652 1190 gesta
1676 1155 1759 1190 digna

971 1204 1148 1236 exstiterunt,
1162 1211 1223 1238 quae
1238 1202 1387 1237 plurimum
1403 1202 1604 1237 probarentur;
1620 1200 1666 1228 sed
1681 1200 1760 1234 longe

972 1249 1103 1284 majorem
1119 1249 1341 1281 aestimationem,
1352 1247 1540 1282 maioremque
1551 1246 1623 1281 apud
1635 1249 1761 1280 posteros

971 1297 1186 1326 admirationem
1216 1298 1292 1325 illius
1318 1295 1486 1323 sacriﬁcium
1517 1295 1571 1323 sibi
1595 1293 1759 1320 vindicavit.

972 1346 1052 1373 Hunc
1066 1349 1157 1372 tamen
1174 1344 1270 1371 videre
1286 1343 1351 1370 licet
1363 1343 1390 1369 in
1409 1342 1544 1369 humanas
1558 1340 1692 1375 quasdam
1713 1346 1760 1366 co-

973 1391 1121 1426 gitationes
1137 1391 1306 1425 prolapsum,
1319 1394 1347 1416 et
1360 1393 1496 1421 notatum,
1525 1392 1672 1422 propterea
1685 1385 1759 1421 quod

972 1437 1006 1463 de
1022 1435 1172 1464 obtinenda
1190 1435 1350 1463 haereditate
1365 1435 1442 1469 signa
1466 1432 1658 1468 postulaverit.
1684 1431 1760 1465 Quo-

972 1482 1055 1509 modo
1072 1487 1163 1509 autem
1188 1487 1215 1509 et
1235 1489 1289 1516 qua
1303 1481 1419 1513 ratione,
1439 1480 1534 1514 utique
1562 1487 1631 1514 opus
1652 1483 1705 1510 est,
1729 1482 1761 1505 ut

971 1528 1029 1563 ipsa
1044 1528 1134 1562 palam
1147 1527 1229 1554 faciat
1245 1527 1371 1555 historia.

164 1564 228 1590 KA'.
251 1561 337 1597 Εἴπε,
355 1566 449 1599 φησὶν,
473 1567 488 1592 ό
504 1566 576 1598 Θεὸς
595 1566 671 1600 πρὸς
693 1567 746 1594 τὸν
769 1567 916 1602 Ἀϐραάμ·

982 1559 991 1563 -
1005 1574 1100 1602 XXIV.
1121 1574 1194 1601 Dixit
1212 1574 1291 1606 Deus,
1319 1579 1349 1602 ut
1360 1582 1446 1602 sacrae
1462 1575 1572 1602 Littcrze
1598 1575 1709 1603 tradunt
1725 1575 1759 1609 '9,

135 1609 208 1643 Ἐγώ
221 1610 282 1644 ειμι
294 1611 309 1636 ό
327 1611 400 1643 Θεός
414 1617 483 1642 σου,
503 1613 518 1638 ὀ
534 1611 651 1646 ἐξάγων
665 1620 702 1640 σε
718 1613 752 1639 ἐκ
769 1613 824 1647 γῆς
839 1615 917 1640 Xal-

130 1653 231 1687 δαίων,
247 1653 328 1681 ὥστε
342 1653 450 1682 δοῦναί
470 1663 518 1683 σοι
533 1656 590 1689 τὴν
605 1657 664 1691 γῆν
679 1658 793 1691 ταύτην
811 1660 919 1692 κληρο-

128 1698 261 1733 νομῆσαι
283 1699 390 1733 αὑτήν.
409 1698 483 1726 Εῖπε
502 1700 536 1728 δέ
548 1709 554 1716 ·
576 1701 712 1729 Δέσποτα
725 1703 825 1737 Κύχιε,
845 1703 919 1730 κατὰ

128 1745 157 1770 τί
178 1744 331 1779 γνώσομαι
354 1745 454 1776 τοῦτο,
482 1745 526 1772 ὅτι
559 1747 780 1782 κληρονομήσω
807 1748 919 1782 nutritur;

134 1790 214 1826 Ὁρᾷς
235 1790 268 1817 τὸ
293 1790 445 1825 ἀμφίϐολον
472 1791 518 1818 τοῦ
547 1793 735 1830 πατριάρχους
752 1794 802 1820 Διὰ
816 1803 920 1829 τεκμη-

131 1835 194 1870 ρίων
222 1836 356 1870 ἐπεζήτει
390 1838 638 1873 φανερωθήσεσθαι
672 1839 703 1865 τὸ
738 1839 919 1875 ζητούμενον.

129 1882 226 1909 Καίτοι
252 1882 348 1909 ἰκανὸν
374 1881 408 1918 ἦν
433 1884 507 1919 αὐτῷ
526 1887 668 1920 σημεῖονὴ
692 1886 743 1920 τῆς
760 1886 920 1920 εὐεργεσίας

130 1927 298 1964 ὑπόμνησις,
325 1929 373 1954 καὶ
395 1929 426 1954 τὸ
445 1929 526 1955 αὑτὸν
541 1927 613 1956 εἶναι
637 1931 682 1956 τὸν
705 1930 920 1966 ὑπισχνούμενον

129 1973 292 2010 εὐεργέτην.
317 1975 387 2002 Ἀλλ’
410 1976 484 2010 ὅμως
502 1975 643 2011 ἐπεζήτει,
662 1977 710 2004 καὶ
733 1977 858 2004 ἀπιστεῖν
871 1977 920 2003 οὐκ

129 2018 197 2054 ἔχων
207 2021 246 2055 τῷ
265 2020 386 2054 λέγοντι,
405 2021 470 2055 περὶ
484 2020 515 2046 τὸ
531 2021 606 2052 ξένον
618 2021 669 2055 τῆς
681 2022 856 2057 ὑποσχέσεως
865 2023 920 2049 διε-

130 2066 238 2100 φέρετο,
254 2067 305 2094 καὶ
317 2067 458 2102 τεκμήρια
473 2067 576 2101 ταύτης
594 2067 703 2102 ἀπῄτει,
726 2069 773 2094 καὶ
796 2068 842 2094 τὸν
857 2068 920 2103 τρό-

132 2118 191 2144 πον,
206 2112 314 2143 ὁποῖος,
327 2111 532 2139 διεπυνθάνετο.

167 2272 232 2299 κει.
252 2272 286 2298 Τί
305 2269 352 2299 οὖν
367 2273 381 2298 ὁ
397 2272 553 2306 πανάγαθος
569 2271 724 2306 Δεσπότης;
741 2272 779 2299 Οὺ
805 2272 919 2307 σφοδρο-

131 2317 217 2352 τέρως
231 2319 384 2353 φερόμενος
399 2320 457 2350 τοῖς
480 2318 645 2353 ὀνειδισμοῖς
661 2317 743 2344 αὐτοῦ
764 2318 916 2353 καθήψατο·

130 2363 160 2389 οὐ
179 2364 291 2399 βαρέως
313 2365 504 2399 ἐπιτιθέμενος
521 2364 635 2391 τοιαῦτα
656 2364 724 2399 πρὸς
746 2354 828 2390 aii-tbi;
848 2364 918 2390 ἀπε-

130 2410 253 2437 τείνατο·
271 2410 304 2436 Τί
327 2411 420 2442 τοῦτο,
437 2408 460 2437 ὦ
482 2411 616 2446 Λόραάμ;
635 2410 771 2446 ἰὀιαύτην
790 2411 843 2445 τὴν
865 2411 920 2437 τῶν

131 2456 205 2491 παρ’
229 2455 300 2490 ἐμοῦ
322 2455 476 2490 λεγομένων
495 2457 524 2484 ὲν
547 2456 636 2492 ἑαυτῷ
651 2456 779 2492 κατέχεις
804 2457 920 2491 πεῖραν;

129 2502 202 2528 οὕτω
217 2501 510 2536 πεπληροφνιρημένως
531 2504 594 2537 περὶ
607 2503 662 2529 τῶν
676 2502 868 2536 γεγενημένων
881 2501 921 2532 είς

169 2559 194 2576 ⁸⁵
207 2558 282 2586 Gen.
293 2566 338 2590 xv,
351 2558 410 2585 7-8.

166 2627 225 2661 (89)
244 2625 304 2653 Vim
321 2624 465 2652 sentcntiae
478 2623 524 2661 tae
539 2625 624 2660 probe
633 2625 775 2661 advertas.
798 2624 921 2658 Nullum,

133 2659 235 2695 inquit,
265 2660 376 2687 virtutis
397 2664 445 2686 aut
469 2659 664 2695 doliseximia‘.
679 2668 766 2694 genus
789 2664 841 2691 est,
868 2667 923 2694 quo

132 2693 188 2723 non
204 2696 345 2731 quastibet
363 2699 505 2731 creaturas
521 2693 602 2731 Virgo
615 2693 730 2731 Deipara
739 2694 922 2731 superaverit.

131 2731 165 2757 At
182 2729 257 2758 enim
271 2731 294 2758 si
309 2731 343 2758 de
361 2730 395 2757 iis
411 2736 503 2756 sermo
522 2729 569 2759 sit,
586 2736 648 2764 qum
667 2729 700 2757 ad
718 2730 809 2762 prima
831 2729 923 2762 cujus-

132 2773 187 2800 que
202 2766 283 2792 initia
297 2769 432 2800 spectant,
450 2764 512 2799 quis
526 2766 633 2791 nesciat
650 2764 786 2800 caelestes
803 2763 924 2800 Spiritus

131 2798 183 2827 hac
200 2801 289 2835 gloria
311 2798 503 2834 ’beatitateq'uc
525 2803 622 2835 aut-tos
646 2798 747 2832 fuisse,
764 2804 800 2835 ιιι
819 2799 850 2835 in
863 2799 925 2835 ipsa

132 2834 230 2862 coruiu
248 2836 388 2862 creatione
411 2834 590 2862 lucidissimis
611 2835 705 2869 gratia:
729 2834 925 2868 splendoribus

133 2870 315 2904 nitescerent,
332 2870 435 2905 Deique
450 2869 570 2897 amicitia
583 2869 762 2897 fruerentur?
786 2868 853 2901 Quis
882 2876 927 2895 ue-

969 1622 1003 1648 ad
1016 1621 1172 1648 Abraham:
1191 1620 1247 1656 Ego
1264 1629 1323 1646 sum
1348 1620 1418 1647 Deus
1433 1626 1502 1651 tuus,
1529 1621 1574 1655 qui
1586 1621 1664 1648 eduxi
1681 1625 1705 1648 te
1728 1621 1760 1649 de

969 1672 1040 1694 terra
1064 1666 1269 1698 C/taldworum,
1295 1670 1323 1692 ut
1349 1667 1441 1693 darem
1465 1667 1510 1693 tibi
1541 1672 1641 1694 terram
1668 1667 1758 1698 istam,

970 1717 997 1740 ut
1014 1713 1158 1747 possideres
1176 1720 1245 1739 eam.
1276 1712 1367 1740 Atille
1381 1713 1418 1739 ait
1434 1720 1443 1738 :
1462 1713 1572 1740 Domine
1587 1715 1667 1746 Deus,
1690 1715 1759 1742 unde

969 1761 1015 1786 hoc
1029 1760 1122 1791 sciam,
1139 1759 1208 1794 quod
1220 1767 1385 1794 possessio-us
1404 1760 1452 1786 aint
1469 1768 1527 1786 ram
1544 1759 1555 1785 ?
1574 1760 1691 1788 Videsne
1708 1769 1758 1796 pa-

971 1805 1096 1832 triarcha:
1119 1805 1342 1832 dubitationem?
1371 1805 1505 1832 P0<ccbat
1548 1810 1578 1832 ut
1607 1814 1656 1840 per
1680 1807 1757 1842 signa

971 1850 1072 1878 certior
1085 1851 1118 1877 de
1135 1857 1168 1877 eo
1183 1849 1260 1876 ﬁeret
1290 1851 1363 1884 quod
1382 1850 1567 1878 desiderabat.
1582 1851 1665 1886 Atqui
1682 1851 1758 1879 suill-

971 1897 1047 1924 ciens
1062 1896 1184 1930 profecto
1210 1895 1318 1930 signum
1336 1903 1397 1923 esse
1424 1895 1462 1922 illi
1490 1895 1631 1924 debuisset
1655 1897 1759 1925 beneﬁ-

971 1942 1088 1973 ciorum,
1107 1942 1228 1976 qurejam
1241 1946 1395 1976 acceperat,
1408 1941 1575 1974 recordatio,
1587 1947 1614 1970 et
1627 1943 1700 1978 quod
1711 1943 1757 1970 ille

972 1989 1043 2016 idem
1059 1988 1242 2022 promitteret,
1258 1989 1304 2022 qui
1316 1988 1409 2023 sciam
1423 1988 1575 2016 beneﬁcum
1587 1989 1757 2018 ostenderat.

972 2035 1096 2063 Postulat
1110 2038 1201 2060 tamen
1214 2054 1220 2066 ,
1235 2038 1262 2060 ct
1278 2042 1339 2061 cum
1353 2042 1407 2060 non
1420 2039 1512 2068 posset
1526 2035 1606 2062 ﬁdem
1621 2035 1757 2071 abnegarc

971 2081 1106 2114 loquenti,
1134 2079 1315 2106 nihilominus
1336 2087 1369 2106 cx
1391 2080 1534 2115 peregrina
1557 2081 1757 2115 promissorum

973 2125 1080 2152 ratione
1100 2133 1194 2152 ansam
1212 2125 1355 2155 dubitandi
1376 2125 1516 2158 sumebat,
1545 2131 1573 2153 et
1593 2127 1757 2162 exquirebat

972 2172 1133 2199 corumdcm
1142 2171 1229 2206 signa,
1242 2177 1274 2197 ac
1289 2169 1400 2197 modum
1414 2171 1503 2205 qualis
1526 2171 1636 2198 demum
1649 2172 1758 2201 futurus

933 2227 960 2257 ι)
974 2222 1058 2251 esset,
1074 2218 1278 2246 sciscitabatur.
1466 2243 1469 2245 .

1009 2265 1090 2292 XXV.
1108 2266 1178 2299 Quid
1200 2272 1282 2300 porro
1302 2265 1335 2292 ad
1353 2265 1411 2292 haec
1425 2265 1638 2301 benignissimus
1665 2265 1758 2293 Domi-

972 2320 1025 2341 nus
1036 2312 1047 2338 ?
1058 2312 1152 2346 Neque
1169 2311 1278 2347 gravius
1292 2311 1319 2338 id
1335 2311 1429 2339 ferens
1450 2311 1560 2338 acerbis
1582 2319 1646 2339 eum
1665 2311 1758 2338 verbis

970 2358 1053 2393 coepit
1080 2358 1235 2392 increpare;
1267 2365 1355 2392 neque
1386 2357 1566 2385 vehementer
1600 2357 1758 2392 indignatus

971 2406 1048 2432 illum
1065 2405 1142 2432 hisce
1158 2404 1239 2431 dictis
1252 2411 1396 2439 aggressus
1409 2408 1451 2431 est
1465 2412 1471 2430 :
1484 2403 1621 2436 Quidnam
1636 2403 1689 2430 hoc
1704 2408 1757 2435 est,

971 2459 988 2478 ο
1000 2449 1162 2478 Abraham?
1176 2449 1306 2477 Talemne
1322 2457 1428 2481 eorum,
1443 2457 1504 2484 qua:
1520 2455 1535 2475 a
1549 2456 1592 2475 me
1615 2448 1756 2479 dicuntur,

972 2497 1059 2526 habes
1079 2496 1107 2523 in
1133 2500 1160 2523 te
1182 2495 1242 2531 ipso
1256 2495 1453 2529 experientiam
1467 2495 1474 2520 l
1488 2495 1605 2521 lstamue
1621 2495 1680 2526 tibi,
1695 2499 1757 2529 post

976 2623 1055 2654 sciat,
1074 2622 1127 2649 lioc
1142 2621 1214 2648 idem
1230 2627 1331 2646 munus
1348 2619 1445 2654 primis
1469 2627 1578 2654 quoque
1597 2619 1757 2653 parentibus

976 2658 1106 2685 collatum
1124 2657 1219 2686 fuisse,
1239 2655 1293 2682 imo
1309 2662 1374 2682 vero
1391 2659 1418 2681 et
1433 2654 1571 2681 datmones
1588 2654 1658 2680 hanc
1680 2660 1757 2681 ortus

977 2694 1018 2720 sui
1030 2692 1201 2719 nobilitatem
1216 2691 1321 2725 jactare
1333 2690 1433 2724 posse?
1456 2690 1579 2718 Postulat
1596 2696 1660 2725 ergo
1676 2690 1755 2716 allata

977 2729 1122 2756 sententia,
1144 2731 1173 2753 ut
1196 2724 1224 2752 et
1250 2725 1330 2761 Virgo
1349 2725 1428 2753 beata
1456 2734 1470 2753 a
1486 2725 1573 2761 prima
1589 2724 1630 2751 sui
1651 2732 1756 2759 origine

978 2761 1194 2797 praeclarissimis
1211 2760 1310 2788 (Ἀνιηιὲ
1332 2761 1427 2796 gratia:
1436 2760 1605 2797 muneribus
1615 2794 1619 2797 _
1628 2764 1757 2786 exornata

979 2794 1072 2824 i'uerit.
1091 2797 1140 2824 Sin
1157 2796 1247 2828 aliter,
1268 2794 1344 2823 tanto
1366 2796 1470 2830 angelis
1488 2803 1519 2822 ac
1540 2794 1637 2830 primis
1659 2802 1757 2830 paret».

981 2833 1055 2859 tibus
1072 2832 1153 2866 Virgo
1170 2832 1283 2866 Deipara
1301 2829 1414 2858 inferior
1425 2831 1488 2862 erit,
1513 2829 1645 2865 quantum
1658 2837 1674 2856 a
1688 2829 1758 2856 divi-

981 2876 1022 2895 na.-
1036 2865 1130 2903 κτειιὶιὲ
1149 2867 1209 2894 luce
1220 2865 1328 2894 distant
1344 2865 1449 2902 peccati
1466 2866 1596 2894 tenebrae.
