2034 3153
288 213 339 244 687

936 216 1065 246 JACOBI
1086 216 1254 246 MUNAUIII

1860 214 1910 246 6578

289 276 320 295 ea
341 276 399 303 quae
428 268 454 295 in
469 273 493 294 te.
509 269 606 296 collata
622 275 686 296 sunt
700 269 845 301 beneficia,
862 271 1070 304 persuasionem

1123 270 1152 295 σὲ
1179 269 1354 304 τροῦιετέοης
1372 270 1552 305 εὐεργεσιῶν;
1569 271 1601 296 Τί
1623 270 1651 296 ἐν
1666 269 1780 301 minus;
1796 269 1911 304 διαμερ-

288 313 419 340 inducere
437 313 598 340 inanimum
617 315 751 349 potuisti?
768 314 839 347 Quid
866 316 892 341 in
923 315 966 342 his
987 315 1071 342 habes

287 359 361 392 quod
378 358 535 393 redarguas,
558 360 635 394 quasi
655 360 795 387 fraudatus
810 361 953 395 promissis
966 361 1072 388 fueris?

288 405 383 431 Nonne
396 412 448 439 ego
464 410 490 431 te
502 413 534 431 ex
548 410 663 439 paterna
683 406 854 438 infelicitate,
882 412 1009 441 tanquam
1027 415 1072 434 ro-

287 456 372 475 same
386 448 473 482 spinis
490 449 632 484 colligens,
654 450 682 477 in
704 451 757 478 mei
784 452 951 486 agnitionem
982 456 1072 478 trans-

287 493 357 519 tuli?
372 493 468 520 Nonue
479 501 540 528 ego,
558 502 620 521 cnm
635 499 733 523 auctor
747 496 796 523 tibi
812 496 924 524 fuissem
942 501 971 523 ut
996 505 1010 523 a
1024 505 1071 531 pa-

287 544 363 565 terna
379 543 453 566 sorte
476 545 504 566 et
525 541 687 574 cognatione
708 541 875 574 discederes,
901 541 1071 569 domicilium

287 586 313 611 in
331 590 503 612 antecessum
535 585 584 612 tibi
603 586 759 614 adornavi?
786 587 883 615 Nonne
905 588 1072 623 alienigena-

287 638 346 656 rum
364 630 580 659 Chananmorum
596 637 696 660 terram
707 640 757 668 ego
771 633 818 660 tibi
833 633 947 668 subjeci,
959 639 986 660 ct
998 640 1071 661 tran-

286 676 400 710 quillam
415 678 441 704 in
459 685 490 704 ea
508 678 555 705 tibi
571 678 665 706 sedem
682 680 858 714 comparavi?
871 680 938 712 Quis
952 684 1005 712 est,
1024 680 1071 714 qui

287 728 359 749 tuam
373 723 399 749 in
411 722 557 759 [Egyptum
573 725 764 760 niigralionem
781 726 879 753 direxit
892 726 903 752 ?
917 725 983 758 Quis
999 726 1071 754 Pha-

286 775 398 795 raonem
414 769 489 803 gravi
503 769 620 806 subjecit
634 771 868 798 animadversioni
885 776 997 806 propter
1005 780 1071 799 con-

285 814 377 848 jugem
395 819 469 841 tuam
494 815 610 842 Saram?
629 816 696 849 Quis
723 817 892 843 tremendam
909 816 947 843 illi
965 825 997 844 ac
1020 818 1070 845 toti

285 860 346 894 ejus
358 860 452 888 domui
474 861 578 889 cladem
600 862 704 894 intulit,
730 867 756 889 te
776 869 842 889 vero
856 862 951 889 multis
972 863 1070 897 opibus

286 911 415 934 onustum
423 915 455 935 ex
463 907 653 943 Egyptiorum
664 908 773 935 insidiis
779 907 894 942 eripuit?
900 908 1070 940 Quibusnam

286 953 393 980 viribus
430 954 462 980 ad
486 954 635 981 vindictam
659 955 819 986 instructus,
842 953 953 981 bellicas
979 962 1071 989 regum
1090 946 1110 974 Β

286 1000 436 1034 phalanges
445 999 610 1027 concidisti?
628 999 765 1032 Quasnam
786 999 920 1027 adversus
943 1001 1005 1028 illos
1018 1008 1070 1035 pu-

285 1052 401 1080 gnantes
415 1046 488 1073 acies
503 1045 551 1072 tibi
561 1045 650 1072 socias
662 1044 793 1078 habuisti,
809 1053 870 1072 cum
886 1046 1010 1080 przelium
1024 1046 1071 1074 ad-

286 1099 383 1119 versus
398 1099 446 1119 eos
462 1089 671 1118 committeres?
683 1090 780 1118 Nonne
793 1091 866 1118 enim
882 1095 1069 1118 tercentorum

285 1145 431 1164 vernarum
444 1144 542 1171 agmen
552 1135 710 1171 hujusmodi
723 1137 811 1164 erexit
823 1142 957 1172 tropaeum
969 1136 981 1163 ?
999 1136 1073 1169 Quo-

283 1182 367 1209 modo
397 1187 425 1208 et
448 1181 550 1215 quibus
571 1181 816 1209 exercitationibus
826 1181 860 1209 ad
889 1189 1007 1217 pugnam
1029 1181 1073 1208 in-

285 1231 389 1254 structa
403 1227 483 1254 turba
497 1227 554 1258 illa,
572 1234 633 1261 qua:
650 1235 724 1255 mere
739 1228 898 1255 domesticis
912 1228 1073 1256 ministeriis

285 1280 396 1306 operam
418 1272 542 1306 dederat,
565 1280 654 1308 neque
672 1273 747 1301 aliud
771 1274 907 1308 amplius,
927 1282 1008 1308 quam
1027 1282 1072 1302 res

286 1317 405 1351 privatas
421 1325 519 1345 curare
539 1323 707 1351 assueverat,
727 1319 957 1346 innumerabilem
982 1319 1071 1354 potuit

285 1364 437 1398 equitatum
451 1363 478 1391 in
494 1367 567 1391 tuam
580 1368 742 1399 potestatem
755 1363 898 1398 redigere?
910 1363 976 1396 Quis
985 1364 1070 1391 bene-

286 1408 422 1436 dictiones
449 1409 498 1436 tibi
539 1417 588 1444 per
614 1408 863 1436 Ilelchisedechum
901 1409 1071 1443 impertivit?

286 1453 382 1480 Nonne
391 1461 451 1488 ego,
463 1461 525 1481 cum
533 1458 649 1488 propter
660 1453 718 1480 haec
732 1452 898 1481 credidisses
907 1472 914 1484 ,
927 1453 1007 1480 fidem
1021 1453 1070 1480 tibi

287 1499 321 1527 ad
346 1501 482 1535 justitiam
505 1500 653 1534 reputavi?
686 1499 757 1532 Quid
789 1500 828 1526 sic
851 1499 966 1526 aﬂiceris
993 1507 1077 1531 nunc,

1125 315 1180 341 τῶν
1195 315 1250 341 τῶν
1261 315 1436 350 ὑποσχέσεων
1451 317 1606 350 κατέγνωςς
1623 316 1679 342 Οὐκ
1696 315 1750 349 ἐγώ
1769 324 1810 348 σε,
1827 315 1910 342 καθά-

1125 369 1178 395 περ
1195 361 1270 395 ῥόδον
1285 360 1314 392 ἐξ
1326 361 1464 393 ἀκανθῶν,
1481 363 1529 396 τῆς
1553 362 1719 396 προγονικῆς
1737 361 1906 396 ἀναλεξάμε-

1125 415 1169 437 νος
1188 407 1392 441 δυσδαιμονίας,
1409 409 1448 439 εἰς
1466 408 1514 443 τὴν
1529 409 1598 443 ἐμὴν
1620 403 1770 442 ἐπίγνωσιν
1790 409 1907 442 μετεφύ-

1124 460 1224 484 τευσα;
1239 453 1288 478 οὐκ
1305 453 1359 486 ἐγώ
1383 462 1424 480 σοι
1447 454 1725 489 παρακελευσάμενος
1741 454 1773 479 ἐκ
1794 453 1841 479 τοῦ
1859 461 1909 479 πα-

1125 497 1214 532 τρῲσυ
1231 498 1281 532 κλή
1288 507 1333 532 pou
1350 501 1398 525 καὶ
1413 501 1463 534 τῆς
1485 501 1646 534 συγγενείας
1660 500 1799 534 ἀπαίρειν,
1813 499 1847 525 τὰ
1860 499 1908 532 τῆς

1126 546 1362 578 κατασκηνώσεως
1377 546 1585 581 προηυτρέπισα
1597 555 1604 578 ;
1623 546 1654 571 οὺ
1667 545 1715 580 τὴν
1729 545 1784 570 τῶν
1797 545 1908 578 ἀλλογε-

1126 589 1179 614 νῶν
1193 589 1356 616 Χαναναίων
1370 590 1424 623 ἐγώ
1446 599 1488 616 σοι
1511 590 1688 622 καθυπέταξα
1703 591 1766 624 γῆν,
1777 589 1825 615 καὶ
1847 590 1909 623 ἦρε-

1128 643 1176 669 μον
1199 635 1248 670 τὴν
1271 637 1299 662 ὲν
1321 636 1407 672 ταύτῃ
1428 636 1622 663 κατεσκεύασα
1641 636 1803 666 κατοικίαν;
1828 636 1875 665 Τίς
1894 636 1908 661 ό

1124 682 1174 716 τὴν
1188 683 1227 713 εἰς
1243 682 1382 716 Αἴγυπτον
1402 683 1544 714 διευθύνας
1561 690 1601 708 σοι
1623 682 1752 713 κάθοδονς
1771 682 1812 712 τίς
1832 683 1845 707 ό
1863 690 1909 715 χα-

1125 725 1216 757 λεποῖς
1232 727 1361 760 ἐτασμοῖς
1383 727 1430 752 τὸν
1453 726 1553 760 Φαραὼ
1578 725 1776 753 καθυποϐαλὼν
1795 725 1840 751 διὰ
1860 725 1909 759 τὴν

1125 771 1249 797 σύνοικον
1267 781 1314 798 σου
1336 773 1464 807 meo“;
1483 773 1524 804 τις
1545 774 1559 798 ὁ
1580 773 1691 798 πανοικὶ
1704 771 1820 806 φοϐερὸν
1837 771 1908 805 αὐτῷ

1124 817 1169 842 τὸν
1185 816 1295 852 δλεθρον
1306 818 1528 852 ὲπισεισάμενος,
1541 818 1589 844 καὶ
1599 817 1628 843 ὲν
1643 817 1790 852 περιουσίᾳ
1802 825 1831 842 σε
1847 817 1908 842 πολ-

1124 863 1156 897 λῇ
1187 863 1241 889 τῶν
1272 863 1469 897 Αἰγυπτιακῶν
1501 863 1651 890 ὲπιὸουλῶν
1684 863 1907 898 ἁναγαγόμενος;

1125 908 1219 940 Ποίαις
1231 909 1405 940 δυναστείαις
1425 911 1465 941 είς
1479 909 1586 945 ἄμυναν
1608 910 1792 944 χρησάμενος,
1807 909 1839 934 τὸ
1855 911 1922 935 στῖ-’

1125 962 1174 988 φος
1185 954 1238 980 τῶν
1256 954 1388 988 βασιλέων
1402 955 1570 989 συνέκοψαςς
1590 955 1673 986 Τίνας
1694 954 1910 988 ἀνταγωνιζομέ-

1124 1006 1172 1029 νας
1188 999 1281 1030 αὐτοῖς
1302 999 1462 1034 συμμαχίας
1476 998 1558 1034 εἶχες,
1575 999 1658 1034 ἡνίκα
1670 999 1718 1033 τὴν
1731 999 1799 1033 πρὸς
1811 999 1908 1029 αὐτοὺς

1126 1045 1245 1079 συνῇρας
1263 1044 1371 1079 μάχην;
1391 1045 1438 1079 Μὴ
1455 1045 1510 1080 γὰρ
1524 1046 1538 1072 ὁ
1561 1046 1752 1079 συνασπισμὸς
1765 1044 1819 1071 τῶν
1834 1053 1909 1079 τρια-

1124 1089 1224 1115 κοσίων
1236 1090 1383 1123 οἰκογενῶν
1397 1090 1427 1117 τὸ
1442 1089 1565 1116 τοιοῦτον
1580 1090 1747 1125 κατώρθωσε
1761 1090 1906 1123 τρόπαιον;

1125 1135 1186 1166 Πῶς
1201 1135 1249 1162 καὶ
1265 1136 1335 1162 τίσιν
1349 1136 1510 1171 ἐμπειρίαις
1534 1136 1699 1171 πολεμικαῖς
1711 1135 1907 1171 προασκηθεὶς,

1121 1181 1135 1207 ὀ
1150 1181 1210 1212 ταῖς
1233 1181 1300 1207 κατ’
1318 1179 1394 1207 οἷκον
1412 1182 1508 1216 μόναις
1530 1182 1695 1217 ὑπηρεσίαις
1716 1181 1908 1215 γεγυμνασμέ-

1121 1233 1176 1258 νος,
1185 1225 1234 1252 καὶ
1246 1226 1330 1261 μηδὲν
1344 1226 1425 1253 πλέον
1435 1227 1490 1253 τῶν
1505 1227 1648 1253 ἰδιωτικῶν
1662 1228 1690 1253 ὲν
1705 1227 1807 1262 μελέτῃ
1819 1225 1907 1252 ποιού-

1123 1279 1204 1303 μενος
1227 1272 1409 1306 πραγμάτων,
1423 1272 1472 1307 τὴν
1494 1273 1608 1307 ἄπειρον
1625 1273 1707 1298 ἵππον
1723 1272 1776 1298 ὑπὸ
1794 1272 1845 1306 τὴν
1860 1271 1906 1305 σὴν

1123 1317 1310 1352 ποιησάμενος
1329 1318 1426 1353 χεῖρα;
1440 1318 1488 1349 Τίς
1503 1319 1517 1345 ὁ
1531 1317 1575 1344 διὰ
1592 1317 1761 1352 Μελχισεδὲκ
1772 1317 1821 1348 τὰς
1833 1316 1906 1343 εὐλο-

1123 1361 1186 1395 γίας
1210 1369 1251 1387 σοι
1275 1362 1503 1397 παρασχόμενο;;
1525 1363 1582 1389 Οὐκ
1608 1362 1664 1396 ἐγώ
1689 1370 1730 1388 σοι
1755 1362 1800 1388 διὰ
1823 1360 1907 1387 ταῦτα

1124 1407 1300 1434 πιστεύσαντι
1319 1409 1358 1439 εἰς
1371 1407 1548 1443 δικαιοσύνην
1560 1407 1610 1442 τὴν
1623 1407 1714 1433 πίστιν
1729 1406 1905 1441 λελόγισμαις

1123 1453 1156 1480 Τί
1171 1452 1251 1480 τοῦτο
1270 1454 1421 1485 πέπονθας,
1437 1455 1451 1480 ὁ
1472 1454 1600 1489 θεράπων
1615 1454 1629 1480 ὁ
1644 1454 1726 1488 ἑμός;
1744 1453 1806 1484 Πῶς
1829 1451 1906 1479 ἀλλό-

1133 1507 1197 1535 τρια
1213 1498 1263 1534 τῆς
1274 1498 1377 1530 οἰκείας
1388 1499 1490 1533 ἀρετῆς
1506 1499 1664 1533 προέτεινας
1679 1499 1802 1534 ﬁgam;

286 1553 364 1573 serve
382 1545 475 1571 meus?
500 1544 642 1577 Quomodo
665 1544 748 1571 verba
767 1551 783 1571 a
810 1543 913 1571 virtute
932 1548 978 1570 tua
996 1548 1049 1570 tam
1070 1544 1160 1571 aliena
1179 1543 1365 1578 pretendisti'!

321 1591 415 1618 XXVI.
434 1591 468 1617 At
487 1590 556 1617 nihil
573 1589 708 1625 ejusmodi
737 1589 950 1624 benignissimus
978 1589 1071 1616 Domi-

1162 1588 1234 1622 κστ
1261 1589 1345 1615 Οὐδὲν
1367 1589 1471 1616 τούτων
1491 1589 1506 1616 ὁ
1530 1589 1688 1623 πανάγαθος
1713 1589 1906 1624 προσωνείδισι

286 1644 339 1664 nus
363 1636 538 1670 exprobravit
561 1642 569 1662 :
583 1635 631 1662 sed
648 1635 682 1662 ad
696 1635 893 1662 haesitationem
910 1635 1071 1669 abigendam

1125 1635 1273 1669 Δεσπότης·
1296 1634 1365 1662 ἀλλὰ
1390 1635 1482 1662 δίδωσι
1507 1635 1558 1670 μὲν
1579 1635 1625 1662 τὸν
1646 1636 1697 1669 τῆς
1719 1636 1907 1672 διαπορήσεως

287 1681 448 1709 vaticinium
466 1681 552 1713 addit,
573 1689 628 1708 non
644 1686 735 1708 tamen
750 1680 843 1707 subito
864 1685 892 1707 et
910 1681 1006 1708 eodem
1024 1680 1072 1708 illo

288 1734 427 1763 tempore;
444 1728 491 1755 sed
509 1727 620 1754 interim
635 1727 797 1762 patriarchae
808 1726 930 1754 animum
952 1731 1071 1760 exercet,

286 1780 313 1802 et
331 1774 432 1801 idcirco
447 1774 536 1801 dicit:
557 1772 636 1800 Sume
663 1773 726 1800 mihi
750 1773 859 1800 vitulam
887 1775 1025 1806 triennem,
1049 1778 1073 1800 et

285 1829 394 1856 caprum
407 1822 523 1853 trimam,
538 1825 562 1847 et
578 1820 689 1848 arietem
715 1827 846 1846 annorum
871 1821 961 1852 trium,
987 1825 1073 1846 turtu—

286 1875 340 1894 rem
357 1874 459 1901 quoque
482 1869 507 1892 et
533 1865 682 1892 columbam
697 1865 735 1898 ";
756 1872 818 1899 qua:
845 1864 956 1899 quidem
981 1865 1072 1891 omnia

284 1912 467 1947 exquirebant
493 1916 602 1946 tempus
638 1918 670 1938 ac
712 1910 851 1945 negotium
879 1910 1072 1938 lacessebant:

284 1966 383 1994 nempe
400 1966 462 1985 cum
477 1958 569 1993 justus
581 1957 626 1984 ille
641 1956 720 1984 valde
740 1960 854 1991 cuperet
870 1956 954 1983 futuri
970 1956 1073 1983 oraculi

282 2004 500 2036 enarrationem,
530 2008 638 2037 tempus
656 2002 695 2029 illi
715 2002 788 2029 Deus
813 2002 980 2036 prorogavit,
1006 2001 1072 2028 dum

285 2048 424 2080 animalia,
449 2055 510 2082 qua:
533 2046 673 2073 offerenda
702 2050 791 2078 erant,
814 2046 966 2080 colligeret.
986 2046 1073 2073 Porro

284 2094 434 2121 verisimile
449 2092 559 2127 quidem
576 2097 627 2124 est,
640 2091 718 2118 facile
735 2091 846 2118 inventa
860 2095 888 2118 et
910 2095 1072 2125 congregata

285 2139 369 2165 fuisse
397 2138 605 2173 quadrupedia;
632 2136 680 2163 sed
711 2143 807 2163 rursus
828 2135 967 2170 negotium
999 2135 1071 2162 haud

284 2184 344 2210 leve
359 2184 398 2210 illi
414 2183 562 2210 exhibebat
575 2182 666 2209 avium
691 2181 822 2214 venatio;
851 2184 880 2208 et
907 2179 1006 2208 exinde
1027 2188 1074 2216 pa-

286 2229 411 2255 triarchze
428 2228 537 2255 animus
553 2226 772 2254 excruciabatur.

322 2275 427 2309 Accepit
444 2277 543 2305 autem,
562 2272 651 2307 inquit
663 2272 697 2304 ⁶⁰,
711 2271 760 2298 sibi
779 2272 834 2298 lucc
846 2271 946 2303 omnia,
969 2275 994 2298 et
1029 2272 1071 2298 di-

1124 1681 1259 1715 χρησμδν,
1272 1681 1322 1707 οὐκ
1337 1680 1444 1715 ἁθρόως
1457 1680 1486 1706 δὲ
1501 1681 1561 1707 οὐδὲ
1578 1680 1649 1707 κατὰ
1662 1682 1755 1707 ταύτό·
1769 1681 1837 1708 ἀλλὰ
1859 1690 1906 1716 με-

1123 1726 1190 1757 ταξὺ
1209 1726 1259 1759 τὴν
1281 1726 1328 1752 τοῦ
1351 1727 1523 1762 πατριάρχου
1548 1727 1695 1761 γυμνάζων
1715 1727 1847 1762 γνώμην,
1867 1727 1907 1753 διό

1123 1780 1200 1807 φησιε
1219 1772 1297 1799 Λαῢέ
1309 1781 1361 1807 μοι
1385 1772 1515 1807 δάμαλιν
1537 1773 1750 1806 τριετίζουσαν,
1771 1774 1821 1800 καὶ
1840 1771 1906 1807 αἶγα

1122 1817 1334 1852 τριετίζουσαν,
1346 1818 1394 1845 καὶ
1407 1818 1491 1852 κριὸν
1507 1818 1695 1851 τριετίζοντα,
1705 1819 1753 1844 καὶ
1766 1819 1905 1853 τρυγόνα,

1123 1863 1172 1891 καὶ
1188 1863 1383 1898 περιστερὰν,
1406 1864 1494 1889 πάντα
1514 1864 1611 1898 καιροῦ
1635 1866 1683 1890 καὶ
1702 1864 1835 1898 ἀσχολίας
1848 1864 1905 1890 δεό-

1124 1918 1202 1946 μενα·
1220 1909 1315 1945 ἐπειδὴ
1340 1910 1394 1944 γὰρ
1418 1909 1550 1935 ἔσπευδεν
1571 1910 1584 1935 ὀ
1605 1909 1707 1941 δίκαιος
1731 1910 1780 1944 τὴν
1794 1909 1906 1936 ἐκσασιν

1121 1957 1169 1983 τοῦ
1194 1956 1338 1991 μέλλοντος
1367 1955 1538 1989 εἰσδέξασθαι
1568 1955 1713 1990 χρησμοῦ,
1744 1955 1905 1990 παρέτεινεν

1123 2003 1197 2036 αύτῷ
1213 2003 1259 2029 τὸν
1279 2003 1385 2038 χρόνον,
1403 2001 1446 2028 διὰ
1468 2001 1517 2036 τῆς
1534 2001 1587 2028 τῶν
1601 2001 1815 2035 ἀναφερομένων
1830 2001 1904 2032 ζώων

1122 2047 1262 2082 ἑπιλοτῆς.
1288 2045 1353 2073 Εἶτα
1376 2047 1449 2077 εἰκὸς
1469 2046 1500 2072 ὲκ
1520 2045 1568 2072 τοῦ
1591 2046 1737 2080 προχείρου
1761 2046 1796 2071 τὰ
1811 2045 1906 2079 τετρά-

1123 2093 1191 2118 ποδα
1216 2092 1455 2127 συναθροισθῆναι·
1481 2091 1562 2118 πάλιν
1580 2091 1644 2126 περὶ
1665 2091 1714 2125 τὴν
1730 2090 1784 2117 τῶν
1803 2091 1903 2125 ὀρνέων

1123 2137 1238 2172 θήρανῂ
1255 2138 1368 2173 ἀσχολία
1391 2137 1541 2163 συνέϐαινε·
1559 2136 1709 2163 κάντεῦθεν
1729 2137 1759 2162 τὸ
1779 2137 1828 2164 τοῦ
1853 2145 1903 2162 πα-

1121 2183 1253 2218 τριάρχου
1266 2182 1501 2218 κατετιτρώσκετο
1518 2181 1648 2213 συνειδὸς.

1159 2271 1269 2298 Ἐλαόε
1284 2271 1328 2304 δὲ,
1342 2271 1436 2306 φησὶν,
1452 2270 1531 2303 αὐτῷ
1544 2271 1636 2298 ταῦτα
1651 2270 1760 2302 πάντα,
1773 2270 1824 2296 καὶ
1838 2269 1904 2296 διεῖ-

284 2322 342 2348 visit
359 2329 389 2346 ea
403 2328 450 2353 per
463 2319 587 2350 medium,
606 2325 665 2344 aves
682 2322 769 2344 autem
784 2325 836 2343 non
861 2317 958 2343 diuisit.
972 2316 1009 2344 Et
1022 2316 1071 2344 has

1123 2318 1179 2344 λεν
1198 2316 1274 2344 αὐτὰ
1294 2317 1401 2351 μέσον·
1417 2317 1453 2343 τὰ
1471 2317 1506 2343 δὲ
1521 2317 1609 2350 ὄρνεα
1628 2318 1663 2343 οὺ
1685 2315 1806 2342 διεῖλεν.
1830 2316 1904 2349 Ἐμοὶ

284 2366 407 2402 quidem,
425 2370 455 2393 ut
470 2365 537 2392 mihi
554 2363 674 2395 videtur,
705 2371 760 2390 non
781 2363 874 2390 divisit
892 2367 1004 2398 propter
1028 2362 1069 2390 fe-

284 2412 459 2438 stinationem
468 2431 476 2442 ,
489 2409 615 2445 quamvis
624 2409 676 2436 hoc
691 2409 781 2444 ipsum
793 2408 911 2443 aliquem
924 2409 1068 2444 mysticum

284 2465 396 2485 sensum
412 2456 581 2492 praeseferat.

252 2497 255 2500 ’
319 2503 426 2531 χχνιι.
444 2503 512 2530 Cum
530 2503 613 2537 igitur
625 2509 667 2533 ea,
683 2509 743 2535 qua:
760 2499 912 2536 pertinebat
934 2499 967 2527 ad
983 2501 1070 2528 sacri-

285 2551 386 2582 ficium,
417 2549 587 2584 perfecisset,
624 2547 736 2575 sedebat
759 2547 797 2574 rei
826 2552 955 2574 eventum
973 2554 1071 2581 exspe-

284 2601 372 2629 ctans,
389 2599 416 2622 et
431 2595 536 2622 oraculi
564 2594 695 2621 dilatione
720 2593 912 2620 discruciatus.
932 2592 1070 2624 Quantum

284 2642 356 2668 enim
372 2641 445 2668 illius
461 2641 512 2668 diei
528 2644 636 2674 tempus
655 2638 880 2673 protendebatur,
900 2637 1070 2664 tantumdem

286 2688 324 2714 illi
342 2687 492 2722 augebatur
503 2686 635 2713 anxietas.
650 2684 773 2711 Accessit
784 2688 874 2710 autem
887 2688 913 2709 et
928 2683 1069 2709 volucrum

287 2734 425 2764 incursus,
440 2731 487 2766 qui
512 2731 686 2758 afllictionem
706 2730 744 2756 illi
760 2729 968 2762 molestiamque
986 2728 1071 2755 adde-

285 2779 342 2805 bat.
362 2778 554 2812 Dcscenderuiit
580 2776 664 2806 enim,
682 2775 772 2809 inquit
797 2775 830 2806 “,
849 2773 966 2800 volucres
995 2781 1073 2807 super

285 2823 415 2850 cadavera
430 2822 559 2852 dissecla.
578 2825 601 2847 et
621 2820 755 2847 Abraham
770 2819 824 2846 illis
842 2820 971 2846 assidebat
988 2819 1071 2853 (quod

286 2868 396 2902 quidem
411 2868 509 2903 aliquis
536 2868 671 2900 interpres
686 2866 817 2898 reddidit,
833 2865 983 2900 abigebat);
1002 2865 1070 2892 adeo

321 2925 342 2940 ⁸³
359 2924 425 2952 Gen.
438 2932 481 2958 ιν,
494 2924 510 2951 9
525 2931 580 2951 scc.
595 2931 655 2950 Lxx.
695 2922 783 2950 “Gen
815 2929 859 2955 xv,
878 2922 919 2948 lt).

959 2921 979 2937 “
996 2921 1064 2949 ibid.
1083 2930 1107 2950 ν.
1132 2923 1158 2949 ll

1120 2363 1210 2396 δοκεῖ,
1229 2363 1402 2390 ἐπισπεύδων
1419 2363 1468 2398 τὴν
1488 2363 1541 2388 τῶν
1560 2364 1662 2397 ὀρνέων
1679 2363 1730 2388 οὐκ
1756 2364 1903 2396 ἐποιήσατο

1121 2410 1266 2446 διαίρεσιν,
1283 2412 1307 2437 εί
1322 2412 1368 2438 καί
1378 2420 1439 2437 τινα
1457 2411 1586 2445 μυστικὸν
1597 2410 1627 2436 τὸ
1641 2409 1761 2436 τοιοῦτον
1775 2410 1902 2443 ὲμφαίνει

1121 2455 1210 2490 λόγον.

1157 2503 1222 2529 ΚΖ¹.
1245 2502 1412 2537 ’Λπαρτίσας
1431 2501 1522 2528 τοίνυν
1541 2501 1575 2528 τὰ
1592 2502 1642 2535 τῆς
1663 2501 1770 2532 θυσίας,
1787 2501 1904 2534 ἐκάθητο

1121 2548 1151 2573 τὸ
1168 2548 1255 2583 πέρας
1274 2546 1526 2581 διασκοπούμενος,
1551 2547 1598 2572 καὶ
1617 2548 1674 2577 ταῖς
1695 2545 1839 2576 ὰναὸολαῖς
1858 2545 1902 2571 τοῦ

1122 2593 1247 2628 χρησμοῦ
1271 2592 1430 2626 ἀνιώμενος.
1445 2592 1527 2618 Ὅσον
1537 2592 1590 2626 γὰρ
1609 2591 1623 2616 ὁ
1634 2592 1683 2626 τῆς
1695 2591 1800 2625 ἡμέρας
1820 2591 1903 2625 παρὲ-

1122 2646 1202 2671 τρεχε
1226 2637 1330 2672 χρόνος,
1351 2637 1477 2663 τοσοῦτον
1500 2637 1574 2672 αὐτῷ
1599 2637 1694 2663 καὶτὰ
1711 2636 1760 2670 τῆς
1784 2636 1901 2670 ἀθυμίας

1120 2683 1277 2714 ἐπλεόναςε.
1296 2683 1450 2718 [Ιροσετέθη
1477 2683 1505 2709 δὲ
1528 2682 1604 2715 αὐτῷ
1622 2684 1669 2709 καὶ
1689 2683 1705 2716 ἡ
1722 2681 1777 2708 τῶν
1795 2682 1904 2714 πτηνῶν

1121 2728 1266 2762 ἐπιδρομῇ,
1288 2729 1470 2763 κιλαφίζωσα
1491 2730 1539 2755 καὶ
1558 2727 1774 2764 παρενοχλοῦσα·
1791 2727 1902 2759 ιίιιῖέιῖιι

1120 2773 1186 2807 γὰρ,
1203 2773 1295 2807 φησὶν,
1314 2773 1402 2807 ὄρνεα
1425 2775 1473 2800 ἐπὶ
1492 2773 1528 2800 τὰ
1543 2774 1665 2808 σώματα
1690 2775 1726 2799 τὰ
1747 2772 1905 2806 διχοτομή-

1117 2827 1196 2853 ματα
1225 2820 1412 2846 αὐτῶνηΚαὶ
1437 2820 1639 2846 συνεκάθισεν
1655 2819 1758 2852 αὐτοῖς
1775 2819 1904 2853 Ἀϐραάμ

1122 2867 1199 2900 (ὅπερ
1220 2875 1261 2897 τις
1274 2867 1325 2892 τῶν
1340 2868 1577 2902 ὲρμηνευσάντωκτ,
1601 2867 1810 2899 ἀπεσόόιισει·,
1826 2866 1900 2900 ἔφην

1192 2930 1245 2949 SC'J.
1273 2931 1332 2950 LXX.
