2034 3153
278 193 327 226 σοι

925 201 1052 230 JACOBl
1074 201 1246 231 MONACIII

1859 202 1910 234 692

280 252 327 279 ria:
340 250 490 279 silentium.
505 251 677 281 Coudolehat
691 255 766 282 enim
781 255 831 288 illi.
855 255 929 290 quod
942 264 1009 284 voce
1023 264 1065 284 ca‘

1124 257 1225 292 ρόντων
1239 257 1338 292 ἔχουσα
1354 258 1404 290 τὰς
1417 259 1555 294 ἀφορμάς.
1572 259 1670 295 Πρώτη
1689 260 1738 294 μὲν
1755 261 1788 286 ὲκ
1803 259 1850 287 τοῦ
1864 261 1910 295 τῆς

281 302 366 329 reret,
388 297 554 333 dolendique
566 306 621 326 non
637 307 691 326 una
703 300 729 327 ei
744 300 814 328 ratio
836 305 906 328 erat.
925 302 965 328 Ac
981 301 1070 336 primo

281 341 393 376 quidem
417 344 452 369 ob
483 347 567 371 arctze
593 345 734 372 vinculum
763 346 951 380 cognationis;
971 347 1070 374 deinde

281 394 347 415 vero
358 395 391 415 ex
409 389 598 417 recordatione
620 399 729 426 quoque
749 400 856 425 eorum,
876 401 936 428 qua:
955 393 1006 420 sibi
1025 393 1070 422 ille

281 436 396 460 testatus
410 433 508 462 fuerat.
530 435 662 468 Linguam
680 437 754 464 enim
769 438 854 469 illam,
869 446 930 473 qua:
949 439 1070 473 prophe-

280 482 337 505 tare
350 483 378 505 et
393 478 485 506 l‘utura
497 482 682 514 praenuntiam
706 490 806 510 arcana
822 483 927 510 ratione
953 483 1070 515 solebat,

279 522 395 550 otiosam
421 524 532 552 interim
552 533 656 560 suaque
672 526 832 554 destitutam
852 527 966 559 virtute,
996 528 1067 555 intra

277 568 349 596 labia
361 570 539 597 constrictam
566 572 706 598 cernebat.
725 573 879 608 Prophetiaa
905 581 988 608 porro
1004 574 1070 600 cha-

278 613 391 642 rismate
413 621 554 649 exornata,
584 617 660 644 illum
692 627 707 645 a
739 619 815 654 gravi
846 619 896 646 hac
914 619 1068 647 calamitate

277 663 352 686 certe
363 660 538 688 liberandum
549 669 674 695 noverat,
689 671 721 690 ac
736 671 830 691 rursus
844 665 988 691 articulata
1001 673 1069 693 voce

278 704 445 734 dulcissima:
462 706 536 734 illius
551 708 702 743 prophetize
719 709 845 744 mysteria
859 709 1047 737 revelaturum

1121 303 1282 336 συγγενείας
1298 303 1419 338 ὑπογύου
1432 313 1438 319 -
1455 304 1551 331 ἔπειτα
1563 305 1591 332 δι
1610 306 1658 332 καὶ
1671 306 1720 340 τῆς
1733 305 1789 332 τῶν
1806 315 1910 342 μαρτυ-

1121 347 1259 383 ρηθέντων
1273 350 1342 384 αὐτῇ
1363 351 1486 385 μνήμης.
1510 351 1637 377 Γλῶσοαν
1653 351 1708 386 γὰρ
1735 353 1846 386 ἐκείνην
1860 353 1907 387 τὴν

1122 395 1362 428 προφητεύωσιν,
1388 396 1434 422 καὶ
1450 396 1590 430 μυστικῶς
1616 396 1650 423 τὰ
1671 397 1804 432 μέλλοντα
1827 407 1910 432 προτ-

1123 439 1325 475 φοεγξαμὲνην,
1355 442 1444 476 ἀργὴν
1469 442 1536 473 τέως
1557 442 1605 469 καὶ
1631 444 1816 477 ἀνενέργητον
1836 445 1910 476 ἐντὸς

1119 486 1232 521 χειλέων
1255 487 1460 523 καθειργμένην
1486 488 1570 523 ἑώρα.
1601 489 1678 525 Ἱιίὅει
1706 490 1757 524 μὲν
1785 492 1840 524 γὰρ
1872 490 1908 525 τῷ

1120 531 1284 566 προφητικῷ
1310 532 1525 568 λαμπρυνομένη
1553 533 1714 568 χαρίσματι,
1731 535 1770 565 ὡς
1793 535 1826 569 δὴ
1845 543 1907 560 συν-

1120 577 1325 612 απολυοήσεται
1340 580 1400 611 ταῖς
1413 579 1500 611 ὠδῖσι,
1517 581 1564 606 καὶ
1587 580 1668 606 πάλιν
1693 580 1817 616 Excdeth
1835 583 1908 616 φωνῇ

1120 624 1154 650 τὰ
1168 624 1217 658 τῆς
1235 625 1366 657 γλυκείας
1393 626 1501 660 ἐκείνης
1521 626 1701 660 διατρανώσει
1720 627 1905 661 προεητεὶαε·

1119 668 1280 704 διῳκονόμει
1297 671 1325 698 δὲ
1341 671 1440 706 ἄριστα
1454 673 1644 706 ἐνεργουμένῳ
1665 673 1753 707 τούτῳ
1769 674 1906 707 παρεῖναι,

1122 715 1169 740 καὶ
1184 716 1354 750 συνησθῆναι
1370 716 1534 750 τελουμένῳ.
1686 726 1689 729 λ

277 755 361 786 atque
380 752 449 779 adeo
481 753 582 780 ibidem
614 755 791 788 consistebat,
820 761 875 790 quo
901 755 938 782 illi
971 755 1063 783 divina
1084 757 1263 794 inspiratione
1297 762 1397 789 eximie
1422 767 1484 789 acto
1497 769 1528 790 ac
1560 762 1683 796 perfecto
1706 768 1734 790 et
1760 762 1857 790 adesse
1881 768 1907 790 et

278 798 451 832 congaudere
464 805 567 834 posset.

314 845 398 872 XXX.
423 846 651 881 Quandoquidem
669 855 734 884 ergo
759 848 834 876 hisee
858 848 893 875 de
915 849 1006 875 causis
1032 848 1065 876 ibi

1160 847 1200 875 A'.
1221 848 1297 875 Ἐπεὶ
1315 847 1360 875 οὖν
1376 848 1458 875 ἕνεκα
1472 849 1575 875 τούτων
1590 848 1640 882 τὴν
1654 848 1745 875 amo:
1768 849 1907 883 διατριϐὴν

279 899 385 918 moram
414 891 527 925 fecerat,
555 901 616 920 cum
640 893 695 928 jam
722 893 899 921 sustinuisset
919 902 1005 928 usque
1034 894 1068 921 ad

279 937 351 963 diem
374 945 429 972 quo
445 943 540 972 partus
565 939 590 965 in
615 939 703 966 lucent
725 944 767 966 est
793 940 896 972 editus,
917 945 946 967 et
976 941 1069 974 lingua

277 982 366 1009 soluta
382 987 434 1016 est,
462 983 495 1010 ad
523 991 570 1010 sua
592 992 713 1012 remeare
728 986 783 1020 jam
810 985 967 1012 festinabat.
999 985 1068 1012 lline

276 1028 359 1055 etiam
381 1029 458 1063 quasi
487 1034 539 1056 tres
559 1038 660 1057 menses
679 1031 846 1065 evangelista
865 1031 943 1062 dicit,
965 1035 992 1058 et
1012 1039 1067 1058 non

277 1073 345 1100 Tres
360 1074 452 1109 plane,
469 1076 533 1110 quia
548 1076 669 1103 nondum
683 1077 783 1111 expleti
799 1077 844 1104 isti
860 1082 950 1111 erant,
966 1079 1067 1113 quippe

277 1119 328 1146 sub
346 1120 450 1148 ultimis
470 1122 579 1155 septimi
601 1123 702 1149 mensis
718 1122 816 1150 diebus
830 1123 888 1158 ipsa
909 1124 1066 1151 advenerat.

311 1165 381 1193 Nato
399 1167 482 1201 igitur
499 1175 668 1202 prmcursore
685 1168 760 1196 illius
776 1170 858 1204 regis,
875 1171 920 1204 qui
936 1170 962 1197 in
989 1176 1068 1197 utero

279 1211 458 1240 incll‘abiliter
485 1214 656 1248 gestabatur,
679 1220 762 1249 atque
780 1216 861 1251 hujus
879 1217 994 1250 imperio
1009 1217 1068 1244 vin-

278 1257 349 1284 culis
363 1257 464 1285 silentii
480 1259 629 1293 perruptis,
658 1267 754 1287 rursus
779 1261 928 1295 gratiarum
946 1261 1068 1289 actiones

277 1304 404 1337 Domino,
420 1312 453 1332 ac
485 1313 581 1332 rursus
605 1305 866 1334 lmmaeulatissimte
882 1307 919 1334 illi
935 1307 1069 1334 laudatio-

277 1356 327 1377 nes
352 1349 590 1384 persolvebantur.
618 1350 657 1378 Ae
690 1351 808 1386 primutn
831 1359 892 1379 eum
922 1352 1068 1381 Zacharias

276 1396 427 1430 gratiarqu
451 1395 590 1424 canticum
611 1397 773 1424 oeconomiae
789 1398 895 1425 auctori
909 1406 958 1433 pro
974 1398 1069 1426 ineffa-

276 1441 325 1470 bill
347 1441 581 1469 condescensione
611 1442 806 1477 pet-solvisset;
826 1448 882 1470 tum
908 1449 936 1471 et
964 1448 1066 1479 myste-

276 1488 349 1514 rium
364 1487 454 1522 ipsum
473 1487 627 1519 celebrans,
645 1492 673 1514 et
690 1493 817 1520 matrem,
839 1496 888 1523 per
907 1497 987 1524 quam
1002 1497 1067 1524 per-

275 1532 378 1561 fectum
393 1533 494 1565 fuerat,
510 1533 696 1568 magniﬁcans,
715 1534 756 1561 sic
772 1535 921 1570 prophetia
932 1536 1064 1570 hymnum

277 1586 376 1606 canere
389 1579 484 1613 coepit.
499 1579 670 1606 Gloriticatio
696 1579 781 1612 enim,
795 1587 875 1614 qualn
902 1580 959 1615 ipse
983 1588 1066 1608 exor-

277 1632 325 1652 sus
339 1628 391 1655 est,
409 1628 437 1651 et
455 1632 508 1659 qua
526 1624 647 1660 mystcrii
664 1625 763 1652 extulit
786 1625 925 1653 incn‘abile
953 1631 1066 1661 porten»

277 1674 346 1702 tum,
360 1669 495 1704 ejusmodi
510 1674 568 1697 est:

313 1715 408 1743 XXXI.
424 1714 547 1743 0divina
559 1719 586 1743 et
596 1715 793 1751 benignissima
806 1716 942 1744 visitatio!
957 1715 980 1744 0
996 1723 1065 1743 nova

276 1767 393 1795 prorsus
410 1764 438 1788 et
459 1760 622 1788 admiranda
637 1761 809 1788 sollicitudo!
824 1761 876 1794 Qui
906 1762 934 1788 in
966 1762 1067 1789 altissi—

277 1805 330 1832 mis
342 1804 420 1832 scdet
432 1805 515 1835 Deus.
530 1810 643 1840 propter
657 1813 734 1833 suam
754 1813 817 1841 erga
837 1806 963 1833 homines
973 1806 1066 1833 chari-

276 1855 359 1879 latem
379 1850 406 1877 in
421 1854 493 1879 terra
523 1855 637 1885 apparet
653 1859 659 1877 :
677 1851 723 1885 qui
742 1856 851 1878 creator
867 1856 909 1878 est
929 1851 1065 1883 omnium,

276 1897 423 1924 humanam
440 1895 532 1923 induit
550 1900 676 1923 naturam
691 1905 697 1923 :
715 1897 896 1930 qttiomnium
917 1897 1066 1930 plasmator

274 1948 317 1972 est
333 1947 361 1970 et
386 1942 527 1973 Dominus,
543 1942 678 1976 stupenda
707 1950 822 1977 prorsus
848 1943 954 1970 ratione
976 1943 1066 1970 factus

275 1989 419 2016 e~tinfans
441 1997 448 2015 :
472 1990 524 2024 qui
544 1989 633 2016 Patris
649 1989 766 2023 quiescit
789 1989 816 2016 in
833 1990 907 2021 sinu.
930 1989 957 2016 in
987 1994 1066 2018 utero

274 2035 383 2063 fovetur
396 2034 493 2062 matris
511 2043 518 2061 ι
539 2034 586 2068 qui
605 2034 731 2061 ﬂammeo
743 2034 842 2062 throno
858 2034 969 2066 insidet,
984 2036 1064 2062 vulva

274 2081 422 2117 purissima
461 2081 628 2108 continetur.
658 2080 735 2107 Nunc
762 2081 888 2115 apparuit
919 2080 1065 2109 ineﬂahilis

274 2128 361 2163 gratia
379 2135 386 2154 :
407 2133 481 2154 nunc
496 2130 654 2160 eXSpectata
669 2126 742 2152 salus
754 2125 886 2153 advenit:
903 2133 975 2153 nunc
988 2132 1065 2154 vete-

1120 894 1334 928 ὲπεποίητο,τὰ;
1348 893 1484 929 μέχριτῆς
1495 894 1674 929 ἀποκυήσεως
1689 894 1736 920 καὶ
1749 894 1906 924 ἀπολύτῖως

1119 939 1169 974 τῆς
1186 939 1310 974 γλώττης
1338 939 1446 974 ἡμέρας
1472 940 1713 974 ὲγκαρτερήσασα,
1737 939 1906 966 παλινοστεῖν

1120 986 1308 1019 κατεπείγετο.
1343 986 1392 1012 Διὰ
1423 986 1502 1011 τοῦτο
1532 984 1580 1010 καὶ
1599 984 1680 1011 Ὠσεὶ
1709 984 1788 1018 τρεῖς
1803 984 1903 1019 μῆνάς

1120 1041 1203 1066 φησιν
1229 1032 1243 1057 ὁ
1275 1031 1484 1065 εὐαγγελιστὴς,
1511 1031 1559 1058 καὶ
1581 1031 1643 1066 οὐχὶ
1667 1032 1754 1066 τρεῖς,
1770 1031 1850 1063 δῆλον
1867 1031 1904 1062 ὡς

1119 1080 1169 1105 οὐκ
1197 1077 1401 1113 ἁπηρτημένων
1416 1077 1532 1108 τούτων,
1550 1075 1595 1102 διὰ
1613 1077 1643 1102 τὸ
1665 1077 1693 1103 ὲν
1713 1076 1842 1107 ὑστάτοις
1860 1075 1905 1102 τοῦ

1120 1125 1179 1152 ὲΰδὸ
1185 1134 1234 1160 μου
1252 1124 1354 1158 ταύτην
1367 1123 1610 1158 ἐπιδεδημηκέναι.

1154 1171 1303 1206 Τεχθέντος
1324 1170 1414 1196 τοίνυν
1428 1168 1475 1196 τοῦ
1491 1168 1648 1204 προδρόμου
1673 1168 1719 1194 τοῦ
1743 1168 1906 1204 ἀπορῤήτως

1119 1217 1342 1252 κυοφορουμένου
1352 1215 1501 1248 Βασιλέως,
1516 1215 1564 1241 καὶ
1576 1214 1628 1240 τῶν
1642 1214 1692 1248 τῆς
1707 1215 1786 1249 σιγῆς
1801 1214 1906 1248 δεσμῶν

1117 1263 1320 1298 διαρραγέντων
1333 1262 1539 1296 προστάγματι,
1558 1261 1639 1287 πάλιν
1655 1261 1671 1295 ἡ
1689 1260 1852 1294 εὐχαριστία
1869 1259 1906 1294 τῷ

1119 1310 1252 1344 Δεσπότῃ,
1266 1309 1313 1334 καὶ
1339 1308 1419 1334 πάλιν
1433 1306 1569 1342 εὐφημίαι
1590 1307 1624 1340 τῇ
1653 1306 1841 1341 Παναχράντῳ
1853 1306 1906 1332 διε-

1119 1355 1260 1381 πλέκοντο.
1294 1353 1430 1388 Πρότερον
1449 1352 1500 1387 μὲν
1511 1351 1670 1386 ὁΖαχαρίας
1689 1351 1723 1376 τὰ
1740 1351 1790 1385 τῆς
1802 1359 1905 1384 συγκα-

1118 1401 1261 1433 ταὸἀσεως
1294 1401 1494 1435 εὐχαριστήρια
1517 1399 1557 1434 τῷ
1582 1397 1771 1433 οἰκονομοῦντι
1793 1398 1905 1432 νείμας·

1120 1448 1243 1482 ὑμνήσας
1253 1446 1283 1473 δὲ
1299 1446 1330 1472 τὸ
1346 1445 1509 1480 μυστήριον,
1525 1444 1573 1471 καὶ
1587 1443 1646 1478 τὴν,
1662 1443 1696 1470 δι’
1711 1440 1746 1478 ἦς
1757 1443 1904 1478 ἐπραγμα-

1119 1493 1214 1528 τεύθη.
1236 1491 1390 1526 μεγαλύνας
1411 1491 1529 1525 μητέρα,
1553 1489 1626 1516 οὕτω
1640 1488 1689 1524 τὴν
1790 1487 1840 1526 ᾖσε
1858 1488 1906 1523 τῆς

1118 1538 1299 1573 προφητείας.
1328 1537 1404 1570 Ἐχει
1438 1535 1493 1569 γὰρ
1529 1535 1545 1568 ἡ
1576 1534 1651 1568 αὑτῷ
1677 1533 1904 1568 προοιμιασθείσα

1115 1584 1264 1617 δοξολογῐα,
1277 1583 1325 1610 καὶ
1344 1582 1373 1609 τὸ
1395 1581 1536 1616 ὑπερφυὲς
1566 1579 1758 1615 μεγαλύνουσα
1775 1579 1824 1606 τοῦ
1840 1579 1904 1606 Θαύ-

1119 1639 1203 1666 ματος
1219 1629 1305 1660 οὕτως
1319 1636 1326 1643 ·

1153 1718 1216 1745 AA’.
1231 1717 1263 1743 Ὦ
1274 1717 1348 1748 Otia;
1362 1717 1408 1743 καὶ
1427 1715 1588 1750 παναγὰϐου
1613 1716 1782 1751 ἐπισχοπῆςῐ
1796 1716 1828 1742 ’Ὠ
1845 1723 1904 1742 και-

1117 1765 1164 1798 νῆς
1177 1763 1224 1790 καὶ
1239 1762 1392 1796 παραδόξου
1407 1761 1569 1796 κηδεμονίας
1582 1762 1589 1788 l
1614 1761 1643 1788 '0
1659 1762 1687 1787 ἑν
1697 1761 1820 1796 ὑψίστοις
1828 1760 1903 1793 Θεὸς,

1117 1809 1165 1834 ἐπὶ
1181 1809 1232 1842 γῆς
1246 1807 1289 1834 διὰ
1301 1806 1507 1842 φιλανθρωπίαν
1517 1814 1524 1820 ·
1542 1807 1556 1832 ό
1566 1806 1620 1833 τῶν
1632 1806 1761 1833 ἁπάντων
1769 1808 1904 1841 Δημιουρ-

1118 1854 1167 1888 γὺς
1192 1852 1242 1887 τὴν
1259 1852 1431 1888 ἀνθρωπείαν
1458 1851 1604 1878 ὑποδύεται
1626 1851 1722 1886 φύσιν·
1738 1853 1752 1878 ὁ
1775 1852 1903 1885 Πλάστης

1118 1901 1165 1927 καὶ
1179 1899 1291 1934 Κύριος,
1314 1897 1488 1933 ξενοπρεπῶς
1506 1898 1719 1932 βρεφουργείται
1734 1905 1741 1912 ·
1763 1898 1778 1923 ὸ
1801 1898 1831 1924 ἐν
1844 1897 1904 1924 x6).-

1117 1953 1178 1976 ποις
1200 1944 1347 1980 [ἰατρικοῖς
1367 1943 1621 1978 ὲπαναπαυόμενος,
1633 1943 1661 1969 ἐν
1673 1942 1763 1978 κοιλίᾳ
1782 1943 1902 1977 μητρικῇ

1117 1991 1298 2027 περιέπεται·
1316 1991 1330 2016 ὁ
1346 1990 1375 2015 ὲν
1400 1988 1528 2024 φλογερῷ
1551 1987 1734 2023 ἐποχούμενος
1761 1987 1859 2022 θρόνῳ,
1875 1988 1903 2014 ἐν

1119 2037 1211 2072 μήτρᾳ
1238 2034 1428 2070 πανακηράτῳ
1451 2035 1604 2068 συνέχεται.
1632 2032 1690 2059 Νῦν
1712 2034 1729 2067 ἡ
1750 2033 1903 2068 ἀπόρρητος

1116 2081 1274 2117 ἐπεδήμησε
1287 2080 1366 2115 χάρις
1379 2087 1386 2095 ·
1402 2079 1450 2105 νῦν
1462 2080 1479 2114 ὴ
1495 2078 1710 2113 προσδοκωμένη
1732 2078 1902 2112 παραγέγονε

1118 2127 1256 2163 σωτηρία·
1275 2126 1323 2152 νῦν
1337 2126 1362 2151 οἱ
1379 2123 1488 2151 παλαιοὶ
1507 2124 1711 2159 παρατρέχουσι
1726 2123 1822 2158 θεσμοί
1835 2130 1842 2137 ·
1857 2121 1903 2148 νῦν

276 2182 320 2200 res
335 2173 405 2200 ritus
420 2175 590 2207 praetereunt
609 2180 616 2198 ε
635 2179 711 2198 nunc
723 2171 844 2198 vicissim
859 2179 928 2199 nova
945 2171 1062 2199 liliorum

1118 2175 1134 2209 ἡ
1150 2173 1230 2208 καινὴ
1243 2172 1436 2204 ἀντεισάγεται
1448 2169 1580 2196 υἱοθεσία.
1594 2170 1626 2194 Ἀ
1633 2177 1676 2202 ρτι
1684 2167 1737 2194 τῶν
1751 2168 1801 2200 τῆς
1816 2167 1903 2202 ἀμαρ-

275 2218 388 2254 adoptio
404 2218 555 2245 inducitur.
579 2218 639 2245 Jam
670 2217 785 2244 solvitur
799 2224 814 2244 a
829 2217 933 2251 peccati
950 2218 1065 2246 vinculis

1117 2219 1176 2251 τίας
1198 2220 1215 2254 ἡ
1245 2216 1427 2253 ἀνθρωπὸτης
1453 2215 1601 2242 ἀπολύεται
1628 2214 1757 2249 δεσμῶν·
1784 2213 1849 2248 ἄρτι
1874 2211 1903 2238 τὸ

275 2265 392 2294 humana
406 2267 504 2292 natura
523 2273 530 2290 :
549 2264 604 2299 jam
620 2263 761 2297 antiquam
779 2262 869 2290 induit
883 2263 1067 2298 pulchritudi-

276 2319 349 2343 nem,
364 2316 392 2338 et
405 2311 439 2338 ad
462 2310 561 2338 malum
579 2313 735 2336 renovatur.
760 2309 830 2336 Ecc'e
842 2314 916 2337 nunc
928 2310 1006 2337 adest
1020 2311 1067 2346 qui

276 2358 350 2385 illam
365 2357 392 2384 in
408 2356 526 2384 sublime
549 2356 637 2391 eriget
658 2355 814 2382 Dominus:
834 2355 914 2382 adest
935 2356 962 2382 in
988 2360 1067 2384 utero

274 2403 371 2432 matris
385 2401 572 2433 absconditus,
585 2402 631 2436 qui
643 2400 678 2428 ab
693 2400 822 2428 omnibus
840 2401 972 2428 adoratur
988 2411 996 2429 :
1014 2402 1064 2428 ad-

275 2454 318 2478 est
339 2450 386 2484 qui
410 2449 514 2484 ubique
545 2455 665 2482 praesens
703 2451 756 2479 est,
780 2451 808 2474 et
829 2447 972 2475 nobiscum
1001 2456 1062 2482 pro-

275 2500 337 2532 pter
355 2502 431 2522 suam
449 2494 477 2522 in
494 2493 686 2529 nosﬁomines
701 2492 877 2520 dilectionem
891 2493 1063 2521 familiariter

273 2543 410 2567 versatur.
425 2538 448 2567 Ο
458 2546 519 2574 qua;
536 2537 617 2565 nobis
630 2537 676 2564 lux
690 2537 876 2572 rcsplenduitl
893 2546 910 2565 ο
927 2539 1000 2573 quod
1009 2547 1061 2565 nu-

275 2586 319 2615 bis
331 2585 460 2621 gaudium
488 2583 622 2611 advenit!
650 2591 667 2610 ο
690 2583 787 2618 quales
819 2583 847 2610 in
872 2584 1060 2618 promptuaria

275 2639 335 2659 mea
353 2630 516 2659 allluxerunt
529 2629 648 2656 divitiae!
671 2636 688 2656 ο
701 2628 782 2663 quale
805 2628 907 2655 donum
932 2637 982 2656 ceu
1000 2630 1061 2657 the-

276 2683 375 2705 saurus
390 2677 417 2703 in
432 2682 553 2710 paupere
569 2674 637 2702 cella
654 2677 805 2708 repositum
821 2678 873 2701 est.

308 2721 418 2750 XXXII.
435 2721 506 2754 Quid
530 2721 578 2748 tibi
596 2720 756 2751 retribuam.
773 2728 790 2747 ο
808 2720 899 2755 Virgo,
917 2727 978 2754 qua:
988 2721 1062 2755 ejus-

275 2769 348 2796 modi
364 2767 495 2794 beneficia
519 2766 677 2794 contulisti?
709 2765 794 2798 Quale
818 2765 867 2793 tibi
895 2765 1061 2800 condignum

276 2814 459 2849 rependamus
479 2811 647 2842 encomium,
662 2820 722 2845 quae
750 2816 777 2838 et
807 2819 870 2846 spes
893 2815 1000 2838 nostras
1027 2811 1061 2838 ad

274 2858 377 2885 exitum
394 2857 521 2888 deducis,
536 2861 564 2882 et
576 2855 724 2883 inell‘abilia
736 2855 816 2883 nobis
829 2856 899 2883 bona
918 2856 1060 2890 concilias,

275 2907 302 2932 et
314 2903 479 2933 utediatione
493 2908 537 2929 tua
553 2902 630 2929 nobis
642 2909 757 2929 munera
772 2902 912 2938 impetras,
935 2910 994 2938 qum
1019 2910 1063 2930 ca-

1115 2265 1230 2301 ἀρχαῖον
1244 2263 1427 2298 ἀμφιέννυται
1446 2261 1556 2294 κάλλος,
1570 2260 1619 2287 καὶ
1635 2260 1704 2294 πρὸς
1723 2259 1840 2294 οὐρανὸν
1857 2259 1902 2290 ὲγ-

1115 2309 1281 2341 καινίζεται.
1299 2308 1366 2335 Ἰδοὺ
1381 2307 1429 2334 νῦν
1453 2306 1587 2340 πάρεστιν
1605 2306 1620 2332 ὁ
1635 2304 1738 2339 ταύτην
1753 2302 1902 2337 ἀνυψώαων

1115 2356 1275 2390 Δεσπότης·
1313 2354 1446 2390 πάρεστιν
1488 2351 1655 2387 ἁποκρύφως
1687 2351 1903 2385 κυοφορουμενος

1116 2402 1130 2428 ὁ
1142 2402 1195 2428 ὑπὸ
1206 2402 1315 2428 πάντων
1341 2398 1581 2435 προσκυνούμενος
1591 2405 1598 2412 ·
1621 2399 1755 2432 πάρεστιν
1772 2397 1785 2422 ὁ
1801 2403 1902 2421 παντα-

1117 2447 1165 2482 χοῦ
1181 2447 1287 2482 παρὼν,
1304 2446 1353 2472 καὶ
1370 2445 1418 2472 σὺν
1437 2445 1502 2479 ἡμῖν
1523 2443 1567 2470 διὰ
1583 2442 1790 2477 φιλανθρωπίαν
1805 2440 1900 2467 συνών.

1117 2494 1203 2521 Ὦτοῦ
1216 2492 1420 2527 ἐπιλάμψαντος
1448 2492 1557 2525 quam!
1576 2491 1599 2517 ὦ
1613 2490 1700 2525 χαρᾶς
1721 2489 1772 2524 τῆς
1794 2490 1903 2521 ἐπιφοι-

1116 2540 1238 2575 τησάσης
1250 2540 1257 2566 ι
1276 2538 1298 2564 ὢ
1311 2538 1426 2564 πλούτου
1435 2539 1482 2564 τοῦ
1497 2539 1526 2563 ὲν
1536 2539 1590 2568 τοῖς
1602 2537 1678 2571 ἐμοῖς
1693 2534 1903 2563 εἰσοικισθέντος

1117 2585 1253 2619 ταμιείοις
1269 2584 1275 2610 l
1290 2583 1312 2610 ὦ
1326 2583 1430 2618 δωρεᾶ-ς
1446 2581 1494 2609 τοῦ
1511 2583 1539 2609 ἐν
1556 2581 1661 2608 εὐτελεῖ
1673 2579 1902 2615 θησαυρισθέντος

1115 2629 1233 2666 ταμιείῳ
1247 2630 1254 2656 ι

1152 2719 1212 2745 AB’.
1225 2718 1256 2744 Tt
1272 2717 1305 2744 ἄν
1321 2725 1362 2744 σοι
1375 2725 1408 2752 τῃ
1426 2717 1550 2752 φερούσῃ
1562 2716 1692 2750 Παρθένῳ
1706 2715 1760 2740 τῶν
1773 2713 1902 2740 τοιούτων

1113 2764 1337 2799 ἁντεισφέροιμεν
1347 2763 1513 2797 εὐεργεσιῶν
1524 2770 1532 2795 ;
1548 2760 1611 2789 Οἷον
1622 2762 1750 2794 ἀντάξιον
1762 2760 1901 2794 ἐγκώμιον

1114 2809 1344 2845 προσενέγκωμὲν
1370 2817 1429 2839 σοι,
1450 2809 1484 2842 τῇ
1502 2808 1556 2835 τῶν
1582 2807 1698 2833 thidum
1722 2807 1851 2837 ἐκϐάσει,
1867 2806 1900 2839 τῇ

1113 2856 1167 2883 τῶν
1180 2857 1344 2891 ἀπορρήτων
1365 2856 1476 2890 ἀγαθῶν
1509 2856 1642 2890 προξένῳ,
1666 2857 1698 2889 τῇ
1714 2854 1831 2889 μεσίτιδι
1846 2852 1900 2879 τῶν

1115 2902 1185 2938 ὑπὲρ
1211 2903 1289 2936 λόγον
1314 2903 1442 2936 mean;
1473 2903 1508 2929 Σὺ
1534 2901 1557 2928 εἷ
1571 2901 1624 2928 τῶν
1642 2902 1899 2937 ἀποκεκρυμμένον-ι
