2034 3153
233 201 288 234 695

880 209 1008 240 IACOBI
1029 211 1199 241 MONACHI

1799 214 1850 243 696

232 260 271 287 uti
294 267 344 295 par
362 263 431 294 erat,
456 260 598 289 Elisabeth
627 262 663 289 sit
689 268 844 297 prosecuta.
869 266 1015 294 Uberiores

1067 268 1118 302 τῆς
1136 268 1283 300 Ἐλισάϐετ,
1296 268 1332 299 ὡς
1344 268 1373 294 τὸ
1385 268 1456 299 εἰκὸς
1470 268 1537 304 αὐτῇ
1552 269 1706 304 ἐπᾳδόμενα
1718 278 1725 286 ·
1739 270 1849 304 μείζονα

230 306 316 338 enim,
334 313 416 342 quam
433 307 459 334 in
475 307 597 342 ejusdem
615 308 743 340 adventu,
756 310 904 344 gratiarum
925 313 1007 338 actio-

230 360 281 379 nes
301 351 339 379 illi
365 353 509 387 persolvit,
527 359 630 388 quanto
652 354 807 383 uberiorem
829 365 862 383 ex
885 359 1014 392 mysterio

228 397 431 434 jucunditatem
449 404 618 434 perceperat.

266 444 388 471 XXXIV.
409 445 549 480 Ejusmodi
566 454 647 480 porro
667 451 725 474 erat
748 448 819 475 illius
840 448 989 484 alloquium
1006 457 1012 476 :

230 490 364 524 Equidem
382 490 409 517 in
426 490 544 517 adventu
563 496 620 522 tuo,
633 499 649 519 0
666 493 751 519 Mater
764 494 854 528 Virgo,
871 494 1015 528 jucundis-

230 535 300 562 simo
314 536 462 570 voluptatis
475 545 556 564 sensu
574 538 682 570 aﬂecta,
694 540 901 573 gratulatorium
920 548 1014 566 asceti-

230 581 271 608 sui
306 586 353 608 tuo
377 582 460 609 veluti
480 583 610 617 hymnum
636 584 803 618 applaudens
827 585 929 617 cecini;
952 593 1014 612 cum

230 626 335 653 scilicet
355 631 381 654 te
396 631 424 654 et
440 633 540 662 printer
560 636 636 662 spent
659 637 769 656 omnem
793 631 845 656 huc
864 631 1014 657 advenieth

231 677 296 702 lem,
313 677 342 699 et
364 681 433 700 nova
452 681 484 700 ac
499 674 635 701 mirabilia
654 679 743 702 tecum
766 676 936 703 adferentem
957 685 1014 712 my-

228 718 312 746 steria
328 727 481 746 cernerem.
495 719 630 752 Quocirca
650 721 749 756 gaudio
766 722 847 749 simul
862 727 889 750 et
903 727 1015 757 stupore

229 763 353 797 abrepta,
371 763 463 790 lmtitia
477 765 640 798 gestiebam,
659 766 841 797 exsultabant,
861 774 944 801 super
960 775 1015 794 cm-

229 807 271 834 los
294 807 379 842 magis
401 816 444 835 me
470 817 629 840 excurrere,
653 818 734 843 quam
756 811 782 837 in
807 811 889 838 terris
911 812 1014 838 versari

229 852 432 884 existimabam,
451 853 619 881 conditionis
635 854 761 881 humanze
779 856 904 882 modulos
919 863 1015 890 super-

229 905 322 931 gressa
350 898 419 925 mihi
445 899 570 932 videbar,
593 907 626 926 ac
650 907 733 934 super
760 900 883 927 ordinem
910 906 1015 929 natura:

1069 314 1123 348 γὰρ
1139 314 1155 348 ἦ
1173 313 1243 340 κατὰ
1255 314 1304 349 τὴν
1321 313 1479 348 ἐπιδημίαν,
1504 314 1553 349 τὴν
1573 315 1747 350 εὐχαριστίαν
1764 324 1847 351 προσ-

1065 361 1202 396 ήρμοσεν·
1224 361 1279 395 ὅσῳ
1301 360 1347 386 καὶ
1366 359 1466 395 μᾶλλον
1488 360 1534 387 τοῦ
1554 361 1704 396 μυστηρίου
1718 362 1850 395 κατετρύ-

1065 413 1162 439 φησεν.

1101 451 1161 477 AA’.
1181 450 1257 484 Ἔχει
1271 450 1325 484 γὰρ
1338 448 1389 477 ὦδε
1402 451 1501 477 ταῦτα·
1522 451 1591 485 Ἤδη
1607 451 1655 485 μὲν
1671 459 1729 483 σου,
1748 460 1849 485 μητρο-

1065 495 1194 528 παροενε,
1212 496 1244 529 τῇ
1259 495 1394 530 παρουσίᾳ
1412 495 1630 530 σννενωχηθεῖσα
1642 516 1648 525 ,
1670 496 1848 531 ὲπιϐατήριον

1065 539 1160 574 ὥσπερ
1187 539 1235 575 τὴν
1258 540 1395 574 εὑᾷημίαν
1421 540 1557 575 ἐκρότησα
1571 549 1577 556 '
1608 541 1672 574 παρ’
1687 541 1781 566 ἐλπίδα
1800 541 1848 574 μὲν

1065 584 1250 619 ἐπιδημοῦσαν
1263 593 1291 610 τε
1308 585 1487 617 κατανοοῦσα,
1504 585 1584 612 καινά
1598 586 1626 611 δὲ
1651 587 1697 612 καὶ
1711 586 1849 619 παράδοξα

1066 629 1299 664 συνεπιφέρουσιν
1329 631 1476 665 μυστήρια.
1493 631 1542 657 Διὰ
1561 631 1639 657 τοῦτο
1654 631 1727 666 χαρᾷ
1742 631 1790 665 τὴν
1803 631 1848 656 ἔχ-

1066 676 1163 710 τιληξιν
1171 676 1337 710 ἀναμίξασα,
1349 677 1448 711 ἥσθην,
1465 677 1626 711 ἐσκίρτησα,
1640 677 1849 711 οὐρανοδρομεῖν

1067 721 1167 757 μᾶλλον
1182 721 1317 756 ἐνόμιζον,
1333 722 1350 757 ἦ
1367 723 1412 748 ἐπὶ
1425 723 1475 756 γῆς
1490 723 1677 757 ἐνδιατρίῆειν,
1696 723 1848 758 ὑπερϐῆναι

1065 768 1098 794 τὰ
1110 769 1159 802 τῆς
1180 767 1388 802 ἀνθρωπότητος
1411 768 1521 794 ἐδόκουν
1542 769 1640 804 μέτρα,
1657 769 1784 802 ὑπεράνω
1798 768 1848 802 τῆς

1065 813 1171 847 φύσεως
1187 813 1388 848 ἐφανταξὸμην.
1407 814 1469 844 Πῶς
1484 813 1537 848 γὰρ
1556 813 1589 840 ἂν
1608 814 1644 848 μὴ
1662 814 1752 840 ’ταῦτα
1779 812 1848 840 εἶναι

1066 860 1230 893 κατενόησα,
1243 859 1289 886 τὸν
1303 859 1476 899 Δημιουργον
1493 859 1583 885 αὐτῶν
1604 859 1705 894 ὁρῶσα,
1723 859 1849 894 καθάπερ

1065 906 1094 931 ἐν
1107 904 1225 938 οὐρανῷ,
1245 904 1286 930 σοὶ
1310 904 1504 939 ἐποχούμενον,
1532 904 1579 931 καὶ
1611 904 1679 939 πρὸς
1705 903 1755 938 τὴν
1781 904 1849 938 ἐμὴν

229 942 326 969 elatam
350 950 393 970 me
414 944 616 977 quodammodo
638 945 775 973 intuebar.
798 946 833 972 Et
853 953 918 972 sane
943 954 1012 980 quo-

1067 950 1156 977 ἑστίαν
1172 950 1382 984 ἀφικνούμενον,
1397 950 1444 976 τὺν
1457 951 1485 975 ἐν
1500 951 1555 982 τοῖς
1569 949 1739 984 χερουεικοῖς
1756 950 1848 982 ὲςρεζί-

229 990 310 1016 modo
322 990 380 1016 haec
394 990 430 1017 ita
447 998 475 1016 se
490 990 593 1017 habere
610 999 663 1017 non
683 996 819 1024 putarem.
837 999 898 1018 cum
917 1000 1012 1019 eorum

229 1039 381 1062 creatorem
399 1035 426 1061 in
443 1039 480 1066 te,
501 1039 631 1069 tanquam
654 1037 723 1063 caelo
746 1037 875 1071 quodam,
892 1037 1014 1064 insiden-

230 1084 391 1113 tem,atque
414 1079 447 1106 ad
471 1079 584 1106 domum
610 1088 698 1108 meam
719 1080 912 1114 divertentem,
928 1086 955 1108 et
980 1082 1010 1108 il-

229 1124 298 1154 lum,
313 1123 360 1158 qui
380 1123 538 1151 cherubicis
559 1125 637 1152 sedet
653 1125 680 1152 in
699 1125 817 1157 thronis,
834 1126 861 1153 in
882 1127 1015 1153 immacu-

228 1170 284 1196 lato
299 1173 345 1196 tuo
366 1169 427 1195 sinu
442 1169 567 1196 indutum
583 1178 699 1205 corpore
717 1171 850 1203 viderem,
868 1179 1014 1206 meumque

230 1215 425 1250 pauperculum
445 1217 651 1244 tabernaculum
663 1225 695 1244 ex
715 1217 855 1252 insperato
870 1218 898 1245 in
914 1218 1013 1245 cmlum

229 1262 447 1289 commutatum?
471 1262 631 1297 Memelipsa
655 1267 719 1290 tunc
741 1263 891 1290 inell'abilia
913 1271 1012 1291 arcana

228 1306 354 1333 edoctam
377 1307 521 1341 persensi;
543 1308 713 1342 excipiebant
738 1309 845 1335 scilicet
871 1315 1016 1343 prmgnan-

230 1357 284 1379 tem
298 1352 448 1388 Virginem,
463 1354 575 1387 nubem,
592 1362 652 1388 qua:
675 1355 802 1382 servabat
819 1355 845 1382 in
865 1363 894 1382 se
916 1355 1015 1386 lucem,

229 1399 424 1433 amplectebar.
441 1399 503 1426 Hmc
517 1402 579 1427 c'um
596 1401 662 1427 mihi
680 1400 772 1427 animo
790 1400 1014 1433 obversarentur,

230 1444 352 1478 profecto
371 1449 397 1473 te
416 1445 569 1480 amplexata
586 1453 646 1473 sum
662 1446 772 1481 quidem
792 1447 831 1473 uti
854 1449 1014 1480 cognatam;

229 1493 257 1516 at
272 1491 420 1517 acclamavi
441 1491 523 1518 simul
543 1496 672 1526 tanquam
690 1492 800 1526 reginae,
816 1491 954 1519 celebravi
969 1499 1016 1518 ve-

1069 1004 1148 1030 μενον
1170 995 1285 1031 θρόνοις,
1308 997 1337 1021 ὲν
1366 996 1496 1031 ἀκηράτῳ
1522 995 1733 1031 σωματούμενον
1763 995 1848 1030 νηδύϊ,

1066 1040 1181 1076 οὐρανὸν
1189 1040 1218 1072 ἐξ
1227 1040 1387 1067 ἀνελπίστου
1404 1041 1452 1076 τὴν
1468 1041 1562 1075 εὖτελῆ
1578 1040 1850 1075 μετασκευαζομένῃν

1068 1085 1190 1120 σκςινήη
1217 1085 1322 1112 Μύστιν
1336 1086 1435 1121 ἑαυτὴν
1462 1086 1522 1112 τότε
1541 1086 1713 1120 πραγμάτων
1730 1085 1850 1121 ἀπορρή-

1067 1140 1120 1158 των
1151 1130 1319 1167 ᾐσθανόμην,
1351 1131 1490 1166 Παρθένον
1518 1132 1651 1166 κυοφόρον
1667 1131 1846 1166 ὑπεδεχόμην,

1067 1176 1184 1212 νεφέλην
1212 1177 1363 1211 φωτοδόχον
1380 1177 1551 1212 ἐδεξιούμην.
1569 1178 1661 1205 Ταῦτα
1685 1178 1717 1212 δὴ
1733 1185 1849 1204 κατανο‹

1063 1221 1140 1253 οὖσα,
1157 1222 1193 1252 ὡς
1209 1223 1352 1256 συγγενίδα
1367 1224 1415 1258 μὲν
1430 1223 1665 1259 περιεπτυξάμην,
1679 1224 1715 1255 ὡς
1728 1224 1756 1251 δὲ
1773 1224 1850 1258 βασι-

1062 1266 1121 1293 λίδα
1133 1267 1326 1302 ἐπευφήμησα,
1336 1268 1374 1299 ὡς
1384 1269 1438 1295 τῶν
1449 1269 1574 1295 ἁπάντων
1586 1269 1727 1304 ἀνύμνησα
1738 1270 1851 1296 Δέσποι-

1064 1320 1123 1344 ναν,
1138 1312 1174 1342 ὡς
1195 1312 1300 1348 μητέρα
1320 1313 1487 1350 κατῃδέσοην
1508 1314 1555 1340 τοῦ
1569 1314 1730 1345 κτίσαντος,
1750 1315 1786 1344 ὡς
1803 1322 1850 1340 xo-

1067 1356 1127 1391 ρίαν
1139 1358 1234 1388 ἐντοῖς
1252 1358 1328 1392 ἐμοῖς
1339 1360 1534 1394 σννῳκισάμην
1548 1360 1692 1394 ταμιείοις.
1715 1360 1847 1392 Εὑλογίας

1068 1404 1168 1437 φωναῖς
1191 1404 1241 1437 τὴν
1269 1404 1318 1439 τῆς
1346 1405 1470 1438 εὐλογίας
1487 1405 1723 1441 ἐφιλοτιμησάμην
1752 1405 1849 1440 ῥίζαν·

1068 1449 1154 1484 χαρᾶς
1183 1450 1230 1475 καὶ
1257 1451 1433 1485 μακαρισμοῦ
1451 1452 1554 1487 ῥήμασί
1584 1461 1613 1478 σε
1628 1452 1676 1487 τὴν
1701 1452 1751 1487 τῆς
1766 1452 1849 1482 δντως

1069 1494 1158 1528 χαρᾶς
1178 1495 1408 1529 κατεστεφάνωσα
1424 1497 1562 1532 πρόξενον.

229 1536 270 1562 lut
284 1537 406 1563 omnium
427 1537 576 1567 dominam,
594 1538 711 1564 reverita
730 1545 789 1564 sum
805 1545 854 1565 ceu
877 1537 1015 1565 Creatoris
1035 1542 1160 1571 matrem,
1189 1544 1217 1567 et
1249 1545 1377 1576 tanquam
1393 1542 1466 1569 herae
1481 1543 1654 1570 habitandam
1674 1543 1721 1570 tibi
1738 1543 1847 1569 domum

231 1590 318 1609 meam
336 1583 436 1609 obtuli.
451 1582 657 1611 Benedictionis
673 1583 792 1611 vocibus
814 1583 1016 1611 benedictionis
1035 1584 1156 1612 radicem
1171 1585 1323 1619 honoravi;
1356 1587 1446 1623 gaudii
1464 1592 1491 1615 et
1512 1588 1650 1616 felicitatis
1682 1589 1774 1616 verbis
1789 1590 1849 1621 tibi,

229 1636 290 1664 qua:
306 1636 401 1656 verum
413 1629 546 1664 gaudium
567 1629 659 1662 aﬂ'ers,
674 1637 805 1657 coronam
822 1631 908 1657 texui.

265 1676 372 1703 XXXV.
394 1657 430 1703 Et
452 1676 510 1703 haec.
533 1657 736 1712 quidem’mihi
765 1685 799 1704 ex
824 1677 944 1704 adventu
970 1681 1015 1705 tuo

1106 1675 1167 1703 AE'.
1182 1675 1273 1703 Ταῦτα
1296 1665 1346 1711 μὲν
1361 1674 1408 1704 οὖν
1425 1676 1459 1703 τὰ
1473 1677 1520 1712 τῆς
1537 1677 1681 1710 ἐπιδημίας
1707 1685 1754 1703 σου
1771 1677 1846 1705 καλά.

230 1724 313 1752 bona.
330 1723 398 1750 Cum
417 1729 484 1749 vero
500 1722 587 1757 magis
603 1730 684 1756 Quam
704 1730 753 1757 pro
771 1723 887 1755 meritis,
902 1730 936 1750 ex
954 1723 1016 1750 diu-

232 1769 347 1797 luruiori
376 1773 421 1795 tua
443 1769 645 1796 consuetudine
668 1770 807 1804 mysteriis
835 1769 890 1796 tuis
911 1769 1015 1804 perfrui

234 1815 299 1841 mihi
322 1814 441 1844 licuerit,
460 1817 541 1847 atque
567 1814 639 1840 ultra
660 1821 736 1848 spem
754 1822 863 1841 onmem
880 1814 933 1841 hoc
954 1822 1016 1841 mu-

231 1868 294 1887 nere
311 1859 462 1890 oblectari;
481 1864 626 1893 propterea
641 1859 705 1886 hinc
720 1859 831 1894 quidem
848 1859 1015 1887 desiderium

232 1906 310 1934 factis
332 1905 398 1940 ipsis
419 1905 566 1932 adauctum
587 1909 647 1937 est;
664 1905 727 1932 inde
749 1913 815 1932 vero
837 1913 899 1932 cum
918 1909 944 1932 te
966 1905 1016 1931 do-

232 1958 305 1978 mum
329 1955 401 1977 tuam
417 1958 515 1977 versus
541 1950 594 1977 iter
619 1950 793 1977 festinantem
818 1951 936 1983 videam,
956 1954 1018 1977 utut

231 1997 377 2024 collectum
402 1995 595 2031 mysteriorum
626 1995 784 2022 thesaurum
810 1996 847 2022 ita
876 1996 948 2031 apud
975 2003 1017 2022 me

232 2049 350 2074 servem,
364 2046 394 2068 ut
413 2040 516 2067 auferri
536 2041 601 2067 mihi
629 2048 682 2067 non
707 2041 802 2075 possit,
825 2041 903 2068 dolor
925 2046 1016 2068 tamen

232 2087 266 2114 de
283 2086 406 2113 discessu
428 2090 475 2112 tuo
489 2085 671 2120 iucunditatis
687 2093 753 2112 meae
773 2086 902 2120 gaudium
923 2091 1018 2113 retun-

233 2133 282 2160 dit.
298 2132 470 2166 Ampliorum
487 2132 560 2158 enim
580 2131 713 2158 bonorum
731 2132 945 2167 fruiti0,'grat‘is
966 2132 1016 2158 tri-

233 2178 324 2208 stitim,
337 2177 360 2204 si
376 2175 486 2211 quando
507 2175 658 2208 auferatur,
675 2176 728 2204 illis
740 2185 850 2212 quoque
873 2177 950 2211 origo
965 2180 1017 2208 est,

233 2223 279 2257 qui
305 2223 424 2256 aliquam
453 2229 551 2248 eorum
581 2226 685 2256 partem
722 2227 843 2250 teneant.
872 2222 1017 2249 Subtracta

233 2268 306 2296 cnim
333 2269 413 2303 plena
439 2268 590 2303 cuiuspiam
619 2268 683 2295 boni
708 2267 894 2303 possessione,
910 2267 1018 2295 vilescit

234 2314 306 2348 quod
316 2313 406 2340 adhuc
418 2321 452 2340 ex
468 2318 543 2347 parte
559 2313 661 2341 habere
683 2314 746 2340 licet
758 2321 765 2345 ;
778 2318 806 2340 et
822 2313 886 2340 illud
906 2321 1017 2347 parum-

234 2368 282 2394 per
300 2359 509 2394 degustantibus
525 2367 584 2386 sese
602 2367 652 2386 cett
674 2360 776 2386 bonum
798 2358 921 2390 exhibet,
940 2360 1018 2394 cujus
1034 2350 1055 2377 θ

233 2414 294 2434 cum
309 2406 389 2441 plane
404 2413 456 2432 non
475 2405 530 2432 sint
545 2409 680 2436 exsortes,
698 2405 782 2432 totius
802 2405 927 2439 potiundi
947 2404 1019 2439 desi-

233 2451 309 2478 derio
332 2458 386 2477 non
404 2451 572 2478 cruciantur.
590 2450 675 2485 Majus
699 2457 780 2484 porro
797 2449 898 2477 bonum
920 2451 1018 2477 merito

234 2496 299 2523 illud
327 2495 526 2531 appellabitur.
556 2495 628 2529 quod
659 2502 691 2521 ex
725 2495 930 2529 comparatione
956 2503 1008 2522 eun

234 2542 344 2573 minori.
366 2546 396 2568 ut
412 2542 464 2568 tale
483 2541 629 2572 habeatur,
651 2546 806 2568 assecutum
830 2541 921 2568 fuerit.
938 2541 1016 2574 Quod

233 2593 299 2612 xei-0
318 2585 615 2613 commensurationem
627 2593 737 2612 omnem
754 2586 872 2617 excedit,
885 2591 913 2613 et
924 2594 1019 2620 quam-

233 2631 299 2659 libet
314 2631 531 2666 comparationis
548 2631 680 2659 rationem
701 2632 936 2667 prastergreditur,
949 2639 1018 2666 quo-

233 2677 316 2704 modo
337 2677 449 2711 majoris
472 2677 536 2704 boni
562 2677 746 2712 appellatione
773 2678 869 2705 donari
897 2678 1016 2712 poterit,

233 2731 294 2750 eum
309 2728 338 2750 et
354 2724 412 2758 ipsa
427 2731 475 2758 per
494 2731 523 2750 se
540 2724 649 2750 bonitas
664 2724 735 2751 idem
751 2724 796 2753 sit.
813 2729 840 2751 et
852 2725 884 2751 ad
902 2724 1018 2750 maxima

233 2777 348 2804 quaeque
364 2769 436 2796 bona
453 2769 597 2796 tribuenda
612 2769 752 2802 proclive?
769 2769 909 2804 Ejusmodi
923 2774 1014 2796 autem

232 2819 285 2847 est,
303 2815 350 2850 qui
371 2823 419 2850 per
440 2819 465 2842 te
478 2815 532 2841 huc
545 2814 656 2841 advenit
674 2816 814 2846 Dominus.
831 2817 892 2842 fons
906 2816 951 2842 ille
965 2815 1015 2841 bo-

233 2859 337 2891 nitatis,
354 2859 529 2893 pulchritudo
549 2859 593 2885 illa
611 2859 782 2891 indeﬁciens,
797 2860 899 2887 bonum
912 2860 1014 2886 immn-

234 2905 325 2937 tabile,
348 2912 457 2939 semper
478 2904 669 2938 desiderabile,
689 2906 803 2932 dulcedo
825 2913 857 2932 ac
881 2906 1015 2933 satietatis

1073 1721 1150 1748 Ἐπεὶ
1164 1721 1191 1747 δὲ
1207 1723 1240 1757 τῇ
1259 1722 1305 1747 ἐπὶ
1320 1722 1443 1748 πλεῖστον
1456 1722 1629 1757 συνδιατριῧῇ
1647 1721 1738 1757 μεῖζον
1752 1723 1768 1757 ἢ
1781 1723 1856 1748 κατᾶν

1067 1768 1147 1803 χάριν
1174 1767 1229 1794 τῶν
1244 1767 1298 1794 σῶν
1313 1767 1458 1802 ἀπήλαυσα
1487 1768 1654 1802 μυστηρίων,
1669 1768 1740 1802 ὑπὲρ
1758 1768 1850 1794 ἐλπίδα

1066 1815 1116 1850 τῆς
1130 1814 1235 1849 δωρεᾶς
1246 1813 1408 1848 ἀπωνάμην,
1425 1814 1491 1840 διότι
1507 1815 1540 1840 τὰ
1557 1815 1606 1848 μὲν
1622 1815 1671 1848 τῆς
1687 1814 1850 1849 προσδοκίας

1069 1860 1223 1895 συνηυξήθη
1251 1854 1306 1891 τοῖς
1327 1861 1483 1894 πράγμασι,
1513 1860 1542 1886 σέ
1568 1861 1595 1886 δὲ
1611 1861 1740 1895 πρὶςτὴν
1760 1861 1848 1887 οἴκαδε

1069 1905 1179 1941 πορείαν
1196 1904 1379 1939 ἐπειγομένην
1392 1905 1573 1937 κατανοοῦσα,
1587 1905 1640 1940 ἔχω
1656 1905 1704 1940 μὲν
1721 1906 1775 1932 τῶν
1788 1907 1849 1932 συλ-

1068 1952 1202 1985 λεγέντων
1240 1950 1397 1985 μυστηρίων
1425 1951 1469 1977 τὸν
1497 1951 1635 1986 θησαυρὸν
1653 1952 1848 1987 ἀναφαίρετον·

1069 1998 1131 2025 ἀνία
1143 1999 1183 2031 δὲ,
1195 1999 1211 2034 ἡ
1228 1998 1277 2032 τῆς
1291 1997 1456 2032 ἀποδημίας,
1469 1997 1518 2031 τὴν
1529 1997 1578 2031 τῆς
1589 1997 1686 2031 ἡδονῆς
1702 1997 1849 2024 ἀνακόπτει

1069 2043 1214 2079 θυμηδίαν.
1225 2043 1258 2070 Δί
1276 2043 1329 2078 γὰρ
1343 2043 1397 2069 τῶν
1412 2042 1543 2077 μειζόνων
1555 2042 1663 2075 ἀγαθῶν
1679 2043 1848 2075 ἀπογεύσεις,

1069 2089 1188 2124 χαλεπὴν
1215 2090 1266 2122 τῆς
1289 2087 1459 2122 ἀφαιρέσεως
1484 2087 1534 2122 τὴν
1558 2087 1654 2120 ὀδύνην
1679 2088 1798 2116 καὶτοῖς
1822 2088 1850 2113 ἐν

1071 2134 1180 2169 μεθέξει
1203 2133 1306 2160 τούτων
1330 2133 1484 2167 γινομένοις
1512 2133 1683 2167 ἐμποιοῦσιν.
1718 2133 1850 2168 ’Λμεωροῖ

1069 2179 1122 2213 γὰρ
1137 2179 1186 2212 τὴν
1202 2179 1229 2204 ἐν
1242 2179 1319 2213 μέρει
1336 2178 1488 2208 κοινωνίαν,
1502 2179 1518 2212 ἡ
1534 2178 1580 2204 τοῦ
1595 2178 1693 2206 παντδς
1715 2178 1752 2213 μὴ
1769 2186 1850 2213 προσ-

1068 2224 1135 2250 οῦσα
1147 2225 1295 2255 ἀπόλαυσις
1306 2231 1313 2238 ’
1325 2224 1371 2249 καὶ
1383 2224 1465 2250 καλὸν
1480 2224 1567 2249 ἐκεῖνο
1580 2224 1634 2254 τοῖς
1645 2223 1769 2258 μετόγοις
1781 2224 1850 2257 γίνε-

1068 2267 1163 2301 uno";
1178 2269 1215 2304 μὴ
1227 2269 1324 2299 ἐνδεῶς
1337 2268 1455 2303 ἔχοντες,
1471 2269 1500 2301 τῇ
1515 2268 1646 2303 ἐπιθυμίᾳ
1659 2268 1708 2301 τῆς
1727 2269 1847 2303 κτήσεως

1070 2315 1267 2350 ἐξελέγχονται.
1283 2315 1397 2348 Ἀγαθὸν
1410 2314 1438 2340 δέ
1459 2314 1572 2344 εἰκότως
1596 2314 1628 2340 ἂν
1653 2314 1741 2340 ἐκεῖνο
1761 2314 1850 2348 μεῖξον

1070 2362 1186 2394 λέγοιτο,
1203 2361 1216 2387 ὃ
1230 2361 1373 2396 συγκρίσει
1391 2362 1422 2395 τῇ
1443 2361 1509 2395 πρὸς
1525 2360 1556 2386 τὸ
1579 2357 1670 2395 ἧττον,
1692 2359 1770 2385 τοῦτο
1782 2357 1851 2386 εἶναι

1070 2407 1252 2441 κεκλήρωται.
1262 2407 1298 2432 Τὸ
1305 2406 1333 2433 δὲ
1343 2407 1432 2440 πάσης
1444 2407 1505 2431 ἀντε
1511 2406 1644 2438 ξετάσεως
1655 2406 1849 2440 ἀνῳκισμένον,

1069 2453 1115 2479 καὶ
1130 2452 1311 2486 συγκριτικὴν
1327 2451 1437 2478 ἅπασαν
1452 2451 1639 2486 διαδιδράσκον
1658 2451 1773 2483 ἔννοιαν,
1795 2451 1851 2482 πῶς

1068 2497 1099 2521 ἄν
1111 2496 1159 2530 τὴν
1173 2496 1220 2522 τοῦ
1235 2495 1357 2530 μείζονος
1371 2495 1527 2529 ἐπιδέξηται
1541 2496 1737 2530 προσηγορίαν,
1756 2496 1852 2522 αὐτοα-

1069 2541 1185 2574 γαῠότης
1195 2549 1222 2566 τε
1234 2540 1273 2569 ὃν.
1283 2541 1328 2565 καὶ
1339 2540 1394 2566 τῶν
1405 2541 1540 2573 μεγίστων
1550 2541 1659 2573 ἀγαθῶν
1671 2541 1849 2575 παρεκτικόνς

1068 2586 1153 2612 Τοῦτο
1168 2586 1196 2612 δέ
1211 2587 1295 2615 ἐστιν,
1311 2587 1324 2611 ό
1351 2586 1393 2612 διὰ
1414 2586 1460 2611 σοῦ
1477 2587 1650 2621 ἐπιδημήσας
1668 2586 1815 2619 Δεσπότης,
1833 2586 1849 2619 ὴ

1068 2632 1142 2666 πηγὴ
1157 2634 1205 2666 τῆς
1224 2632 1400 2665 ἀγαϐότητος,
1414 2631 1444 2657 τὸ
1461 2632 1548 2665 μόνως
1566 2632 1744 2658 ἀναλλοίωτον
1758 2632 1849 2661 καλὸν,

1068 2678 1097 2703 τὺ
1122 2677 1256 2710 ἄτρεπτον
1277 2677 1388 2710 ἀγαθὸν,
1418 2677 1448 2702 τὸ
1465 2677 1596 2708 danai-rw;
1627 2678 1687 2711 ἕχον
1711 2678 1848 2711 ἐφετὸνμὴ

1068 2723 1181 2757 γλυκεῖα
1196 2724 1243 2749 καὶ
1258 2723 1340 2757 κόρου
1355 2723 1454 2754 παντὸς
1470 2724 1598 2749 ἐπέκεινα
1618 2724 1707 2758 ἡδονὴ,
1728 2725 1742 2749 ὁ
1767 2723 1850 2757 ὑπερ-

1073 2769 1188 2804 μεγέθης
1205 2771 1237 2804 τῇ
1253 2769 1482 2802 σὺτεξουσιότητι,
1498 2761 1529 2795 οὗ
1555 2769 1641 2795 πάντα
1657 2769 1693 2800 ὡς
1715 2769 1851 2803 Δημιουρι

1070 2814 1119 2847 γοῦ
1144 2815 1189 2840 καὶ
1214 2814 1362 2848 {pitag/dfert
1389 2814 1493 2847 ἐφίεται
1516 2814 1668 2839 Δεσπότου-
1689 2813 1748 2844 πῶς
1761 2811 1807 2838 οὖν
1822 2811 1851 2838 τὸ

1070 2860 1199 2895 ὑστεροῦν
1225 2860 1274 2886 οὐκ
1289 2860 1320 2885 ἂν
1336 2859 1467 2892 ἀνάλογον
1485 2859 1643 2893 ὲμποιήσειε
1660 2858 1690 2884 τὸ
1713 2858 1849 2893 λυπηρδν;

1070 2907 1118 2932 Δια
1134 2906 1212 2932 τοῦτο
1227 2906 1275 2931 οὒκ
1293 2905 1449 2940 ἀναλγήτως
1479 2905 1528 2939 μὲν
1541 2904 1590 2938 τὴν
1603 2904 1744 2931 διάστασιν
1760 2903 1831 2938 ’ίέρω
1843 2910 1849 2917 ·
