2034 3153
171 197 222 228 705
637 197 831 228 DlUl'TRMl
851 197 928 228 JAC.
949 195 1117 227 PONTANI
1139 195 1346 228 PREFATIO.
1437 195 1442 199 ’
1747 196 1800 227 70C-

170 253 240 289 Qui,
272 253 421 292 quoniam
450 253 566 284 Latinis
594 254 723 284 auribus
751 263 860 293 parum
891 254 955 284 noti
971 257 1052 290 sunt,
1081 257 1111 284 et
1127 263 1182 285 eos
1197 254 1302 285 multis
1330 253 1406 284 locis
1431 261 1532 284 rerum
1561 251 1716 283 subtilitas
1732 260 1799 282 ser-

171 303 338 342 monisque
361 304 493 334 Romani
514 307 635 342 egestas
668 312 732 334 non
757 303 945 340 admitteret,
967 304 1068 335 soluta
1102 307 1131 334 et
1148 308 1298 344 perpetua
1315 305 1468 337 oratione,
1491 311 1553 333 non
1570 302 1636 332 sine
1652 301 1798 340 exemplo

171 353 423 392 interpretandos
438 355 629 385 censuimus.
647 355 689 384 De
719 354 826 394 paucis
853 354 1047 392 singulorum
1065 355 1213 385 librorum
1244 354 1398 391 capitibus
1428 354 1524 384 multo
1542 353 1628 392 plura
1643 353 1771 382 fecllnlt:
1792 368 1797 383 :

171 403 284 442 cuique
305 403 429 441 lemma,
458 404 522 435 sive
552 414 705 435 summam
733 413 820 434 suam
848 404 963 434 nostris
1002 406 1116 440 verbis,
1140 405 1332 443 uberiuSque
1360 409 1390 434 et
1422 404 1597 434 accuratius
1625 403 1797 442 aliquun‘n.

172 465 262 495 quam
279 457 412 495 scriptor
439 457 506 496 ipse
534 457 662 493 fecerat,
700 457 902 496 prwt‘iximus,
932 465 996 496 quo
1022 458 1126 487 omnia
1153 457 1357 487 luculentiora
1388 457 1497 486 tirrent
1518 456 1703 494 planiusque
1733 467 1798 493 pcr-

170 509 374 547 ciperentur:
396 509 516 539 tametsi
540 509 745 539 nihilominus
777 510 814 540 ad
843 509 988 548 quaedam
1024 511 1201 549 promptius
1230 508 1431 547 intelligenda
1461 508 1620 546 graviores
1653 513 1681 537 et
1714 517 1798 537 Sure-

171 558 269 588 riores
295 558 362 588 illas
391 558 538 589 scientias
567 559 680 590 libasse
709 568 790 598 opus
814 560 884 589 erit.
909 560 1092 590 (Economia
1117 568 1181 590 non
1208 559 1364 589 immerito
1399 558 1534 596 cuipiam
1559 558 1798 588 admirationem

171 606 321 640 movebit.
349 616 406 637 cur
432 607 593 644 nimirum,
621 617 692 639 cum
710 608 805 639 hosce
823 609 920 639 libros
937 610 970 639 in
998 609 1123 647 dialogo
1151 609 1379 642 conscriberet.
1410 610 1518 637 Annus
1536 607 1747 645 interrogandi
1763 616 1799 637 ac

171 656 325 693 discendi,
344 657 441 687 CARNI
476 658 689 697 restiondendi
718 659 919 698 docendique
948 663 1052 699 partes
1089 660 1212 690 dederit
1238 668 1244 689 :
1265 663 1296 690 et
1322 659 1405 688 illam
1426 657 1625 697 discipulam.
1643 657 1722 687 hanc
1740 666 1801 687 ma-

170 706 296 742 gistram
322 714 391 736 esse
415 707 548 737 voluerit
572 708 602 737 in
631 707 851 747 hujuscemodi
886 709 979 740 rebus
1007 714 1070 740 tam
1098 709 1215 740 sanctis
1247 717 1282 739 ac
1317 708 1545 746 spiritualibns,
1582 707 1665 737 addo
1694 708 1798 742 etiam.

170 759 230 784 tam
250 756 393 792 eruditis,
426 766 496 787 cum
521 761 630 788 contra
657 759 761 797 potius
788 760 968 790 faciendum
985 761 1081 790 fuisse
1113 759 1265 789 videatur.
1296 760 1373 789 Caro
1392 759 1511 798 quippe
1533 762 1580 788 est
1622 759 1725 788 anima
1751 759 1801 788 in-

170 806 277 842 ferior,
304 812 334 837 et
363 808 522 847 appetitus
538 809 689 844 sentiens,
708 810 882 848 Augustino
911 811 1015 841 anima
1036 810 1224 841 irrationalis
1240 820 1249 843 :
1266 810 1368 840 anima
1402 818 1474 840 vero
1506 809 1556 839 hic
1573 813 1619 839 est
1658 810 1803 848 superior

169 859 285 894 anima,
313 859 416 890 anima
441 860 613 897 rationalis,
632 863 666 890 ut
681 861 763 891 idem
778 862 972 900 Augustinus
992 863 1144 898 nominat,
1172 866 1201 892 et
1217 870 1288 900 qua:
1305 870 1321 891 a
1342 861 1437 891 Paulo
1456 861 1583 900 spiritus
1605 861 1729 890 dicitur.
1745 861 1803 892 Ac-

170 909 253 938 cedit
268 909 353 948 quod
374 910 510 940 animum
527 919 599 941 caro
622 919 748 951 semper
764 916 861 950 mpm
876 915 905 941 et
928 915 973 941 δές

1000 923 1083 947 οιναν,
1111 912 1280 947 dominam,
1299 911 1422 943 heram:
1443 911 1554 941 ‘anima
1580 919 1706 940 carnem
1723 919 1803 940 sem-

170 969 228 999 per
248 965 356 999 δούλην,
374 965 551 1000 θεράπαιναν,
567 967 723 1001 παιδξσκην,
755 969 918 1003 τρόπθλον,
947 970 973 996 v5:

998 969 1106 1005 mittsz,
1131 972 1260 999 servam,
1293 963 1453 1002 famulam.
1485 960 1676 997 ancillulam,
1707 962 1801 991 mmi-

170 1015 268 1040 itrum
292 1013 392 1040 vocat.
421 1012 465 1042 Ex
505 1022 568 1052 quo
594 1015 654 1044 utri
681 1015 820 1054 potior-ss
855 1021 959 1055 partes
987 1015 1220 1048 convenissent.
1253 1014 1340 1044 nullo
1379 1013 1505 1051 negotio
1545 1013 1616 1051 quis
1652 1014 1803 1043 rationem

171 1061 349 1092 coneludet.
369 1061 405 1091 Ut
426 1064 676 1101 respondeamus
700 1065 830 1104 aliquid,
852 1069 883 1096 et
914 1067 1101 1106 scriptorem
1113 1073 1242 1104 quoquo
1267 1064 1361 1094 modo
1377 1068 1531 1099 tueamur,
1553 1063 1701 1103 primum,
1727 1064 1804 1093 illud

171 1115 291 1142 certum
301 1115 442 1149 est,cum
459 1118 524 1144 toto
535 1120 745 1154 quantumcst
760 1118 966 1149 voluminede
980 1119 1083 1149 anima
1109 1121 1139 1147 et
1167 1124 1301 1155 corpore
1327 1119 1447 1155 agatur,
1468 1124 1531 1146 non
1554 1115 1702 1150 indecore
1723 1115 1804 1146 hanc

171 1168 396 1201 προσωποποιιαν
412 1163 621 1194 introductam
646 1177 653 1195 :
672 1169 699 1196 et
718 1166 814 1197 multa
836 1176 900 1198 non
925 1169 1048 1204 melius,
1077 1176 1182 1207 neque
1203 1167 1400 1197 commodius
1415 1167 1568 1205 magistra:
1584 1170 1614 1197 et
1629 1166 1804 1205 discipulos,

171 1211 283 1243 aliisve
317 1213 464 1253 personis
501 1214 650 1246 adhibitis
691 1217 841 1256 explicari
877 1219 1031 1258 potuisse.
1066 1218 1183 1249 Deinde
1222 1218 1419 1256 disputantur
1448 1217 1487 1248 ab
1503 1218 1614 1248 Anima
1643 1226 1714 1254 qum
1740 1226 1804 1248 non

171 1264 247 1298 apte
277 1267 308 1292 et
335 1266 421 1294 recte
448 1272 465 1294 a
490 1264 602 1301 Carne,
627 1268 657 1295 et
684 1266 819 1296 vicissim
848 1275 864 1298 a
889 1268 999 1303 Carne,
1029 1276 1098 1307 quae
1123 1275 1186 1297 non
1205 1271 1267 1297 tam
1295 1266 1411 1296 idonee
1435 1266 1474 1296 ab
1512 1266 1620 1296 Anima
1661 1266 1804 1305 disputa-

172 1315 293 1347 rentur,
324 1313 445 1343 etiamsi
469 1314 520 1344 illa
546 1315 712 1353 magistrw,
753 1316 819 1346 inec
850 1317 1014 1357 discipula;
1037 1317 1141 1348 cilicio
1160 1317 1356 1355 fungeretur.
1373 1316 1582 1352 Quamobrem
1601 1320 1630 1345 et
1649 1325 1718 1352 nos,
1733 1324 1805 1346 cum

172 1363 331 1402 principio
349 1367 559 1395 (Bc-onomiam
591 1365 678 1395 istam
717 1375 775 1406 pro
804 1368 939 1399 absurda
965 1368 1166 1404 haberemus,
1190 1372 1385 1398 commutare
1409 1374 1560 1406 personas
1588 1365 1802 1402 instituimus;

172 1412 228 1442 sed
258 1413 289 1442 in
308 1422 485 1453 progressu,
505 1418 620 1445 mutata
645 1417 811 1454 sententia,
844 1427 908 1454 eas,
938 1424 969 1449 ut
995 1419 1183 1455 invenimus,
1208 1418 1251 1448 ita
1284 1416 1479 1456 reliquimus.
1501 1417 1578 1446 Sunt
1603 1420 1634 1446 et
1660 1417 1720 1446 alia
1748 1425 1805 1456 per

172 1461 233 1493 hos
253 1462 364 1500 lzbros,
393 1463 425 1494 in
442 1463 556 1503 quibus
580 1470 610 1496 τὸ
624 1471 728 1506 πρέπνιν
751 1466 960 1505 nugligentius
988 1473 1142 1498 servatura
1171 1467 1411 1502 animadvertas,
1450 1474 1508 1496 nec
1537 1465 1715 1505 Philippum
1731 1468 1805 1495 satis

173 1514 314 1549 scivisse,
328 1514 403 1551 quid
421 1519 502 1545 esset
515 1515 671 1555 dialogum
684 1517 833 1548 scribere.
848 1508 969 1548 'Verum
986 1518 1054 1549 haéc
1072 1522 1101 1548 et
1113 1517 1226 1548 similia
1241 1521 1366 1556 peccata
1378 1515 1498 1552 homini
1520 1517 1668 1549 ascetico.
1686 1516 1804 1556 quique

173 1564 212 1594 de
231 1572 294 1594 una
314 1563 520 1594 sanctimonia
547 1565 639 1596 nobis
667 1567 884 1606 persuadenda
916 1567 1084 1604 laboraret,
1113 1567 1307 1606 ignoscenda
1332 1570 1416 1603 sunt,
1452 1570 1483 1597 et
1509 1575 1591 1606 saepe
1620 1566 1695 1597 illud
1713 1567 1802 1606 cogi-

173 1615 317 1650 tantum,
343 1614 428 1656 quod
448 1614 526 1645 mihi
549 1615 645 1647 libros
665 1617 754 1648 istius
779 1617 976 1657 potissimum
1002 1618 1127 1658 generis
1141 1617 1285 1649 tractanti
1313 1626 1331 1648 e
1356 1617 1577 1655 grammaticis,
1597 1617 1713 1657 quibus
1726 1625 1805 1657 puer

173 1674 242 1695 sum
271 1665 421 1703 imbutus,
455 1665 639 1706 frequenter
660 1667 740 1698 solet
767 1676 945 1706 occurrere,

629 1729 669 1757 Tu
694 1731 809 1759 vivendo
826 1732 922 1764 bonos,
936 1733 1086 1760 scribendo
1103 1740 1222 1767 sequare
1236 1732 1352 1767 peritos.

173 1789 323 1824 Qutntum
350 1788 463 1820 librum
496 1799 664 1829 paucarum
692 1792 888 1831 paginarum,
914 1802 972 1823 nec
991 1793 1147 1832 capitibus
1175 1792 1369 1827 distinctum,
1395 1799 1466 1821 cum
1500 1794 1614 1830 quarto
1642 1791 1803 1830 conjunxi.

174 1839 272 1869 Notas
299 1839 331 1870 in
355 1840 496 1878 margine
528 1844 581 1872 aut
604 1850 622 1872 a
643 1843 758 1880 Psello,
785 1847 837 1874 aut
858 1853 874 1874 a
900 1843 1036 1874 Pbialito
1063 1853 1134 1875 cum
1153 1845 1206 1874 SS.
1236 1844 1294 1873 PP.
1318 1842 1481 1872 sententiis
1496 1842 1655 1881 appositas
1670 1842 1701 1872 in
1724 1851 1804 1873 eon-

174 1894 297 1920 textum
323 1892 442 1930 recepi,
472 1891 597 1923 delectu
637 1898 741 1925 tamen
774 1895 894 1930 habito,
926 1900 957 1925 et
984 1895 1108 1926 diverso
1142 1895 1323 1925 charactere
1358 1894 1531 1933 expressi‘
1555 1912 1562 1920 .
1591 1894 1659 1923 Non
1695 1902 1804 1932 parum

174 1943 297 1982 quippe
319 1941 398 1972 lucis
419 1945 450 1973 et
483 1944 591 1981 gratias
621 1944 682 1983 ipsi
702 1945 791 1984 operi
824 1945 963 1975 allatura)
996 1946 1193 1976 videbantur.
1215 1946 1329 1975 Versus
1356 1944 1427 1974 illos
1456 1943 1613 1983 politicos,
1647 1951 1686 1973 ne
1712 1953 1806 1974 mon-

174 1998 276 2024 strum
306 1993 444 2025 facerem
472 1998 503 2025 et
525 1995 592 2026 aliis
614 1996 652 2026 de
694 1996 796 2027 causis
823 2005 887 2027 non
928 1997 1047 2028 addidi.
1075 1999 1148 2034 Quae
1182 1997 1236 2027 lib.
1270 2005 1304 2032 ιι,
1340 2005 1410 2035 cap.
1450 1995 1496 2032 12,
1527 2004 1565 2026 ex
1601 1996 1804 2032 Damasceno,

177 2050 206 2076 et
221 2046 366 2085 ejusdem
395 2046 466 2076 libri
482 2055 552 2085 cap.
583 2046 618 2078 l6
645 2050 675 2078 et
698 2048 731 2078 17
764 2048 866 2080 fusius
893 2049 1106 2087 adducuntur,
1137 2058 1173 2080 ea
1201 2058 1239 2079 ex
1278 2048 1502 2086 interpretibus
1534 2047 1659 2077 illorum
1687 2047 1806 2077 thbian-

176 2098 374 2128 numeranda
403 2097 597 2128 censuimus.
623 2098 713 2130 Nunc
748 2103 783 2130 ut
805 2101 911 2132 Patres
946 2101 1029 2139 illos,
1060 2101 1100 2132 de
1126 2101 1242 2141 quibus
1277 2100 1434 2136 dicebam,
1470 2098 1605 2134 noveris,
1631 2098 1804 2137 catalocuni

177 2150 356 2190 subjiciam.

717 2221 820 2244 νιτιιεε
835 2223 861 2244 IN
874 2222 990 2244 IABGINI
1008 2223 1130 2244 »ιον-[υς
1146 2223 1273 2243 Δυυυοτι.

319 2282 469 2318 Gregorius
480 2282 678 2310 Nazianzenus.
1161 2283 1324 2310 Theodorus
1336 2281 1454 2310 Studita.

322 2328 471 2364 Gregorius
484 2329 635 2364 Nysscnus.
1159 2329 1322 2355 Anastasius
1339 2327 1454 2355 Sinaita.

320 2373 439 2401 Joannes
451 2373 674 2410 Chrysostomus.
1161 2374 1291 2401 Isidorus.

328 2419 503 2446 Athanasius.
1159 2419 1285 2453 Ephrzcm
1297 2419 1392 2454 Syrus.

325 2464 441 2498 Cyrillus
455 2464 668 2493 Alexandrinus.
1156 2465 1302 2500 Dionysius
1321 2463 1494 2498 Areopagita.

335 2511 449 2537 Basilius
466 2511 586 2545 Magnus.
1164 2511 1308 2537 Maximus.

325 2557 544 2591 Thenphylaslus
1083 2565 1088 2568 '
1164 2556 1279 2583 Michael
1297 2555 1413 2582 Psellus.

328 2604 519 2630 Danmscenus.
1162 2602 1249 2629 Nilus.

330 2649 520 2676 Theodoretus
532 2649 593 2684 Cyri
613 2650 766 2686 episcopus.
1165 2649 1250 2674 Isaac.

330 2694 518 2721 Theodorctus
537 2695 682 2722 lleracleze.
1164 2692 1318 2721 Carbonius
1335 2692 1394 2727 (ξ).

325 2741 444 2767 Joannes
459 2739 487 2766 Cl
494 2748 605 2767 imaeus.
1165 2739 1332 2766 Gennadius.

218 2825 232 2840 ι
253 2823 322 2852 Quod
351 2826 420 2847 crr'e
440 2828 523 2853 parum
550 2822 666 2853 corsnlte
687 2826 713 2846 ct
734 2829 782 2846 non
807 2823 860 2847 sine
882 2829 971 2853 magno
997 2821 1102 2847 studiosi
1120 2823 1221 2846 tortoris
1234 2821 1387 2846 iﬂCOHIH‘0<’O
1409 2822 1497 2846 facium
1519 2825 1566 2845 es'.
1583 2821 1661 2846 A‘iam
1679 2821 1738 2844 tiam
1755 2819 1806 2844 inii-

189 2860 265 2878 Inus:
288 2859 314 2878 ut
334 2857 417 2877 textus
441 2852 471 2877 ab
490 2853 527 2876 his
549 2852 661 2876 insttitiis
671 2854 782 2877 sentibus
804 2855 976 2883 expediretur,
1007 2859 1103 2876 omnem
1116 2853 1262 2876 Mhuniul‘lﬂ)
1289 2860 1336 2883 app
1354 2858 1431 2876 ratum
1468 2857 1537 2878 sestu
1552 2854 1613 2876 imus
1648 2858 1672 2876 et
1695 2852 1723 2875 ad
1743 2859 1810 2875 oram

187 2884 331 2909 interiorem
355 2891 498 2916 ιηειιιειυιυ
520 2884 711 2914 armtidavimus,
731 2884 842 2908 stellu.is
863 2884 1012 2909 remissoriis
1035 2884 1058 2907 in
1071 2887 1141 2908 textu
1171 2883 1266 2913 positis.
1284 2884 1351 2908 hurr.
1375 2884 1449 2908 l‘nn.
