2034 3153
189 173 195 178 ’
221 187 270 217 7m
832 184 1005 215 PIIlLlPPI
1025 183 1219 214 somnum
1786 183 1838 214 τος

691 343 1084 401 MICHAELIS
1124 345 1366 402 PSELLI

775 455 815 486 IN
837 455 1043 486 DIOPTRAM
1064 455 1285 486 Pii/EFATIO.

259 640 268 656 ε
285 631 377 658 Melius
388 635 435 661 est,
447 629 531 664 inquit
545 627 682 662 Scriptura
696 628 715 656 '.
726 627 854 654 modicum
861 628 948 662 justo,
961 634 1040 662 super
1052 627 1157 654 divitias
1173 634 1338 663 peccatorum
1354 627 1462 654 multas.
1476 637 1485 652 ι
1499 626 1589 653 Mullus
1600 627 1680 662 igitur
1693 627 1774 654 etiam
1785 635 1845 654 vera

220 676 329 702 dicendo
344 675 484 705 balbutire,
498 682 579 709 quam
595 673 744 700 mentiendo
766 671 886 700 Platonis
895 673 999 708 capiant
1015 677 1038 699 et
1051 674 1209 708 gravitatem
1221 675 1377 709 exprimere.
1392 673 1481 708 Nequa
1496 673 1563 699 enim
1573 677 1634 699 tunc
1644 673 1845 700 admirationem

223 725 338 746 uteretur
349 720 446 751 oratio,
460 727 518 745 cum
530 719 663 753 profluens
674 722 750 744 extra
763 716 858 744 limites
875 718 972 752 fertur,
1008 718 1055 744 sed
1070 726 1129 745 cum
1141 718 1303 753 longitudine
1322 719 1436 750 modica,
1450 719 1587 745 sententiis
1604 719 1743 746 abundans
1757 728 1789 746 ac
1803 720 1844 746 di-

225 775 268 794 ves
280 767 368 801 fuerit,
384 770 409 792 et
424 766 450 792 in
466 765 602 796 brevitate,
628 765 824 799 perspicuitate,
847 766 1042 800 venustatisque
1058 765 1188 800 neglectu,
1215 766 1284 800 quod
1308 767 1453 794 necessario
1477 766 1635 792 tradendum
1661 771 1708 796 est,
1729 766 1847 800 quodque

225 820 286 839 cum
303 813 331 838 in
351 812 409 846 ipsa
424 811 557 842 doctrina,
581 810 677 836 tumin
694 810 807 836 moribus
819 809 949 844 splendet.
971 810 1197 846 comprehenderit
1213 815 1292 846 atque
1308 811 1335 838 in
1356 813 1472 838 medium
1487 811 1637 846 protulerit.
1660 820 1670 836 ι
1688 810 1846 845 Spiritualia

223 862 408 894 comparantes
419 861 442 884 et
453 857 626 892 dijudicantes
637 857 658 888 ‘,
674 865 683 881 ι
698 861 726 882 ιιι
737 864 876 883 sacrarum
885 857 1047 884 Litterarum
1060 865 1111 884 non
1133 857 1233 892 ignari,
1246 862 1269 884 et
1283 858 1398 892 probati,
1413 859 1483 886 haud
1499 859 1623 890 nitidam,
1634 857 1728 893 figuris
1741 858 1846 885 involu-

225 909 292 937 tam,
318 903 481 935 tornatilem,
496 908 520 928 et
538 902 570 928 ab
585 902 698 935 ar:ificio
713 902 859 937 profectam
877 903 1103 938 compositionem,
1116 904 1306 939 verborumque
1330 910 1489 932 ornamenta
1505 905 1543 939 tiu
1557 905 1649 939 quibus
1669 913 1847 940 stepenumero

223 951 354 986 exquisita
371 949 474 976 dicendi
486 949 639 976 exercitatio
654 948 819 975 mendacium
838 948 963 982 occultat,
977 958 1028 984 quo
1043 950 1235 977 inconsiderate
1250 950 1373 986 legentes,
1389 951 1515 978 neclecta
1533 952 1693 979 mentientes
1703 952 1848 978 detrimen-

223 1005 278 1027 tose
296 999 475 1033 irretinntur),
491 1007 582 1026 verum
598 998 750 1030 illustratw,
765 1003 788 1025 ct
804 999 960 1034 cvangelicis
975 999 1091 1027 oraculis
1111 1000 1287 1034 confirmatae,
1301 1005 1326 1027 et
1340 1008 1493 1036 quanquam
1505 1008 1555 1027 nou
1568 999 1625 1026 sine
1639 999 1809 1026 barbarismi:
1822 1004 1848 1026 et

221 1047 376 1074 solacismis
386 1045 578 1081 pronuntiant,
590 1045 709 1072 veritatis
725 1047 872 1072 orationem
889 1046 1051 1073 desiderant.
1070 1046 1159 1079 Quare
1185 1047 1334 1082 quicunque
1345 1048 1397 1074 ista
1412 1046 1537 1080 fideliter,
1552 1045 1628 1073 nulla
1642 1046 1755 1079 invidia,
1772 1046 1848 1073 nulla

227 1093 390 1123 curiositate,
407 1092 474 1118 citra
488 1097 592 1118 omnem
616 1090 812 1117 simulationem
827 1091 1001 1127 fraudemque
1021 1091 1124 1128 legerit,
1146 1093 1173 1120 in
1184 1093 1274 1128 paucis
1299 1101 1346 1119 nec
1361 1093 1476 1120 obscuris
1499 1092 1760 1127 interrogationibus,
1778 1101 1848 1127 pra:-

222 1140 304 1174 ceptis
318 1145 342 1166 et
354 1137 574 1173 responsionibus,
587 1144 645 1170 qua:
664 1137 772 1164 diversis
797 1138 917 1164 aetatibus
930 1147 946 1165 a
961 1138 1108 1166 doctoribus
1121 1138 1245 1166 Ecclesia:
1258 1138 1393 1166 catholica:
1427 1143 1556 1173 tanquam
1571 1138 1689 1172 ejusdem
1704 1138 1847 1164 luminibus

220 1184 391 1212 accidet-ibus
402 1191 482 1215 super
492 1183 647 1210 necessariis
662 1182 817 1217 quibusdam
832 1182 895 1216 fidei
916 1187 1013 1210 nostrae
1029 1183 1158 1219 capitibus
1170 1183 1285 1210 dilucide
1301 1184 1413 1218 quaesita
1438 1188 1462 1210 et
1477 1184 1622 1218 explanata
1635 1187 1708 1214 sunt,
1724 1184 1847 1210 invcniet.

220 1231 286 1264 Quae
300 1231 404 1266 quidem
417 1230 505 1258 studio
515 1234 539 1257 et
548 1229 639 1256 labore
653 1237 705 1256 non
719 1229 826 1256 minimo
841 1230 1023 1257 sanctissimus
1037 1230 1173 1257 solitarius
1184 1229 1333 1264 Philippus,
1345 1229 1380 1256 ad
1390 1229 1592 1263 (ediﬁcationem
1604 1233 1628 1255 et
1638 1229 1781 1256 utilitatem
1791 1228 1847 1255 sal-

223 1279 281 1304 uari
294 1277 470 1312 cupientium,
488 1277 514 1303 in
529 1283 611 1302 unum
622 1282 716 1309 corpus
728 1274 842 1309 collegit.
853 1275 907 1302 Nec
920 1276 968 1302 illa
987 1275 1071 1303 solum
1085 1283 1144 1308 quae
1155 1275 1189 1302 ab
1200 1275 1324 1303 Ecclesia
1339 1276 1472 1311 magistris
1482 1277 1591 1310 scripta,
1604 1276 1653 1302 sibi
1668 1275 1847 1310 conquirenda

222 1325 298 1351 duxit
313 1323 378 1350 :st'd
394 1322 477 1349 multa
495 1323 602 1356 insuper
613 1321 645 1347 ab
659 1329 686 1347 se
698 1322 803 1347 inventa
828 1325 853 1347 et
868 1322 1016 1356 excogitata
1041 1322 1245 1348 orrltodomorum
1260 1322 1453 1356 probarumque
1476 1322 1572 1348 animis
1598 1321 1729 1348 salutaria
1741 1320 1848 1354 adiecit.

221 1371 316 1406 Itaque
331 1371 357 1397 in
371 1370 418 1397 hoc
428 1377 505 1404 scopo
521 1376 552 1395 ac
567 1368 620 1401 ﬁne
631 1368 717 1394 cordis
730 1367 835 1397 Oculum
853 1368 967 1403 defigere
989 1372 1102 1403 oportet.
1119 1368 1211 1396 Oratio
1226 1377 1340 1403 namque
1349 1373 1495 1399 structura,
1513 1369 1653 1400 varietate,
1669 1368 1810 1403 festivitate
1826 1373 1850 1394 et

222 1417 354 1452 elegantia
371 1416 564 1451 quodammodo
581 1415 786 1450 trans/armata.
799 1415 952 1442 tractationi
962 1416 1103 1451 propositas
1122 1416 1311 1448 incommodat,
1329 1415 1391 1442 dum
1417 1415 1530 1442 latenter
1551 1423 1640 1442 eorum
1654 1422 1713 1450 quae
1728 1415 1852 1449 leguntur

222 1463 428 1498 intelligentiam
441 1462 565 1497 surripit,
579 1466 602 1488 et
616 1462 704 1496 offusis
717 1460 831 1487 tenebris
847 1469 902 1487 rem
915 1461 1000 1496 ipsum
1012 1462 1159 1496 perspicere
1173 1469 1204 1488 ac
1215 1467 1356 1496 penetrare
1370 1466 1453 1488 vetat.

260 1509 346 1536 Porro
363 1510 531 1545 semetipsum
557 1509 669 1543 alloqui,
694 1513 717 1536 et
732 1518 777 1545 per
805 1509 1016 1545 prosopopwium
1033 1510 1091 1543 (hoc
1108 1513 1158 1540 est,
1186 1516 1305 1543 persona:
1331 1507 1473 1542 fictionem)
1487 1508 1607 1535 animam
1631 1507 1808 1541 interrogare,
1827 1510 1852 1531 et

223 1563 329 1582 rursum
362 1555 442 1582 dubia
483 1563 529 1582 seu
561 1554 677 1589 difficilia
710 1555 812 1582 sibimet
842 1555 985 1581 dissolvere
1006 1573 1014 1587 ,
1054 1558 1110 1581 tum
1123 1555 1154 1581 iis
1185 1555 1229 1588 qui
1255 1554 1301 1581 sub
1329 1554 1384 1590 lege
1420 1555 1551 1589 antiqua,
1575 1557 1630 1580 tum
1660 1553 1692 1579 iis
1726 1552 1771 1586 qui
1803 1552 1851 1578 sub

223 1601 312 1635 gratia
342 1601 429 1626 vivunt
451 1601 634 1635 vixeruntque,
653 1600 769 1628 solemne
797 1605 821 1627 et
848 1601 975 1627 usitatam
1001 1604 1050 1627 est.
1075 1610 1083 1625 ι
1098 1600 1220 1633 Benedic,
1243 1601 1334 1627 anima
1361 1607 1429 1628 mea.
1443 1599 1566 1630 Domino,
1598 1609 1607 1624 ι
1622 1600 1659 1625 ait
1679 1597 1764 1624 David
1776 1597 1801 1630 ³;
1817 1600 1851 1628 et,

227 1657 236 1673 ι
258 1646 406 1679 Converte,
420 1647 512 1674 anima
535 1655 592 1674 mea
611 1667 618 1679 ,
635 1647 662 1674 in
690 1647 805 1682 requiem
830 1651 904 1673 tuam
921 1647 943 1673 ⁵.
964 1655 973 1672 ι
989 1646 1024 1674 Et
1045 1647 1077 1673 de
1100 1654 1129 1672 eo
1148 1647 1192 1680 qui
1215 1650 1272 1673 erat
1286 1647 1312 1673 in
1336 1645 1416 1672 Deum
1431 1645 1516 1676 dives,
1531 1649 1625 1671 narrat
1646 1644 1791 1674 Dominus,
1814 1644 1852 1670 ita

224 1693 350 1726 locutum,
373 1702 381 1718 ι
404 1694 496 1720 Dicam
509 1694 606 1720 animte
617 1700 681 1720 mea!
696 1701 705 1720 :
719 1693 828 1724 Anima,
844 1692 922 1719 habes
946 1691 1030 1719 multa
1051 1692 1118 1719 bona
1133 1693 1154 1720 ⁵.
1174 1701 1183 1717 ι
1204 1691 1237 1718 Et
1262 1691 1493 1726 Hymnographus,
1509 1690 1616 1722 Anima,
1644 1697 1702 1724 qua'
1717 1689 1757 1716 hic
1779 1694 1851 1721 sunt,

226 1745 396 1776 temporanca
409 1744 482 1767 sunt.
495 1739 529 1767 Et
543 1740 575 1766 ab
593 1739 653 1766 aliis
665 1739 720 1766 alia
735 1739 762 1766 id
771 1747 852 1774 genus
867 1747 936 1774 sa'pe
949 1738 1049 1773 scripta
1060 1742 1133 1765 sunt.

260 1818 269 1834 ¹
289 1817 360 1846 l‘sal.
377 1825 469 1850 xxxw,
487 1817 531 1845 16.
569 1817 580 1833 ⁸
595 1817 605 1844 Ι
623 1817 685 1844 Cor.
702 1824 732 1845 ιι.
771 1816 782 1832 ³
796 1817 868 1845 Psul.
886 1825 932 1848 cn,
947 1818 973 1844 1.
1012 1817 1022 1832 ⁸
1037 1815 1063 1842 Ρι

702 1824 732 1845 ιι.
771 1816 782 1832 ³
796 1817 868 1845 Psul.
886 1825 932 1848 cn,
947 1818 973 1844 1.
1012 1817 1022 1832 ⁸
1037 1815 1108 1843 Psul.
1124 1823 1196 1848 cuv,
1221 1817 1243 1843 ι.
1282 1816 1292 1831 ⁵
1307 1816 1372 1845 Luc.
1390 1824 1438 1850 sn,
1455 1816 1466 1844 Ι
1489 1835 1497 1844 .

237 1918 560 1928 -—-—.._———....

564 1918 720 1925 ...μ’-...-

734 2006 1051 2052 PBJEFATIO
1088 2006 1362 2053 PHIALITI

260 2103 362 2142 Super
384 2101 606 2134 emendatione
624 2103 775 2141 Πίορινω,
797 2110 903 2142 quam,
925 2101 1049 2135 hortatu
1068 2103 1243 2134 beatisdmi
1257 2103 1411 2144 Dionysii,
1435 2105 1644 2145 metropolita‘:
1657 2105 1835 2146 Mitylenes,

561 2164 657 2194 domo
674 2164 912 2201 Pelmonnesii,
930 2169 961 2196 et
980 2170 1191 2204 cognomento
1217 2167 1350 2204 Euzoiti,
1371 2167 1523 2207 suscepit.

269 2324 396 2352 Volumen
409 2325 466 2356 hoc,
479 2323 594 2353 Duorum
606 2325 772 2360 inscriptum,
786 2334 801 2352 a
821 2325 954 2362 Philippo,
969 2330 1024 2355 tiro
1037 2329 1215 2360 sanctissimo,
1232 2329 1404 2363 compositum
1420 2336 1485 2361 esse,
1509 2336 1619 2363 eumque
1645 2328 1815 2356 suadentibus
1830 2333 1854 2356 et

228 2370 393 2400 hortantibus
406 2374 543 2405 parentem
556 2375 580 2397 et
607 2370 837 2404 obsecundantem,
858 2380 909 2399 non
926 2379 1018 2408 suopte
1035 2379 1099 2401 nutu
1113 2382 1143 2400 ac
1155 2373 1290 2400 voluntate
1299 2375 1326 2400 id
1352 2374 1502 2408 confecisse,
1529 2379 1558 2400 ut
1572 2382 1618 2409 per
1628 2382 1657 2400 se
1667 2374 1726 2408 jam
1752 2379 1853 2407 notum,

228 2423 280 2444 non
299 2422 335 2443 est
347 2416 388 2443 hic
399 2416 531 2443 verbosius
539 2419 708 2445 asserendum
720 2425 728 2443 :
739 2417 872 2453 Philippo,
885 2419 1004 2454 inquam,
1020 2420 1065 2454 qui
1078 2420 1237 2455 temporibus
1252 2420 1343 2455 magni
1358 2421 1529 2455 imperatoris
1540 2420 1637 2451 Alexii.
1649 2421 1735 2448 instar
1754 2421 1855 2447 corusci

228 2462 335 2490 luminis
345 2463 449 2490 virtutis
462 2462 587 2490 claritate
601 2463 707 2499 effulsit.
722 2463 796 2491 Illud
813 2473 916 2500 quoque
927 2471 1028 2494 certum
1045 2472 1094 2499 est,
1107 2468 1193 2502 ipsum
1215 2467 1375 2500 abundasse,
1390 2471 1416 2494 et
1432 2468 1474 2494 hic
1493 2470 1574 2494 etiam
1592 2468 1729 2495 abundare
1748 2469 1853 2503 optimis

228 2517 260 2536 ac
269 2508 434 2536 salutaribus
446 2509 710 2537 commentationibus
722 2515 801 2545 atque
813 2512 950 2538 sententiis
967 2520 976 2539 :
994 2520 1060 2547 quas
1074 2514 1172 2548 partim
1186 2521 1199 2540 e
1211 2513 1350 2548 Scriptura
1358 2517 1451 2540 sancta
1466 2513 1593 2541 derivavit
1621 2515 1720 2549 partim
1734 2523 1765 2541 ex
1777 2521 1855 2544 semet

227 2555 387 2590 deprompsit
403 2563 434 2582 ac
444 2555 562 2590 digessit.
575 2555 721 2588 Ca'terum,
734 2556 804 2591 quod
816 2556 851 2583 ad
863 2557 985 2584 dictionis
996 2557 1154 2593 elegantiam
1167 2563 1190 2585 et
1201 2558 1354 2585 elocutionis
1370 2557 1493 2593 leporem,
1502 2560 1704 2586 concinnitatem
1719 2568 1749 2586 ac
1763 2567 1855 2586 nume-

228 2611 287 2629 rum
305 2603 410 2635 attinet,
433 2610 485 2629 uon
504 2602 568 2629 bene
581 2611 608 2629 se
623 2610 663 2629 res
676 2603 797 2636 habebat,
811 2605 881 2638 quod
894 2604 1013 2631 videlicet
1025 2604 1107 2632 Pater
1122 2605 1166 2632 ille
1182 2605 1356 2632 admirandus
1369 2606 1434 2639 ha'c,
1448 2610 1475 2632 ut
1490 2610 1611 2640 apparet,
1637 2606 1664 2632 in
1679 2606 1794 2632 minimis
1810 2606 1856 2632 du.

227 2654 296 2677 ceret
305 2650 355 2677 :de
368 2649 425 2677 sola
437 2650 546 2676 veritate
554 2649 722 2684 utilitateque
730 2650 865 2677 hominum
875 2650 1021 2684 laboraret,
1032 2659 1085 2685 qua
1095 2651 1161 2678 nihil
1168 2651 1312 2686 pulchrius,
1330 2650 1397 2678 nihil
1409 2651 1579 2686 fructuosius,
1592 2659 1624 2678 ne
1633 2651 1690 2686 ipsa
1702 2652 1804 2687 quidem
1816 2654 1855 2680 vel

227 2697 357 2731 sapientia
366 2697 496 2728 Platonis,
506 2695 547 2723 vel
555 2695 703 2730 eloquentia
711 2696 902 2728 Demosthenis,
913 2697 953 2724 vcl
960 2698 1076 2732 gravitas
1085 2697 1251 2732 Thucydidis.
1263 2696 1331 2729 Quid
1340 2698 1409 2724 enim
1415 2698 1470 2725 lucc
1480 2699 1568 2724 omnia
1575 2702 1647 2727 sunt.
1656 2697 1680 2724 si
1687 2706 1745 2724 cum
1754 2702 1857 2724 sonten-

230 2743 272 2770 tiis
284 2743 352 2769 hisce
366 2743 511 2769 lectissimis
529 2746 716 2776 comparentur
728 2741 740 2768 7
751 2741 826 2774 Quod
843 2751 895 2769 non
905 2743 1040 2776 ignorant,
1051 2743 1095 2778 qui
1107 2751 1150 2769 eas
1167 2747 1274 2769 norunt.
1285 2742 1338 2770 Sed
1352 2744 1478 2770 hactenus
1493 2744 1545 2770 ista
1567 2743 1618 2778 [uit
1635 2743 1712 2777 huius
1726 2743 1786 2770 libri
1796 2751 1857 2770 con-

231 2789 306 2821 ditio,
322 2789 543 2824 pulchritudoque
558 2788 676 2823 Dioptra:
694 2789 897 2821 sententiarum,
917 2795 1014 2817 cwtera
1026 2790 1097 2816 haud
1106 2798 1170 2816 sane
1183 2789 1293 2825 pulchra
1314 2789 1449 2817 videbatur
1462 2797 1471 2817 :
1484 2790 1530 2816 sed
1544 2794 1602 2816 erat
1625 2798 1692 2816 auro
1705 2790 1805 2824 frustra
1826 2796 1856 2815 ac

235 2840 330 2861 temere
345 2835 461 2870 projecto
476 2834 586 2866 similis;
609 2840 654 2861 aut
668 2834 706 2869 (ut
719 2834 772 2861 alio
781 2835 900 2869 exemplo
913 2844 966 2862 rem
975 2835 1148 2870 dcclaremus)
1159 2836 1249 2863 arbori
1258 2836 1378 2871 speciosis
1386 2836 1489 2871 quidem
1501 2837 1585 2870 pomis
1592 2836 1709 2872 gravida:
1721 2841 1746 2863 et
1757 2840 1856 2863 onustae

234 2880 278 2906 sed
291 2879 359 2913 foliis
370 2888 500 2910 nusquam
517 2881 631 2906 comanti
646 2884 669 2905 ct
692 2880 788 2907 idcirco
805 2881 839 2907 ad
851 2886 982 2915 aspectum
1000 2881 1129 2908 indecor-tv
1142 2891 1172 2908 ac
1200 2882 1351 2909 invenustte.
1376 2881 1460 2908 Porro
1489 2881 1571 2909 bonus
1600 2881 1752 2909 Lesbiorum
1768 2886 1857 2918 pastor
