2034 3153
150 179 205 210 709
876 184 1052 215 DIOPTRA.
1730 195 1781 226 710

150 237 306 271 lfionyst'tts,
318 245 376 264 cum
392 238 417 264 in
435 237 527 264 librum
542 238 588 266 sir.
610 242 636 264 ut
648 238 772 270 dia'intus,
791 241 928 266 habentem
942 241 1085 269 incidisset.
1112 241 1149 267 ita
1175 241 1349 269 incorrectum
1375 248 1398 270 et
1414 243 1551 278 informem
1583 247 1781 282 relinquendum

149 288 201 308 non
219 283 336 314 putavit,
351 291 395 309 nec
421 283 527 317 reliquit
543 291 552 310 :
568 283 614 308 sed
635 291 762 317 germana
787 289 811 310 et
835 285 955 320 diligenti
971 294 1051 321 opera
1067 291 1158 312 nostra
1176 287 1276 314 debitas
1290 289 1314 315 ri
1329 291 1523 317 ernendatiom's
1542 293 1672 320 adhibuit.
1689 295 1781 327 Quan-

149 333 204 354 'um
221 334 352 363 quantum
370 330 439 356 enim
453 334 505 355 toto
520 337 596 363 opere
606 330 766 356 salebrosum
779 335 802 356 et
812 331 938 357 absonum
955 337 1023 364 erat,
1043 340 1089 358 ceu
1117 333 1262 359 marcidum
1274 334 1406 368 quoddam
1419 337 1520 362 senium
1544 339 1597 364 sive
1610 340 1689 366 silum
1700 341 1781 368 abm-

146 374 212 400 dens
230 376 308 409 quasi
326 383 421 401 nouum
450 383 482 401 ac
496 381 612 410 vegetum
628 376 763 410 praestitit,
772 376 886 411 .repulsa
898 377 959 403 inde
975 378 1047 403 omni
1060 378 1193 410 barbarie,
1218 384 1242 405 et
1258 380 1384 414 quidquid
1410 382 1436 406 in
1449 385 1630 411 conuentione
1651 389 1780 414 orationis

146 420 271 447 vitiosum
286 425 363 452 erat;
383 426 487 450 Contra.
505 423 601 453 nitore,
627 422 848 454 coneiuuitudine,
877 424 1074 458 tompositione,
1088 428 1211 459 certaque
1228 433 1396 453 numerorum
1414 428 1593 456 moderatione
1619 431 1740 464 inducta,
1756 439 1779 460 et

146 468 244 502 abii/ue
261 468 319 494 luce
333 469 528 503 perspicuitatis
543 468 631 495 illam.
647 469 677 495 In
698 469 772 496 rebus
786 474 873 495 autem
890 471 954 504 ipsis
971 471 1038 497 nihil
1052 472 1092 498 uel
1108 477 1282 503 contractum,
1309 474 1349 500 uel
1364 475 1493 507 abimum.
1509 477 1555 504 sed
1580 480 1669 506 omnia
1685 481 1720 506 ad
1731 490 1779 507 au-

146 514 227 540 ctoris
240 514 399 540 memoriam
414 514 515 547 integra
531 519 683 541 constar-rata
695 519 766 541 sunt.
781 514 856 547 Quod
875 515 952 549 facile
971 521 1117 551 cognoscet,
1134 518 1179 552 qui
1193 526 1286 544 novam
1303 520 1370 546 hanc
1383 525 1406 546 et
1423 528 1552 549 recentem
1565 523 1705 558 Dinptram
1721 534 1780 553 cum

145 561 233 595 prima
252 565 278 586 et
291 561 372 586 reteri
387 560 435 586 illa
454 560 580 587 collatam
596 562 761 595 perpenderit
773 565 797 587 et
820 562 991 593 exaruinarit,
1007 563 1086 597 inque
1097 564 1208 598 singulis
1231 572 1336 591 sensum
1349 566 1516 600 pouderarit,
1528 577 1559 595 ac
1572 570 1700 604 reliquam
1715 579 1779 598 ora-

145 606 224 631 tionis
237 607 291 632 vini
309 605 465 638 explorarit.
484 605 606 633 Velcwco
622 611 745 641 apparet,
764 611 792 633 ut
807 606 886 634 l’lato
900 608 949 634 ait.

1093 677 1750 692 Ἥ

350 746 556 776 PIIILI‘PI’US
573 746 805 776 SOLITARIUS,
825 745 1026 779 PECCATOR,
1044 745 1228 775 ABJECTUS
1243 748 1291 776 ET
1306 748 1552 784 PEREGRINUS,

655 813 857 844 CALLINICO
872 813 1054 842 MONACIIO
1070 815 1251 845 SALUTEM.

177 929 313 958 Petitioui
327 934 391 963 tum,
410 937 566 964 quanquam
584 930 698 962 invitus,
715 935 827 966 propter
838 929 1003 957 obedientiu:
1018 935 1108 958 tamen
1122 935 1150 958 et
1164 931 1307 959 charitatis
1317 931 1436 960 fructum
1446 932 1606 965 obsecutus,
1621 937 1650 960 el.
1665 933 1775 968 expleto

139 983 258 1003 munere
276 976 349 1011 quod
367 975 434 1003 mihi
453 975 619 1010 imposuisti,
636 976 792 1003 venerande
814 975 895 1003 Pater
917 976 1057 1008 fraterque
1086 975 1228 1008 Callinice,
1245 977 1336 1004 omnia
1353 977 1480 1004 versibus
1493 978 1622 1012 politieis,
1639 983 1668 1006 et
1694 979 1774 1007 libris

138 1028 278 1058 quatuor,
296 1025 485 1062 interrogandi
501 1034 533 1054 ac
556 1026 742 1062 respondendi
760 1026 847 1052 forma
862 1030 983 1057 Servata,
1000 1025 1159 1060 complexus
1172 1033 1244 1052 sum.
1258 1025 1356 1052 Anima
1385 1026 1496 1060 quaerit,
1524 1026 1596 1053 Caro
1613 1028 1772 1062 respondet.

137 1069 210 1098 Sunt
229 1077 326 1099 autem
344 1081 387 1100 res
400 1072 571 1107 huiusmodi,
586 1080 647 1107 quae
667 1081 721 1100 non
735 1072 767 1098 ad
784 1079 866 1099 aures
884 1075 944 1099 luas
973 1071 1182 1101 demulcendas.
1198 1071 1245 1097 sed
1260 1071 1293 1098 ad
1309 1071 1427 1097 animam
1457 1071 1661 1099 exhilarandam
1681 1074 1773 1101 valere

136 1121 269 1150 possunt.
282 1117 373 1146 llosce
387 1119 472 1146 libros
488 1119 602 1154 accipe:
631 1119 692 1146 etsi
711 1118 777 1153 quid
803 1126 901 1153 parum
926 1122 1142 1145 consentaneum
1162 1116 1323 1149 oﬂ'emleris,
1352 1117 1496 1152 imperitiae
1509 1118 1709 1152 rusticitatique
1725 1128 1773 1148 no-

133 1165 200 1188 stra;
214 1162 326 1189 veniam
342 1162 432 1190 tribue
448 1171 455 1190 :
470 1170 521 1190 nec
544 1163 571 1190 in
588 1163 679 1190 verbis
697 1163 763 1198 ipsis
779 1163 903 1190 inhaere:
919 1169 971 1190 neu
983 1163 1151 1197 elegantiam
1170 1163 1355 1197 inelegantem
1367 1162 1513 1189 considera
1528 1165 1604 1196 (sane
1614 1165 1688 1190 enim
1702 1165 1772 1193 nihil

132 1207 161 1234 in
180 1208 227 1234 his
243 1207 298 1235 nisi
315 1209 426 1243 vulgare
443 1209 525 1241 inest,
543 1214 571 1236 et
581 1209 681 1244 agresti
699 1209 807 1237 inscitia
828 1209 908 1244 plena
920 1215 985 1236 sunt
1001 1209 1118 1243 omnia),
1134 1208 1182 1236 scd
1197 1209 1340 1236 offerentis
1352 1208 1538 1236 obedientiam
1554 1216 1585 1236 ac
1601 1207 1771 1243 propositum

132 1253 318 1287 amplectere.
333 1254 410 1287 Quod
428 1256 450 1282 si
463 1255 528 1289 quid
549 1255 687 1283 laudabile
702 1256 804 1283 dictum
827 1256 990 1288 occurrerit,
1003 1255 1035 1282 ad
1052 1255 1138 1282 Deum
1167 1261 1307 1283 auctorem
1326 1256 1472 1286 referatur,
1490 1255 1594 1289 illique,
1613 1260 1643 1281 ut
1661 1261 1708 1288 par
1719 1258 1771 1286 est,

134 1298 233 1326 laudes
253 1299 386 1327 dicantur
397 1305 425 1328 et
456 1301 550 1336 gratia
567 1301 731 1333 habeantur,
750 1301 796 1336 qui
811 1302 893 1328 etiam
907 1301 1007 1328 idiotas
1023 1301 1056 1328 ad
1074 1301 1290 1328 emolumentum
1306 1301 1478 1328 audientium
1499 1301 1639 1335 sapientes
1656 1299 1746 1326 reddit
1762 1318 1771 1330 ,

134 1349 164 1372 τι
176 1346 312 1374 virtutem
328 1355 404 1374 suam
421 1347 448 1374 in
463 1347 622 1374 inﬁrmitate
634 1347 744 1382 perlicit
756 1348 777 1374 ⁸.
791 1348 818 1374 Si
836 1347 901 1382 quid
916 1347 1035 1374 vicissim
1048 1347 1208 1382 imperfecte
1221 1353 1249 1374 et
1264 1347 1384 1374 inaniter
1399 1347 1530 1381 scriptum
1550 1346 1697 1380 repereris,
1718 1345 1770 1371 hu-

135 1398 227 1418 manae
253 1393 437 1421 imbecillitati
453 1393 575 1428 ignosce,
587 1401 657 1427 quae,
674 1394 708 1420 ab
719 1394 891 1428 ignoratione
914 1394 1031 1428 quadam
1048 1394 1150 1429 majore
1168 1393 1308 1429 impedita,
1325 1400 1375 1420 uec
1388 1401 1448 1428 qua:
1464 1393 1558 1423 voluit,
1570 1400 1622 1420 nec
1637 1392 1770 1427 quemad-

135 1437 251 1464 modum
268 1439 355 1466 voluit
371 1438 471 1466 litteris
488 1438 620 1465 mandare
633 1439 732 1473 potuit.
746 1439 778 1467 Et
791 1440 921 1474 quoniam
937 1439 1053 1467 fratrum
1064 1440 1149 1475 jussis
1166 1447 1225 1466 mos
1251 1439 1391 1474 gerendus
1403 1445 1455 1470 est,
1473 1439 1530 1466 lucc
1556 1438 1616 1469 tibi.
1645 1438 1726 1465 Pater
1741 1443 1769 1464 et

136 1483 245 1516 Frater,
256 1485 353 1521 'multo
376 1491 437 1511 cum
453 1485 553 1512 timore
573 1488 599 1511 et
614 1485 766 1512 reverentia
778 1485 942 1520 conscripsi.
958 1493 1062 1520 proque
1083 1490 1163 1520 captu
1183 1493 1244 1512 meo
1260 1485 1409 1520 perexiguo
1422 1493 1437 1513 (ι
1456 1486 1543 1512 sacris
1555 1484 1707 1518 Scripturis
1722 1490 1756 1510 ne

140 1532 274 1564 cessaria,
290 1531 379 1564 utilia,
395 1536 502 1566 tuaeque
515 1531 652 1558 sanctitati
663 1531 881 1561 conducibiliora
905 1533 1047 1567 magisque
1068 1537 1224 1567 opportuna
1255 1532 1384 1567 decerpta
1404 1533 1491 1559 libens
1519 1532 1592 1558 misi.
1609 1529 1769 1558 Precaberis

135 1578 220 1606 Deum
235 1586 288 1612 pro
303 1586 344 1605 me
359 1579 480 1607 assiduo.
494 1578 573 1604 Pater
587 1578 612 1604 iu
634 1578 731 1612 primis
745 1579 910 1612 venerande,
927 1587 981 1614 quo
998 1579 1065 1606 mihi
1085 1579 1184 1606 delicta
1199 1586 1258 1605 mea
1278 1579 1472 1606 condonentur
1485 1586 1492 1605 ε
1509 1582 1547 1610 ιιι,
1559 1576 1680 1604 coelestia
1697 1575 1768 1603 bona

135 1629 313 1656 ctursecutus,
327 1631 410 1659 regno
425 1624 472 1652 illo
480 1623 584 1658 perfrui
595 1630 704 1658 queant.

186 1693 220 1720 'l
240 1693 307 1721 Cur.
324 1701 371 1721 xu.

755 1807 850 1834 IDEM
870 1806 918 1834 AD
935 1805 1142 1834 LECTOREM.

166 1867 205 1894 Ad
220 1868 304 1893 rudes
322 1874 369 1901 ego
386 1866 458 1892 rudis
470 1873 523 1900 qua
534 1872 640 1900 possunt
652 1864 780 1899 facultate
793 1865 901 1895 dissero,
918 1871 1012 1898 eosque
1039 1871 1085 1895 pro
1097 1863 1167 1890 uirili
1179 1871 1236 1889 mea
1253 1863 1391 1893 admoneo,
1407 1866 1431 1888 et
1442 1863 1541 1894 hortor,
1556 1868 1580 1889 et
1611 1868 1664 1890 tam
1680 1873 1762 1890 κατη-

133 1914 238 1944 laribus,
251 1921 337 1948 quam
350 1912 501 1940 monasticis
519 1911 668 1939 hominibus
683 1918 778 1937 munus
792 1910 910 1943 ipsorum
920 1909 947 1934 iu
958 1912 1071 1935 mentem
1087 1917 1177 1934 revoco
1192 1917 1314 1935 sermone
1322 1918 1429 1944 prorsus
1440 1911 1579 1945 imperitis,
1590 1915 1617 1936 ut
1630 1919 1676 1944 ego
1685 1919 1742 1936 sum
1754 1919 1762 1941 ,-

132 1967 210 1993 neque
230 1960 270 1986 at!
289 1959 437 1993 faciendam
449 1959 609 1988 orationem.
633 1957 769 1990 ipsamque
787 1958 873 1981 artem
886 1955 1022 1988 propensis
1037 1962 1119 1988 neque
1130 1955 1265 1981 rhetorum
1280 1956 1433 1982 triariorum
1453 1960 1476 1981 et
1492 1955 1608 1982 scientiis
1622 1957 1761 1989 rnuyislro-

131 2015 188 2033 rum
212 2007 327 2042 cupidis.
346 2006 431 2038 Atque
454 2005 514 2031 hinc
530 2007 568 2030 est
593 2003 662 2036 quod
688 2006 845 2032 scommata.
869 2006 893 2027 et
918 2001 1145 2035 reprehensionem
1172 2009 1262 2028 eorum
1277 2010 1327 2028 non
1355 2003 1457 2035 horreo,
1479 2003 1523 2037 qui
1539 2003 1652 2029 aliorum
1672 2003 1762 2036 lapsus

131 2052 239 2080 irridere
268 2055 468 2079 eonsueverunl.
482 2049 534 2077 Sed
544 2048 613 2084 quod
629 2047 715 2083 potius
728 2046 810 2079 soleo,
825 2047 852 2073 id
867 2047 941 2080 sapio
956 2051 981 2073 et
997 2046 1100 2082 loquor.

133 2131 288 2138 F—

448 2211 779 2270 DIOPTRZE
821 2212 936 2268 REI
977 2211 1443 2270 CHRISTIAN/E

709 2331 886 2375 LIBER
928 2331 1172 2376 PRIMUS.

383 2507 493 2535 CAPUT
513 2508 658 2537 PRIMUM.

133 2551 274 2587 Perspicue
294 2553 500 2582 demonstratur,
522 2553 599 2586 ﬁdem
623 2552 744 2586 operibus
761 2552 913 2579 desiilulam

418 2587 483 2613 nihil
502 2589 629 2621 prodesse.

263 2645 362 2674 Amm.
380 2643 528 2678 discipula;
544 2644 625 2676 Cano,
645 2645 784 2680 magistra.

165 2690 260 2717 Amm.
287 2690 408 2724 Tempus
432 2689 574 2723 antiquum
596 2694 649 2720 est,
673 2691 727 2718 imo
755 2689 914 2724 antiquissi-

134 2744 214 2768 mum,
229 2745 284 2772 quo
303 2744 353 2763 nos
374 2736 408 2763 ab
431 2735 553 2762 omnium
571 2735 724 2763 Conditore
740 2744 772 2764 ac
788 2736 910 2771 principe

133 2783 264 2810 fabricata:
279 2790 385 2814 sumus,
408 2790 492 2809 uuum
510 2782 609 2809 animal
631 2783 724 2814 homo,
741 2791 775 2810 ex
793 2787 910 2815 utroque

134 2829 242 2861 mundo.
257 2830 370 2856 mistura
385 2836 417 2856 ac
434 2831 681 2862 temperamentum
696 2828 908 2854 nobilissimum.

135 2873 187 2909 Ego
202 2883 264 2903 vero
281 2884 367 2911 usque
383 2876 410 2902 in
431 2875 503 2902 hunc
521 2873 594 2901 diem
609 2872 678 2900 nihil
697 2881 730 2900 ex
747 2879 772 2900 te
788 2881 907 2908 porcum

969 2509 1137 2538 etala,nunc
1158 2507 1276 2542 primum
1293 2507 1402 2535 domina
1422 2507 1550 2535 famulam
1566 2507 1744 2542 interrogabo

969 2551 1008 2577 Tu
1029 2556 1055 2578 le
1072 2552 1158 2587 erige.
1181 2557 1209 2580 et
1231 2552 1300 2581 doce
1322 2553 1459 2586 alacriter,
1476 2553 1600 2588 mihique
1618 2553 1752 2580 desidiam

967 2598 1132 2632 praeteritam
1146 2599 1264 2632 ignosce.

1001 2642 1083 2670 Cano.
1100 2645 1140 2670 An
1154 2652 1213 2679 ego,
1230 2645 1303 2679 quod
1321 2645 1451 2680 imperas,
1465 2645 1621 2673 detrectare
1636 2646 1754 2680 queam?

968 2690 1076 2716 tametsi
1092 2689 1128 2716 ita
1141 2690 1249 2717 erudita
1265 2699 1318 2717 non
1333 2699 1405 2723 sum,
1418 2696 1447 2718 ut
1461 2691 1510 2718 tibi
1524 2690 1635 2725 quidem
1647 2691 1752 2719 videor.

1001 2735 1102 2762 Amm.
1117 2736 1151 2763 At
1177 2736 1250 2762 enim
1276 2744 1327 2764 nec
1343 2744 1393 2770 ego
1412 2737 1510 2764 artium
1528 2736 1682 2771 disciplinis
1700 2737 1751 2764 im-

964 2781 1029 2808 bula
1047 2790 1107 2809 sum
1142 2782 1268 2816 Loquere
1296 2782 1390 2818 igitur,
1410 2788 1438 2810 et
1461 2783 1536 2811 omni
1561 2783 1650 2818 posito
1664 2789 1751 2817 metu,

964 2829 1110 2862 responde,
1124 2829 1291 2863 quaesitaque
1304 2836 1363 2856 mea
1380 2833 1504 2864 prompte
1516 2828 1646 2855 dissolve.

998 2873 1082 2900 Cano.
1114 2873 1245 2901 Ausculta
1271 2882 1349 2910 ergo,
1370 2879 1399 2902 et
1424 2874 1506 2902 dictis
1534 2875 1603 2902 meis
1625 2873 1737 2901 attende
