  <div class='ocr_page' id='page_1' title='image "/cluster/home/n/w/nwhite01/storage/ocr_20150623/127/njp.32101077773040/451.png"; bbox 0 0 2034 3153; ppageno 0'>
   <div class='ocr_carea' id='block_1_1' title="bbox 231 162 311 216">
    <p class='ocr_par' dir='ltr' id='par_1_1' title="bbox 231 162 311 216">
     <span class='ocr_line' id='line_1_1' title="bbox 231 162 311 216; baseline 0 0"><span class='ocrx_word' id='word_1_1' title='bbox 231 162 234 163; x_wconf 16' lang='grc' dir='ltr'><em>ν</em></span> <span class='ocrx_word' id='word_1_2' title='bbox 261 184 311 216; x_wconf 81' lang='lat'><strong>711</strong></span> 
     </span>
    </p>
   </div>
   <div class='ocr_carea' id='block_1_2' title="bbox 891 181 1275 213">
    <p class='ocr_par' dir='ltr' id='par_1_2' title="bbox 891 181 1275 213">
     <span class='ocr_line' id='line_1_2' title="bbox 891 181 1275 213; baseline -0.003 -1"><span class='ocrx_word' id='word_1_3' title='bbox 891 181 1059 212; x_wconf 76' lang='lat' dir='ltr'><strong>I‘IllLlPl—‘I</strong></span> <span class='ocrx_word' id='word_1_4' title='bbox 1081 181 1275 213; x_wconf 78' lang='lat' dir='ltr'><strong>StlLlTARlI</strong></span> 
     </span>
    </p>
   </div>
   <div class='ocr_carea' id='block_1_3' title="bbox 1840 183 1894 215">
    <p class='ocr_par' dir='ltr' id='par_1_3' title="bbox 1840 183 1894 215">
     <span class='ocr_line' id='line_1_3' title="bbox 1840 183 1894 215; baseline 0.019 -1"><span class='ocrx_word' id='word_1_5' title='bbox 1840 183 1894 215; x_wconf 72' lang='grc'><strong>712</strong></span> 
     </span>
    </p>
   </div>
   <div class='ocr_carea' id='block_1_4' title="bbox 262 234 1892 274">
    <p class='ocr_par' dir='ltr' id='par_1_4' title="bbox 262 234 1892 274">
     <span class='ocr_line' id='line_1_4' title="bbox 262 234 1892 274; baseline -0.001 -7"><span class='ocrx_word' id='word_1_6' title='bbox 262 240 457 274; x_wconf 59' lang='lat' dir='ltr'><strong>Saepenumero</strong></span> <span class='ocrx_word' id='word_1_7' title='bbox 471 245 486 264; x_wconf 87' lang='lat' dir='ltr'><strong>a</strong></span> <span class='ocrx_word' id='word_1_8' title='bbox 506 236 694 270; x_wconf 81' lang='lat' dir='ltr'><strong>compluribus</strong></span> <span class='ocrx_word' id='word_1_9' title='bbox 708 236 812 267; x_wconf 71' lang='lat' dir='ltr'><strong>audiri,</strong></span> <span class='ocrx_word' id='word_1_10' title='bbox 827 236 967 264; x_wconf 79' lang='lat' dir='ltr'><strong>hominem</strong></span> <span class='ocrx_word' id='word_1_11' title='bbox 990 237 1049 264; x_wconf 80' lang='lat' dir='ltr'><strong>ani-</strong></span> <span class='ocrx_word' id='word_1_12' title='bbox 1063 245 1085 272; x_wconf 73' lang='grc' dir='ltr'>Α</span> <span class='ocrx_word' id='word_1_13' title='bbox 1100 236 1147 270; x_wconf 88' lang='lat' dir='ltr'><strong>qui</strong></span> <span class='ocrx_word' id='word_1_14' title='bbox 1162 241 1240 263; x_wconf 87' lang='lat' dir='ltr'><strong>erant</strong></span> <span class='ocrx_word' id='word_1_15' title='bbox 1262 235 1355 262; x_wconf 65' lang='lat' dir='ltr'><strong>Roma:</strong></span> <span class='ocrx_word' id='word_1_16' title='bbox 1372 234 1506 267; x_wconf 81' lang='lat' dir='ltr'><strong>scribens,</strong></span> <span class='ocrx_word' id='word_1_17' title='bbox 1521 235 1559 263; x_wconf 86' lang='lat' dir='ltr'><strong>ait</strong></span> <span class='ocrx_word' id='word_1_18' title='bbox 1573 242 1580 262; x_wconf 76' lang='grc' dir='ltr'><em>τ</em></span> <span class='ocrx_word' id='word_1_19' title='bbox 1600 246 1608 262; x_wconf 78' lang='grc' dir='ltr'><strong>ι</strong></span> <span class='ocrx_word' id='word_1_20' title='bbox 1631 235 1812 264; x_wconf 89' lang='lat' dir='ltr'><strong>Circumcisio</strong></span> <span class='ocrx_word' id='word_1_21' title='bbox 1828 239 1892 273; x_wconf 90' lang='lat' dir='ltr'><strong>qui-</strong></span> 
     </span>
    </p>
   </div>
   <div class='ocr_carea' id='block_1_5' title="bbox 262 281 1046 315">
    <p class='ocr_par' dir='ltr' id='par_1_5' title="bbox 262 281 1046 315">
     <span class='ocr_line' id='line_1_5' title="bbox 262 281 1046 315; baseline -0.005 -4"><span class='ocrx_word' id='word_1_22' title='bbox 262 290 380 312; x_wconf 83' lang='lat' dir='ltr'><strong>mantem</strong></span> <span class='ocrx_word' id='word_1_23' title='bbox 407 283 551 312; x_wconf 79' lang='lat' dir='ltr'><strong>eximium.</strong></span> <span class='ocrx_word' id='word_1_24' title='bbox 571 282 751 315; x_wconf 87' lang='lat' dir='ltr'><strong>onmiumquc</strong></span> <span class='ocrx_word' id='word_1_25' title='bbox 775 281 957 308; x_wconf 84' lang='lat' dir='ltr'><strong>animantium</strong></span> <span class='ocrx_word' id='word_1_26' title='bbox 982 281 1046 315; x_wconf 85' lang='lat' dir='ltr'><strong>pul-</strong></span> 
     </span>
    </p>
   </div>
   <div class='ocr_carea' id='block_1_6' title="bbox 261 326 1048 361">
    <p class='ocr_par' dir='ltr' id='par_1_6' title="bbox 261 326 1048 361">
     <span class='ocr_line' id='line_1_6' title="bbox 261 326 1048 361; baseline -0.004 -5"><span class='ocrx_word' id='word_1_27' title='bbox 261 330 440 358; x_wconf 87' lang='lat' dir='ltr'><strong>cherrimum,</strong></span> <span class='ocrx_word' id='word_1_28' title='bbox 458 334 595 361; x_wconf 81' lang='lat' dir='ltr'><strong>nunquam</strong></span> <span class='ocrx_word' id='word_1_29' title='bbox 612 334 626 352; x_wconf 91' lang='lat' dir='ltr'><strong>a</strong></span> <span class='ocrx_word' id='word_1_30' title='bbox 648 326 797 353; x_wconf 85' lang='lat' dir='ltr'><strong>Couditore</strong></span> <span class='ocrx_word' id='word_1_31' title='bbox 825 334 875 352; x_wconf 89' lang='lat' dir='ltr'><strong>suo</strong></span> <span class='ocrx_word' id='word_1_32' title='bbox 905 326 1048 360; x_wconf 89' lang='lat' dir='ltr'><strong>suppliciis</strong></span> 
     </span>
    </p>
   </div>
   <div class='ocr_carea' id='block_1_7' title="bbox 263 370 1046 405">
    <p class='ocr_par' dir='ltr' id='par_1_7' title="bbox 263 370 1046 405">
     <span class='ocr_line' id='line_1_7' title="bbox 263 370 1046 405; baseline -0.004 -6"><span class='ocrx_word' id='word_1_33' title='bbox 263 373 391 400; x_wconf 76' lang='lat' dir='ltr'><strong>traditum</strong></span> <span class='ocrx_word' id='word_1_34' title='bbox 420 371 465 402; x_wconf 85' lang='lat' dir='ltr'><strong>iri,</strong></span> <span class='ocrx_word' id='word_1_35' title='bbox 491 371 513 397; x_wconf 80' lang='lat' dir='ltr'><strong>si</strong></span> <span class='ocrx_word' id='word_1_36' title='bbox 542 371 623 397; x_wconf 86' lang='lat' dir='ltr'><strong>modo</strong></span> <span class='ocrx_word' id='word_1_37' title='bbox 650 370 763 397; x_wconf 82' lang='lat' dir='ltr'><strong>salutari</strong></span> <span class='ocrx_word' id='word_1_38' title='bbox 791 371 904 405; x_wconf 83' lang='lat' dir='ltr'><strong>ablutus</strong></span> <span class='ocrx_word' id='word_1_39' title='bbox 926 371 1046 402; x_wconf 83' lang='lat' dir='ltr'><strong>lavacro,</strong></span> 
     </span>
    </p>
   </div>
   <div class='ocr_carea' id='block_1_8' title="bbox 260 416 1048 453">
    <p class='ocr_par' dir='ltr' id='par_1_8' title="bbox 260 416 1048 453">
     <span class='ocr_line' id='line_1_8' title="bbox 260 416 1048 453; baseline -0.005 -7"><span class='ocrx_word' id='word_1_40' title='bbox 260 429 293 448; x_wconf 85' lang='lat' dir='ltr'><strong>ac</strong></span> <span class='ocrx_word' id='word_1_41' title='bbox 310 420 361 446; x_wconf 87' lang='lat' dir='ltr'><strong>ﬁde</strong></span> <span class='ocrx_word' id='word_1_42' title='bbox 375 419 506 453; x_wconf 72' lang='lat' dir='ltr'><strong>prmditus</strong></span> <span class='ocrx_word' id='word_1_43' title='bbox 523 418 621 449; x_wconf 80' lang='lat' dir='ltr'><strong>fuerit;</strong></span> <span class='ocrx_word' id='word_1_44' title='bbox 635 417 787 444; x_wconf 84' lang='lat' dir='ltr'><strong>ablutionis</strong></span> <span class='ocrx_word' id='word_1_45' title='bbox 802 421 903 447; x_wconf 81' lang='lat' dir='ltr'><strong>autem.</strong></span> <span class='ocrx_word' id='word_1_46' title='bbox 918 424 950 443; x_wconf 90' lang='lat' dir='ltr'><strong>ac</strong></span> <span class='ocrx_word' id='word_1_47' title='bbox 965 416 1048 444; x_wconf 89' lang='lat' dir='ltr'><strong>simul</strong></span> 
     </span>
    </p>
   </div>
   <div class='ocr_carea' id='block_1_9' title="bbox 262 462 1048 499">
    <p class='ocr_par' dir='ltr' id='par_1_9' title="bbox 262 462 1048 499">
     <span class='ocr_line' id='line_1_9' title="bbox 262 462 1048 499; baseline -0.005 -7"><span class='ocrx_word' id='word_1_48' title='bbox 262 466 324 492; x_wconf 84' lang='lat' dir='ltr'><strong>ﬁdei</strong></span> <span class='ocrx_word' id='word_1_49' title='bbox 357 470 509 499; x_wconf 82' lang='lat' dir='ltr'><strong>expertem,</strong></span> <span class='ocrx_word' id='word_1_50' title='bbox 539 464 612 498; x_wconf 86' lang='lat' dir='ltr'><strong>juste</strong></span> <span class='ocrx_word' id='word_1_51' title='bbox 648 471 742 498; x_wconf 69' lang='lat' dir='ltr'><strong>poenas</strong></span> <span class='ocrx_word' id='word_1_52' title='bbox 775 462 944 489; x_wconf 87' lang='lat' dir='ltr'><strong>subiturum.</strong></span> <span class='ocrx_word' id='word_1_53' title='bbox 973 462 1048 495; x_wconf 87' lang='lat' dir='ltr'><strong>Quos</strong></span> 
     </span>
    </p>
   </div>
   <div class='ocr_carea' id='block_1_10' title="bbox 261 508 1045 546">
    <p class='ocr_par' dir='ltr' id='par_1_10' title="bbox 261 508 1045 546">
     <span class='ocr_line' id='line_1_10' title="bbox 261 508 1045 546; baseline -0.004 -8"><span class='ocrx_word' id='word_1_54' title='bbox 261 511 372 546; x_wconf 87' lang='lat' dir='ltr'><strong>quidem</strong></span> <span class='ocrx_word' id='word_1_55' title='bbox 389 518 439 544; x_wconf 85' lang='lat' dir='ltr'><strong>pro</strong></span> <span class='ocrx_word' id='word_1_56' title='bbox 453 517 485 536; x_wconf 90' lang='lat' dir='ltr'><strong>eo</strong></span> <span class='ocrx_word' id='word_1_57' title='bbox 503 517 534 536; x_wconf 88' lang='lat' dir='ltr'><strong>ac</strong></span> <span class='ocrx_word' id='word_1_58' title='bbox 550 509 643 536; x_wconf 87' lang='lat' dir='ltr'><strong>decuit</strong></span> <span class='ocrx_word' id='word_1_59' title='bbox 669 509 830 543; x_wconf 63' lang='lat' dir='ltr'><strong>ignorantiae</strong></span> <span class='ocrx_word' id='word_1_60' title='bbox 853 508 1045 535; x_wconf 88' lang='lat' dir='ltr'><strong>condcmuavi.</strong></span> 
     </span>
    </p>
   </div>
   <div class='ocr_carea' id='block_1_11' title="bbox 261 553 1048 591">
    <p class='ocr_par' dir='ltr' id='par_1_11' title="bbox 261 553 1048 591">
     <span class='ocr_line' id='line_1_11' title="bbox 261 553 1048 591; baseline -0.005 -7"><span class='ocrx_word' id='word_1_61' title='bbox 261 557 378 591; x_wconf 73' lang='lat' dir='ltr'><strong>Insignis</strong></span> <span class='ocrx_word' id='word_1_62' title='bbox 403 563 520 589; x_wconf 80' lang='lat' dir='ltr'><strong>namque</strong></span> <span class='ocrx_word' id='word_1_63' title='bbox 544 560 572 581; x_wconf 86' lang='lat' dir='ltr'><strong>et</strong></span> <span class='ocrx_word' id='word_1_64' title='bbox 594 555 690 581; x_wconf 84' lang='lat' dir='ltr'><strong>doctor</strong></span> <span class='ocrx_word' id='word_1_65' title='bbox 716 554 850 580; x_wconf 78' lang='lat' dir='ltr'><strong>iunximus</strong></span> <span class='ocrx_word' id='word_1_66' title='bbox 871 553 990 580; x_wconf 80' lang='lat' dir='ltr'><strong>Basilius</strong></span> <span class='ocrx_word' id='word_1_67' title='bbox 1011 553 1048 580; x_wconf 86' lang='lat' dir='ltr'><strong>ita</strong></span> 
     </span>
    </p>
   </div>
   <div class='ocr_carea' id='block_1_12' title="bbox 261 598 1048 634">
    <p class='ocr_par' dir='ltr' id='par_1_12' title="bbox 261 598 1048 634">
     <span class='ocr_line' id='line_1_12' title="bbox 261 598 1048 634; baseline -0.006 -5"><span class='ocrx_word' id='word_1_68' title='bbox 261 603 413 629; x_wconf 67' lang='lat' dir='ltr'><strong>sentientes</strong></span> <span class='ocrx_word' id='word_1_69' title='bbox 436 601 515 627; x_wconf 79' lang='lat' dir='ltr'><strong>facile</strong></span> <span class='ocrx_word' id='word_1_70' title='bbox 533 600 644 631; x_wconf 78' lang='lat' dir='ltr'><strong>refellit,</strong></span> <span class='ocrx_word' id='word_1_71' title='bbox 665 600 824 634; x_wconf 91' lang='lat' dir='ltr'><strong>optimeque</strong></span> <span class='ocrx_word' id='word_1_72' title='bbox 840 599 920 625; x_wconf 63' lang='lat' dir='ltr'><strong>dci-et</strong></span> <span class='ocrx_word' id='word_1_73' title='bbox 936 599 962 625; x_wconf 89' lang='lat' dir='ltr'><strong>in</strong></span> <span class='ocrx_word' id='word_1_74' title='bbox 976 598 1048 624; x_wconf 81' lang='lat' dir='ltr'><strong>hanc</strong></span> 
     </span>
    </p>
   </div>
   <div class='ocr_carea' id='block_1_13' title="bbox 260 643 1050 679">
    <p class='ocr_par' dir='ltr' id='par_1_13' title="bbox 260 643 1050 679">
     <span class='ocr_line' id='line_1_13' title="bbox 260 643 1050 679; baseline -0.006 -4"><span class='ocrx_word' id='word_1_75' title='bbox 260 649 426 675; x_wconf 75' lang='lat' dir='ltr'><strong>sententiam</strong></span> <span class='ocrx_word' id='word_1_76' title='bbox 446 655 452 673; x_wconf 94' lang='lat'>:</span> <span class='ocrx_word' id='word_1_77' title='bbox 469 654 530 673; x_wconf 90' lang='lat' dir='ltr'><strong>cum</strong></span> <span class='ocrx_word' id='word_1_78' title='bbox 545 652 642 672; x_wconf 82' lang='lat' dir='ltr'><strong>servus</strong></span> <span class='ocrx_word' id='word_1_79' title='bbox 653 645 789 679; x_wconf 81' lang='lat' dir='ltr'><strong>quispiam</strong></span> <span class='ocrx_word' id='word_1_80' title='bbox 805 644 948 671; x_wconf 90' lang='lat' dir='ltr'><strong>dominum</strong></span> <span class='ocrx_word' id='word_1_81' title='bbox 963 643 1050 670; x_wconf 69' lang='lat' dir='ltr'><strong>oh‘en-</strong></span> 
     </span>
    </p>
   </div>
   <div class='ocr_carea' id='block_1_14' title="bbox 259 689 1048 724">
    <p class='ocr_par' dir='ltr' id='par_1_14' title="bbox 259 689 1048 724">
     <span class='ocr_line' id='line_1_14' title="bbox 259 689 1048 724; baseline -0.005 -4"><span class='ocrx_word' id='word_1_82' title='bbox 259 694 343 724; x_wconf 83' lang='lat' dir='ltr'><strong>derit,</strong></span> <span class='ocrx_word' id='word_1_83' title='bbox 357 698 386 720; x_wconf 87' lang='lat' dir='ltr'><strong>et</strong></span> <span class='ocrx_word' id='word_1_84' title='bbox 403 692 519 718; x_wconf 83' lang='lat' dir='ltr'><strong>otl‘ensio</strong></span> <span class='ocrx_word' id='word_1_85' title='bbox 540 691 584 717; x_wconf 85' lang='lat' dir='ltr'><strong>illa</strong></span> <span class='ocrx_word' id='word_1_86' title='bbox 602 691 807 717; x_wconf 81' lang='lat' dir='ltr'><strong>miserationem</strong></span> <span class='ocrx_word' id='word_1_87' title='bbox 829 689 938 724; x_wconf 88' lang='lat' dir='ltr'><strong>penitus</strong></span> <span class='ocrx_word' id='word_1_88' title='bbox 954 689 1048 716; x_wconf 80' lang='lat' dir='ltr'><strong>exclu-</strong></span> 
     </span>
    </p>
   </div>
   <div class='ocr_carea' id='block_1_15' title="bbox 258 735 1046 770">
    <p class='ocr_par' dir='ltr' id='par_1_15' title="bbox 258 735 1046 770">
     <span class='ocr_line' id='line_1_15' title="bbox 258 735 1046 770; baseline -0.004 -5"><span class='ocrx_word' id='word_1_89' title='bbox 258 739 336 769; x_wconf 85' lang='lat' dir='ltr'><strong>serit,</strong></span> <span class='ocrx_word' id='word_1_90' title='bbox 360 743 389 764; x_wconf 93' lang='lat' dir='ltr'><strong>ut</strong></span> <span class='ocrx_word' id='word_1_91' title='bbox 406 737 557 764; x_wconf 82' lang='lat' dir='ltr'><strong>secundum</strong></span> <span class='ocrx_word' id='word_1_92' title='bbox 580 737 667 770; x_wconf 75' lang='lat' dir='ltr'><strong>legem</strong></span> <span class='ocrx_word' id='word_1_93' title='bbox 684 744 763 770; x_wconf 76' lang='lat' dir='ltr'><strong>poma</strong></span> <span class='ocrx_word' id='word_1_94' title='bbox 782 736 821 763; x_wconf 88' lang='lat' dir='ltr'><strong>illi</strong></span> <span class='ocrx_word' id='word_1_95' title='bbox 835 735 982 770; x_wconf 86' lang='lat' dir='ltr'><strong>inﬁigenda</strong></span> <span class='ocrx_word' id='word_1_96' title='bbox 999 735 1046 766; x_wconf 89' lang='lat' dir='ltr'><strong>sit,</strong></span> 
     </span>
    </p>
   </div>
   <div class='ocr_carea' id='block_1_16' title="bbox 260 781 1048 819">
    <p class='ocr_par' dir='ltr' id='par_1_16' title="bbox 260 781 1048 819">
     <span class='ocr_line' id='line_1_16' title="bbox 260 781 1048 819; baseline -0.003 -9"><span class='ocrx_word' id='word_1_97' title='bbox 260 785 380 819; x_wconf 85' lang='lat' dir='ltr'><strong>primum</strong></span> <span class='ocrx_word' id='word_1_98' title='bbox 402 784 525 810; x_wconf 90' lang='lat' dir='ltr'><strong>omnium</strong></span> <span class='ocrx_word' id='word_1_99' title='bbox 547 783 702 813; x_wconf 84' lang='lat' dir='ltr'><strong>damnatur.</strong></span> <span class='ocrx_word' id='word_1_100' title='bbox 724 782 811 817; x_wconf 80' lang='lat' dir='ltr'><strong>gloria</strong></span> <span class='ocrx_word' id='word_1_101' title='bbox 834 781 965 814; x_wconf 83' lang='lat' dir='ltr'><strong>nudatur,</strong></span> <span class='ocrx_word' id='word_1_102' title='bbox 982 789 1048 816; x_wconf 77' lang='grc' dir='ltr'><strong>ερο-</strong></span> 
     </span>
    </p>
   </div>
   <div class='ocr_carea' id='block_1_17' title="bbox 260 828 1048 863">
    <p class='ocr_par' dir='ltr' id='par_1_17' title="bbox 260 828 1048 863">
     <span class='ocr_line' id='line_1_17' title="bbox 260 828 1048 863; baseline -0.004 -7"><span class='ocrx_word' id='word_1_103' title='bbox 260 830 343 857; x_wconf 84' lang='lat' dir='ltr'><strong>liatur</strong></span> <span class='ocrx_word' id='word_1_104' title='bbox 359 834 386 856; x_wconf 87' lang='lat' dir='ltr'><strong>et</strong></span> <span class='ocrx_word' id='word_1_105' title='bbox 401 829 511 863; x_wconf 85' lang='lat' dir='ltr'><strong>ejicitur</strong></span> <span class='ocrx_word' id='word_1_106' title='bbox 535 829 568 855; x_wconf 87' lang='lat' dir='ltr'><strong>iis</strong></span> <span class='ocrx_word' id='word_1_107' title='bbox 583 836 644 863; x_wconf 74' lang='lat' dir='ltr'><strong>qua:</strong></span> <span class='ocrx_word' id='word_1_108' title='bbox 672 828 790 854; x_wconf 85' lang='lat' dir='ltr'><strong>habebat</strong></span> <span class='ocrx_word' id='word_1_109' title='bbox 817 828 898 854; x_wconf 84' lang='lat' dir='ltr'><strong>bonis</strong></span> <span class='ocrx_word' id='word_1_110' title='bbox 926 829 1048 854; x_wconf 89' lang='lat' dir='ltr'><strong>tandem-</strong></span> 
     </span>
    </p>
   </div>
   <div class='ocr_carea' id='block_1_18' title="bbox 260 872 1048 910">
    <p class='ocr_par' dir='ltr' id='par_1_18' title="bbox 260 872 1048 910">
     <span class='ocr_line' id='line_1_18' title="bbox 260 872 1048 910; baseline -0.004 -8"><span class='ocrx_word' id='word_1_111' title='bbox 260 884 313 910; x_wconf 89' lang='lat' dir='ltr'><strong>que</strong></span> <span class='ocrx_word' id='word_1_112' title='bbox 329 875 496 902; x_wconf 67' lang='lat' dir='ltr'><strong>commeritaz</strong></span> <span class='ocrx_word' id='word_1_113' title='bbox 517 882 604 909; x_wconf 68' lang='lat' dir='ltr'><strong>poena:</strong></span> <span class='ocrx_word' id='word_1_114' title='bbox 623 873 770 900; x_wconf 75' lang='lat' dir='ltr'><strong>addicitur.</strong></span> <span class='ocrx_word' id='word_1_115' title='bbox 798 873 934 900; x_wconf 57' lang='lat' dir='ltr'><strong>Praeterea</strong></span> <span class='ocrx_word' id='word_1_116' title='bbox 960 872 1004 899; x_wconf 86' lang='lat' dir='ltr'><strong>lex</strong></span> <span class='ocrx_word' id='word_1_117' title='bbox 1020 876 1048 899; x_wconf 91' lang='lat' dir='ltr'><strong>et</strong></span> 
     </span>
    </p>
   </div>
   <div class='ocr_carea' id='block_1_19' title="bbox 1107 280 1894 318">
    <p class='ocr_par' dir='ltr' id='par_1_19' title="bbox 1107 280 1894 318">
     <span class='ocr_line' id='line_1_19' title="bbox 1107 280 1894 318; baseline 0.003 -10"><span class='ocrx_word' id='word_1_118' title='bbox 1107 282 1169 308; x_wconf 87' lang='lat' dir='ltr'><strong>dem</strong></span> <span class='ocrx_word' id='word_1_119' title='bbox 1185 281 1296 315; x_wconf 91' lang='lat' dir='ltr'><strong>prodest</strong></span> <span class='ocrx_word' id='word_1_120' title='bbox 1313 280 1334 308; x_wconf 89' lang='lat' dir='ltr'><strong>si</strong></span> <span class='ocrx_word' id='word_1_121' title='bbox 1352 281 1438 315; x_wconf 93' lang='lat' dir='ltr'><strong>legem</strong></span> <span class='ocrx_word' id='word_1_122' title='bbox 1455 285 1603 314; x_wconf 84' lang='lat' dir='ltr'><strong>observes;</strong></span> <span class='ocrx_word' id='word_1_123' title='bbox 1618 281 1641 309; x_wconf 92' lang='lat' dir='ltr'><strong>si</strong></span> <span class='ocrx_word' id='word_1_124' title='bbox 1655 286 1747 309; x_wconf 87' lang='lat' dir='ltr'><strong>autem</strong></span> <span class='ocrx_word' id='word_1_125' title='bbox 1762 285 1894 318; x_wconf 55' lang='lat' dir='ltr'><strong>praevari-</strong></span> 
     </span>
    </p>
   </div>
   <div class='ocr_carea' id='block_1_20' title="bbox 1099 325 1891 362">
    <p class='ocr_par' dir='ltr' id='par_1_20' title="bbox 1099 325 1891 362">
     <span class='ocr_line' id='line_1_20' title="bbox 1099 325 1891 362; baseline 0.005 -10"><span class='ocrx_word' id='word_1_126' title='bbox 1099 332 1176 353; x_wconf 88' lang='lat' dir='ltr'><strong>cator</strong></span> <span class='ocrx_word' id='word_1_127' title='bbox 1201 326 1271 361; x_wconf 86' lang='lat' dir='ltr'><strong>legis</strong></span> <span class='ocrx_word' id='word_1_128' title='bbox 1294 325 1342 358; x_wconf 84' lang='lat' dir='ltr'><strong>sis,</strong></span> <span class='ocrx_word' id='word_1_129' title='bbox 1371 326 1544 353; x_wconf 86' lang='lat' dir='ltr'><strong>circumcisio</strong></span> <span class='ocrx_word' id='word_1_130' title='bbox 1564 331 1609 353; x_wconf 89' lang='lat' dir='ltr'><strong>tua</strong></span> <span class='ocrx_word' id='word_1_131' title='bbox 1631 327 1796 362; x_wconf 59' lang='lat' dir='ltr'><strong>praeputium</strong></span> <span class='ocrx_word' id='word_1_132' title='bbox 1821 329 1891 357; x_wconf 85' lang='lat' dir='ltr'><strong>facta</strong></span> 
     </span>
    </p>
   </div>
   <div class='ocr_carea' id='block_1_21' title="bbox 1097 371 1891 407">
    <p class='ocr_par' dir='ltr' id='par_1_21' title="bbox 1097 371 1891 407">
     <span class='ocr_line' id='line_1_21' title="bbox 1097 371 1891 407; baseline 0.004 -9"><span class='ocrx_word' id='word_1_133' title='bbox 1097 376 1140 398; x_wconf 83' lang='lat' dir='ltr'><strong>est</strong></span> <span class='ocrx_word' id='word_1_134' title='bbox 1157 371 1184 398; x_wconf 85' lang='grc'><strong>⁸.</strong></span> <span class='ocrx_word' id='word_1_135' title='bbox 1206 381 1215 396; x_wconf 77' lang='grc' dir='ltr'><strong>ι</strong></span> <span class='ocrx_word' id='word_1_136' title='bbox 1235 371 1301 399; x_wconf 84' lang='lat' dir='ltr'><strong>Nam</strong></span> <span class='ocrx_word' id='word_1_137' title='bbox 1315 371 1535 398; x_wconf 83' lang='lat' dir='ltr'><strong>circumcisiouis</strong></span> <span class='ocrx_word' id='word_1_138' title='bbox 1550 372 1578 398; x_wconf 91' lang='lat' dir='ltr'><strong>in</strong></span> <span class='ocrx_word' id='word_1_139' title='bbox 1594 372 1704 400; x_wconf 84' lang='lat' dir='ltr'><strong>Christo</strong></span> <span class='ocrx_word' id='word_1_140' title='bbox 1721 381 1782 407; x_wconf 67' lang='lat' dir='ltr'><strong>qua:</strong></span> <span class='ocrx_word' id='word_1_141' title='bbox 1798 381 1891 406; x_wconf 84' lang='lat' dir='ltr'><strong>causa,</strong></span> 
     </span>
    </p>
   </div>
   <div class='ocr_carea' id='block_1_22' title="bbox 1099 409 1893 457">
    <p class='ocr_par' dir='ltr' id='par_1_22' title="bbox 1099 409 1893 457">
     <span class='ocr_line' id='line_1_22' title="bbox 1099 409 1893 457; baseline 0.004 -13"><span class='ocrx_word' id='word_1_142' title='bbox 1099 423 1146 444; x_wconf 88' lang='lat' dir='ltr'><strong>aut</strong></span> <span class='ocrx_word' id='word_1_143' title='bbox 1172 425 1234 452; x_wconf 70' lang='lat' dir='ltr'><strong>qua:</strong></span> <span class='ocrx_word' id='word_1_144' title='bbox 1261 409 1370 452; x_wconf 80' lang='lat' dir='ltr'><strong>gratia?</strong></span> <span class='ocrx_word' id='word_1_145' title='bbox 1393 425 1444 444; x_wconf 86' lang='lat' dir='ltr'><strong>nec</strong></span> <span class='ocrx_word' id='word_1_146' title='bbox 1468 418 1551 445; x_wconf 90' lang='lat' dir='ltr'><strong>etiam</strong></span> <span class='ocrx_word' id='word_1_147' title='bbox 1573 419 1700 453; x_wconf 64' lang='lat' dir='ltr'><strong>praeputii</strong></span> <span class='ocrx_word' id='word_1_148' title='bbox 1723 420 1792 457; x_wconf 32' lang='lat' dir='ltr'><strong>&#39;,\si</strong></span> <span class='ocrx_word' id='word_1_149' title='bbox 1820 420 1893 447; x_wconf 88' lang='lat' dir='ltr'><strong>adsit</strong></span> 
     </span>
    </p>
   </div>
   <div class='ocr_carea' id='block_1_23' title="bbox 1099 463 1889 498">
    <p class='ocr_par' dir='ltr' id='par_1_23' title="bbox 1099 463 1889 498">
     <span class='ocr_line' id='line_1_23' title="bbox 1099 463 1889 498; baseline 0.004 -8"><span class='ocrx_word' id='word_1_150' title='bbox 1099 465 1195 498; x_wconf 81' lang='lat' dir='ltr'><strong>gratia.</strong></span> <span class='ocrx_word' id='word_1_151' title='bbox 1214 463 1409 490; x_wconf 85' lang='lat' dir='ltr'><strong>Mandatorum</strong></span> <span class='ocrx_word' id='word_1_152' title='bbox 1435 463 1594 491; x_wconf 73' lang='lat' dir='ltr'><strong>observatio</strong></span> <span class='ocrx_word' id='word_1_153' title='bbox 1621 464 1745 498; x_wconf 81' lang='lat' dir='ltr'><strong>prodest.</strong></span> <span class='ocrx_word' id='word_1_154' title='bbox 1766 470 1796 492; x_wconf 89' lang='lat' dir='ltr'><strong>ut</strong></span> <span class='ocrx_word' id='word_1_155' title='bbox 1823 466 1862 492; x_wconf 86' lang='lat' dir='ltr'><strong>ait</strong></span> <span class='ocrx_word' id='word_1_156' title='bbox 1882 475 1889 494; x_wconf 90' lang='lat'><strong>:</strong></span> 
     </span>
    </p>
   </div>
   <div class='ocr_carea' id='block_1_24' title="bbox 1098 509 1889 543">
    <p class='ocr_par' dir='ltr' id='par_1_24' title="bbox 1098 509 1889 543">
     <span class='ocr_line' id='line_1_24' title="bbox 1098 509 1889 543; baseline 0.003 -8"><span class='ocrx_word' id='word_1_157' title='bbox 1098 517 1186 543; x_wconf 83' lang='lat' dir='ltr'><strong>neque</strong></span> <span class='ocrx_word' id='word_1_158' title='bbox 1211 510 1283 536; x_wconf 88' lang='lat' dir='ltr'><strong>enim</strong></span> <span class='ocrx_word' id='word_1_159' title='bbox 1311 509 1464 541; x_wconf 76' lang='lat' dir='ltr'><strong>auditores,</strong></span> <span class='ocrx_word' id='word_1_160' title='bbox 1481 509 1529 537; x_wconf 84' lang='lat' dir='ltr'><strong>sed</strong></span> <span class='ocrx_word' id='word_1_161' title='bbox 1546 510 1688 543; x_wconf 86' lang='lat' dir='ltr'><strong>custodes,</strong></span> <span class='ocrx_word' id='word_1_162' title='bbox 1712 515 1740 537; x_wconf 88' lang='lat' dir='ltr'><strong>et</strong></span> <span class='ocrx_word' id='word_1_163' title='bbox 1766 511 1889 538; x_wconf 79' lang='lat' dir='ltr'><strong>factores</strong></span> 
     </span>
    </p>
   </div>
   <div class='ocr_carea' id='block_1_25' title="bbox 1098 553 1890 589">
    <p class='ocr_par' dir='ltr' id='par_1_25' title="bbox 1098 553 1890 589">
     <span class='ocr_line' id='line_1_25' title="bbox 1098 553 1890 589; baseline 0 -8"><span class='ocrx_word' id='word_1_164' title='bbox 1098 554 1166 588; x_wconf 83' lang='lat' dir='ltr'><strong>legis</strong></span> <span class='ocrx_word' id='word_1_165' title='bbox 1185 554 1218 586; x_wconf 86' lang='lat'><strong>&#39;°,</strong></span> <span class='ocrx_word' id='word_1_166' title='bbox 1239 553 1262 581; x_wconf 91' lang='lat' dir='ltr'><strong>si</strong></span> <span class='ocrx_word' id='word_1_167' title='bbox 1281 553 1307 579; x_wconf 90' lang='lat' dir='ltr'><strong>in</strong></span> <span class='ocrx_word' id='word_1_168' title='bbox 1328 561 1362 580; x_wconf 88' lang='lat' dir='ltr'><strong>eo</strong></span> <span class='ocrx_word' id='word_1_169' title='bbox 1376 558 1564 588; x_wconf 86' lang='lat' dir='ltr'><strong>perseverent,</strong></span> <span class='ocrx_word' id='word_1_170' title='bbox 1583 554 1818 589; x_wconf 76' lang='lat' dir='ltr'><strong>justiﬁcabuntur.</strong></span> <span class='ocrx_word' id='word_1_171' title='bbox 1838 554 1890 581; x_wconf 86' lang='lat' dir='ltr'><strong>Sed</strong></span> 
     </span>
    </p>
   </div>
   <div class='ocr_carea' id='block_1_26' title="bbox 1099 599 1889 634">
    <p class='ocr_par' dir='ltr' id='par_1_26' title="bbox 1099 599 1889 634">
     <span class='ocr_line' id='line_1_26' title="bbox 1099 599 1889 634; baseline 0 -8"><span class='ocrx_word' id='word_1_172' title='bbox 1099 605 1185 626; x_wconf 89' lang='lat' dir='ltr'><strong>totum</strong></span> <span class='ocrx_word' id='word_1_173' title='bbox 1201 607 1235 626; x_wconf 82' lang='lat' dir='ltr'><strong>ex</strong></span> <span class='ocrx_word' id='word_1_174' title='bbox 1251 600 1309 634; x_wconf 85' lang='lat' dir='ltr'><strong>ipso</strong></span> <span class='ocrx_word' id='word_1_175' title='bbox 1327 599 1407 626; x_wconf 87' lang='lat' dir='ltr'><strong>Verbi</strong></span> <span class='ocrx_word' id='word_1_176' title='bbox 1424 607 1471 626; x_wconf 90' lang='lat' dir='ltr'><strong>ore</strong></span> <span class='ocrx_word' id='word_1_177' title='bbox 1489 600 1578 626; x_wconf 86' lang='lat' dir='ltr'><strong>discas</strong></span> <span class='ocrx_word' id='word_1_178' title='bbox 1593 600 1657 626; x_wconf 89' lang='lat' dir='ltr'><strong>licet</strong></span> <span class='ocrx_word' id='word_1_179' title='bbox 1674 608 1681 626; x_wconf 89' lang='lat'>:</span> <span class='ocrx_word' id='word_1_180' title='bbox 1699 609 1708 624; x_wconf 74' lang='grc' dir='ltr'><strong>ι</strong></span> <span class='ocrx_word' id='word_1_181' title='bbox 1724 599 1783 626; x_wconf 83' lang='lat' dir='ltr'><strong>Non</strong></span> <span class='ocrx_word' id='word_1_182' title='bbox 1798 600 1889 627; x_wconf 90' lang='lat' dir='ltr'><strong>omnis</strong></span> 
     </span>
    </p>
   </div>
   <div class='ocr_carea' id='block_1_27' title="bbox 1099 644 1891 680">
    <p class='ocr_par' dir='ltr' id='par_1_27' title="bbox 1099 644 1891 680">
     <span class='ocr_line' id='line_1_27' title="bbox 1099 644 1891 680; baseline 0.003 -10"><span class='ocrx_word' id='word_1_183' title='bbox 1099 645 1146 679; x_wconf 93' lang='lat' dir='ltr'><strong>qui</strong></span> <span class='ocrx_word' id='word_1_184' title='bbox 1164 644 1232 671; x_wconf 88' lang='lat' dir='ltr'><strong>dicit</strong></span> <span class='ocrx_word' id='word_1_185' title='bbox 1248 644 1325 676; x_wconf 91' lang='lat' dir='ltr'><strong>mihi,</strong></span> <span class='ocrx_word' id='word_1_186' title='bbox 1345 645 1470 676; x_wconf 90' lang='lat' dir='ltr'><strong>Domine,</strong></span> <span class='ocrx_word' id='word_1_187' title='bbox 1481 649 1508 671; x_wconf 89' lang='lat' dir='ltr'><strong>et</strong></span> <span class='ocrx_word' id='word_1_188' title='bbox 1523 653 1577 671; x_wconf 93' lang='lat' dir='ltr'><strong>non</strong></span> <span class='ocrx_word' id='word_1_189' title='bbox 1596 645 1662 672; x_wconf 81' lang='lat' dir='ltr'><strong>facit</strong></span> <span class='ocrx_word' id='word_1_190' title='bbox 1680 653 1741 680; x_wconf 71' lang='lat' dir='ltr'><strong>qua:</strong></span> <span class='ocrx_word' id='word_1_191' title='bbox 1757 645 1831 678; x_wconf 87' lang='lat' dir='ltr'><strong>dico,</strong></span> <span class='ocrx_word' id='word_1_192' title='bbox 1848 648 1891 672; x_wconf 86' lang='lat' dir='ltr'><strong>in—</strong></span> 
     </span>
    </p>
   </div>
   <div class='ocr_carea' id='block_1_28' title="bbox 1099 689 1889 726">
    <p class='ocr_par' dir='ltr' id='par_1_28' title="bbox 1099 689 1889 726">
     <span class='ocr_line' id='line_1_28' title="bbox 1099 689 1889 726; baseline 0.003 -10"><span class='ocrx_word' id='word_1_193' title='bbox 1099 689 1184 716; x_wconf 88' lang='lat' dir='ltr'><strong>trabit</strong></span> <span class='ocrx_word' id='word_1_194' title='bbox 1204 689 1232 715; x_wconf 93' lang='lat' dir='ltr'><strong>in</strong></span> <span class='ocrx_word' id='word_1_195' title='bbox 1259 697 1372 724; x_wconf 78' lang='lat' dir='ltr'><strong>regnum</strong></span> <span class='ocrx_word' id='word_1_196' title='bbox 1397 690 1530 717; x_wconf 61' lang='lat' dir='ltr'><strong>caelorum</strong></span> <span class='ocrx_word' id='word_1_197' title='bbox 1558 698 1566 716; x_wconf 89' lang='lat'>:</span> <span class='ocrx_word' id='word_1_198' title='bbox 1597 689 1645 717; x_wconf 87' lang='lat' dir='ltr'><strong>sed</strong></span> <span class='ocrx_word' id='word_1_199' title='bbox 1673 691 1696 718; x_wconf 90' lang='lat' dir='ltr'><strong>is</strong></span> <span class='ocrx_word' id='word_1_200' title='bbox 1720 691 1823 724; x_wconf 91' lang='lat' dir='ltr'><strong>potius,</strong></span> <span class='ocrx_word' id='word_1_201' title='bbox 1842 691 1889 726; x_wconf 87' lang='lat' dir='ltr'><strong>qui</strong></span> 
     </span>
    </p>
   </div>
   <div class='ocr_carea' id='block_1_29' title="bbox 1098 735 1892 772">
    <p class='ocr_par' dir='ltr' id='par_1_29' title="bbox 1098 735 1892 772">
     <span class='ocr_line' id='line_1_29' title="bbox 1098 735 1892 772; baseline 0.003 -11"><span class='ocrx_word' id='word_1_202' title='bbox 1098 735 1194 770; x_wconf 86' lang='lat' dir='ltr'><strong>implet</strong></span> <span class='ocrx_word' id='word_1_203' title='bbox 1207 735 1377 762; x_wconf 80' lang='lat' dir='ltr'><strong>voluntatem</strong></span> <span class='ocrx_word' id='word_1_204' title='bbox 1402 735 1491 762; x_wconf 77' lang='lat' dir='ltr'><strong>Patris</strong></span> <span class='ocrx_word' id='word_1_205' title='bbox 1506 735 1560 762; x_wconf 94' lang='lat' dir='ltr'><strong>mci</strong></span> <span class='ocrx_word' id='word_1_206' title='bbox 1579 735 1611 772; x_wconf 67' lang='grc' dir='ltr'><strong>¹ξ.</strong></span> <span class='ocrx_word' id='word_1_207' title='bbox 1628 745 1636 761; x_wconf 79' lang='grc' dir='ltr'><strong>ι</strong></span> <span class='ocrx_word' id='word_1_208' title='bbox 1654 736 1741 763; x_wconf 90' lang='lat' dir='ltr'><strong>Nemo</strong></span> <span class='ocrx_word' id='word_1_209' title='bbox 1766 741 1792 763; x_wconf 90' lang='lat' dir='ltr'><strong>te</strong></span> <span class='ocrx_word' id='word_1_210' title='bbox 1817 736 1892 763; x_wconf 87' lang='lat' dir='ltr'><strong>deci-</strong></span> 
     </span>
    </p>
   </div>
   <div class='ocr_carea' id='block_1_30' title="bbox 1099 780 1891 816">
    <p class='ocr_par' dir='ltr' id='par_1_30' title="bbox 1099 780 1891 816">
     <span class='ocr_line' id='line_1_30' title="bbox 1099 780 1891 816; baseline 0.003 -10"><span class='ocrx_word' id='word_1_211' title='bbox 1099 782 1165 815; x_wconf 86' lang='lat' dir='ltr'><strong>piat,</strong></span> <span class='ocrx_word' id='word_1_212' title='bbox 1183 788 1266 807; x_wconf 90' lang='lat' dir='ltr'><strong>nemo</strong></span> <span class='ocrx_word' id='word_1_213' title='bbox 1293 780 1343 808; x_wconf 90' lang='lat' dir='ltr'><strong>tibi</strong></span> <span class='ocrx_word' id='word_1_214' title='bbox 1370 780 1539 812; x_wconf 83' lang='lat' dir='ltr'><strong>blandiatur,</strong></span> <span class='ocrx_word' id='word_1_215' title='bbox 1567 781 1645 816; x_wconf 83' lang='lat' dir='ltr'><strong>quasi</strong></span> <span class='ocrx_word' id='word_1_216' title='bbox 1670 781 1891 816; x_wconf 79' lang='lat' dir='ltr'><strong>fides-operibus</strong></span> 
     </span>
    </p>
   </div>
   <div class='ocr_carea' id='block_1_31' title="bbox 1099 825 1887 861">
    <p class='ocr_par' dir='ltr' id='par_1_31' title="bbox 1099 825 1887 861">
     <span class='ocr_line' id='line_1_31' title="bbox 1099 825 1887 861; baseline 0.001 -9"><span class='ocrx_word' id='word_1_217' title='bbox 1099 825 1233 852; x_wconf 87' lang='lat' dir='ltr'><strong>destituta</strong></span> <span class='ocrx_word' id='word_1_218' title='bbox 1261 825 1311 852; x_wconf 87' lang='lat' dir='ltr'><strong>tibi</strong></span> <span class='ocrx_word' id='word_1_219' title='bbox 1340 826 1458 853; x_wconf 83' lang='lat' dir='ltr'><strong>salutem</strong></span> <span class='ocrx_word' id='word_1_220' title='bbox 1485 826 1586 853; x_wconf 76' lang='lat' dir='ltr'><strong>aﬂ&#39;erre</strong></span> <span class='ocrx_word' id='word_1_221' title='bbox 1612 831 1706 861; x_wconf 81' lang='lat' dir='ltr'><strong>queat.</strong></span> <span class='ocrx_word' id='word_1_222' title='bbox 1723 826 1803 854; x_wconf 87' lang='lat' dir='ltr'><strong>Fides</strong></span> <span class='ocrx_word' id='word_1_223' title='bbox 1827 827 1887 854; x_wconf 88' lang='lat' dir='ltr'><strong>sine</strong></span> 
     </span>
    </p>
   </div>
   <div class='ocr_carea' id='block_1_32' title="bbox 1099 870 1887 905">
    <p class='ocr_par' dir='ltr' id='par_1_32' title="bbox 1099 870 1887 905">
     <span class='ocr_line' id='line_1_32' title="bbox 1099 870 1887 905; baseline 0.003 -8"><span class='ocrx_word' id='word_1_224' title='bbox 1099 870 1240 905; x_wconf 88' lang='lat' dir='ltr'><strong>operibus,</strong></span> <span class='ocrx_word' id='word_1_225' title='bbox 1265 872 1335 898; x_wconf 83' lang='lat' dir='ltr'><strong>scias</strong></span> <span class='ocrx_word' id='word_1_226' title='bbox 1361 871 1455 904; x_wconf 87' lang='lat' dir='ltr'><strong>velim,</strong></span> <span class='ocrx_word' id='word_1_227' title='bbox 1480 871 1588 898; x_wconf 85' lang='lat' dir='ltr'><strong>inutilis</strong></span> <span class='ocrx_word' id='word_1_228' title='bbox 1612 876 1654 899; x_wconf 86' lang='lat' dir='ltr'><strong>est</strong></span> <span class='ocrx_word' id='word_1_229' title='bbox 1679 881 1686 899; x_wconf 89' lang='lat'>:</span> <span class='ocrx_word' id='word_1_230' title='bbox 1710 877 1739 899; x_wconf 85' lang='lat' dir='ltr'><strong>et</strong></span> <span class='ocrx_word' id='word_1_231' title='bbox 1765 872 1887 899; x_wconf 88' lang='lat' dir='ltr'><strong>vicissim</strong></span> 
     </span>
    </p>
   </div>
   <div class='ocr_carea' id='block_1_33' title="bbox 259 916 1888 954">
    <p class='ocr_par' dir='ltr' id='par_1_33' title="bbox 259 916 1888 954">
     <span class='ocr_line' id='line_1_33' title="bbox 259 916 1888 954; baseline -0.002 -7"><span class='ocrx_word' id='word_1_232' title='bbox 259 921 403 954; x_wconf 83' lang='lat' dir='ltr'><strong>disciplina</strong></span> <span class='ocrx_word' id='word_1_233' title='bbox 415 919 602 947; x_wconf 84' lang='lat' dir='ltr'><strong>ecclesiastica</strong></span> <span class='ocrx_word' id='word_1_234' title='bbox 613 924 738 946; x_wconf 78' lang='lat' dir='ltr'><strong>Servatur</strong></span> <span class='ocrx_word' id='word_1_235' title='bbox 749 927 756 950; x_wconf 87' lang='lat'><strong>;</strong></span> <span class='ocrx_word' id='word_1_236' title='bbox 766 923 793 946; x_wconf 93' lang='lat' dir='ltr'><strong>et</strong></span> <span class='ocrx_word' id='word_1_237' title='bbox 809 926 870 946; x_wconf 89' lang='lat' dir='ltr'><strong>cum</strong></span> <span class='ocrx_word' id='word_1_238' title='bbox 883 918 945 953; x_wconf 89' lang='lat' dir='ltr'><strong>quis</strong></span> <span class='ocrx_word' id='word_1_239' title='bbox 957 925 1047 946; x_wconf 89' lang='lat' dir='ltr'><strong>sacer-</strong></span> <span class='ocrx_word' id='word_1_240' title='bbox 1059 921 1085 952; x_wconf 71' lang='grc' dir='ltr'><strong>’Β</strong></span> <span class='ocrx_word' id='word_1_241' title='bbox 1100 924 1183 951; x_wconf 84' lang='lat' dir='ltr'><strong>opera</strong></span> <span class='ocrx_word' id='word_1_242' title='bbox 1205 917 1264 944; x_wconf 88' lang='lat' dir='ltr'><strong>sine</strong></span> <span class='ocrx_word' id='word_1_243' title='bbox 1279 916 1331 944; x_wconf 90' lang='lat' dir='ltr'><strong>ﬁde</strong></span> <span class='ocrx_word' id='word_1_244' title='bbox 1347 916 1416 944; x_wconf 87' lang='lat' dir='ltr'><strong>nihil</strong></span> <span class='ocrx_word' id='word_1_245' title='bbox 1441 917 1543 944; x_wconf 89' lang='lat' dir='ltr'><strong>valent.</strong></span> <span class='ocrx_word' id='word_1_246' title='bbox 1558 917 1733 952; x_wconf 84' lang='lat' dir='ltr'><strong>Quapropter</strong></span> <span class='ocrx_word' id='word_1_247' title='bbox 1747 917 1770 944; x_wconf 87' lang='lat' dir='ltr'><strong>si</strong></span> <span class='ocrx_word' id='word_1_248' title='bbox 1787 917 1888 944; x_wconf 85' lang='lat' dir='ltr'><strong>salvari</strong></span> 
     </span>
    </p>
   </div>
   <div class='ocr_carea' id='block_1_34' title="bbox 259 964 1046 1000">
    <p class='ocr_par' dir='ltr' id='par_1_34' title="bbox 259 964 1046 1000">
     <span class='ocr_line' id='line_1_34' title="bbox 259 964 1046 1000; baseline -0.003 -7"><span class='ocrx_word' id='word_1_249' title='bbox 259 967 353 993; x_wconf 89' lang='lat' dir='ltr'><strong>dolum</strong></span> <span class='ocrx_word' id='word_1_250' title='bbox 385 966 544 1000; x_wconf 80' lang='lat' dir='ltr'><strong>deliquerit,</strong></span> <span class='ocrx_word' id='word_1_251' title='bbox 571 965 629 992; x_wconf 89' lang='lat' dir='ltr'><strong>sive</strong></span> <span class='ocrx_word' id='word_1_252' title='bbox 656 965 796 992; x_wconf 87' lang='lat' dir='ltr'><strong>inferioris</strong></span> <span class='ocrx_word' id='word_1_253' title='bbox 824 965 924 999; x_wconf 81' lang='lat' dir='ltr'><strong>gradus</strong></span> <span class='ocrx_word' id='word_1_254' title='bbox 953 964 1046 997; x_wconf 81' lang='lat' dir='ltr'><strong>fuerit,</strong></span> 
     </span>
    </p>
   </div>
   <div class='ocr_carea' id='block_1_35' title="bbox 259 1011 1048 1047">
    <p class='ocr_par' dir='ltr' id='par_1_35' title="bbox 259 1011 1048 1047">
     <span class='ocr_line' id='line_1_35' title="bbox 259 1011 1048 1047; baseline -0.003 -8"><span class='ocrx_word' id='word_1_255' title='bbox 259 1013 316 1040; x_wconf 82' lang='lat' dir='ltr'><strong>sive</strong></span> <span class='ocrx_word' id='word_1_256' title='bbox 341 1012 441 1039; x_wconf 88' lang='lat' dir='ltr'><strong>throno</strong></span> <span class='ocrx_word' id='word_1_257' title='bbox 461 1012 610 1046; x_wconf 86' lang='lat' dir='ltr'><strong>episcopali</strong></span> <span class='ocrx_word' id='word_1_258' title='bbox 633 1011 735 1044; x_wconf 90' lang='lat' dir='ltr'><strong>clarus,</strong></span> <span class='ocrx_word' id='word_1_259' title='bbox 757 1011 889 1047; x_wconf 87' lang='lat' dir='ltr'><strong>symbolis</strong></span> <span class='ocrx_word' id='word_1_260' title='bbox 906 1018 1048 1038; x_wconf 87' lang='lat' dir='ltr'><strong>sacrarum</strong></span> 
     </span>
    </p>
   </div>
   <div class='ocr_carea' id='block_1_36' title="bbox 258 1057 1046 1090">
    <p class='ocr_par' dir='ltr' id='par_1_36' title="bbox 258 1057 1046 1090">
     <span class='ocr_line' id='line_1_36' title="bbox 258 1057 1046 1090; baseline -0.001 -6"><span class='ocrx_word' id='word_1_261' title='bbox 258 1058 375 1085; x_wconf 85' lang='lat' dir='ltr'><strong>vestiqu</strong></span> <span class='ocrx_word' id='word_1_262' title='bbox 389 1058 501 1084; x_wconf 81' lang='lat' dir='ltr'><strong>exuitur</strong></span> <span class='ocrx_word' id='word_1_263' title='bbox 523 1059 531 1067; x_wconf 83' lang='lat'><strong><em>‘</em></strong></span> <span class='ocrx_word' id='word_1_264' title='bbox 547 1067 552 1084; x_wconf 91' lang='lat'>:</span> <span class='ocrx_word' id='word_1_265' title='bbox 570 1061 598 1084; x_wconf 91' lang='lat' dir='ltr'><strong>et</strong></span> <span class='ocrx_word' id='word_1_266' title='bbox 615 1057 707 1090; x_wconf 88' lang='lat' dir='ltr'><strong>simul,</strong></span> <span class='ocrx_word' id='word_1_267' title='bbox 721 1061 750 1083; x_wconf 89' lang='lat' dir='ltr'><strong>ut</strong></span> <span class='ocrx_word' id='word_1_268' title='bbox 763 1057 802 1083; x_wconf 97' lang='lat' dir='ltr'><strong>ait</strong></span> <span class='ocrx_word' id='word_1_269' title='bbox 818 1064 918 1088; x_wconf 91' lang='lat' dir='ltr'><strong>canon,</strong></span> <span class='ocrx_word' id='word_1_270' title='bbox 938 1064 1046 1084; x_wconf 89' lang='lat' dir='ltr'><strong>omnem</strong></span> 
     </span>
    </p>
   </div>
   <div class='ocr_carea' id='block_1_37' title="bbox 259 1101 1048 1138">
    <p class='ocr_par' dir='ltr' id='par_1_37' title="bbox 259 1101 1048 1138">
     <span class='ocr_line' id='line_1_37' title="bbox 259 1101 1048 1138; baseline -0.003 -8"><span class='ocrx_word' id='word_1_271' title='bbox 259 1103 420 1138; x_wconf 78' lang='lat' dir='ltr'><strong>dignitatem</strong></span> <span class='ocrx_word' id='word_1_272' title='bbox 438 1103 526 1135; x_wconf 87' lang='lat' dir='ltr'><strong>exuit,</strong></span> <span class='ocrx_word' id='word_1_273' title='bbox 541 1110 572 1130; x_wconf 90' lang='lat' dir='ltr'><strong>ac</strong></span> <span class='ocrx_word' id='word_1_274' title='bbox 590 1109 639 1137; x_wconf 92' lang='lat' dir='ltr'><strong>pro</strong></span> <span class='ocrx_word' id='word_1_275' title='bbox 655 1110 724 1138; x_wconf 88' lang='lat' dir='ltr'><strong>papa</strong></span> <span class='ocrx_word' id='word_1_276' title='bbox 742 1102 769 1129; x_wconf 86' lang='lat' dir='ltr'><strong>ﬁt</strong></span> <span class='ocrx_word' id='word_1_277' title='bbox 788 1109 922 1137; x_wconf 88' lang='lat' dir='ltr'><strong>apopapa,</strong></span> <span class='ocrx_word' id='word_1_278' title='bbox 937 1101 1048 1129; x_wconf 90' lang='lat' dir='ltr'><strong>canoni-</strong></span> 
     </span>
    </p>
   </div>
   <div class='ocr_carea' id='block_1_38' title="bbox 258 1147 1047 1185">
    <p class='ocr_par' dir='ltr' id='par_1_38' title="bbox 258 1147 1047 1185">
     <span class='ocr_line' id='line_1_38' title="bbox 258 1147 1047 1185; baseline -0.004 -9"><span class='ocrx_word' id='word_1_279' title='bbox 258 1149 364 1184; x_wconf 88' lang='lat' dir='ltr'><strong>busque</strong></span> <span class='ocrx_word' id='word_1_280' title='bbox 374 1150 525 1185; x_wconf 83' lang='lat' dir='ltr'><strong>subjectus,</strong></span> <span class='ocrx_word' id='word_1_281' title='bbox 538 1148 631 1175; x_wconf 87' lang='lat' dir='ltr'><strong>debite</strong></span> <span class='ocrx_word' id='word_1_282' title='bbox 643 1147 779 1183; x_wconf 90' lang='lat' dir='ltr'><strong>supplicio</strong></span> <span class='ocrx_word' id='word_1_283' title='bbox 789 1148 946 1175; x_wconf 88' lang='lat' dir='ltr'><strong>mulctalur.</strong></span> <span class='ocrx_word' id='word_1_284' title='bbox 959 1147 1047 1175; x_wconf 77' lang='lat' dir='ltr'><strong>.ludex</strong></span> 
     </span>
    </p>
   </div>
   <div class='ocr_carea' id='block_1_39' title="bbox 257 1192 1048 1229">
    <p class='ocr_par' dir='ltr' id='par_1_39' title="bbox 257 1192 1048 1229">
     <span class='ocr_line' id='line_1_39' title="bbox 257 1192 1048 1229; baseline -0.004 -7"><span class='ocrx_word' id='word_1_285' title='bbox 257 1201 349 1222; x_wconf 79' lang='lat' dir='ltr'><strong>autent</strong></span> <span class='ocrx_word' id='word_1_286' title='bbox 375 1196 461 1222; x_wconf 89' lang='lat' dir='ltr'><strong>totius</strong></span> <span class='ocrx_word' id='word_1_287' title='bbox 485 1195 560 1222; x_wconf 86' lang='lat' dir='ltr'><strong>orbis</strong></span> <span class='ocrx_word' id='word_1_288' title='bbox 584 1202 619 1221; x_wconf 91' lang='lat' dir='ltr'><strong>an</strong></span> <span class='ocrx_word' id='word_1_289' title='bbox 645 1202 700 1222; x_wconf 90' lang='lat' dir='ltr'><strong>non</strong></span> <span class='ocrx_word' id='word_1_290' title='bbox 724 1195 761 1221; x_wconf 84' lang='lat' dir='ltr'><strong>ita</strong></span> <span class='ocrx_word' id='word_1_291' title='bbox 776 1201 873 1221; x_wconf 89' lang='lat' dir='ltr'><strong>omnes</strong></span> <span class='ocrx_word' id='word_1_292' title='bbox 890 1192 1048 1229; x_wconf 75' lang='lat' dir='ltr'><strong>iudicabit?</strong></span> 
     </span>
    </p>
   </div>
   <div class='ocr_carea' id='block_1_40' title="bbox 256 1238 1047 1276">
    <p class='ocr_par' dir='ltr' id='par_1_40' title="bbox 256 1238 1047 1276">
     <span class='ocr_line' id='line_1_40' title="bbox 256 1238 1047 1276; baseline -0.005 -8"><span class='ocrx_word' id='word_1_293' title='bbox 256 1242 325 1268; x_wconf 85' lang='lat' dir='ltr'><strong>Cum</strong></span> <span class='ocrx_word' id='word_1_294' title='bbox 351 1241 459 1268; x_wconf 85' lang='lat' dir='ltr'><strong>venerit</strong></span> <span class='ocrx_word' id='word_1_295' title='bbox 487 1241 519 1267; x_wconf 90' lang='lat' dir='ltr'><strong>ad</strong></span> <span class='ocrx_word' id='word_1_296' title='bbox 545 1240 694 1276; x_wconf 81' lang='lat' dir='ltr'><strong>judicium,</strong></span> <span class='ocrx_word' id='word_1_297' title='bbox 722 1239 887 1267; x_wconf 84' lang='lat' dir='ltr'><strong>criminibus</strong></span> <span class='ocrx_word' id='word_1_298' title='bbox 912 1238 1047 1265; x_wconf 83' lang='lat' dir='ltr'><strong>obnoxios</strong></span> 
     </span>
    </p>
   </div>
   <div class='ocr_carea' id='block_1_41' title="bbox 257 1283 1046 1321">
    <p class='ocr_par' dir='ltr' id='par_1_41' title="bbox 257 1283 1046 1321">
     <span class='ocr_line' id='line_1_41' title="bbox 257 1283 1046 1321; baseline -0.003 -9"><span class='ocrx_word' id='word_1_299' title='bbox 257 1286 346 1321; x_wconf 87' lang='lat' dir='ltr'><strong>gratia</strong></span> <span class='ocrx_word' id='word_1_300' title='bbox 378 1286 561 1320; x_wconf 83' lang='lat' dir='ltr'><strong>baptismatis,</strong></span> <span class='ocrx_word' id='word_1_301' title='bbox 587 1285 662 1320; x_wconf 84' lang='lat' dir='ltr'><strong>quod</strong></span> <span class='ocrx_word' id='word_1_302' title='bbox 688 1285 726 1311; x_wconf 91' lang='lat' dir='ltr'><strong>illi</strong></span> <span class='ocrx_word' id='word_1_303' title='bbox 754 1292 867 1312; x_wconf 87' lang='lat' dir='ltr'><strong>suorum</strong></span> <span class='ocrx_word' id='word_1_304' title='bbox 898 1283 1046 1310; x_wconf 87' lang='lat' dir='ltr'><strong>vulnerum</strong></span> 
     </span>
    </p>
   </div>
   <div class='ocr_carea' id='block_1_42' title="bbox 257 1329 1045 1364">
    <p class='ocr_par' dir='ltr' id='par_1_42' title="bbox 257 1329 1045 1364">
     <span class='ocr_line' id='line_1_42' title="bbox 257 1329 1045 1364; baseline -0.001 -6"><span class='ocrx_word' id='word_1_305' title='bbox 257 1331 385 1358; x_wconf 77' lang='lat' dir='ltr'><strong>sordibus</strong></span> <span class='ocrx_word' id='word_1_306' title='bbox 411 1331 604 1364; x_wconf 86' lang='lat' dir='ltr'><strong>inquinarunt,</strong></span> <span class='ocrx_word' id='word_1_307' title='bbox 633 1329 795 1362; x_wconf 86' lang='lat' dir='ltr'><strong>denudabit,</strong></span> <span class='ocrx_word' id='word_1_308' title='bbox 825 1333 852 1356; x_wconf 89' lang='lat' dir='ltr'><strong>et</strong></span> <span class='ocrx_word' id='word_1_309' title='bbox 878 1333 946 1361; x_wconf 91' lang='lat' dir='ltr'><strong>tum,</strong></span> <span class='ocrx_word' id='word_1_310' title='bbox 975 1329 1045 1357; x_wconf 74' lang='lat' dir='ltr'><strong>heu!</strong></span> 
     </span>
    </p>
   </div>
   <div class='ocr_carea' id='block_1_43' title="bbox 257 1374 881 1409">
    <p class='ocr_par' dir='ltr' id='par_1_43' title="bbox 257 1374 881 1409">
     <span class='ocr_line' id='line_1_43' title="bbox 257 1374 881 1409; baseline -0.002 -6"><span class='ocrx_word' id='word_1_311' title='bbox 257 1376 426 1404; x_wconf 74' lang='lat' dir='ltr'><strong>cruciatibus</strong></span> <span class='ocrx_word' id='word_1_312' title='bbox 441 1375 646 1402; x_wconf 78' lang='lat' dir='ltr'><strong>mandabantur</strong></span> <span class='ocrx_word' id='word_1_313' title='bbox 662 1374 838 1409; x_wconf 85' lang='lat' dir='ltr'><strong>sempiternis</strong></span> <span class='ocrx_word' id='word_1_314' title='bbox 850 1376 881 1402; x_wconf 84' lang='lat'><strong>&quot;.</strong></span> 
     </span>
    </p>
   </div>
   <div class='ocr_carea' id='block_1_44' title="bbox 294 1419 1046 1455">
    <p class='ocr_par' dir='ltr' id='par_1_44' title="bbox 294 1419 1046 1455">
     <span class='ocr_line' id='line_1_44' title="bbox 294 1419 1046 1455; baseline -0.003 -7"><span class='ocrx_word' id='word_1_315' title='bbox 294 1422 377 1448; x_wconf 76' lang='lat' dir='ltr'><strong>Esset</strong></span> <span class='ocrx_word' id='word_1_316' title='bbox 392 1421 528 1455; x_wconf 88' lang='lat' dir='ltr'><strong>siquidem</strong></span> <span class='ocrx_word' id='word_1_317' title='bbox 541 1429 556 1447; x_wconf 84' lang='lat' dir='ltr'><strong>a</strong></span> <span class='ocrx_word' id='word_1_318' title='bbox 571 1420 676 1448; x_wconf 86' lang='lat' dir='ltr'><strong>ratione</strong></span> <span class='ocrx_word' id='word_1_319' title='bbox 693 1420 890 1447; x_wconf 87' lang='lat' dir='ltr'><strong>alienissimum</strong></span> <span class='ocrx_word' id='word_1_320' title='bbox 905 1419 1046 1447; x_wconf 87' lang='lat' dir='ltr'><strong>absurdis-</strong></span> 
     </span>
    </p>
   </div>
   <div class='ocr_carea' id='block_1_45' title="bbox 257 1464 1045 1499">
    <p class='ocr_par' dir='ltr' id='par_1_45' title="bbox 257 1464 1045 1499">
     <span class='ocr_line' id='line_1_45' title="bbox 257 1464 1045 1499; baseline -0.003 -7"><span class='ocrx_word' id='word_1_321' title='bbox 257 1465 423 1499; x_wconf 88' lang='lat' dir='ltr'><strong>simumque,</strong></span> <span class='ocrx_word' id='word_1_322' title='bbox 438 1469 542 1492; x_wconf 88' lang='lat' dir='ltr'><strong>tantum</strong></span> <span class='ocrx_word' id='word_1_323' title='bbox 561 1464 736 1497; x_wconf 87' lang='lat' dir='ltr'><strong>beneﬁcium,</strong></span> <span class='ocrx_word' id='word_1_324' title='bbox 759 1469 920 1499; x_wconf 83' lang='lat' dir='ltr'><strong>tantumque</strong></span> <span class='ocrx_word' id='word_1_325' title='bbox 941 1465 1045 1491; x_wconf 88' lang='lat' dir='ltr'><strong>donum</strong></span> 
     </span>
    </p>
   </div>
   <div class='ocr_carea' id='block_1_46' title="bbox 259 1509 1047 1545">
    <p class='ocr_par' dir='ltr' id='par_1_46' title="bbox 259 1509 1047 1545">
     <span class='ocr_line' id='line_1_46' title="bbox 259 1509 1047 1545; baseline 0 -8"><span class='ocrx_word' id='word_1_326' title='bbox 259 1518 314 1537; x_wconf 89' lang='lat' dir='ltr'><strong>una</strong></span> <span class='ocrx_word' id='word_1_327' title='bbox 334 1518 396 1537; x_wconf 92' lang='lat' dir='ltr'><strong>cum</strong></span> <span class='ocrx_word' id='word_1_328' title='bbox 414 1509 504 1537; x_wconf 90' lang='lat' dir='ltr'><strong>anima</strong></span> <span class='ocrx_word' id='word_1_329' title='bbox 518 1511 667 1545; x_wconf 79' lang='lat' dir='ltr'><strong>ignominia</strong></span> <span class='ocrx_word' id='word_1_330' title='bbox 685 1510 766 1543; x_wconf 82' lang='lat' dir='ltr'><strong>allici,</strong></span> <span class='ocrx_word' id='word_1_331' title='bbox 781 1515 863 1545; x_wconf 85' lang='lat' dir='ltr'><strong>atque</strong></span> <span class='ocrx_word' id='word_1_332' title='bbox 880 1509 1047 1538; x_wconf 88' lang='lat' dir='ltr'><strong>condemna-</strong></span> 
     </span>
    </p>
   </div>
   <div class='ocr_carea' id='block_1_47' title="bbox 258 1556 1045 1591">
    <p class='ocr_par' dir='ltr' id='par_1_47' title="bbox 258 1556 1045 1591">
     <span class='ocr_line' id='line_1_47' title="bbox 258 1556 1045 1591; baseline 0.003 -9"><span class='ocrx_word' id='word_1_333' title='bbox 258 1557 291 1583; x_wconf 89' lang='lat' dir='ltr'><strong>ri.</strong></span> <span class='ocrx_word' id='word_1_334' title='bbox 308 1556 402 1583; x_wconf 85' lang='lat' dir='ltr'><strong>Gratia</strong></span> <span class='ocrx_word' id='word_1_335' title='bbox 425 1556 509 1590; x_wconf 79' lang='lat' dir='ltr'><strong>igitur</strong></span> <span class='ocrx_word' id='word_1_336' title='bbox 536 1557 652 1591; x_wconf 81' lang='lat' dir='ltr'><strong>privata,</strong></span> <span class='ocrx_word' id='word_1_337' title='bbox 677 1557 822 1584; x_wconf 90' lang='lat' dir='ltr'><strong>tormentis</strong></span> <span class='ocrx_word' id='word_1_338' title='bbox 848 1557 970 1584; x_wconf 87' lang='lat' dir='ltr'><strong>deditur.</strong></span> <span class='ocrx_word' id='word_1_339' title='bbox 989 1557 1045 1584; x_wconf 88' lang='lat' dir='ltr'><strong>Nec</strong></span> 
     </span>
    </p>
   </div>
   <div class='ocr_carea' id='block_1_48' title="bbox 1099 962 1888 1002">
    <p class='ocr_par' dir='ltr' id='par_1_48' title="bbox 1099 962 1888 1002">
     <span class='ocr_line' id='line_1_48' title="bbox 1099 962 1888 1002; baseline 0.004 -14"><span class='ocrx_word' id='word_1_340' title='bbox 1099 963 1159 994; x_wconf 86' lang='lat' dir='ltr'><strong>vis,</strong></span> <span class='ocrx_word' id='word_1_341' title='bbox 1187 967 1215 989; x_wconf 86' lang='lat' dir='ltr'><strong>et</strong></span> <span class='ocrx_word' id='word_1_342' title='bbox 1245 962 1404 989; x_wconf 81' lang='lat' dir='ltr'><strong>felicitatem</strong></span> <span class='ocrx_word' id='word_1_343' title='bbox 1433 963 1507 990; x_wconf 86' lang='lat' dir='ltr'><strong>illam</strong></span> <span class='ocrx_word' id='word_1_344' title='bbox 1532 963 1726 1002; x_wconf 70' lang='lat' dir='ltr'><strong>concupiscis,</strong></span> <span class='ocrx_word' id='word_1_345' title='bbox 1752 964 1833 991; x_wconf 72' lang='lat' dir='ltr'><strong>ﬁdem</strong></span> <span class='ocrx_word' id='word_1_346' title='bbox 1861 968 1888 991; x_wconf 88' lang='lat' dir='ltr'><strong>et</strong></span> 
     </span>
    </p>
   </div>
   <div class='ocr_carea' id='block_1_49' title="bbox 1099 1008 1410 1043">
    <p class='ocr_par' dir='ltr' id='par_1_49' title="bbox 1099 1008 1410 1043">
     <span class='ocr_line' id='line_1_49' title="bbox 1099 1008 1410 1043; baseline 0 -8"><span class='ocrx_word' id='word_1_347' title='bbox 1099 1015 1182 1043; x_wconf 87' lang='lat' dir='ltr'><strong>opera</strong></span> <span class='ocrx_word' id='word_1_348' title='bbox 1199 1008 1250 1035; x_wconf 89' lang='lat' dir='ltr'><strong>rite</strong></span> <span class='ocrx_word' id='word_1_349' title='bbox 1263 1008 1410 1043; x_wconf 81' lang='lat' dir='ltr'><strong>conjunge.</strong></span> 
     </span>
    </p>
   </div>
   <div class='ocr_carea' id='block_1_50' title="bbox 1134 1054 1884 1090">
    <p class='ocr_par' dir='ltr' id='par_1_50' title="bbox 1134 1054 1884 1090">
     <span class='ocr_line' id='line_1_50' title="bbox 1134 1054 1884 1090; baseline 0.003 -10"><span class='ocrx_word' id='word_1_350' title='bbox 1134 1054 1232 1081; x_wconf 74' lang='lat' dir='ltr'><strong>ANIIA.</strong></span> <span class='ocrx_word' id='word_1_351' title='bbox 1247 1054 1360 1089; x_wconf 83' lang='lat' dir='ltr'><strong>Expone</strong></span> <span class='ocrx_word' id='word_1_352' title='bbox 1379 1055 1462 1089; x_wconf 86' lang='lat' dir='ltr'><strong>igitur</strong></span> <span class='ocrx_word' id='word_1_353' title='bbox 1475 1062 1601 1089; x_wconf 71' lang='lat' dir='ltr'><strong>quaenam</strong></span> <span class='ocrx_word' id='word_1_354' title='bbox 1623 1062 1706 1088; x_wconf 87' lang='lat' dir='ltr'><strong>opera</strong></span> <span class='ocrx_word' id='word_1_355' title='bbox 1725 1055 1862 1090; x_wconf 75' lang='lat' dir='ltr'><strong>intelligas</strong></span> <span class='ocrx_word' id='word_1_356' title='bbox 1877 1064 1884 1081; x_wconf 89' lang='lat'><strong>:</strong></span> 
     </span>
    </p>
   </div>
   <div class='ocr_carea' id='block_1_51' title="bbox 1098 1100 1879 1136">
    <p class='ocr_par' dir='ltr' id='par_1_51' title="bbox 1098 1100 1879 1136">
     <span class='ocr_line' id='line_1_51' title="bbox 1098 1100 1879 1136; baseline 0.001 -9"><span class='ocrx_word' id='word_1_357' title='bbox 1098 1105 1129 1127; x_wconf 87' lang='lat' dir='ltr'><strong>ut</strong></span> <span class='ocrx_word' id='word_1_358' title='bbox 1143 1100 1188 1127; x_wconf 91' lang='lat' dir='ltr'><strong>ubi</strong></span> <span class='ocrx_word' id='word_1_359' title='bbox 1206 1107 1372 1135; x_wconf 81' lang='lat' dir='ltr'><strong>cognovero,</strong></span> <span class='ocrx_word' id='word_1_360' title='bbox 1387 1100 1422 1127; x_wconf 88' lang='lat' dir='ltr'><strong>ad</strong></span> <span class='ocrx_word' id='word_1_361' title='bbox 1435 1108 1466 1128; x_wconf 91' lang='lat' dir='ltr'><strong>ea</strong></span> <span class='ocrx_word' id='word_1_362' title='bbox 1483 1105 1558 1128; x_wconf 87' lang='lat' dir='ltr'><strong>recte</strong></span> <span class='ocrx_word' id='word_1_363' title='bbox 1569 1103 1724 1136; x_wconf 60' lang='lat' dir='ltr'><strong>praestanda</strong></span> <span class='ocrx_word' id='word_1_364' title='bbox 1740 1101 1879 1129; x_wconf 79' lang='lat' dir='ltr'><strong>festinem.</strong></span> 
     </span>
    </p>
   </div>
   <div class='ocr_carea' id='block_1_52' title="bbox 1097 1146 1535 1182">
    <p class='ocr_par' dir='ltr' id='par_1_52' title="bbox 1097 1146 1535 1182">
     <span class='ocr_line' id='line_1_52' title="bbox 1097 1146 1535 1182; baseline 0.002 -9"><span class='ocrx_word' id='word_1_365' title='bbox 1097 1146 1231 1182; x_wconf 81' lang='lat' dir='ltr'><strong>Agedum,</strong></span> <span class='ocrx_word' id='word_1_366' title='bbox 1249 1146 1305 1180; x_wconf 89' lang='lat' dir='ltr'><strong>dic,</strong></span> <span class='ocrx_word' id='word_1_367' title='bbox 1319 1146 1398 1180; x_wconf 89' lang='lat' dir='ltr'><strong>doce,</strong></span> <span class='ocrx_word' id='word_1_368' title='bbox 1411 1154 1535 1175; x_wconf 85' lang='lat' dir='ltr'><strong>recense.</strong></span> 
     </span>
    </p>
   </div>
   <div class='ocr_carea' id='block_1_53' title="bbox 1411 1214 1572 1242">
    <p class='ocr_par' dir='ltr' id='par_1_53' title="bbox 1411 1214 1572 1242">
     <span class='ocr_line' id='line_1_53' title="bbox 1411 1214 1572 1242; baseline 0 0"><span class='ocrx_word' id='word_1_369' title='bbox 1411 1214 1524 1242; x_wconf 78' lang='lat' dir='ltr'><strong>CAPUT</strong></span> <span class='ocrx_word' id='word_1_370' title='bbox 1539 1215 1572 1242; x_wconf 86' lang='lat' dir='ltr'><strong>ll.</strong></span> 
     </span>
    </p>
   </div>
   <div class='ocr_carea' id='block_1_54' title="bbox 1097 1269 1887 1310">
    <p class='ocr_par' dir='ltr' id='par_1_54' title="bbox 1097 1269 1887 1310">
     <span class='ocr_line' id='line_1_54' title="bbox 1097 1269 1887 1310; baseline 0.006 -14"><span class='ocrx_word' id='word_1_371' title='bbox 1097 1269 1227 1303; x_wconf 69' lang='lat' dir='ltr'><strong>Qumnam</strong></span> <span class='ocrx_word' id='word_1_372' title='bbox 1251 1271 1382 1310; x_wconf 64' lang='lat' dir='ltr'><strong>mandata</strong></span> <span class='ocrx_word' id='word_1_373' title='bbox 1417 1271 1525 1310; x_wconf 77' lang='lat' dir='ltr'><strong>divina,_</strong></span> <span class='ocrx_word' id='word_1_374' title='bbox 1550 1273 1603 1310; x_wconf 68' lang='lat' dir='ltr'><strong>sive</strong></span> <span class='ocrx_word' id='word_1_375' title='bbox 1626 1280 1707 1307; x_wconf 81' lang='lat' dir='ltr'><strong>opera</strong></span> <span class='ocrx_word' id='word_1_376' title='bbox 1731 1281 1801 1300; x_wconf 75' lang='lat' dir='ltr'><strong>nona</strong></span> <span class='ocrx_word' id='word_1_377' title='bbox 1818 1281 1887 1310; x_wconf 72' lang='lat' dir='ltr'><strong>pra:-</strong></span> 
     </span>
    </p>
   </div>
   <div class='ocr_carea' id='block_1_55' title="bbox 1270 1307 1710 1334">
    <p class='ocr_par' dir='ltr' id='par_1_55' title="bbox 1270 1307 1710 1334">
     <span class='ocr_line' id='line_1_55' title="bbox 1270 1307 1710 1334; baseline 0.005 -2"><span class='ocrx_word' id='word_1_378' title='bbox 1270 1307 1405 1333; x_wconf 74' lang='lat' dir='ltr'><strong>atantiora</strong></span> <span class='ocrx_word' id='word_1_379' title='bbox 1423 1307 1542 1334; x_wconf 81' lang='lat' dir='ltr'><strong>ducenda</strong></span> <span class='ocrx_word' id='word_1_380' title='bbox 1559 1308 1710 1334; x_wconf 78' lang='lat' dir='ltr'><strong>vidcantur.</strong></span> 
     </span>
    </p>
   </div>
   <div class='ocr_carea' id='block_1_56' title="bbox 1133 1373 1885 1409">
    <p class='ocr_par' dir='ltr' id='par_1_56' title="bbox 1133 1373 1885 1409">
     <span class='ocr_line' id='line_1_56' title="bbox 1133 1373 1885 1409; baseline 0.004 -10"><span class='ocrx_word' id='word_1_381' title='bbox 1133 1373 1215 1400; x_wconf 63' lang='lat' dir='ltr'><strong>Cano.</strong></span> <span class='ocrx_word' id='word_1_382' title='bbox 1243 1373 1278 1400; x_wconf 89' lang='lat' dir='ltr'><strong>Et</strong></span> <span class='ocrx_word' id='word_1_383' title='bbox 1308 1374 1428 1408; x_wconf 77' lang='lat' dir='ltr'><strong>plurima</strong></span> <span class='ocrx_word' id='word_1_384' title='bbox 1453 1378 1481 1401; x_wconf 89' lang='lat' dir='ltr'><strong>et</strong></span> <span class='ocrx_word' id='word_1_385' title='bbox 1507 1374 1708 1409; x_wconf 86' lang='lat' dir='ltr'><strong>pulcherrima,</strong></span> <span class='ocrx_word' id='word_1_386' title='bbox 1738 1379 1766 1402; x_wconf 89' lang='lat' dir='ltr'><strong>et</strong></span> <span class='ocrx_word' id='word_1_387' title='bbox 1793 1375 1885 1402; x_wconf 81' lang='lat' dir='ltr'><strong>omnia</strong></span> 
     </span>
    </p>
   </div>
   <div class='ocr_carea' id='block_1_57' title="bbox 1097 1417 1886 1456">
    <p class='ocr_par' dir='ltr' id='par_1_57' title="bbox 1097 1417 1886 1456">
     <span class='ocr_line' id='line_1_57' title="bbox 1097 1417 1886 1456; baseline 0.004 -11"><span class='ocrx_word' id='word_1_388' title='bbox 1097 1417 1239 1446; x_wconf 83' lang='lat' dir='ltr'><strong>fructuosa</strong></span> <span class='ocrx_word' id='word_1_389' title='bbox 1263 1423 1336 1446; x_wconf 90' lang='lat' dir='ltr'><strong>sunt.</strong></span> <span class='ocrx_word' id='word_1_390' title='bbox 1360 1418 1426 1452; x_wconf 68' lang='lat' dir='ltr'><strong>Quae</strong></span> <span class='ocrx_word' id='word_1_391' title='bbox 1445 1424 1537 1447; x_wconf 88' lang='lat' dir='ltr'><strong>autem</strong></span> <span class='ocrx_word' id='word_1_392' title='bbox 1559 1420 1684 1453; x_wconf 84' lang='lat' dir='ltr'><strong>meliora,</strong></span> <span class='ocrx_word' id='word_1_393' title='bbox 1709 1426 1737 1448; x_wconf 84' lang='lat' dir='ltr'><strong>et</strong></span> <span class='ocrx_word' id='word_1_394' title='bbox 1763 1421 1886 1456; x_wconf 83' lang='lat' dir='ltr'><strong>pulchris</strong></span> 
     </span>
    </p>
   </div>
   <div class='ocr_carea' id='block_1_58' title="bbox 1098 1465 1886 1500">
    <p class='ocr_par' dir='ltr' id='par_1_58' title="bbox 1098 1465 1886 1500">
     <span class='ocr_line' id='line_1_58' title="bbox 1098 1465 1886 1500; baseline 0.006 -10"><span class='ocrx_word' id='word_1_395' title='bbox 1098 1465 1270 1499; x_wconf 85' lang='lat' dir='ltr'><strong>pulchriora,</strong></span> <span class='ocrx_word' id='word_1_396' title='bbox 1285 1465 1387 1499; x_wconf 87' lang='lat' dir='ltr'><strong>quibus</strong></span> <span class='ocrx_word' id='word_1_397' title='bbox 1400 1467 1564 1500; x_wconf 84' lang='lat' dir='ltr'><strong>compendio</strong></span> <span class='ocrx_word' id='word_1_398' title='bbox 1579 1466 1612 1493; x_wconf 87' lang='lat' dir='ltr'><strong>ad</strong></span> <span class='ocrx_word' id='word_1_399' title='bbox 1628 1467 1773 1494; x_wconf 88' lang='lat' dir='ltr'><strong>Dominum</strong></span> <span class='ocrx_word' id='word_1_400' title='bbox 1791 1475 1886 1495; x_wconf 86' lang='lat' dir='ltr'><strong>ascen-</strong></span> 
     </span>
    </p>
   </div>
   <div class='ocr_carea' id='block_1_59' title="bbox 1097 1511 1884 1548">
    <p class='ocr_par' dir='ltr' id='par_1_59' title="bbox 1097 1511 1884 1548">
     <span class='ocr_line' id='line_1_59' title="bbox 1097 1511 1884 1548; baseline 0.003 -11"><span class='ocrx_word' id='word_1_401' title='bbox 1097 1511 1189 1543; x_wconf 86' lang='lat' dir='ltr'><strong>datur,</strong></span> <span class='ocrx_word' id='word_1_402' title='bbox 1209 1511 1322 1538; x_wconf 86' lang='lat' dir='ltr'><strong>omnino</strong></span> <span class='ocrx_word' id='word_1_403' title='bbox 1336 1519 1351 1537; x_wconf 86' lang='lat' dir='ltr'><strong>a</strong></span> <span class='ocrx_word' id='word_1_404' title='bbox 1369 1519 1412 1539; x_wconf 90' lang='lat' dir='ltr'><strong>me</strong></span> <span class='ocrx_word' id='word_1_405' title='bbox 1434 1511 1593 1539; x_wconf 86' lang='lat' dir='ltr'><strong>docendum</strong></span> <span class='ocrx_word' id='word_1_406' title='bbox 1614 1520 1645 1540; x_wconf 87' lang='lat' dir='ltr'><strong>ac</strong></span> <span class='ocrx_word' id='word_1_407' title='bbox 1670 1514 1884 1548; x_wconf 73' lang='lat' dir='ltr'><strong>przecipiendum</strong></span> 
     </span>
    </p>
   </div>
   <div class='ocr_carea' id='block_1_60' title="bbox 1096 1555 1884 1592">
    <p class='ocr_par' dir='ltr' id='par_1_60' title="bbox 1096 1555 1884 1592">
     <span class='ocr_line' id='line_1_60' title="bbox 1096 1555 1884 1592; baseline 0.004 -10"><span class='ocrx_word' id='word_1_408' title='bbox 1096 1561 1148 1583; x_wconf 87' lang='lat' dir='ltr'><strong>est.</strong></span> <span class='ocrx_word' id='word_1_409' title='bbox 1176 1555 1228 1583; x_wconf 85' lang='lat' dir='ltr'><strong>Sex</strong></span> <span class='ocrx_word' id='word_1_410' title='bbox 1257 1557 1457 1589; x_wconf 89' lang='lat' dir='ltr'><strong>tantummodo,</strong></span> <span class='ocrx_word' id='word_1_411' title='bbox 1484 1565 1535 1585; x_wconf 91' lang='lat' dir='ltr'><strong>nec</strong></span> <span class='ocrx_word' id='word_1_412' title='bbox 1551 1558 1640 1592; x_wconf 85' lang='lat' dir='ltr'><strong>plura,</strong></span> <span class='ocrx_word' id='word_1_413' title='bbox 1666 1563 1732 1585; x_wconf 90' lang='lat' dir='ltr'><strong>sunt</strong></span> <span class='ocrx_word' id='word_1_414' title='bbox 1756 1566 1884 1586; x_wconf 89' lang='lat' dir='ltr'><strong>numero.</strong></span> 
     </span>
    </p>
   </div>
   <div class='ocr_carea' id='block_1_61' title="bbox 259 1591 1882 1638">
    <p class='ocr_par' dir='ltr' id='par_1_61' title="bbox 259 1591 1882 1638">
     <span class='ocr_line' id='line_1_61' title="bbox 259 1591 1882 1638; baseline 0 -8"><span class='ocrx_word' id='word_1_415' title='bbox 259 1603 336 1630; x_wconf 88' lang='lat' dir='ltr'><strong>solus</strong></span> <span class='ocrx_word' id='word_1_416' title='bbox 363 1602 481 1629; x_wconf 80' lang='lat' dir='ltr'><strong>Basilius</strong></span> <span class='ocrx_word' id='word_1_417' title='bbox 499 1602 550 1629; x_wconf 85' lang='lat' dir='ltr'><strong>ista</strong></span> <span class='ocrx_word' id='word_1_418' title='bbox 568 1611 628 1637; x_wconf 68' lang='lat' dir='ltr'><strong>quae</strong></span> <span class='ocrx_word' id='word_1_419' title='bbox 645 1603 713 1634; x_wconf 78' lang='lat' dir='ltr'><strong>dixi,</strong></span> <span class='ocrx_word' id='word_1_420' title='bbox 735 1604 836 1638; x_wconf 78' lang='lat' dir='ltr'><strong>scripta</strong></span> <span class='ocrx_word' id='word_1_421' title='bbox 853 1603 977 1638; x_wconf 89' lang='lat' dir='ltr'><strong>reliquit,</strong></span> <span class='ocrx_word' id='word_1_422' title='bbox 995 1603 1044 1631; x_wconf 92' lang='lat' dir='ltr'><strong>sed</strong></span> <span class='ocrx_word' id='word_1_423' title='bbox 1057 1591 1079 1620; x_wconf 68' lang='grc' dir='ltr'><strong>θ</strong></span> <span class='ocrx_word' id='word_1_424' title='bbox 1096 1603 1164 1630; x_wconf 83' lang='lat' dir='ltr'><strong>Vide</strong></span> <span class='ocrx_word' id='word_1_425' title='bbox 1180 1603 1345 1638; x_wconf 80' lang='lat' dir='ltr'><strong>catalogum,</strong></span> <span class='ocrx_word' id='word_1_426' title='bbox 1360 1607 1388 1630; x_wconf 91' lang='lat' dir='ltr'><strong>et</strong></span> <span class='ocrx_word' id='word_1_427' title='bbox 1403 1610 1464 1638; x_wconf 65' lang='lat' dir='ltr'><strong>qua</strong></span> <span class='ocrx_word' id='word_1_428' title='bbox 1479 1603 1535 1630; x_wconf 87' lang='lat' dir='ltr'><strong>sint</strong></span> <span class='ocrx_word' id='word_1_429' title='bbox 1550 1591 1644 1630; x_wconf 78' lang='lat' dir='ltr'><strong>hosce.</strong></span> <span class='ocrx_word' id='word_1_430' title='bbox 1660 1603 1802 1631; x_wconf 83' lang='lat' dir='ltr'><strong>Esurienti</strong></span> <span class='ocrx_word' id='word_1_431' title='bbox 1816 1604 1882 1631; x_wconf 90' lang='lat' dir='ltr'><strong>mihi</strong></span> 
     </span>
    </p>
   </div>
   <div class='ocr_carea' id='block_1_62' title="bbox 257 1649 1046 1686">
    <p class='ocr_par' dir='ltr' id='par_1_62' title="bbox 257 1649 1046 1686">
     <span class='ocr_line' id='line_1_62' title="bbox 257 1649 1046 1686; baseline 0.001 -10"><span class='ocrx_word' id='word_1_432' title='bbox 257 1649 361 1676; x_wconf 86' lang='lat' dir='ltr'><strong>alicubi</strong></span> <span class='ocrx_word' id='word_1_433' title='bbox 386 1650 468 1676; x_wconf 90' lang='lat' dir='ltr'><strong>etiam</strong></span> <span class='ocrx_word' id='word_1_434' title='bbox 498 1649 742 1684; x_wconf 86' lang='lat' dir='ltr'><strong>eloquentissimus</strong></span> <span class='ocrx_word' id='word_1_435' title='bbox 766 1649 990 1686; x_wconf 75' lang='lat' dir='ltr'><strong>Chrysostomus,</strong></span> <span class='ocrx_word' id='word_1_436' title='bbox 1010 1654 1046 1686; x_wconf 82' lang='lat' dir='ltr'><strong>et</strong></span> 
     </span>
    </p>
   </div>
   <div class='ocr_carea' id='block_1_63' title="bbox 258 1684 1046 1729">
    <p class='ocr_par' dir='ltr' id='par_1_63' title="bbox 258 1684 1046 1729">
     <span class='ocr_line' id='line_1_63' title="bbox 258 1684 1046 1729; baseline 0.001 -9"><span class='ocrx_word' id='word_1_437' title='bbox 258 1701 320 1720; x_wconf 79' lang='lat' dir='ltr'><strong>cum</strong></span> <span class='ocrx_word' id='word_1_438' title='bbox 347 1693 390 1720; x_wconf 93' lang='lat' dir='ltr'><strong>his</strong></span> <span class='ocrx_word' id='word_1_439' title='bbox 416 1693 636 1727; x_wconf 85' lang='lat' dir='ltr'><strong>Amphilochius,</strong></span> <span class='ocrx_word' id='word_1_440' title='bbox 663 1697 728 1723; x_wconf 88' lang='lat' dir='ltr'><strong>tres.</strong></span> <span class='ocrx_word' id='word_1_441' title='bbox 758 1684 881 1729; x_wconf 80' lang='lat' dir='ltr'><strong>inquam,</strong></span> <span class='ocrx_word' id='word_1_442' title='bbox 909 1695 939 1721; x_wconf 92' lang='lat' dir='ltr'><strong>bi</strong></span> <span class='ocrx_word' id='word_1_443' title='bbox 971 1684 1046 1722; x_wconf 82' lang='lat' dir='ltr'><strong>velut</strong></span> 
     </span>
    </p>
   </div>
   <div class='ocr_carea' id='block_1_64' title="bbox 259 1738 1045 1774">
    <p class='ocr_par' dir='ltr' id='par_1_64' title="bbox 259 1738 1045 1774">
     <span class='ocr_line' id='line_1_64' title="bbox 259 1738 1045 1774; baseline 0.001 -9"><span class='ocrx_word' id='word_1_444' title='bbox 259 1739 389 1766; x_wconf 63' lang='lat' dir='ltr'><strong>Ecclesiae</strong></span> <span class='ocrx_word' id='word_1_445' title='bbox 403 1738 506 1771; x_wconf 88' lang='lat' dir='ltr'><strong>sidera,</strong></span> <span class='ocrx_word' id='word_1_446' title='bbox 523 1739 702 1774; x_wconf 85' lang='lat' dir='ltr'><strong>magistrique</strong></span> <span class='ocrx_word' id='word_1_447' title='bbox 720 1739 801 1767; x_wconf 87' lang='lat' dir='ltr'><strong>Verbi</strong></span> <span class='ocrx_word' id='word_1_448' title='bbox 819 1739 867 1767; x_wconf 88' lang='lat' dir='ltr'><strong>Dei</strong></span> <span class='ocrx_word' id='word_1_449' title='bbox 884 1740 995 1767; x_wconf 83' lang='lat' dir='ltr'><strong>maximi</strong></span> <span class='ocrx_word' id='word_1_450' title='bbox 1012 1747 1045 1767; x_wconf 88' lang='lat' dir='ltr'><strong>ac</strong></span> 
     </span>
    </p>
   </div>
   <div class='ocr_carea' id='block_1_65' title="bbox 259 1784 490 1819">
    <p class='ocr_par' dir='ltr' id='par_1_65' title="bbox 259 1784 490 1819">
     <span class='ocr_line' id='line_1_65' title="bbox 259 1784 490 1819; baseline -0.004 -7"><span class='ocrx_word' id='word_1_451' title='bbox 259 1784 490 1819; x_wconf 65' lang='lat' dir='ltr'><strong>praestantissimi.</strong></span> 
     </span>
    </p>
   </div>
   <div class='ocr_carea' id='block_1_66' title="bbox 292 1829 1044 1866">
    <p class='ocr_par' dir='ltr' id='par_1_66' title="bbox 292 1829 1044 1866">
     <span class='ocr_line' id='line_1_66' title="bbox 292 1829 1044 1866; baseline 0.003 -10"><span class='ocrx_word' id='word_1_452' title='bbox 292 1831 388 1856; x_wconf 70' lang='lat' dir='ltr'><strong>ANIIA.</strong></span> <span class='ocrx_word' id='word_1_453' title='bbox 406 1830 502 1858; x_wconf 90' lang='lat' dir='ltr'><strong>Testes</strong></span> <span class='ocrx_word' id='word_1_454' title='bbox 527 1835 555 1857; x_wconf 91' lang='lat' dir='ltr'><strong>tu</strong></span> <span class='ocrx_word' id='word_1_455' title='bbox 573 1829 641 1857; x_wconf 80' lang='lat' dir='ltr'><strong>mihi</strong></span> <span class='ocrx_word' id='word_1_456' title='bbox 658 1838 712 1857; x_wconf 94' lang='lat' dir='ltr'><strong>non</strong></span> <span class='ocrx_word' id='word_1_457' title='bbox 736 1831 916 1866; x_wconf 86' lang='lat' dir='ltr'><strong>spernendos,</strong></span> <span class='ocrx_word' id='word_1_458' title='bbox 937 1831 1044 1866; x_wconf 83' lang='lat' dir='ltr'><strong>ﬁdeque</strong></span> 
     </span>
    </p>
   </div>
   <div class='ocr_carea' id='block_1_67' title="bbox 257 1875 1046 1910">
    <p class='ocr_par' dir='ltr' id='par_1_67' title="bbox 257 1875 1046 1910">
     <span class='ocr_line' id='line_1_67' title="bbox 257 1875 1046 1910; baseline 0.001 -8"><span class='ocrx_word' id='word_1_459' title='bbox 257 1875 432 1910; x_wconf 80' lang='lat' dir='ltr'><strong>dignissimos</strong></span> <span class='ocrx_word' id='word_1_460' title='bbox 449 1883 585 1903; x_wconf 86' lang='lat' dir='ltr'><strong>memoras</strong></span> <span class='ocrx_word' id='word_1_461' title='bbox 600 1886 606 1903; x_wconf 90' lang='lat'><strong>:</strong></span> <span class='ocrx_word' id='word_1_462' title='bbox 627 1885 635 1901; x_wconf 78' lang='grc' dir='ltr'><strong>ι</strong></span> <span class='ocrx_word' id='word_1_463' title='bbox 658 1876 726 1903; x_wconf 83' lang='lat' dir='ltr'><strong>Nam</strong></span> <span class='ocrx_word' id='word_1_464' title='bbox 744 1877 770 1903; x_wconf 85' lang='lat' dir='ltr'><strong>in</strong></span> <span class='ocrx_word' id='word_1_465' title='bbox 789 1885 837 1904; x_wconf 76' lang='lat' dir='ltr'><strong>ore</strong></span> <span class='ocrx_word' id='word_1_466' title='bbox 854 1877 982 1909; x_wconf 81' lang='lat' dir='ltr'><strong>duorum,</strong></span> <span class='ocrx_word' id='word_1_467' title='bbox 999 1881 1046 1904; x_wconf 87' lang='lat' dir='ltr'><strong>aut</strong></span> 
     </span>
    </p>
   </div>
   <div class='ocr_carea' id='block_1_68' title="bbox 257 1921 1045 1956">
    <p class='ocr_par' dir='ltr' id='par_1_68' title="bbox 257 1921 1045 1956">
     <span class='ocr_line' id='line_1_68' title="bbox 257 1921 1045 1956; baseline 0.003 -8"><span class='ocrx_word' id='word_1_468' title='bbox 257 1922 341 1948; x_wconf 88' lang='lat' dir='ltr'><strong>trium</strong></span> <span class='ocrx_word' id='word_1_469' title='bbox 361 1921 470 1949; x_wconf 87' lang='lat' dir='ltr'><strong>testium</strong></span> <span class='ocrx_word' id='word_1_470' title='bbox 495 1922 579 1949; x_wconf 85' lang='lat' dir='ltr'><strong>stabit</strong></span> <span class='ocrx_word' id='word_1_471' title='bbox 604 1930 686 1949; x_wconf 88' lang='lat' dir='ltr'><strong>omne</strong></span> <span class='ocrx_word' id='word_1_472' title='bbox 710 1923 824 1950; x_wconf 72' lang='lat' dir='ltr'><strong>verbum</strong></span> <span class='ocrx_word' id='word_1_473' title='bbox 847 1923 869 1950; x_wconf 91' lang='grc'><strong>⁷.</strong></span> <span class='ocrx_word' id='word_1_474' title='bbox 891 1932 900 1949; x_wconf 75' lang='grc' dir='ltr'><strong>ι</strong></span> <span class='ocrx_word' id='word_1_475' title='bbox 925 1923 1004 1956; x_wconf 88' lang='lat' dir='ltr'><strong>Quod</strong></span> <span class='ocrx_word' id='word_1_476' title='bbox 1022 1923 1045 1950; x_wconf 88' lang='lat' dir='ltr'><strong>si</strong></span> 
     </span>
    </p>
   </div>
   <div class='ocr_carea' id='block_1_69' title="bbox 256 1967 1040 2004">
    <p class='ocr_par' dir='ltr' id='par_1_69' title="bbox 256 1967 1040 2004">
     <span class='ocr_line' id='line_1_69' title="bbox 256 1967 1040 2004; baseline 0.004 -11"><span class='ocrx_word' id='word_1_477' title='bbox 256 1967 350 2002; x_wconf 79' lang='lat' dir='ltr'><strong>plures</strong></span> <span class='ocrx_word' id='word_1_478' title='bbox 364 1968 515 2002; x_wconf 87' lang='lat' dir='ltr'><strong>producere</strong></span> <span class='ocrx_word' id='word_1_479' title='bbox 528 1971 616 2002; x_wconf 88' lang='lat' dir='ltr'><strong>potes,</strong></span> <span class='ocrx_word' id='word_1_480' title='bbox 631 1976 691 2004; x_wconf 82' lang='lat' dir='ltr'><strong>age,</strong></span> <span class='ocrx_word' id='word_1_481' title='bbox 705 1969 868 2004; x_wconf 83' lang='lat' dir='ltr'><strong>producito;</strong></span> <span class='ocrx_word' id='word_1_482' title='bbox 884 1969 949 1997; x_wconf 89' lang='lat' dir='ltr'><strong>licet</strong></span> <span class='ocrx_word' id='word_1_483' title='bbox 964 1969 1040 1996; x_wconf 88' lang='lat' dir='ltr'><strong>enim</strong></span> 
     </span>
    </p>
   </div>
   <div class='ocr_carea' id='block_1_70' title="bbox 258 2013 508 2047">
    <p class='ocr_par' dir='ltr' id='par_1_70' title="bbox 258 2013 508 2047">
     <span class='ocr_line' id='line_1_70' title="bbox 258 2013 508 2047; baseline 0.008 -9"><span class='ocrx_word' id='word_1_484' title='bbox 258 2014 354 2039; x_wconf 84' lang='lat' dir='ltr'><strong>testari</strong></span> <span class='ocrx_word' id='word_1_485' title='bbox 372 2013 508 2047; x_wconf 83' lang='lat' dir='ltr'><strong>pluribus.</strong></span> 
     </span>
    </p>
   </div>
   <div class='ocr_carea' id='block_1_71' title="bbox 291 2057 1043 2093">
    <p class='ocr_par' dir='ltr' id='par_1_71' title="bbox 291 2057 1043 2093">
     <span class='ocr_line' id='line_1_71' title="bbox 291 2057 1043 2093; baseline 0 -8"><span class='ocrx_word' id='word_1_486' title='bbox 291 2057 373 2085; x_wconf 61' lang='lat' dir='ltr'><strong>Cano.</strong></span> <span class='ocrx_word' id='word_1_487' title='bbox 390 2058 461 2093; x_wconf 78' lang='lat' dir='ltr'><strong>Ergo</strong></span> <span class='ocrx_word' id='word_1_488' title='bbox 480 2059 563 2085; x_wconf 92' lang='lat' dir='ltr'><strong>alium</strong></span> <span class='ocrx_word' id='word_1_489' title='bbox 590 2062 687 2085; x_wconf 87' lang='lat' dir='ltr'><strong>testem</strong></span> <span class='ocrx_word' id='word_1_490' title='bbox 715 2058 791 2090; x_wconf 88' lang='lat' dir='ltr'><strong>audi,</strong></span> <span class='ocrx_word' id='word_1_491' title='bbox 808 2058 852 2085; x_wconf 91' lang='lat' dir='ltr'><strong>cui</strong></span> <span class='ocrx_word' id='word_1_492' title='bbox 885 2058 979 2089; x_wconf 87' lang='lat' dir='ltr'><strong>crede,</strong></span> <span class='ocrx_word' id='word_1_493' title='bbox 997 2058 1043 2085; x_wconf 90' lang='lat' dir='ltr'><strong>cui</strong></span> 
     </span>
    </p>
   </div>
   <div class='ocr_carea' id='block_1_72' title="bbox 258 2102 1044 2138">
    <p class='ocr_par' dir='ltr' id='par_1_72' title="bbox 258 2102 1044 2138">
     <span class='ocr_line' id='line_1_72' title="bbox 258 2102 1044 2138; baseline 0.001 -9"><span class='ocrx_word' id='word_1_494' title='bbox 258 2102 338 2130; x_wconf 88' lang='lat' dir='ltr'><strong>ﬁdem</strong></span> <span class='ocrx_word' id='word_1_495' title='bbox 364 2103 434 2130; x_wconf 87' lang='lat' dir='ltr'><strong>habe</strong></span> <span class='ocrx_word' id='word_1_496' title='bbox 452 2112 459 2130; x_wconf 84' lang='lat'>;</span> <span class='ocrx_word' id='word_1_497' title='bbox 475 2104 559 2130; x_wconf 77' lang='lat' dir='ltr'><strong>verba</strong></span> <span class='ocrx_word' id='word_1_498' title='bbox 575 2104 648 2130; x_wconf 90' lang='lat' dir='ltr'><strong>enim</strong></span> <span class='ocrx_word' id='word_1_499' title='bbox 664 2103 811 2138; x_wconf 79' lang='lat' dir='ltr'><strong>Scriptura:</strong></span> <span class='ocrx_word' id='word_1_500' title='bbox 827 2108 900 2130; x_wconf 91' lang='lat' dir='ltr'><strong>sunt.</strong></span> <span class='ocrx_word' id='word_1_501' title='bbox 915 2104 952 2131; x_wconf 87' lang='lat' dir='ltr'><strong>0s</strong></span> <span class='ocrx_word' id='word_1_502' title='bbox 965 2111 1044 2130; x_wconf 90' lang='lat' dir='ltr'><strong>nam-</strong></span> 
     </span>
    </p>
   </div>
   <div class='ocr_carea' id='block_1_73' title="bbox 257 2147 1043 2183">
    <p class='ocr_par' dir='ltr' id='par_1_73' title="bbox 257 2147 1043 2183">
     <span class='ocr_line' id='line_1_73' title="bbox 257 2147 1043 2183; baseline 0.003 -10"><span class='ocrx_word' id='word_1_503' title='bbox 257 2155 310 2182; x_wconf 87' lang='lat' dir='ltr'><strong>que</strong></span> <span class='ocrx_word' id='word_1_504' title='bbox 327 2147 441 2179; x_wconf 84' lang='lat' dir='ltr'><strong>Christi,</strong></span> <span class='ocrx_word' id='word_1_505' title='bbox 455 2153 482 2174; x_wconf 89' lang='lat' dir='ltr'><strong>et</strong></span> <span class='ocrx_word' id='word_1_506' title='bbox 497 2155 611 2183; x_wconf 85' lang='lat' dir='ltr'><strong>magnus</strong></span> <span class='ocrx_word' id='word_1_507' title='bbox 626 2148 665 2175; x_wconf 90' lang='lat' dir='ltr'><strong>illi</strong></span> <span class='ocrx_word' id='word_1_508' title='bbox 681 2156 770 2183; x_wconf 55' lang='lat' dir='ltr'><strong>preco</strong></span> <span class='ocrx_word' id='word_1_509' title='bbox 786 2149 899 2181; x_wconf 87' lang='lat' dir='ltr'><strong>Paulus,</strong></span> <span class='ocrx_word' id='word_1_510' title='bbox 918 2148 1043 2176; x_wconf 58' lang='lat' dir='ltr'><strong>Hebraeis</strong></span> 
     </span>
    </p>
   </div>
   <div class='ocr_carea' id='block_1_74' title="bbox 293 2204 1045 2242">
    <p class='ocr_par' dir='ltr' id='par_1_74' title="bbox 293 2204 1045 2239">
     <span class='ocr_line' id='line_1_74' title="bbox 293 2204 1045 2239; baseline 0.003 -8"><span class='ocrx_word' id='word_1_511' title='bbox 293 2205 303 2220; x_wconf 90' lang='lat'><strong><em>&quot;</em></strong></span> <span class='ocrx_word' id='word_1_512' title='bbox 317 2204 413 2232; x_wconf 84' lang='lat' dir='ltr'><strong>Matth.</strong></span> <span class='ocrx_word' id='word_1_513' title='bbox 430 2213 504 2238; x_wconf 81' lang='lat' dir='ltr'><strong>xvm,</strong></span> <span class='ocrx_word' id='word_1_514' title='bbox 520 2205 564 2232; x_wconf 83' lang='grc'><strong>16.</strong></span> <span class='ocrx_word' id='word_1_515' title='bbox 587 2205 598 2222; x_wconf 84' lang='grc'><strong><em>⁸</em></strong></span> <span class='ocrx_word' id='word_1_516' title='bbox 615 2205 693 2232; x_wconf 75' lang='lat' dir='ltr'><strong>Rom.</strong></span> <span class='ocrx_word' id='word_1_517' title='bbox 708 2213 737 2239; x_wconf 84' lang='grc' dir='ltr'>ιι,</span> <span class='ocrx_word' id='word_1_518' title='bbox 749 2205 794 2233; x_wconf 76' lang='grc'><strong>25.</strong></span> <span class='ocrx_word' id='word_1_519' title='bbox 829 2207 840 2222; x_wconf 82' lang='grc'><strong><em>⁸</em></strong></span> <span class='ocrx_word' id='word_1_520' title='bbox 857 2205 865 2233; x_wconf 95' lang='lat' dir='ltr'><strong>l</strong></span> <span class='ocrx_word' id='word_1_521' title='bbox 881 2205 943 2233; x_wconf 88' lang='lat' dir='ltr'><strong>Cor.</strong></span> <span class='ocrx_word' id='word_1_522' title='bbox 958 2214 1005 2239; x_wconf 82' lang='lat' dir='ltr'><strong>vn,</strong></span> <span class='ocrx_word' id='word_1_523' title='bbox 1023 2207 1045 2233; x_wconf 75' lang='lat' dir='ltr'><strong>lt</strong></span> 
     </span>
    </p>
   </div>
   <div class='ocr_carea' id='block_1_75' title="bbox 1096 2204 1308 2242">
    <p class='ocr_par' dir='ltr' id='par_1_75' title="bbox 1098 2207 1308 2242">
     <span class='ocr_line' id='line_1_75' title="bbox 1098 2207 1308 2242; baseline 0.005 -7"><span class='ocrx_word' id='word_1_524' title='bbox 1098 2209 1119 2224; x_wconf 86' lang='lat'><strong>&#39;°</strong></span> <span class='ocrx_word' id='word_1_525' title='bbox 1129 2207 1206 2237; x_wconf 81' lang='lat' dir='ltr'><strong>Rom.</strong></span> <span class='ocrx_word' id='word_1_526' title='bbox 1217 2217 1246 2242; x_wconf 83' lang='grc' dir='ltr'>ιι,</span> <span class='ocrx_word' id='word_1_527' title='bbox 1265 2210 1308 2237; x_wconf 81' lang='lat' dir='ltr'><strong>l5.</strong></span> 
     </span>
    </p>
   </div>
   <div class='ocr_carea' id='block_1_76' title="bbox 1094 1649 1884 1685">
    <p class='ocr_par' dir='ltr' id='par_1_76' title="bbox 1094 1649 1884 1685">
     <span class='ocr_line' id='line_1_76' title="bbox 1094 1649 1884 1685; baseline 0 -9"><span class='ocrx_word' id='word_1_528' title='bbox 1094 1649 1197 1681; x_wconf 90' lang='lat' dir='ltr'><strong>cibum,</strong></span> <span class='ocrx_word' id='word_1_529' title='bbox 1219 1649 1326 1676; x_wconf 89' lang='lat' dir='ltr'><strong>sitienti</strong></span> <span class='ocrx_word' id='word_1_530' title='bbox 1356 1649 1473 1676; x_wconf 82' lang='lat' dir='ltr'><strong>dedistis</strong></span> <span class='ocrx_word' id='word_1_531' title='bbox 1502 1655 1611 1684; x_wconf 86' lang='lat' dir='ltr'><strong>potum.</strong></span> <span class='ocrx_word' id='word_1_532' title='bbox 1638 1649 1819 1685; x_wconf 84' lang='lat' dir='ltr'><strong>Peregrinum</strong></span> <span class='ocrx_word' id='word_1_533' title='bbox 1857 1657 1884 1677; x_wconf 81' lang='lat' dir='ltr'><strong>et</strong></span> 
     </span>
    </p>
   </div>
   <div class='ocr_carea' id='block_1_77' title="bbox 1094 1694 1885 1730">
    <p class='ocr_par' dir='ltr' id='par_1_77' title="bbox 1094 1694 1885 1730">
     <span class='ocr_line' id='line_1_77' title="bbox 1094 1694 1885 1730; baseline 0.001 -10"><span class='ocrx_word' id='word_1_534' title='bbox 1094 1694 1230 1729; x_wconf 87' lang='lat' dir='ltr'><strong>hospitem</strong></span> <span class='ocrx_word' id='word_1_535' title='bbox 1244 1702 1288 1722; x_wconf 92' lang='lat' dir='ltr'><strong>me</strong></span> <span class='ocrx_word' id='word_1_536' title='bbox 1304 1695 1458 1730; x_wconf 78' lang='lat' dir='ltr'><strong>recepistis,</strong></span> <span class='ocrx_word' id='word_1_537' title='bbox 1473 1694 1579 1722; x_wconf 88' lang='lat' dir='ltr'><strong>nudum</strong></span> <span class='ocrx_word' id='word_1_538' title='bbox 1592 1695 1787 1730; x_wconf 89' lang='lat' dir='ltr'><strong>cooperuistis.</strong></span> <span class='ocrx_word' id='word_1_539' title='bbox 1803 1694 1885 1722; x_wconf 82' lang='lat' dir='ltr'><strong>Inﬁr-</strong></span> 
     </span>
    </p>
   </div>
   <div class='ocr_carea' id='block_1_78' title="bbox 1094 1741 1882 1773">
    <p class='ocr_par' dir='ltr' id='par_1_78' title="bbox 1094 1741 1882 1773">
     <span class='ocr_line' id='line_1_78' title="bbox 1094 1741 1882 1773; baseline 0.001 -7"><span class='ocrx_word' id='word_1_540' title='bbox 1094 1748 1156 1767; x_wconf 93' lang='lat' dir='ltr'><strong>mus</strong></span> <span class='ocrx_word' id='word_1_541' title='bbox 1173 1747 1259 1772; x_wconf 87' lang='lat' dir='ltr'><strong>eram,</strong></span> <span class='ocrx_word' id='word_1_542' title='bbox 1277 1745 1305 1767; x_wconf 92' lang='lat' dir='ltr'><strong>et</strong></span> <span class='ocrx_word' id='word_1_543' title='bbox 1336 1741 1363 1767; x_wconf 88' lang='lat' dir='ltr'><strong>in</strong></span> <span class='ocrx_word' id='word_1_544' title='bbox 1379 1748 1499 1773; x_wconf 82' lang='lat' dir='ltr'><strong>carcere,</strong></span> <span class='ocrx_word' id='word_1_545' title='bbox 1516 1746 1544 1768; x_wconf 90' lang='lat' dir='ltr'><strong>et</strong></span> <span class='ocrx_word' id='word_1_546' title='bbox 1560 1741 1724 1772; x_wconf 82' lang='lat' dir='ltr'><strong>accessistis,</strong></span> <span class='ocrx_word' id='word_1_547' title='bbox 1741 1741 1882 1771; x_wconf 81' lang='lat' dir='ltr'><strong>visitastis,</strong></span> 
     </span>
    </p>
   </div>
   <div class='ocr_carea' id='block_1_79' title="bbox 1095 1785 1882 1822">
    <p class='ocr_par' dir='ltr' id='par_1_79' title="bbox 1095 1785 1882 1822">
     <span class='ocr_line' id='line_1_79' title="bbox 1095 1785 1882 1822; baseline 0.001 -11"><span class='ocrx_word' id='word_1_548' title='bbox 1095 1789 1123 1812; x_wconf 87' lang='lat' dir='ltr'><strong>et</strong></span> <span class='ocrx_word' id='word_1_549' title='bbox 1138 1785 1316 1812; x_wconf 87' lang='lat' dir='ltr'><strong>ministrastis</strong></span> <span class='ocrx_word' id='word_1_550' title='bbox 1331 1785 1409 1812; x_wconf 89' lang='lat' dir='ltr'><strong>mihi.</strong></span> <span class='ocrx_word' id='word_1_551' title='bbox 1424 1786 1472 1814; x_wconf 92' lang='lat' dir='ltr'><strong>[lis</strong></span> <span class='ocrx_word' id='word_1_552' title='bbox 1484 1786 1537 1814; x_wconf 86' lang='lat' dir='ltr'><strong>alia</strong></span> <span class='ocrx_word' id='word_1_553' title='bbox 1549 1787 1625 1819; x_wconf 85' lang='lat' dir='ltr'><strong>item,</strong></span> <span class='ocrx_word' id='word_1_554' title='bbox 1635 1795 1723 1821; x_wconf 83' lang='lat' dir='ltr'><strong>eaque</strong></span> <span class='ocrx_word' id='word_1_555' title='bbox 1736 1787 1882 1822; x_wconf 88' lang='lat' dir='ltr'><strong>permulta,</strong></span> 
     </span>
    </p>
   </div>
   <div class='ocr_carea' id='block_1_80' title="bbox 1098 1831 1882 1867">
    <p class='ocr_par' dir='ltr' id='par_1_80' title="bbox 1098 1831 1882 1867">
     <span class='ocr_line' id='line_1_80' title="bbox 1098 1831 1882 1867; baseline 0.003 -11"><span class='ocrx_word' id='word_1_556' title='bbox 1098 1835 1126 1857; x_wconf 90' lang='lat' dir='ltr'><strong>et</strong></span> <span class='ocrx_word' id='word_1_557' title='bbox 1152 1831 1283 1857; x_wconf 80' lang='lat' dir='ltr'><strong>salutaria</strong></span> <span class='ocrx_word' id='word_1_558' title='bbox 1303 1831 1451 1867; x_wconf 67' lang='lat' dir='ltr'><strong>adiungere</strong></span> <span class='ocrx_word' id='word_1_559' title='bbox 1477 1831 1615 1866; x_wconf 86' lang='lat' dir='ltr'><strong>potuisset</strong></span> <span class='ocrx_word' id='word_1_560' title='bbox 1641 1840 1649 1859; x_wconf 90' lang='lat'><strong>:</strong></span> <span class='ocrx_word' id='word_1_561' title='bbox 1674 1839 1770 1859; x_wconf 87' lang='lat' dir='ltr'><strong>verum</strong></span> <span class='ocrx_word' id='word_1_562' title='bbox 1797 1837 1828 1859; x_wconf 93' lang='lat' dir='ltr'><strong>ut</strong></span> <span class='ocrx_word' id='word_1_563' title='bbox 1849 1832 1882 1859; x_wconf 84' lang='lat' dir='ltr'><strong>ad</strong></span> 
     </span>
    </p>
   </div>
   <div class='ocr_carea' id='block_1_81' title="bbox 1097 1876 1885 1913">
    <p class='ocr_par' dir='ltr' id='par_1_81' title="bbox 1097 1876 1885 1913">
     <span class='ocr_line' id='line_1_81' title="bbox 1097 1876 1885 1913; baseline 0.004 -11"><span class='ocrx_word' id='word_1_564' title='bbox 1097 1876 1213 1903; x_wconf 88' lang='lat' dir='ltr'><strong>salutem</strong></span> <span class='ocrx_word' id='word_1_565' title='bbox 1230 1876 1317 1911; x_wconf 79' lang='lat' dir='ltr'><strong>magis</strong></span> <span class='ocrx_word' id='word_1_566' title='bbox 1332 1878 1497 1911; x_wconf 84' lang='lat' dir='ltr'><strong>necessaria,</strong></span> <span class='ocrx_word' id='word_1_567' title='bbox 1513 1878 1599 1913; x_wconf 82' lang='lat' dir='ltr'><strong>magis</strong></span> <span class='ocrx_word' id='word_1_568' title='bbox 1614 1877 1707 1910; x_wconf 89' lang='lat' dir='ltr'><strong>obvia,</strong></span> <span class='ocrx_word' id='word_1_569' title='bbox 1725 1883 1754 1905; x_wconf 92' lang='lat' dir='ltr'><strong>et</strong></span> <span class='ocrx_word' id='word_1_570' title='bbox 1768 1878 1885 1905; x_wconf 83' lang='lat' dir='ltr'><strong>honora-</strong></span> 
     </span>
    </p>
   </div>
   <div class='ocr_carea' id='block_1_82' title="bbox 1096 1921 1882 1958">
    <p class='ocr_par' dir='ltr' id='par_1_82' title="bbox 1096 1921 1882 1958">
     <span class='ocr_line' id='line_1_82' title="bbox 1096 1921 1882 1958; baseline 0.003 -10"><span class='ocrx_word' id='word_1_571' title='bbox 1096 1921 1205 1954; x_wconf 87' lang='lat' dir='ltr'><strong>biliora,</strong></span> <span class='ocrx_word' id='word_1_572' title='bbox 1227 1929 1275 1948; x_wconf 89' lang='lat' dir='ltr'><strong>sex</strong></span> <span class='ocrx_word' id='word_1_573' title='bbox 1297 1922 1431 1949; x_wconf 84' lang='lat' dir='ltr'><strong>duntaxat</strong></span> <span class='ocrx_word' id='word_1_574' title='bbox 1451 1930 1627 1954; x_wconf 86' lang='lat' dir='ltr'><strong>enumerans,</strong></span> <span class='ocrx_word' id='word_1_575' title='bbox 1642 1928 1741 1950; x_wconf 71' lang='lat' dir='ltr'><strong>caetera</strong></span> <span class='ocrx_word' id='word_1_576' title='bbox 1768 1928 1882 1958; x_wconf 70' lang='lat' dir='ltr'><strong>praeter-</strong></span> 
     </span>
    </p>
   </div>
   <div class='ocr_carea' id='block_1_83' title="bbox 1097 1967 1880 2004">
    <p class='ocr_par' dir='ltr' id='par_1_83' title="bbox 1097 1967 1880 2004">
     <span class='ocr_line' id='line_1_83' title="bbox 1097 1967 1880 2004; baseline 0.004 -11"><span class='ocrx_word' id='word_1_577' title='bbox 1097 1967 1184 1994; x_wconf 89' lang='lat' dir='ltr'><strong>misit.</strong></span> <span class='ocrx_word' id='word_1_578' title='bbox 1205 1967 1247 1994; x_wconf 82' lang='lat' dir='ltr'><strong>Ad</strong></span> <span class='ocrx_word' id='word_1_579' title='bbox 1272 1968 1331 1995; x_wconf 66' lang='lat' dir='ltr'><strong>haec</strong></span> <span class='ocrx_word' id='word_1_580' title='bbox 1359 1968 1443 2004; x_wconf 85' lang='lat' dir='ltr'><strong>igitur</strong></span> <span class='ocrx_word' id='word_1_581' title='bbox 1467 1976 1564 1996; x_wconf 86' lang='lat' dir='ltr'><strong>omnes</strong></span> <span class='ocrx_word' id='word_1_582' title='bbox 1586 1969 1671 1996; x_wconf 86' lang='lat' dir='ltr'><strong>allicit</strong></span> <span class='ocrx_word' id='word_1_583' title='bbox 1698 1974 1724 1996; x_wconf 81' lang='lat' dir='ltr'><strong>et</strong></span> <span class='ocrx_word' id='word_1_584' title='bbox 1741 1975 1880 2004; x_wconf 87' lang='lat' dir='ltr'><strong>provocat,</strong></span> 
     </span>
    </p>
   </div>
   <div class='ocr_carea' id='block_1_84' title="bbox 1096 2011 1880 2050">
    <p class='ocr_par' dir='ltr' id='par_1_84' title="bbox 1096 2011 1880 2050">
     <span class='ocr_line' id='line_1_84' title="bbox 1096 2011 1880 2050; baseline 0.004 -12"><span class='ocrx_word' id='word_1_585' title='bbox 1096 2011 1205 2045; x_wconf 67' lang='lat' dir='ltr'><strong>divites,</strong></span> <span class='ocrx_word' id='word_1_586' title='bbox 1226 2020 1371 2048; x_wconf 87' lang='lat' dir='ltr'><strong>pauperes,</strong></span> <span class='ocrx_word' id='word_1_587' title='bbox 1395 2021 1500 2046; x_wconf 79' lang='lat' dir='ltr'><strong>servos,</strong></span> <span class='ocrx_word' id='word_1_588' title='bbox 1525 2015 1652 2042; x_wconf 88' lang='lat' dir='ltr'><strong>dominos</strong></span> <span class='ocrx_word' id='word_1_589' title='bbox 1677 2024 1683 2042; x_wconf 91' lang='lat'><strong>:</strong></span> <span class='ocrx_word' id='word_1_590' title='bbox 1711 2016 1880 2050; x_wconf 87' lang='lat' dir='ltr'><strong>reliquorum</strong></span> 
     </span>
    </p>
   </div>
   <div class='ocr_carea' id='block_1_85' title="bbox 1097 2060 1882 2096">
    <p class='ocr_par' dir='ltr' id='par_1_85' title="bbox 1097 2060 1882 2096">
     <span class='ocr_line' id='line_1_85' title="bbox 1097 2060 1882 2096; baseline 0.006 -11"><span class='ocrx_word' id='word_1_591' title='bbox 1097 2066 1176 2086; x_wconf 90' lang='lat' dir='ltr'><strong>usum</strong></span> <span class='ocrx_word' id='word_1_592' title='bbox 1204 2060 1359 2089; x_wconf 85' lang='lat' dir='ltr'><strong>volentibus</strong></span> <span class='ocrx_word' id='word_1_593' title='bbox 1385 2062 1532 2096; x_wconf 90' lang='lat' dir='ltr'><strong>permittit,</strong></span> <span class='ocrx_word' id='word_1_594' title='bbox 1555 2063 1692 2090; x_wconf 85' lang='lat' dir='ltr'><strong>neminem</strong></span> <span class='ocrx_word' id='word_1_595' title='bbox 1716 2063 1750 2089; x_wconf 81' lang='lat' dir='ltr'><strong>ad</strong></span> <span class='ocrx_word' id='word_1_596' title='bbox 1774 2070 1806 2090; x_wconf 87' lang='lat' dir='ltr'><strong>ea</strong></span> <span class='ocrx_word' id='word_1_597' title='bbox 1829 2063 1882 2090; x_wconf 88' lang='lat' dir='ltr'><strong>ullo</strong></span> 
     </span>
    </p>
   </div>
   <div class='ocr_carea' id='block_1_86' title="bbox 1096 2105 1371 2141">
    <p class='ocr_par' dir='ltr' id='par_1_86' title="bbox 1096 2105 1371 2141">
     <span class='ocr_line' id='line_1_86' title="bbox 1096 2105 1371 2141; baseline 0.015 -10"><span class='ocrx_word' id='word_1_598' title='bbox 1096 2105 1178 2132; x_wconf 88' lang='lat' dir='ltr'><strong>modo</strong></span> <span class='ocrx_word' id='word_1_599' title='bbox 1191 2107 1371 2141; x_wconf 86' lang='lat' dir='ltr'><strong>compellens.</strong></span> 
     </span>
    </p>
   </div>
   <div class='ocr_carea' id='block_1_87' title="bbox 1130 2150 1879 2191">
    <p class='ocr_par' dir='ltr' id='par_1_87' title="bbox 1130 2150 1879 2191">
     <span class='ocr_line' id='line_1_87' title="bbox 1130 2150 1879 2191; baseline 0.007 -14"><span class='ocrx_word' id='word_1_600' title='bbox 1130 2150 1229 2191; x_wconf 58' lang='lat' dir='ltr'><strong>Anius.</strong></span> <span class='ocrx_word' id='word_1_601' title='bbox 1255 2152 1312 2179; x_wconf 88' lang='lat' dir='ltr'><strong>Ede</strong></span> <span class='ocrx_word' id='word_1_602' title='bbox 1342 2160 1425 2188; x_wconf 90' lang='lat' dir='ltr'><strong>porro</strong></span> <span class='ocrx_word' id='word_1_603' title='bbox 1452 2153 1514 2186; x_wconf 85' lang='lat' dir='ltr'><strong>ista,</strong></span> <span class='ocrx_word' id='word_1_604' title='bbox 1541 2161 1659 2188; x_wconf 87' lang='lat' dir='ltr'><strong>quorum</strong></span> <span class='ocrx_word' id='word_1_605' title='bbox 1688 2154 1879 2182; x_wconf 87' lang='lat' dir='ltr'><strong>necessitatem</strong></span> 
     </span>
    </p>
   </div>
   <div class='ocr_carea' id='block_1_88' title="bbox 1359 2209 1622 2244">
    <p class='ocr_par' dir='ltr' id='par_1_88' title="bbox 1359 2209 1622 2244">
     <span class='ocr_line' id='line_1_88' title="bbox 1359 2209 1622 2244; baseline 0.008 -7"><span class='ocrx_word' id='word_1_606' title='bbox 1359 2209 1380 2226; x_wconf 82' lang='lat'>“</span> <span class='ocrx_word' id='word_1_607' title='bbox 1395 2210 1488 2238; x_wconf 80' lang='lat' dir='ltr'><strong>Matth.</strong></span> <span class='ocrx_word' id='word_1_608' title='bbox 1513 2218 1562 2244; x_wconf 83' lang='lat' dir='ltr'><strong>vn,</strong></span> <span class='ocrx_word' id='word_1_609' title='bbox 1576 2211 1622 2239; x_wconf 77' lang='lat'><strong>2|.</strong></span> 
     </span>
    </p>
   </div>
   <div class='ocr_carea' id='block_1_89' title="bbox 991 2278 1126 2310">
    <p class='ocr_par' dir='ltr' id='par_1_89' title="bbox 991 2278 1126 2310">
     <span class='ocr_line' id='line_1_89' title="bbox 991 2278 1126 2310; baseline 0.015 -2"><span class='ocrx_word' id='word_1_610' title='bbox 991 2278 1126 2310; x_wconf 52' lang='lat' dir='ltr'><strong>Scholia.</strong></span> 
     </span>
    </p>
   </div>
   <div class='ocr_carea' id='block_1_90' title="bbox 291 2335 1079 2374">
    <p class='ocr_par' dir='ltr' id='par_1_90' title="bbox 291 2335 1079 2374">
     <span class='ocr_line' id='line_1_90' title="bbox 291 2335 1079 2374; baseline 0.006 -13"><span class='ocrx_word' id='word_1_611' title='bbox 291 2335 374 2374; x_wconf 50' lang='lat' dir='ltr'><strong>‘iVon</strong></span> <span class='ocrx_word' id='word_1_612' title='bbox 391 2336 510 2374; x_wconf 66' lang='lat' dir='ltr'><strong>eamdem</strong></span> <span class='ocrx_word' id='word_1_613' title='bbox 537 2345 640 2374; x_wconf 62' lang='lat' dir='ltr'><strong>plenam</strong></span> <span class='ocrx_word' id='word_1_614' title='bbox 658 2343 720 2365; x_wconf 84' lang='lat' dir='ltr'><strong>ante</strong></span> <span class='ocrx_word' id='word_1_615' title='bbox 734 2343 758 2365; x_wconf 87' lang='lat' dir='ltr'><strong>et</strong></span> <span class='ocrx_word' id='word_1_616' title='bbox 772 2344 828 2374; x_wconf 75' lang='lat' dir='ltr'><strong>post</strong></span> <span class='ocrx_word' id='word_1_617' title='bbox 842 2338 934 2366; x_wconf 82' lang='lat' dir='ltr'><strong>initam</strong></span> <span class='ocrx_word' id='word_1_618' title='bbox 949 2348 1039 2366; x_wconf 74' lang='lat' dir='ltr'><strong>sacer-</strong></span> <span class='ocrx_word' id='word_1_619' title='bbox 1057 2344 1079 2371; x_wconf 80' lang='grc' dir='ltr'><strong>ο</strong></span> 
     </span>
    </p>
   </div>
   <div class='ocr_carea' id='block_1_91' title="bbox 257 2371 1038 2409">
    <p class='ocr_par' dir='ltr' id='par_1_91' title="bbox 257 2371 1038 2409">
     <span class='ocr_line' id='line_1_91' title="bbox 257 2371 1038 2409; baseline 0.005 -12"><span class='ocrx_word' id='word_1_620' title='bbox 257 2371 321 2409; x_wconf 79' lang='lat' dir='ltr'><strong>dotii</strong></span> <span class='ocrx_word' id='word_1_621' title='bbox 341 2371 495 2406; x_wconf 84' lang='lat' dir='ltr'><strong>dignitatem</strong></span> <span class='ocrx_word' id='word_1_622' title='bbox 522 2372 693 2404; x_wconf 74' lang='lat' dir='ltr'><strong>exsolvemus.</strong></span> <span class='ocrx_word' id='word_1_623' title='bbox 718 2375 741 2401; x_wconf 77' lang='lat' dir='ltr'><strong>si</strong></span> <span class='ocrx_word' id='word_1_624' title='bbox 761 2371 960 2409; x_wconf 72' lang='lat' dir='ltr'><strong>pet-caverimus.</strong></span> <span class='ocrx_word' id='word_1_625' title='bbox 987 2376 1038 2407; x_wconf 78' lang='lat' dir='ltr'><strong>Qui</strong></span> 
     </span>
    </p>
   </div>
   <div class='ocr_carea' id='block_1_92' title="bbox 257 2408 1038 2443">
    <p class='ocr_par' dir='ltr' id='par_1_92' title="bbox 257 2408 1038 2443">
     <span class='ocr_line' id='line_1_92' title="bbox 257 2408 1038 2443; baseline 0.005 -11"><span class='ocrx_word' id='word_1_626' title='bbox 257 2408 324 2433; x_wconf 79' lang='lat' dir='ltr'><strong>enim</strong></span> <span class='ocrx_word' id='word_1_627' title='bbox 343 2414 375 2443; x_wconf 80' lang='lat' dir='ltr'><strong>ne</strong></span> <span class='ocrx_word' id='word_1_628' title='bbox 400 2410 504 2433; x_wconf 77' lang='lat' dir='ltr'><strong>tantum</strong></span> <span class='ocrx_word' id='word_1_629' title='bbox 528 2408 633 2442; x_wconf 81' lang='lat' dir='ltr'><strong>quidem</strong></span> <span class='ocrx_word' id='word_1_630' title='bbox 659 2410 783 2435; x_wconf 73' lang='lat' dir='ltr'><strong>honorent</strong></span> <span class='ocrx_word' id='word_1_631' title='bbox 808 2409 896 2443; x_wconf 77' lang='lat' dir='ltr'><strong>adepti</strong></span> <span class='ocrx_word' id='word_1_632' title='bbox 920 2409 1038 2436; x_wconf 79' lang='lat' dir='ltr'><strong>meliores</strong></span> 
     </span>
    </p>
   </div>
   <div class='ocr_carea' id='block_1_93' title="bbox 257 2442 1039 2478">
    <p class='ocr_par' dir='ltr' id='par_1_93' title="bbox 257 2442 1039 2478">
     <span class='ocr_line' id='line_1_93' title="bbox 257 2442 1039 2478; baseline 0.005 -11"><span class='ocrx_word' id='word_1_633' title='bbox 257 2442 395 2478; x_wconf 65' lang='lat' dir='ltr'><strong>egoserint,</strong></span> <span class='ocrx_word' id='word_1_634' title='bbox 413 2442 494 2478; x_wconf 77' lang='lat' dir='ltr'><strong>multo</strong></span> <span class='ocrx_word' id='word_1_635' title='bbox 519 2444 624 2477; x_wconf 79' lang='lat' dir='ltr'><strong>gravius</strong></span> <span class='ocrx_word' id='word_1_636' title='bbox 658 2449 682 2470; x_wconf 82' lang='lat' dir='ltr'><strong>et</strong></span> <span class='ocrx_word' id='word_1_637' title='bbox 707 2445 789 2470; x_wconf 69' lang='lat' dir='ltr'><strong>dirius</strong></span> <span class='ocrx_word' id='word_1_638' title='bbox 802 2442 866 2478; x_wconf 76' lang='lat' dir='ltr'><strong>jure</strong></span> <span class='ocrx_word' id='word_1_639' title='bbox 886 2446 1039 2478; x_wconf 61' lang='lat' dir='ltr'><strong>puniantur;</strong></span> 
     </span>
    </p>
   </div>
   <div class='ocr_carea' id='block_1_94' title="bbox 257 2475 1040 2514">
    <p class='ocr_par' dir='ltr' id='par_1_94' title="bbox 257 2475 1040 2514">
     <span class='ocr_line' id='line_1_94' title="bbox 257 2475 1040 2514; baseline 0.004 -12"><span class='ocrx_word' id='word_1_640' title='bbox 257 2475 369 2503; x_wconf 78' lang='lat' dir='ltr'><strong>Honoris</strong></span> <span class='ocrx_word' id='word_1_641' title='bbox 388 2477 483 2514; x_wconf 86' lang='lat' dir='ltr'><strong>quipp_e</strong></span> <span class='ocrx_word' id='word_1_642' title='bbox 502 2475 654 2513; x_wconf 75' lang='lat' dir='ltr'><strong>niaguitudo</strong></span> <span class='ocrx_word' id='word_1_643' title='bbox 677 2475 842 2513; x_wconf 73' lang='lat' dir='ltr'><strong>peccantibus</strong></span> <span class='ocrx_word' id='word_1_644' title='bbox 867 2475 989 2514; x_wconf 71' lang='lat' dir='ltr'><strong>supplicii</strong></span> <span class='ocrx_word' id='word_1_645' title='bbox 1009 2480 1040 2513; x_wconf 78' lang='lat' dir='ltr'><strong>ﬁt</strong></span> 
     </span>
    </p>
   </div>
   <div class='ocr_carea' id='block_1_95' title="bbox 257 2512 1040 2551">
    <p class='ocr_par' dir='ltr' id='par_1_95' title="bbox 257 2512 1040 2551">
     <span class='ocr_line' id='line_1_95' title="bbox 257 2512 1040 2551; baseline 0.003 -13"><span class='ocrx_word' id='word_1_646' title='bbox 257 2517 435 2551; x_wconf 66' lang='lat' dir='ltr'><strong>augmentum.</strong></span> <span class='ocrx_word' id='word_1_647' title='bbox 455 2512 488 2538; x_wconf 85' lang='lat' dir='ltr'><strong>Et</strong></span> <span class='ocrx_word' id='word_1_648' title='bbox 505 2512 551 2546; x_wconf 87' lang='lat' dir='ltr'><strong>qui</strong></span> <span class='ocrx_word' id='word_1_649' title='bbox 569 2514 688 2551; x_wconf 70' lang='lat' dir='ltr'><strong>indignos</strong></span> <span class='ocrx_word' id='word_1_650' title='bbox 706 2518 870 2551; x_wconf 74' lang='lat' dir='ltr'><strong>consecrant,</strong></span> <span class='ocrx_word' id='word_1_651' title='bbox 888 2512 1040 2541; x_wconf 72' lang='lat' dir='ltr'><strong>earumdem</strong></span> 
     </span>
    </p>
   </div>
   <div class='ocr_carea' id='block_1_96' title="bbox 257 2547 1041 2584">
    <p class='ocr_par' dir='ltr' id='par_1_96' title="bbox 257 2547 1041 2584">
     <span class='ocr_line' id='line_1_96' title="bbox 257 2547 1041 2584; baseline 0.005 -13"><span class='ocrx_word' id='word_1_652' title='bbox 257 2554 316 2572; x_wconf 86' lang='lat' dir='ltr'><strong>cum</strong></span> <span class='ocrx_word' id='word_1_653' title='bbox 340 2547 404 2580; x_wconf 71' lang='lat' dir='ltr'><strong>ipsis</strong></span> <span class='ocrx_word' id='word_1_654' title='bbox 419 2555 558 2580; x_wconf 72' lang='lat' dir='ltr'><strong>pinnarum</strong></span> <span class='ocrx_word' id='word_1_655' title='bbox 575 2549 612 2575; x_wconf 84' lang='lat' dir='ltr'><strong>rei</strong></span> <span class='ocrx_word' id='word_1_656' title='bbox 627 2547 708 2582; x_wconf 26' lang='lat' dir='ltr'><strong>’suut,</strong></span> <span class='ocrx_word' id='word_1_657' title='bbox 725 2550 828 2576; x_wconf 72' lang='lat' dir='ltr'><strong>tametsi</strong></span> <span class='ocrx_word' id='word_1_658' title='bbox 853 2557 918 2584; x_wconf 75' lang='lat' dir='ltr'><strong>quos</strong></span> <span class='ocrx_word' id='word_1_659' title='bbox 944 2557 1041 2575; x_wconf 62' lang='lat' dir='ltr'><strong>conse—</strong></span> 
     </span>
    </p>
   </div>
   <div class='ocr_carea' id='block_1_97' title="bbox 257 2586 564 2611">
    <p class='ocr_par' dir='ltr' id='par_1_97' title="bbox 257 2586 564 2611">
     <span class='ocr_line' id='line_1_97' title="bbox 257 2586 564 2611; baseline 0.007 -4"><span class='ocrx_word' id='word_1_660' title='bbox 257 2586 343 2611; x_wconf 75' lang='lat' dir='ltr'><strong>c/unt,</strong></span> <span class='ocrx_word' id='word_1_661' title='bbox 360 2590 410 2607; x_wconf 83' lang='lat' dir='ltr'><strong>non</strong></span> <span class='ocrx_word' id='word_1_662' title='bbox 428 2588 564 2610; x_wconf 72' lang='lat' dir='ltr'><strong>nouerunt.</strong></span> 
     </span>
    </p>
   </div>
   <div class='ocr_carea' id='block_1_98' title="bbox 293 2615 1040 2653">
    <p class='ocr_par' dir='ltr' id='par_1_98' title="bbox 293 2615 1040 2653">
     <span class='ocr_line' id='line_1_98' title="bbox 293 2615 1040 2653; baseline 0.007 -12"><span class='ocrx_word' id='word_1_663' title='bbox 293 2615 424 2653; x_wconf 59' lang='lat' dir='ltr'><strong>&quot;pinnas</strong></span> <span class='ocrx_word' id='word_1_664' title='bbox 439 2618 483 2651; x_wconf 82' lang='lat' dir='ltr'><strong>qui</strong></span> <span class='ocrx_word' id='word_1_665' title='bbox 496 2619 523 2644; x_wconf 86' lang='lat' dir='ltr'><strong>in</strong></span> <span class='ocrx_word' id='word_1_666' title='bbox 539 2619 647 2645; x_wconf 81' lang='lat' dir='ltr'><strong>circuitu</strong></span> <span class='ocrx_word' id='word_1_667' title='bbox 658 2619 714 2651; x_wconf 72' lang='lat' dir='ltr'><strong>ejus</strong></span> <span class='ocrx_word' id='word_1_668' title='bbox 726 2623 798 2649; x_wconf 76' lang='lat' dir='ltr'><strong>sunt,</strong></span> <span class='ocrx_word' id='word_1_669' title='bbox 810 2618 918 2653; x_wconf 80' lang='lat' dir='ltr'><strong>oﬂ&#39;creut</strong></span> <span class='ocrx_word' id='word_1_670' title='bbox 930 2626 1040 2646; x_wconf 80' lang='lat' dir='ltr'><strong>munera</strong></span> 
     </span>
    </p>
   </div>
   <div class='ocr_carea' id='block_1_99' title="bbox 258 2651 1039 2688">
    <p class='ocr_par' dir='ltr' id='par_1_99' title="bbox 258 2651 1039 2688">
     <span class='ocr_line' id='line_1_99' title="bbox 258 2651 1039 2688; baseline 0.006 -12"><span class='ocrx_word' id='word_1_671' title='bbox 258 2651 367 2688; x_wconf 75' lang='lat' dir='ltr'><strong>terribili</strong></span> <span class='ocrx_word' id='word_1_672' title='bbox 384 2651 471 2688; x_wconf 72' lang='lat' dir='ltr'><strong>(l’sal.</strong></span> <span class='ocrx_word' id='word_1_673' title='bbox 488 2661 566 2684; x_wconf 83' lang='lat' dir='ltr'><strong>Lxxv,</strong></span> <span class='ocrx_word' id='word_1_674' title='bbox 587 2653 641 2686; x_wconf 68' lang='grc' dir='ltr'><strong>η),</strong></span> <span class='ocrx_word' id='word_1_675' title='bbox 659 2659 684 2679; x_wconf 81' lang='lat' dir='ltr'><strong>et</strong></span> <span class='ocrx_word' id='word_1_676' title='bbox 702 2655 725 2680; x_wconf 80' lang='lat' dir='ltr'><strong>ei</strong></span> <span class='ocrx_word' id='word_1_677' title='bbox 742 2655 787 2688; x_wconf 82' lang='lat' dir='ltr'><strong>qui</strong></span> <span class='ocrx_word' id='word_1_678' title='bbox 806 2651 892 2687; x_wconf 74' lang='lat' dir='ltr'><strong>aufert</strong></span> <span class='ocrx_word' id='word_1_679' title='bbox 916 2654 1039 2686; x_wconf 75' lang='lat' dir='ltr'><strong>spiritum</strong></span> 
     </span>
    </p>
   </div>
   <div class='ocr_carea' id='block_1_100' title="bbox 258 2686 1038 2723">
    <p class='ocr_par' dir='ltr' id='par_1_100' title="bbox 258 2686 1038 2723">
     <span class='ocr_line' id='line_1_100' title="bbox 258 2686 1038 2723; baseline 0.005 -13"><span class='ocrx_word' id='word_1_680' title='bbox 258 2686 417 2723; x_wconf 61' lang='lat' dir='ltr'><strong>principatu.</strong></span> <span class='ocrx_word' id='word_1_681' title='bbox 435 2687 503 2713; x_wconf 86' lang='lat' dir='ltr'><strong>Nam</strong></span> <span class='ocrx_word' id='word_1_682' title='bbox 519 2688 589 2722; x_wconf 81' lang='lat' dir='ltr'><strong>apud</strong></span> <span class='ocrx_word' id='word_1_683' title='bbox 605 2686 771 2722; x_wconf 66' lang='lat' dir='ltr'><strong>formidabile</strong></span> <span class='ocrx_word' id='word_1_684' title='bbox 788 2686 856 2714; x_wconf 75' lang='lat' dir='ltr'><strong>illud</strong></span> <span class='ocrx_word' id='word_1_685' title='bbox 870 2688 1038 2723; x_wconf 74' lang='lat' dir='ltr'><strong>divinumque</strong></span> 
     </span>
    </p>
   </div>
   <div class='ocr_carea' id='block_1_101' title="bbox 258 2721 1038 2757">
    <p class='ocr_par' dir='ltr' id='par_1_101' title="bbox 258 2721 1038 2757">
     <span class='ocr_line' id='line_1_101' title="bbox 258 2721 1038 2757; baseline 0.006 -12"><span class='ocrx_word' id='word_1_686' title='bbox 258 2721 376 2757; x_wconf 66' lang='lat' dir='ltr'><strong>triluual</strong></span> <span class='ocrx_word' id='word_1_687' title='bbox 387 2722 455 2755; x_wconf 79' lang='lat' dir='ltr'><strong>justi</strong></span> <span class='ocrx_word' id='word_1_688' title='bbox 474 2724 588 2748; x_wconf 78' lang='lat' dir='ltr'><strong>actiones</strong></span> <span class='ocrx_word' id='word_1_689' title='bbox 605 2721 649 2748; x_wconf 56' lang='lat' dir='ltr'><strong>Seu</strong></span> <span class='ocrx_word' id='word_1_690' title='bbox 665 2731 745 2757; x_wconf 76' lang='lat' dir='ltr'><strong>opera</strong></span> <span class='ocrx_word' id='word_1_691' title='bbox 760 2731 807 2749; x_wconf 77' lang='lat' dir='ltr'><strong>sua</strong></span> <span class='ocrx_word' id='word_1_692' title='bbox 822 2728 951 2757; x_wconf 79' lang='lat' dir='ltr'><strong>tanquam</strong></span> <span class='ocrx_word' id='word_1_693' title='bbox 969 2721 1038 2750; x_wconf 80' lang='lat' dir='ltr'><strong>dona</strong></span> 
     </span>
    </p>
   </div>
   <div class='ocr_carea' id='block_1_102' title="bbox 258 2755 1038 2791">
    <p class='ocr_par' dir='ltr' id='par_1_102' title="bbox 258 2755 1038 2791">
     <span class='ocr_line' id='line_1_102' title="bbox 258 2755 1038 2791; baseline 0.005 -11"><span class='ocrx_word' id='word_1_694' title='bbox 258 2755 311 2780; x_wconf 81' lang='lat' dir='ltr'><strong>Deo</strong></span> <span class='ocrx_word' id='word_1_695' title='bbox 335 2756 454 2790; x_wconf 70' lang='lat' dir='ltr'><strong>offerent.</strong></span> <span class='ocrx_word' id='word_1_696' title='bbox 474 2758 494 2782; x_wconf 83' lang='grc' dir='ltr'><em>Α</em></span> <span class='ocrx_word' id='word_1_697' title='bbox 519 2757 630 2791; x_wconf 77' lang='lat' dir='ltr'><strong>singulis</strong></span> <span class='ocrx_word' id='word_1_698' title='bbox 652 2755 739 2784; x_wconf 83' lang='lat' dir='ltr'><strong>autem</strong></span> <span class='ocrx_word' id='word_1_699' title='bbox 764 2755 941 2791; x_wconf 74' lang='lat' dir='ltr'><strong>peccatoribus</strong></span> <span class='ocrx_word' id='word_1_700' title='bbox 961 2759 1038 2784; x_wconf 64' lang='lat' dir='ltr'><strong>datus</strong></span> 
     </span>
    </p>
   </div>
   <div class='ocr_carea' id='block_1_103' title="bbox 258 2790 1038 2828">
    <p class='ocr_par' dir='ltr' id='par_1_103' title="bbox 258 2790 1038 2828">
     <span class='ocr_line' id='line_1_103' title="bbox 258 2790 1038 2828; baseline 0.008 -14"><span class='ocrx_word' id='word_1_701' title='bbox 258 2790 311 2815; x_wconf 77' lang='lat' dir='ltr'><strong>illis</strong></span> <span class='ocrx_word' id='word_1_702' title='bbox 343 2790 575 2828; x_wconf 64' lang='lat' dir='ltr'><strong>pcr_buptiamuiu</strong></span> <span class='ocrx_word' id='word_1_703' title='bbox 604 2793 711 2826; x_wconf 74' lang='lat' dir='ltr'><strong>spiritus</strong></span> <span class='ocrx_word' id='word_1_704' title='bbox 738 2790 873 2826; x_wconf 78' lang='lat' dir='ltr'><strong>auferetur</strong></span> <span class='ocrx_word' id='word_1_705' title='bbox 901 2797 980 2828; x_wconf 77' lang='lat' dir='ltr'><strong>atque</strong></span> <span class='ocrx_word' id='word_1_706' title='bbox 1002 2794 1038 2820; x_wconf 89' lang='lat' dir='ltr'><strong>ita</strong></span> 
     </span>
    </p>
   </div>
   <div class='ocr_carea' id='block_1_104' title="bbox 259 2825 684 2861">
    <p class='ocr_par' dir='ltr' id='par_1_104' title="bbox 259 2825 684 2861">
     <span class='ocr_line' id='line_1_104' title="bbox 259 2825 684 2861; baseline 0.009 -12"><span class='ocrx_word' id='word_1_707' title='bbox 259 2829 363 2861; x_wconf 60' lang='lat' dir='ltr'><strong>a&#39;terna’</strong></span> <span class='ocrx_word' id='word_1_708' title='bbox 378 2825 436 2852; x_wconf 78' lang='lat' dir='ltr'><strong>illos</strong></span> <span class='ocrx_word' id='word_1_709' title='bbox 453 2834 534 2858; x_wconf 77' lang='lat' dir='ltr'><strong>pwuw</strong></span> <span class='ocrx_word' id='word_1_710' title='bbox 549 2825 684 2861; x_wconf 71' lang='lat' dir='ltr'><strong>excipient.</strong></span> 
     </span>
    </p>
   </div>
   <div class='ocr_carea' id='block_1_105' title="bbox 293 2859 1040 2898">
    <p class='ocr_par' dir='ltr' id='par_1_105' title="bbox 293 2859 1040 2898">
     <span class='ocr_line' id='line_1_105' title="bbox 293 2859 1040 2898; baseline 0.007 -14"><span class='ocrx_word' id='word_1_711' title='bbox 293 2859 432 2893; x_wconf 73' lang='lat' dir='ltr'><strong>Chrysost.</strong></span> <span class='ocrx_word' id='word_1_712' title='bbox 457 2861 530 2887; x_wconf 77' lang='lat' dir='ltr'><strong>Nihil</strong></span> <span class='ocrx_word' id='word_1_713' title='bbox 543 2859 644 2898; x_wconf 53' lang='lat' dir='ltr'><strong>,mnm</strong></span> <span class='ocrx_word' id='word_1_714' title='bbox 659 2863 802 2898; x_wconf 67' lang='lat' dir='ltr'><strong>baptisma;</strong></span> <span class='ocrx_word' id='word_1_715' title='bbox 816 2864 898 2890; x_wconf 83' lang='lat' dir='ltr'><strong>vitam</strong></span> <span class='ocrx_word' id='word_1_716' title='bbox 914 2871 963 2890; x_wconf 75' lang='lat' dir='ltr'><strong>non</strong></span> <span class='ocrx_word' id='word_1_717' title='bbox 979 2863 1040 2890; x_wconf 68' lang='lat' dir='ltr'><strong>(rene</strong></span> 
     </span>
    </p>
   </div>
   <div class='ocr_carea' id='block_1_106' title="bbox 260 2896 594 2928">
    <p class='ocr_par' dir='ltr' id='par_1_106' title="bbox 260 2896 594 2928">
     <span class='ocr_line' id='line_1_106' title="bbox 260 2896 594 2928; baseline 0.015 -11"><span class='ocrx_word' id='word_1_718' title='bbox 260 2899 376 2928; x_wconf 78' lang='lat' dir='ltr'><strong>rectrque</strong></span> <span class='ocrx_word' id='word_1_719' title='bbox 391 2896 594 2922; x_wconf 58' lang='lat' dir='ltr'><strong>instituamus.</strong></span> 
     </span>
    </p>
   </div>
   <div class='ocr_carea' id='block_1_107' title="bbox 1130 2341 1877 2376">
    <p class='ocr_par' dir='ltr' id='par_1_107' title="bbox 1130 2341 1877 2376">
     <span class='ocr_line' id='line_1_107' title="bbox 1130 2341 1877 2376; baseline 0.008 -9"><span class='ocrx_word' id='word_1_720' title='bbox 1130 2350 1140 2366; x_wconf 86' lang='grc'><strong><em>‹</em></strong></span> <span class='ocrx_word' id='word_1_721' title='bbox 1161 2341 1212 2373; x_wconf 83' lang='lat' dir='ltr'><strong>Qui</strong></span> <span class='ocrx_word' id='word_1_722' title='bbox 1227 2342 1304 2369; x_wconf 72' lang='lat' dir='ltr'><strong>habet</strong></span> <span class='ocrx_word' id='word_1_723' title='bbox 1327 2343 1455 2370; x_wconf 80' lang='lat' dir='ltr'><strong>mandata</strong></span> <span class='ocrx_word' id='word_1_724' title='bbox 1481 2352 1551 2375; x_wconf 82' lang='lat' dir='ltr'><strong>mea,</strong></span> <span class='ocrx_word' id='word_1_725' title='bbox 1568 2348 1593 2371; x_wconf 86' lang='lat' dir='ltr'><strong>et</strong></span> <span class='ocrx_word' id='word_1_726' title='bbox 1610 2350 1698 2372; x_wconf 72' lang='lat' dir='ltr'><strong>servat</strong></span> <span class='ocrx_word' id='word_1_727' title='bbox 1721 2353 1763 2376; x_wconf 80' lang='lat' dir='ltr'><strong>ea,</strong></span> <span class='ocrx_word' id='word_1_728' title='bbox 1778 2345 1824 2372; x_wconf 74' lang='lat' dir='ltr'><strong>ille</strong></span> <span class='ocrx_word' id='word_1_729' title='bbox 1841 2351 1877 2373; x_wconf 78' lang='lat' dir='ltr'><strong>ut</strong></span> 
     </span>
    </p>
   </div>
   <div class='ocr_carea' id='block_1_108' title="bbox 1093 2376 1876 2414">
    <p class='ocr_par' dir='ltr' id='par_1_108' title="bbox 1093 2376 1876 2414">
     <span class='ocr_line' id='line_1_108' title="bbox 1093 2376 1876 2414; baseline 0.006 -12"><span class='ocrx_word' id='word_1_730' title='bbox 1093 2376 1137 2410; x_wconf 89' lang='lat' dir='ltr'><strong>qui</strong></span> <span class='ocrx_word' id='word_1_731' title='bbox 1151 2377 1237 2412; x_wconf 83' lang='lat' dir='ltr'><strong>diligit</strong></span> <span class='ocrx_word' id='word_1_732' title='bbox 1252 2386 1302 2404; x_wconf 83' lang='lat' dir='ltr'><strong>me.</strong></span> <span class='ocrx_word' id='word_1_733' title='bbox 1319 2378 1370 2414; x_wconf 77' lang='lat' dir='ltr'><strong>Qui</strong></span> <span class='ocrx_word' id='word_1_734' title='bbox 1383 2384 1470 2406; x_wconf 87' lang='lat' dir='ltr'><strong>autem</strong></span> <span class='ocrx_word' id='word_1_735' title='bbox 1486 2380 1572 2414; x_wconf 80' lang='lat' dir='ltr'><strong>diligit</strong></span> <span class='ocrx_word' id='word_1_736' title='bbox 1587 2388 1638 2411; x_wconf 84' lang='lat' dir='ltr'><strong>me,</strong></span> <span class='ocrx_word' id='word_1_737' title='bbox 1655 2389 1789 2407; x_wconf 71' lang='lat' dir='ltr'><strong>sermones</strong></span> <span class='ocrx_word' id='word_1_738' title='bbox 1809 2390 1876 2408; x_wconf 75' lang='lat' dir='ltr'><strong>meos</strong></span> 
     </span>
    </p>
   </div>
   <div class='ocr_carea' id='block_1_109' title="bbox 1091 2413 1878 2449">
    <p class='ocr_par' dir='ltr' id='par_1_109' title="bbox 1091 2413 1878 2449">
     <span class='ocr_line' id='line_1_109' title="bbox 1091 2413 1878 2449; baseline 0.006 -12"><span class='ocrx_word' id='word_1_739' title='bbox 1091 2416 1189 2449; x_wconf 51' lang='lat' dir='ltr'><strong>servat:</strong></span> <span class='ocrx_word' id='word_1_740' title='bbox 1206 2421 1224 2449; x_wconf 52' lang='lat'><strong>1</strong></span> <span class='ocrx_word' id='word_1_741' title='bbox 1237 2427 1272 2449; x_wconf 65' lang='grc' dir='ltr'><strong>-ς</strong></span> <span class='ocrx_word' id='word_1_742' title='bbox 1291 2422 1300 2449; x_wconf 67' lang='grc' dir='ltr'>ς</span> <span class='ocrx_word' id='word_1_743' title='bbox 1317 2413 1345 2439; x_wconf 82' lang='lat' dir='ltr'><strong>Si</strong></span> <span class='ocrx_word' id='word_1_744' title='bbox 1359 2415 1427 2440; x_wconf 84' lang='lat' dir='ltr'><strong>enim</strong></span> <span class='ocrx_word' id='word_1_745' title='bbox 1445 2421 1491 2449; x_wconf 88' lang='lat' dir='ltr'><strong>ego</strong></span> <span class='ocrx_word' id='word_1_746' title='bbox 1507 2413 1589 2441; x_wconf 66' lang='lat' dir='ltr'><strong>Pater</strong></span> <span class='ocrx_word' id='word_1_747' title='bbox 1601 2423 1670 2447; x_wconf 73' lang='lat' dir='ltr'><strong>sum,</strong></span> <span class='ocrx_word' id='word_1_748' title='bbox 1685 2416 1728 2441; x_wconf 88' lang='lat' dir='ltr'><strong>ubi</strong></span> <span class='ocrx_word' id='word_1_749' title='bbox 1746 2421 1783 2442; x_wconf 72' lang='lat' dir='ltr'><strong>est</strong></span> <span class='ocrx_word' id='word_1_750' title='bbox 1797 2418 1878 2442; x_wconf 80' lang='lat' dir='ltr'><strong>honor</strong></span> 
     </span>
    </p>
   </div>
   <div class='ocr_carea' id='block_1_110' title="bbox 1094 2446 1878 2483">
    <p class='ocr_par' dir='ltr' id='par_1_110' title="bbox 1094 2446 1878 2483">
     <span class='ocr_line' id='line_1_110' title="bbox 1094 2446 1878 2483; baseline 0.009 -12"><span class='ocrx_word' id='word_1_751' title='bbox 1094 2446 1186 2483; x_wconf 60' lang='lat' dir='ltr'><strong>nicas?</strong></span> <span class='ocrx_word' id='word_1_752' title='bbox 1202 2447 1235 2473; x_wconf 88' lang='lat' dir='ltr'><strong>Et</strong></span> <span class='ocrx_word' id='word_1_753' title='bbox 1247 2448 1411 2483; x_wconf 18' lang='lat' dir='ltr'><strong>siibominua</strong></span> <span class='ocrx_word' id='word_1_754' title='bbox 1432 2446 1477 2483; x_wconf 71' lang='lat' dir='ltr'><strong>ego</strong></span> <span class='ocrx_word' id='word_1_755' title='bbox 1499 2458 1567 2479; x_wconf 75' lang='lat' dir='ltr'><strong>sum,</strong></span> <span class='ocrx_word' id='word_1_756' title='bbox 1588 2451 1629 2476; x_wconf 86' lang='lat' dir='ltr'><strong>ubi</strong></span> <span class='ocrx_word' id='word_1_757' title='bbox 1641 2452 1767 2477; x_wconf 71' lang='lat' dir='ltr'><strong>esttimar</strong></span> <span class='ocrx_word' id='word_1_758' title='bbox 1784 2460 1853 2478; x_wconf 71' lang='lat' dir='ltr'><strong>meus</strong></span> <span class='ocrx_word' id='word_1_759' title='bbox 1865 2453 1878 2478; x_wconf 71' lang='lat'><strong>.7</strong></span> 
     </span>
    </p>
   </div>
   <div class='ocr_carea' id='block_1_111' title="bbox 1095 2480 1878 2520">
    <p class='ocr_par' dir='ltr' id='par_1_111' title="bbox 1095 2480 1878 2520">
     <span class='ocr_line' id='line_1_111' title="bbox 1095 2480 1878 2520; baseline 0.008 -14"><span class='ocrx_word' id='word_1_760' title='bbox 1095 2480 1220 2513; x_wconf 59' lang='lat' dir='ltr'><strong>(Mala-ch.</strong></span> <span class='ocrx_word' id='word_1_761' title='bbox 1239 2490 1256 2520; x_wconf 59' lang='grc' dir='ltr'><strong>ιξ</strong></span> <span class='ocrx_word' id='word_1_762' title='bbox 1270 2482 1310 2520; x_wconf 59' lang='lat'><strong>6.)</strong></span> <span class='ocrx_word' id='word_1_763' title='bbox 1336 2492 1345 2508; x_wconf 73' lang='grc' dir='ltr'><strong>ι</strong></span> <span class='ocrx_word' id='word_1_764' title='bbox 1361 2498 1395 2502; x_wconf 94' lang='grc'><strong>-</strong></span> <span class='ocrx_word' id='word_1_765' title='bbox 1410 2480 1500 2511; x_wconf 79' lang='lat' dir='ltr'><strong>Gloria</strong></span> <span class='ocrx_word' id='word_1_766' title='bbox 1514 2489 1631 2519; x_wconf 86' lang='lat' dir='ltr'><strong>patrum,</strong></span> <span class='ocrx_word' id='word_1_767' title='bbox 1648 2487 1796 2512; x_wconf 75' lang='lat' dir='ltr'><strong>sanctitudo</strong></span> <span class='ocrx_word' id='word_1_768' title='bbox 1808 2487 1878 2520; x_wconf 71' lang='lat' dir='ltr'><strong>[ilio-</strong></span> 
     </span>
    </p>
   </div>
   <div class='ocr_carea' id='block_1_112' title="bbox 1094 2517 1777 2550">
    <p class='ocr_par' dir='ltr' id='par_1_112' title="bbox 1094 2517 1777 2550">
     <span class='ocr_line' id='line_1_112' title="bbox 1094 2517 1777 2550; baseline 0.007 -9"><span class='ocrx_word' id='word_1_769' title='bbox 1094 2523 1175 2542; x_wconf 86' lang='lat' dir='ltr'><strong>rum:</strong></span> <span class='ocrx_word' id='word_1_770' title='bbox 1193 2521 1217 2542; x_wconf 78' lang='lat' dir='ltr'><strong>et</strong></span> <span class='ocrx_word' id='word_1_771' title='bbox 1240 2517 1406 2544; x_wconf 83' lang='lat' dir='ltr'><strong>dominorum</strong></span> <span class='ocrx_word' id='word_1_772' title='bbox 1429 2517 1521 2550; x_wconf 74' lang='lat' dir='ltr'><strong>hones,</strong></span> <span class='ocrx_word' id='word_1_773' title='bbox 1540 2527 1674 2546; x_wconf 71' lang='lat' dir='ltr'><strong>seruorum</strong></span> <span class='ocrx_word' id='word_1_774' title='bbox 1689 2521 1777 2547; x_wconf 88' lang='lat' dir='ltr'><strong>timor.</strong></span> 
     </span>
    </p>
   </div>
   <div class='ocr_carea' id='block_1_113' title="bbox 1129 2551 1876 2590">
    <p class='ocr_par' dir='ltr' id='par_1_113' title="bbox 1129 2551 1876 2590">
     <span class='ocr_line' id='line_1_113' title="bbox 1129 2551 1876 2590; baseline 0.005 -13"><span class='ocrx_word' id='word_1_775' title='bbox 1129 2551 1257 2590; x_wconf 55' lang='lat' dir='ltr'><strong>gyrillus,</strong></span> <span class='ocrx_word' id='word_1_776' title='bbox 1274 2552 1347 2579; x_wconf 78' lang='lat' dir='ltr'><strong>Nihil</strong></span> <span class='ocrx_word' id='word_1_777' title='bbox 1366 2554 1486 2580; x_wconf 81' lang='lat' dir='ltr'><strong>conducit</strong></span> <span class='ocrx_word' id='word_1_778' title='bbox 1505 2555 1587 2585; x_wconf 79' lang='lat' dir='ltr'><strong>nobis,</strong></span> <span class='ocrx_word' id='word_1_779' title='bbox 1606 2556 1815 2581; x_wconf 66' lang='lat' dir='ltr'><strong>Christianorum</strong></span> <span class='ocrx_word' id='word_1_780' title='bbox 1828 2564 1876 2590; x_wconf 87' lang='lat' dir='ltr'><strong>ap-</strong></span> 
     </span>
    </p>
   </div>
   <div class='ocr_carea' id='block_1_114' title="bbox 1095 2585 1875 2624">
    <p class='ocr_par' dir='ltr' id='par_1_114' title="bbox 1095 2585 1875 2624">
     <span class='ocr_line' id='line_1_114' title="bbox 1095 2585 1875 2624; baseline 0.006 -13"><span class='ocrx_word' id='word_1_781' title='bbox 1095 2585 1267 2624; x_wconf 51' lang='lat' dir='ltr'><strong>pellationem</strong></span> <span class='ocrx_word' id='word_1_782' title='bbox 1293 2595 1347 2624; x_wconf 71' lang='lat' dir='ltr'><strong>esse</strong></span> <span class='ocrx_word' id='word_1_783' title='bbox 1371 2593 1532 2620; x_wconf 62' lang='lat' dir='ltr'><strong>consecutos,</strong></span> <span class='ocrx_word' id='word_1_784' title='bbox 1556 2590 1605 2615; x_wconf 80' lang='lat' dir='ltr'><strong>nisi</strong></span> <span class='ocrx_word' id='word_1_785' title='bbox 1625 2591 1711 2616; x_wconf 61' lang='lat' dir='ltr'><strong>etiam&#39;</strong></span> <span class='ocrx_word' id='word_1_786' title='bbox 1730 2598 1810 2624; x_wconf 73' lang='lat' dir='ltr'><strong>opera</strong></span> <span class='ocrx_word' id='word_1_787' title='bbox 1835 2585 1875 2616; x_wconf 65' lang='grc' dir='ltr'>ιἰε-</span> 
     </span>
    </p>
   </div>
   <div class='ocr_carea' id='block_1_115' title="bbox 1093 2621 1875 2657">
    <p class='ocr_par' dir='ltr' id='par_1_115' title="bbox 1093 2621 1875 2657">
     <span class='ocr_line' id='line_1_115' title="bbox 1093 2621 1875 2657; baseline 0.009 -12"><span class='ocrx_word' id='word_1_788' title='bbox 1093 2625 1220 2654; x_wconf 72' lang='lat' dir='ltr'><strong>quatitur.</strong></span> <span class='ocrx_word' id='word_1_789' title='bbox 1249 2621 1381 2657; x_wconf 81' lang='lat' dir='ltr'><strong>Scriptum</strong></span> <span class='ocrx_word' id='word_1_790' title='bbox 1408 2629 1446 2650; x_wconf 78' lang='lat' dir='ltr'><strong>est</strong></span> <span class='ocrx_word' id='word_1_791' title='bbox 1471 2625 1540 2650; x_wconf 79' lang='lat' dir='ltr'><strong>enim</strong></span> <span class='ocrx_word' id='word_1_792' title='bbox 1562 2632 1571 2650; x_wconf 89' lang='lat'><strong><em>:</em></strong></span> <span class='ocrx_word' id='word_1_793' title='bbox 1597 2633 1605 2649; x_wconf 78' lang='grc' dir='ltr'><strong>ι</strong></span> <span class='ocrx_word' id='word_1_794' title='bbox 1636 2624 1664 2651; x_wconf 78' lang='lat' dir='ltr'><strong>Si</strong></span> <span class='ocrx_word' id='word_1_795' title='bbox 1682 2621 1875 2657; x_wconf 49' lang='lat' dir='ltr'><strong>filii&#39;Abraha:</strong></span> 
     </span>
    </p>
   </div>
   <div class='ocr_carea' id='block_1_116' title="bbox 1092 2657 1873 2694">
    <p class='ocr_par' dir='ltr' id='par_1_116' title="bbox 1092 2657 1873 2694">
     <span class='ocr_line' id='line_1_116' title="bbox 1092 2657 1873 2694; baseline 0.006 -13"><span class='ocrx_word' id='word_1_796' title='bbox 1092 2657 1190 2694; x_wconf 58' lang='lat' dir='ltr'><strong>essetis.</strong></span> <span class='ocrx_word' id='word_1_797' title='bbox 1219 2664 1299 2694; x_wconf 77' lang='lat' dir='ltr'><strong>opera</strong></span> <span class='ocrx_word' id='word_1_798' title='bbox 1332 2658 1446 2685; x_wconf 67' lang='lat' dir='ltr'><strong>Abrahae</strong></span> <span class='ocrx_word' id='word_1_799' title='bbox 1475 2659 1605 2693; x_wconf 67' lang='lat' dir='ltr'><strong>faceretis.</strong></span> <span class='ocrx_word' id='word_1_800' title='bbox 1624 2659 1713 2694; x_wconf 85' lang='lat' dir='ltr'><strong>(Joan.</strong></span> <span class='ocrx_word' id='word_1_801' title='bbox 1732 2667 1790 2691; x_wconf 80' lang='lat' dir='ltr'><strong>vni,</strong></span> <span class='ocrx_word' id='word_1_802' title='bbox 1817 2661 1873 2694; x_wconf 76' lang='grc'><strong>59.)</strong></span> 
     </span>
    </p>
   </div>
   <div class='ocr_carea' id='block_1_117' title="bbox 1092 2690 1924 2730">
    <p class='ocr_par' dir='ltr' id='par_1_117' title="bbox 1092 2690 1924 2730">
     <span class='ocr_line' id='line_1_117' title="bbox 1092 2690 1924 2730; baseline 0.007 -15"><span class='ocrx_word' id='word_1_803' title='bbox 1092 2690 1250 2730; x_wconf 38' lang='lat' dir='ltr'><strong>Sicut‘cnim</strong></span> <span class='ocrx_word' id='word_1_804' title='bbox 1265 2700 1361 2730; x_wconf 66' lang='lat' dir='ltr'><strong>corpus</strong></span> <span class='ocrx_word' id='word_1_805' title='bbox 1372 2694 1429 2719; x_wconf 70' lang='lat' dir='ltr'><strong>sine</strong></span> <span class='ocrx_word' id='word_1_806' title='bbox 1444 2690 1534 2720; x_wconf 71' lang='lat' dir='ltr'><strong>anima</strong></span> <span class='ocrx_word' id='word_1_807' title='bbox 1551 2690 1684 2730; x_wconf 71' lang='lat' dir='ltr'><strong>mortuum</strong></span> <span class='ocrx_word' id='word_1_808' title='bbox 1696 2700 1744 2724; x_wconf 68' lang='lat' dir='ltr'><strong>est,</strong></span> <span class='ocrx_word' id='word_1_809' title='bbox 1755 2695 1791 2721; x_wconf 77' lang='lat' dir='ltr'><strong>ita</strong></span> <span class='ocrx_word' id='word_1_810' title='bbox 1811 2690 1875 2730; x_wconf 55' lang='lat' dir='ltr'><strong>quo;</strong></span> <span class='ocrx_word' id='word_1_811' title='bbox 1917 2690 1924 2698; x_wconf 75' lang='grc'>’</span> 
     </span>
    </p>
   </div>
   <div class='ocr_carea' id='block_1_118' title="bbox 1092 2725 1874 2763">
    <p class='ocr_par' dir='ltr' id='par_1_118' title="bbox 1092 2725 1874 2763">
     <span class='ocr_line' id='line_1_118' title="bbox 1092 2725 1874 2763; baseline 0.008 -13"><span class='ocrx_word' id='word_1_812' title='bbox 1092 2733 1140 2763; x_wconf 75' lang='lat' dir='ltr'><strong>que</strong></span> <span class='ocrx_word' id='word_1_813' title='bbox 1160 2725 1231 2763; x_wconf 68' lang='lat' dir='ltr'><strong>ﬁdes</strong></span> <span class='ocrx_word' id='word_1_814' title='bbox 1247 2727 1303 2753; x_wconf 76' lang='lat' dir='ltr'><strong>sine</strong></span> <span class='ocrx_word' id='word_1_815' title='bbox 1324 2730 1442 2762; x_wconf 74' lang='lat' dir='ltr'><strong>operibus</strong></span> <span class='ocrx_word' id='word_1_816' title='bbox 1466 2733 1569 2755; x_wconf 85' lang='lat' dir='ltr'><strong>murtuu</strong></span> <span class='ocrx_word' id='word_1_817' title='bbox 1584 2735 1631 2756; x_wconf 70' lang='lat' dir='ltr'><strong>est.</strong></span> <span class='ocrx_word' id='word_1_818' title='bbox 1648 2729 1747 2763; x_wconf 70' lang='lat' dir='ltr'><strong>(Iacob.</strong></span> <span class='ocrx_word' id='word_1_819' title='bbox 1771 2738 1799 2759; x_wconf 86' lang='grc' dir='ltr'>ιι.</span> <span class='ocrx_word' id='word_1_820' title='bbox 1816 2725 1874 2761; x_wconf 63' lang='grc' dir='ltr'><strong>ΞΟ.)</strong></span> 
     </span>
    </p>
   </div>
   <div class='ocr_carea' id='block_1_119' title="bbox 1094 2760 1875 2798">
    <p class='ocr_par' dir='ltr' id='par_1_119' title="bbox 1094 2760 1875 2798">
     <span class='ocr_line' id='line_1_119' title="bbox 1094 2760 1875 2798; baseline 0.008 -13"><span class='ocrx_word' id='word_1_821' title='bbox 1094 2760 1172 2798; x_wconf 73' lang='lat' dir='ltr'><strong>[laud</strong></span> <span class='ocrx_word' id='word_1_822' title='bbox 1190 2762 1258 2787; x_wconf 72' lang='grc' dir='ltr'><strong>ενιὶηι</strong></span> <span class='ocrx_word' id='word_1_823' title='bbox 1278 2760 1424 2798; x_wconf 66' lang='lat' dir='ltr'><strong>atriaquam</strong></span> <span class='ocrx_word' id='word_1_824' title='bbox 1442 2763 1510 2790; x_wconf 81' lang='lat' dir='ltr'><strong>valet</strong></span> <span class='ocrx_word' id='word_1_825' title='bbox 1531 2766 1634 2790; x_wconf 66' lang='lat' dir='ltr'><strong>sanitas</strong></span> <span class='ocrx_word' id='word_1_826' title='bbox 1652 2760 1732 2798; x_wconf 61' lang='grc' dir='ltr'><strong>’[ιάει,</strong></span> <span class='ocrx_word' id='word_1_827' title='bbox 1747 2766 1769 2790; x_wconf 74' lang='grc' dir='ltr'><strong>εὶ</strong></span> <span class='ocrx_word' id='word_1_828' title='bbox 1790 2773 1875 2791; x_wconf 69' lang='lat' dir='ltr'><strong>more:</strong></span> 
     </span>
    </p>
   </div>
   <div class='ocr_carea' id='block_1_120' title="bbox 1094 2795 1875 2834">
    <p class='ocr_par' dir='ltr' id='par_1_120' title="bbox 1094 2795 1875 2834">
     <span class='ocr_line' id='line_1_120' title="bbox 1094 2795 1875 2834; baseline 0.006 -13"><span class='ocrx_word' id='word_1_829' title='bbox 1094 2795 1148 2834; x_wconf 70' lang='lat' dir='ltr'><strong>sint</strong></span> <span class='ocrx_word' id='word_1_830' title='bbox 1162 2797 1289 2831; x_wconf 83' lang='lat' dir='ltr'><strong>corrupti.</strong></span> <span class='ocrx_word' id='word_1_831' title='bbox 1305 2795 1374 2834; x_wconf 72' lang='lat' dir='ltr'><strong>Nam</strong></span> <span class='ocrx_word' id='word_1_832' title='bbox 1388 2801 1435 2824; x_wconf 75' lang='lat' dir='ltr'><strong>etsi</strong></span> <span class='ocrx_word' id='word_1_833' title='bbox 1462 2807 1563 2825; x_wconf 84' lang='lat' dir='ltr'><strong>omnem</strong></span> <span class='ocrx_word' id='word_1_834' title='bbox 1578 2795 1875 2834; x_wconf 40' lang='lat' dir='ltr'><strong>ﬁdem&#39;dogmatumque</strong></span> 
     </span>
    </p>
   </div>
   <div class='ocr_carea' id='block_1_121' title="bbox 1094 2831 1874 2868">
    <p class='ocr_par' dir='ltr' id='par_1_121' title="bbox 1094 2831 1874 2868">
     <span class='ocr_line' id='line_1_121' title="bbox 1094 2831 1874 2868; baseline 0.005 -12"><span class='ocrx_word' id='word_1_835' title='bbox 1094 2831 1231 2868; x_wconf 56' lang='lat' dir='ltr'><strong>veritatem</strong></span> <span class='ocrx_word' id='word_1_836' title='bbox 1251 2832 1466 2864; x_wconf 67' lang='lat' dir='ltr'><strong>complectamur,</strong></span> <span class='ocrx_word' id='word_1_837' title='bbox 1483 2838 1506 2859; x_wconf 83' lang='lat' dir='ltr'><strong>et</strong></span> <span class='ocrx_word' id='word_1_838' title='bbox 1521 2843 1536 2860; x_wconf 74' lang='grc' dir='ltr'><strong>ιι</strong></span> <span class='ocrx_word' id='word_1_839' title='bbox 1554 2834 1612 2860; x_wconf 77' lang='lat' dir='ltr'><strong>t&#39;iltl‘</strong></span> <span class='ocrx_word' id='word_1_840' title='bbox 1628 2831 1770 2860; x_wconf 58' lang='lat' dir='ltr'><strong>innocéntis</strong></span> <span class='ocrx_word' id='word_1_841' title='bbox 1783 2831 1874 2868; x_wconf 73' lang='lat' dir='ltr'><strong>patro-</strong></span> 
     </span>
    </p>
   </div>
   <div class='ocr_carea' id='block_1_122' title="bbox 1095 2865 1872 2903">
    <p class='ocr_par' dir='ltr' id='par_1_122' title="bbox 1095 2865 1872 2903">
     <span class='ocr_line' id='line_1_122' title="bbox 1095 2865 1872 2903; baseline 0.008 -13"><span class='ocrx_word' id='word_1_842' title='bbox 1095 2865 1162 2903; x_wconf 74' lang='lat' dir='ltr'><strong>cinia</strong></span> <span class='ocrx_word' id='word_1_843' title='bbox 1177 2866 1266 2903; x_wconf 66' lang='lat' dir='ltr'><strong>inopes</strong></span> <span class='ocrx_word' id='word_1_844' title='bbox 1281 2876 1311 2893; x_wconf 80' lang='lat' dir='ltr'><strong>ac</strong></span> <span class='ocrx_word' id='word_1_845' title='bbox 1325 2869 1419 2894; x_wconf 70' lang='lat' dir='ltr'><strong>deserti</strong></span> <span class='ocrx_word' id='word_1_846' title='bbox 1433 2869 1523 2900; x_wconf 65' lang='lat' dir='ltr'><strong>cintus,</strong></span> <span class='ocrx_word' id='word_1_847' title='bbox 1543 2869 1609 2894; x_wconf 79' lang='lat' dir='ltr'><strong>nihil</strong></span> <span class='ocrx_word' id='word_1_848' title='bbox 1628 2870 1736 2895; x_wconf 70' lang='lat' dir='ltr'><strong>obstabit</strong></span> <span class='ocrx_word' id='word_1_849' title='bbox 1769 2865 1830 2903; x_wconf 73' lang='lat' dir='ltr'><strong>quin</strong></span> <span class='ocrx_word' id='word_1_850' title='bbox 1847 2870 1872 2896; x_wconf 79' lang='lat' dir='ltr'><strong>in</strong></span> 
     </span>
    </p>
   </div>
   <div class='ocr_carea' id='block_1_123' title="bbox 1095 2901 1786 2939">
    <p class='ocr_par' dir='ltr' id='par_1_123' title="bbox 1095 2901 1786 2939">
     <span class='ocr_line' id='line_1_123' title="bbox 1095 2901 1786 2939; baseline 0.01 -15"><span class='ocrx_word' id='word_1_851' title='bbox 1095 2901 1217 2934; x_wconf 65' lang='lat' dir='ltr'><strong>gchcttna&#39;</strong></span> <span class='ocrx_word' id='word_1_852' title='bbox 1230 2902 1300 2936; x_wconf 68' lang='lat' dir='ltr'><strong>ignea</strong></span> <span class='ocrx_word' id='word_1_853' title='bbox 1313 2904 1498 2936; x_wconf 74' lang='lat' dir='ltr'><strong>scntpitcrnum</strong></span> <span class='ocrx_word' id='word_1_854' title='bbox 1512 2905 1599 2930; x_wconf 64' lang='lat' dir='ltr'><strong>arsuri</strong></span> <span class='ocrx_word' id='word_1_855' title='bbox 1612 2901 1786 2939; x_wconf 70' lang='lat' dir='ltr'><strong>abripiuntur.</strong></span> 
     </span>
    </p>
   </div>
  </div>
