2034 3153
153 185 205 216 ’113

876 185 1050 216 DIOPTRA.

1727 190 1778 221 ΤΗ

158 242 301 276 imponere
330 240 435 273 noluit;
464 249 531 269 aveo
560 242 633 270 enim
658 241 799 278 sigillatim
836 250 938 278 eogno-
953 244 979 274 Α
993 241 1084 273 libus,
1104 241 1164 269 sine
1176 249 1231 277 quo
1246 241 1349 272 omnia.
1364 247 1391 270 et
1406 243 1495 278 ipsum
1507 243 1674 280 virginitatis
1685 245 1779 274 lumen

154 295 242 316 scere.

188 333 272 361 Cano.
295 332 484 368 Virginitatem
516 333 621 365 colere,
647 333 729 361 vitam
759 334 937 362 monasticam

155 379 268 411 vivere,
299 378 464 414 pervigilare
491 380 517 407 in
543 379 645 407 divinis
669 380 809 415 precibus,
838 380 939 408 cubare

151 427 238 457 humi.
258 426 376 453 multum
395 426 578 461 peregrinari,
595 431 623 453 et
635 427 834 462 corpusculum
852 427 940 462 pronis

151 472 314 500 voluntariis
337 477 476 505 atterere,
498 473 578 500 unica
595 474 716 500 tunicula
742 473 852 506 vestiri,
873 474 939 505 Deo,

151 519 254 554 Virgini
269 519 362 551 matri,
377 519 493 554 aliisque
516 519 613 547 amicis
631 519 677 547 Dei
695 528 778 555 opere
795 519 940 555 magniﬁco

150 565 248 600 templa
265 565 395 593 condere.
421 565 461 592 Ad
478 566 535 593 haec
551 574 600 593 nos
614 565 716 593 Christi
737 571 871 601 praecepta
885 574 940 593 non

154 611 282 646 adigunt;
298 611 346 638 sed
369 621 378 637 ι
399 611 445 647 qui
462 616 552 647 potest
567 620 664 646 capere
684 613 774 647 capiat
802 612 836 639 ¹¹.
857 622 866 638 ι
882 611 941 639 Ca:-

151 665 274 687 terorum
295 659 407 692 seriem,
426 668 487 695 quae
505 660 635 687 nimirum
659 660 759 688 salvari
783 659 941 687 volentibus

151 705 323 737 conducunt,
343 705 405 740 quis
419 706 629 741 percensucnit?
650 707 847 734 Verumtamen
864 714 941 733 man-

150 750 232 777 datur
264 750 347 778 nobis
363 752 456 778 omnia
472 751 517 778 illa
533 751 623 779 facere
636 759 696 787 qua:
712 753 737 779 in
755 752 841 779 sacris
854 751 940 780 Litte-

155 798 193 824 ris
207 798 421 832 prwcipiuritur,
438 797 460 825 si
480 797 566 825 Deum
583 798 610 825 in
627 799 707 826 nobis
722 799 847 826 habitare
868 799 942 834 cupi-

151 850 224 869 mus.
243 842 298 869 Scd
322 843 367 869 illa
389 850 435 870 sex
462 843 669 877 honestissima,
688 849 716 871 et
739 844 940 876 laudatissima,

151 893 262 920 prmque
286 886 347 913 aliis
371 886 473 913 indicta
498 886 578 914 nobis
608 891 682 914 sunt.
698 888 754 915 Nec
769 888 858 915 solum
882 889 942 915 aliis

148 937 179 957 ea
195 930 330 965 praeponit
357 938 388 958 ac
410 932 529 966 pra-fert,
544 932 590 959 sed
603 937 631 959 et
646 933 709 960 alibi
731 941 828 960 eorum
843 934 943 969 smpius

149 975 276 1003 meminit
304 984 311 1002 :
344 986 352 1001 ε
385 976 589 1009 hlisericordes,
622 978 723 1013 inquit,
749 984 851 1010 estote,
872 979 944 1007 sicut

148 1024 176 1046 et
190 1020 273 1047 Pater
293 1026 385 1048 vester
405 1023 528 1050 cwlestis
550 1023 710 1051 misericors
733 1029 776 1051 est
794 1025 828 1051 ".
849 1033 857 1050 ι
883 1024 942 1051 Non

103 1077 106 1081 -
149 1065 279 1093 hortatur
303 1075 353 1094 nos
377 1068 504 1102 psallere,
521 1069 632 1103 quando
657 1077 708 1097 nec
731 1070 812 1097 Pater
829 1071 942 1105 psallit;

151 1119 207 1139 non
222 1112 403 1148 pervigilare;
419 1121 473 1140 non
491 1114 600 1142 labores
616 1119 643 1142 et
659 1123 798 1143 :erumnas
829 1117 940 1149 multas,

149 1164 205 1184 non
230 1156 315 1184 vitam
341 1165 374 1184 ac
402 1159 554 1186 certamina
582 1160 771 1188 solitariorum
787 1161 942 1196 amplecti:

152 1202 225 1229 nihil
252 1203 365 1230 borum.
396 1203 448 1231 Sed
476 1205 509 1232 ad
536 1205 752 1234 miscricordiam
781 1207 866 1235 solam
894 1216 949 1240 nos

155 1248 288 1276 invitavit
303 1258 308 1276 :
324 1250 453 1285 quoniam
472 1256 568 1278 natura
588 1261 597 1278 ί
616 1252 772 1286 miseratur,
787 1258 815 1280 ct
827 1254 943 1282 multum

148 1294 310 1322 misericors
324 1300 366 1323 est
378 1296 511 1325 Dominus
523 1297 548 1314 ”
566 1307 572 1324 :
592 1307 601 1323 ι
615 1298 745 1333 quoniam
760 1308 769 1325 ι
783 1300 942 1327 misericor-

149 1339 226 1366 diam
256 1344 360 1367 tantum
385 1342 454 1375 vult,
473 1347 500 1370 et
524 1351 578 1371 non
591 1343 759 1371 sacriﬁcium
777 1345 800 1360 ”
816 1353 823 1372 :
845 1355 854 1371 ι
872 1353 942 1380 quo-

150 1386 226 1414 niam
251 1387 328 1413 uulla
349 1395 378 1414 re
391 1387 443 1414 alia
466 1389 580 1420 colitur,
594 1397 646 1417 nec
661 1391 797 1425 placatur,
814 1391 867 1419 nisi
888 1400 942 1418 una

151 1431 363 1460 misericordia:
378 1433 508 1468 quoniam
527 1435 585 1462 vult
601 1435 809 1469 miserationes;
826 1441 854 1464 ct
868 1446 941 1472 quo-

152 1478 226 1504 niam
252 1479 451 1508 misericordia:
474 1481 589 1517 abyssus
614 1486 666 1509 est.
687 1482 779 1509 Dicam
797 1483 940 1511 breviter:

151 1523 342 1552 misericordia
371 1526 461 1554 solum
491 1534 562 1562 opus
589 1532 631 1556 est
659 1528 765 1556 homini
794 1537 857 1557 cum
886 1530 941 1557 Deo

150 1577 316 1604 commune,
354 1577 382 1600 et
400 1579 458 1608 ‘per
485 1574 703 1603 misericordiam
731 1576 818 1604 solam
859 1577 941 1605 homo

149 1614 312 1644 Creatorem
337 1625 416 1645 suum
443 1619 576 1653 imitatur,
601 1621 680 1655 eique
708 1622 892 1651 consociatur.
912 1623 941 1650 ld

151 1661 187 1689 ita
211 1669 275 1690 esse
297 1670 329 1690 ex
356 1663 451 1692 decem
476 1665 613 1701 virginum
637 1667 767 1701 parabola
789 1668 887 1703 liquet.
901 1669 941 1696 Ex

150 1710 364 1738 conservatione
382 1712 548 1748 virginitatis
572 1714 694 1748 pulchra:
719 1719 799 1742 erant
825 1723 940 1748 omnes;

151 1756 281 1783 amabant
297 1757 394 1790 Deum,
411 1765 437 1785 et
464 1759 562 1794 pudice
579 1761 660 1787 vitam
677 1761 818 1796 agitabant
833 1763 852 1789 ‘.

186 1802 220 1829 Et
233 1805 359 1838 quinque
376 1805 486 1839 quidem
512 1806 673 1841 prudentes,
698 1807 821 1843 quinque
849 1813 941 1836 autem

151 1848 229 1876 fatuae
268 1850 459 1884 continentiae,
485 1852 613 1888 lacrymis
633 1858 661 1880 et
682 1853 767 1880 luctui
797 1854 941 1882 incumbe-

150 1894 214 1922 bant
237 1903 245 1921 :
271 1896 358 1923 otium
384 1898 477 1930 molle,
507 1906 670 1934 morumque
701 1900 840 1927 licentiam
866 1901 942 1928 nullo

151 1940 229 1968 modo
251 1940 423 1976 diligebant;
441 1944 512 1971 viam
531 1950 674 1980 angustam
695 1951 723 1972 et
749 1945 943 1974 tribulationes

151 1986 395 2020 consectabantur,
417 1996 584 2024 carnemque
602 1989 722 2017 assiduis
740 1991 883 2019 laboribus
896 1993 943 2019 de-

151 2029 305 2058 bellabaut.
332 2032 392 2059 Non
419 2037 509 2060 tamen
539 2035 683 2068 aequaliter
703 2036 758 2063 illis
781 2037 941 2064 mandatum

151 2080 221 2103 cura:
247 2075 321 2108 fuit;
339 2077 386 2104 sed
401 2078 552 2112 prudentes
567 2079 718 2114 prudenter
732 2082 824 2108 oleum
839 2082 942 2110 habue-

154 2125 217 2149 runt
242 2121 271 2149 in
295 2123 370 2150 vasis
389 2123 458 2156 suis,
484 2132 539 2160 quo
562 2125 643 2153 fatum
666 2133 827 2156 caruerunt.
854 2129 942 2163 Atque

155 2165 219 2195 hinc
231 2169 362 2196 veniente
382 2169 499 2204 Sponso,
517 2171 624 2206 gaudiis
639 2174 811 2208 nuptialibus
825 2176 943 2203 exclusa:

151 2218 214 2240 sunt
237 2225 243 2242 :
267 2223 276 2239 ι
294 2214 393 2243 Nescio
407 2223 467 2248 vos,
485 2225 495 2242 ι
513 2217 612 2244 clamat
628 2218 752 2253 Sponsus
771 2216 940 2249 formosissi-

992 288 1198 323 exstinguitur;
1213 288 1273 316 sine
1293 296 1348 324 quo
1365 289 1458 317 omnia
1472 298 1540 317 vana
1562 295 1590 318 et
1607 291 1754 319 incﬂicacia
1773 304 1780 320 :

992 334 1216 369 quandoquidem
1243 333 1270 361 id
1294 335 1420 370 Sponsus
1446 343 1530 371 super
1555 338 1647 365 omnia
1673 338 1782 373 diligit?

992 379 1115 415 lntellige
1138 387 1201 408 cum
1225 385 1345 408 tremore
1366 381 1450 408 verba
1467 381 1587 415 Domini,
1603 389 1632 411 et
1648 383 1741 418 crede,
1754 391 1783 413 et

992 427 1073 454 iidem
1095 428 1250 461 commoda,
1264 433 1291 455 et
1312 429 1474 464 neutiquam
1494 430 1586 458 dillide
1605 431 1695 459 dictis.
1714 432 1783 460 Pro-

993 473 1063 500 feret
1081 474 1197 500 verbum
1220 481 1349 509 asperum
1373 474 1406 502 ad
1425 483 1484 507 eos,
1500 475 1546 510 qui
1562 484 1576 503 a
1590 476 1711 504 sinistris
1727 483 1782 505 sta-

993 518 1064 546 bunt
1078 528 1085 546 :
1103 528 1112 544 ‹
1127 519 1266 547 Discedite
1288 521 1385 555 procul
1407 521 1472 548 hinc
1487 521 1514 548 in
1533 522 1687 557 gehennam
1702 524 1783 559 ignis,

993 565 1040 599 qui
1068 569 1240 600 prmparatus
1264 569 1315 594 est'
1328 566 1449 599 diabolo,
1474 573 1502 595 et
1521 569 1626 604 angelis
1644 569 1749 605 ejus”.
1772 580 1782 596 ›

992 611 1052 638 Non
1068 611 1132 646 quia
1148 611 1283 639 adulteria
1298 613 1477 640 commisistis
1490 622 1498 648 ;
1510 622 1564 641 non
1577 615 1640 650 quia
1657 615 1783 643 fornicati

993 656 1080 688 estis;
1096 664 1151 683 non
1178 657 1242 692 quia
1263 657 1365 684 furtum
1388 657 1508 693 fecistis;
1529 667 1583 687 non
1604 661 1668 695 quia
1696 661 1785 689 caedes

993 708 1021 730 et
1037 703 1180 730 latrocinia
1195 704 1396 738 perpetrastis;
1415 712 1469 732 non
1486 705 1550 740 quia
1566 706 1685 734 libenter
1701 708 1784 735 male-

994 749 1112 781 dixistis,
1125 754 1153 776 et
1169 749 1224 776 vim
1251 749 1313 777 aliis
1333 750 1476 782 attulistis,
1492 755 1519 778 et
1535 751 1675 779 mendacia
1691 753 1785 787 profu-

994 795 1085 827 distis,
1102 800 1130 823 et
1146 795 1282 823 vobismet
1299 797 1450 831 placentes.
1468 801 1496 823 et
1512 797 1612 830 vinosi,
1630 802 1657 825 et
1669 798 1785 831 ebriosi,

994 846 1022 869 et
1035 842 1152 877 improbi
1167 842 1276 875 fuistis;
1292 850 1342 870 nec
1354 843 1419 878 quia
1435 851 1516 870 omne
1530 850 1617 879 genus
1633 844 1787 879 iniquitatis

994 891 1076 922 atque
1102 888 1216 915 sceleris
1243 889 1418 916 CODSl'iViSliS
1434 898 1439 916 :
1457 889 1525 916 nibil
1551 888 1649 917 horum
1669 890 1697 917 in
1720 890 1788 926 ipsis

960 925 982 954 Β
997 938 1053 961 tum
1070 934 1274 969 reprehendet;
1290 934 1337 962 sed
1354 935 1420 970 quia
1437 935 1595 962 mendicum
1614 936 1714 971 stipem
1731 925 1785 964 }o-

995 981 1127 1015 gitantcm
1141 980 1323 1016 despexistis;
1342 981 1390 1009 sed
1411 982 1475 1017 quia
1490 982 1561 1009 fame
1582 987 1610 1010 et
1622 983 1668 1010 siti
1692 984 1787 1011 conﬂi-

996 1031 1130 1059 ctantem,
1147 1027 1175 1055 in
1191 1036 1303 1056 carcere
1318 1029 1471 1062 sedentem,
1485 1034 1512 1057 et
1526 1029 1641 1062 nudum,
1654 1036 1682 1058 ct
1695 1031 1788 1067 hospi-

996 1077 1062 1105 tem,
1083 1077 1111 1100 et
1127 1073 1206 1108 ,lceto
1225 1074 1325 1101 misere
1349 1074 1460 1102 allixum
1478 1083 1522 1102 me
1546 1083 1609 1102 cum
1635 1076 1786 1108 vidissetis.

996 1126 1050 1145 non
1067 1119 1129 1146 cibo
1154 1119 1302 1152 reiecistis,
1317 1127 1372 1148 non
1398 1124 1463 1155 potu
1489 1122 1646 1154 recreaStis,
1666 1129 1721 1150 non
1744 1123 1786 1151 vel

995 1164 1108 1199 paulum
1140 1165 1285 1198 visitastis,
1310 1173 1365 1193 non
1394 1167 1556 1201 vestivistis,
1585 1175 1640 1194 non
1666 1167 1788 1204 hospitio

995 1211 1149 1246 accepistis,
1168 1219 1223 1239 non
1240 1211 1421 1240 ministrastis
1694 1218 1698 1222 ‘

1029 1257 1088 1285 Hoc
1104 1257 1194 1292 ipsum
1211 1258 1284 1293 quod
1296 1258 1370 1291 dico,
1388 1267 1484 1287 rursus
1496 1268 1529 1287 ex
1560 1261 1709 1297 Evangelia
1721 1269 1787 1290 con-

995 1302 1074 1330 ﬁrmo
1090 1303 1123 1330 ¹⁸.
1138 1304 1176 1332 De
1189 1304 1273 1332 divite
1290 1305 1337 1332 illo
1349 1305 1420 1332 duro
1428 1311 1455 1333 et
1471 1306 1623 1334 inhumano
1631 1308 1786 1341 audivistis,

994 1350 1133 1384 quomodo
1145 1349 1273 1378 videlicet
1283 1351 1375 1386 lingua
1386 1351 1445 1387 ejus
1453 1352 1479 1387 (0
1491 1352 1673 1381 calamitatem
1686 1355 1704 1389 l;
1714 1355 1787 1390 apud

993 1395 1096 1424 inferos
1108 1397 1215 1425 arserit.
1228 1396 1288 1425 Non
1300 1397 1374 1433 quod
1389 1398 1473 1426 variis
1488 1406 1517 1426 se
1532 1399 1684 1428 sceleribus
1696 1401 1723 1428 in
1733 1402 1788 1429 vita

994 1442 1157 1478 obligasset;
1174 1451 1226 1471 nec
1239 1444 1312 1479 quod
1329 1443 1485 1479 proximum
1509 1445 1632 1480 odisset;
1649 1455 1700 1474 nec
1713 1448 1787 1482 quod

994 1495 1043 1523 per
1057 1489 1244 1516 temulentiam
1257 1489 1374 1525 plurima
1391 1495 1418 1517 et
1430 1490 1534 1518 nefaria
1551 1491 1722 1526 admisisset;
1736 1501 1788 1522 nec

993 1533 1068 1568 quod
1096 1535 1282 1571 undecunque
1300 1537 1530 1571 provenientibus
1546 1539 1727 1574 vectigalibus
1744 1540 1788 1568 in-

995 1580 1141 1608 tumuisset
1153 1589 1184 1608 ac
1208 1583 1379 1617 superbisset
1391 1605 1398 1617 ,
1416 1585 1575 1620 opulentus,
1592 1587 1726 1622 gaudens,
1745 1595 1788 1615 ra-

994 1620 1083 1661 piens,
1104 1627 1275 1656 dominatum
1295 1630 1435 1664 obtinens,
1452 1633 1534 1668 bysso
1550 1637 1579 1660 et
1594 1620 1717 1669 purpura
1744 1635 1788 1662 in-

992 1672 1077 1700 dutus
1101 1674 1264 1708 splendide;
1289 1684 1356 1709 non,
1376 1677 1497 1712 inquam,
1528 1678 1626 1706 horum
1644 1688 1725 1708 causa
1751 1682 1784 1709 ad

995 1723 1130 1746 tormenta
1157 1720 1287 1749 detrusus
1303 1730 1309 1748 :
1326 1722 1373 1750 sed
1395 1723 1458 1758 quia
1484 1724 1617 1752 Lazarum
1637 1733 1786 1761 pauperem

993 1765 1161 1794 omnimodis
1180 1767 1309 1802 neglexit.
1329 1773 1357 1795 et
1376 1777 1459 1804 super
1474 1770 1574 1798 aﬂlicto
1598 1772 1787 1800 misericordia

994 1818 1049 1838 non
1063 1816 1106 1839 est
1122 1818 1286 1842 commotus.
1302 1815 1356 1842 Res
1369 1815 1437 1843 mira
1454 1816 1522 1850 haec,
1540 1822 1565 1844 et
1588 1817 1712 1846 horroris
1728 1820 1788 1854 ple-

995 1857 1119 1885 nissima.
1137 1858 1275 1891 Quantum
1294 1865 1385 1895 potest
1403 1861 1533 1895 Charitas,
1551 1867 1687 1897 quantum
1703 1865 1787 1893 mise-

995 1902 1123 1936 ricordia,
1138 1909 1166 1932 et
1181 1907 1335 1940 eompassio
1349 1907 1355 1933 !

1032 1949 1128 1976 AM)“.
1156 1949 1183 1976 Si
1207 1951 1286 1985 plura
1301 1951 1416 1980 dicenda
1435 1958 1548 1987 restant,
1564 1963 1598 1982 nc
1617 1960 1686 1988 tace.
1707 1962 1735 1984 et
1753 1958 1787 1985 ad

996 1994 1141 2022 utilitatem
1158 2004 1247 2023 meam
1273 1997 1345 2025 adde
1370 1998 1413 2025 his
1434 2006 1495 2034 qua:
1519 2000 1624 2028 dixisti.
1641 2001 1787 2031 Silentium

996 2046 1072 2067 tuum
1088 2041 1168 2069 nobis
1186 2041 1287 2069 damno
1302 2043 1355 2070 erit
1367 2052 1422 2072 non
1439 2045 1563 2073 ferendo.

1300 2109 1413 2139 CAPUT
1433 2111 1477 2140 111.

994 2164 1089 2193 Omnia
1105 2166 1140 2192 ad
1156 2165 1202 2194 Dei
1221 2168 1434 2206 pru‘scriplunra
1451 2169 1523 2197 nobis
1537 2170 1617 2206 facta,
1641 2173 1708 2199 citra
1723 2173 1788 2200 cha-

1279 2204 1386 2230 ritatem
1398 2204 1503 2240 frigere.

152 2265 211 2286 mus
223 2259 258 2286 ιο.
276 2269 286 2286 ε
303 2260 401 2289 Nescio
418 2270 476 2294 vos,
494 2272 503 2289 ι
519 2264 648 2291 recedite.
673 2265 740 2298 Quis
772 2266 845 2294 enim
864 2267 942 2295 vobis
961 2259 981 2286 ί)
1031 2267 1112 2295 Cano.
1128 2269 1180 2296 Sex
1197 2269 1280 2304 igitur
1303 2270 1349 2298 illa
1377 2273 1570 2301 mandatorum
1586 2275 1673 2309 prima
1689 2280 1718 2303 et
1730 2284 1787 2303 ma-

151 2305 267 2338 aperiet,
282 2313 344 2333 eum
363 2307 520 2343 virginitate
537 2308 628 2336 oleum
645 2309 728 2338 etiam
747 2319 801 2338 non
820 2311 940 2339 aﬂ'eren-

188 2374 210 2390 "
230 2373 326 2402 Matth.
339 2383 393 2406 nx,
407 2375 449 2404 12.

490 2377 512 2393 ’³
527 2377 592 2406 Luc.
612 2387 649 2411 Vl,
665 2379 708 2406 56.

153 2407 175 2424 "
190 2408 258 2436 Luc.
268 2417 323 2442 xvi,
333 2410 365 2437 t9
379 2417 455 2446 seqq.

749 2380 771 2396 “
783 2380 854 2407 Psal.
873 2389 920 2414 cu,
930 2382 956 2408 8.

997 2313 1068 2340 xima
1093 2322 1155 2342 esse
1177 2323 1226 2350 pro
1255 2316 1385 2345 facultate
1403 2319 1557 2348 docuimus.
1582 2322 1786 2357 Propemodum

1014 2384 1036 2399 ’³
1062 2383 1141 2412 Osee.
1158 2393 1195 2417 vt,
1210 2385 1237 2412 6.
1293 2387 1315 2401 "'
1331 2387 1425 2416 Matth.
1441 2398 1504 2422 xxv,
1523 2390 1566 2417 12.
1617 2391 1638 2407 ¹⁷
1656 2391 1723 2419 Ibid.
1741 2395 1786 2423 Η.

898 2461 1035 2493 Scholia.

189 2516 198 2559 ἲ
216 2514 303 2559 ΒρεὶΙὶ
337 2515 388 2548 Qui
410 2518 496 2559 circa
514 2521 619 2548 modum
644 2524 730 2556 operis
757 2524 875 2559 offendit,
897 2526 944 2552 etsi

154 2551 277 2592 uideatur
288 2550 375 2592 [agere
389 2554 555 2592 mandatum,
568 2550 693 2590 reprob'us
708 2563 746 2585 est
762 2550 836 2592 a'pur!

155 2586 279 2627 Aitenim
287 2593 300 2626 _:
313 2585 403 2613 Etiam
415 2589 438 2614 si
449 2590 505 2627 quis
516 2585 665 2627 certauerit,
675 2602 684 2618 ι
701 2602 753 2620 non
764 2585 943 2627 comitabitur,

157 2622 206 2648 nisi
221 2621 334 2663 legitime
346 2621 492 2663 certaeerit.
511 2624 554 2657 (II
564 2625 630 2653 Tim.
647 2621 676 2659 ll,
688 2628 725 2663 5).
745 2638 754 2654 ›
765 2629 835 2656 Nam
848 2621 945 2657 honuni

156 2661 254 2698 nau‘efst
265 2656 373 2689 bellum,
396 2658 447 2698 nisi
458 2659 531 2698 bene,
543 2665 622 2695 atque
636 2656 791 2698 ut'oportet,
808 2665 856 2698 ﬁat

193 2690 290 2734 "Sane
297 2694 544 2734 necessariis‘magis
554 2690 701 2734 necessaria.
710 2707 741 2725 ex
749 2690 946 2734 comparatione

157 2727 321 2768 pra-ferenda
333 2733 404 2768 sunt.
422 2727 595 2770 lii/tiljhabet
611 2734 740 2770 commodi
752 2727 812 2761 sine.
822 2727 944 2770 compas-

157 2761 228 2798 sione
255 2763 403 2796 virginitas.
427 2763 531 2790 Etenim
551 2771 575 2791 et
594 2767 685 2798 alium.
701 2770 754 2795 sive
776 2761 944 2798 socordia-iu

159 2796 264 2835 uirtute,
276 2798 434 2833 supplicium
449 2807 543 2833 parere
556 2805 650 2835 potest,
663 2796 714 2830 non
731 2804 815 2831 solun:
830 2796 944 2833 actiones

159 2830 283 2870 improbw
294 2830 423 2867 {quando
439 2830 464 2860 el
478 2834 527 2865 illi.
541 2830 585 2870 q'ut'
604 2830 728 2865 esurienti
744 2830 804 2866 noni

160 2867 329 2906 manducare.
342 2870 507 2906 Anacailienli
519 2867 614 2903 bibere,
633 2881 680 2900 nec
693 2875 792 2900 nudum
805 2884 944 2906 ωομεν-ηε-

161 2905 231 2934 runt,
241 2902 359 2937 fortassis
373 2904 461 2932 aliena
477 2914 529 2932 non
552 2913 710 2941 rapuerunt,
726 2917 772 2936 nec
785 2902 944 2944 [randarum

318 2953 454 2986 PATnOL.
475 2955 534 2985 Gn.
558 2956 711 2988 CXXVII.

995 2527 1119 2568 aliquem.
1134 2528 1186 2570 Sea
1197 2529 1260 2572 quia
1274 2531 1479 2559 misericordiam
1491 2541 1541 2560 non
1556 2534 1788 2572 [eccrunl,suppli-

996 2563 1036 2588 cio
1047 2563 1074 2589 in
1087 2571 1130 2590 eos
1148 2565 1308 2591 vindicatum
1321 2571 1370 2593 est.

1030 2597 1171 2633 Chrysost.
1186 2599 1376 2639 .Miserisordia
1396 2603 1532 2630 clmritatis
1552 2607 1786 2639 prarstantissimus

995 2640 1097 2673 ramus,
1114 2639 1138 2660 et
1149 2634 1356 2673 primogenitum
1367 2645 1474 2671 germen
1490 2644 1538 2666 est.
1552 2634 1602 2673 Ἐι,
1620 2641 1642 2667 si
1657 2634 1786 2670 retentum

995 2668 1114 2713 punitur:
1129 2671 1174 2704 qui
1197 2668 1328 2711 bonane!
1347 2668 1411 2713 ῥέπε
1431 2681 1484 2700 non
1501 2675 1559 2709 fecit
1572 2683 1580 2702 :
1595 2668 1679 2703 multo
1703 2668 1785 2713 magis

996 2703 1143 2744 puniendus
1159 2713 1185 2731 es
1194 2704 1235 2736 Iis,
1248 2706 1292 2740 qui
1305 2706 1376 2733 mala
1389 2715 1472 2743 supra
1481 2703 1686 2738 cornmemorata
1697 2703 1784 2740 ndidi-

995 2742 1071 2764 serit.

1031 2772 1260 2817 l‘sidor‘.‘_Divitite
1283 2785 1380 2817 parum
1408 2781 1516 2817 attentis
1545 2790 1577 2807 ac
1602 2783 1717 2817 providi:
1737 2784 1787 2812 mi—

995 2808 1086 2848 nistrae
1099 2809 1222 2837 vitiorum
1238 2808 1318 2853 sunt:
1334 2819 1478 2853 paupertas
1493 2808 1661 2850 vigilantibus
1680 2808 1785 2853 sapien~

995 2844 1042 2889 [ig
1065 2849 1149 2889 mutor
1177 2850 1234 2889 ρει.⁸
1247 2846 1277 2874 Si
1302 2844 1653 2889 igitur-divitias“amantes
1677 2844 1786 2889 bonique

995 2878 1055 2938 Iuliis
1072 2879 1158 2912 facere
1176 2878 1375 2915 contemnimus,
1388 2884 1460 2920 digni
1478 2894 1566 2914 sumus
1582 2889 1626 2922 qui
1641 2878 1717 2923 longo
1730 2878 1785 2924 ἷξιηὶ

1007 2921 1155 2938 orrenmur.

1007 2921 1155 2941 orreamur.

1645 2973 1682 3003 23
