2034 3153
249 208 305 240 71')

252 275 344 296 autem
358 267 518 295 memoriam
533 272 654 294 nostram
671 267 778 302 fugerat
790 267 1012 304 (prohjacturam
1026 268 1044 302 l)
1062 278 1082 303 Α

251 316 297 343 illa
311 314 388 342 Pauli
403 322 453 340 vox
473 312 594 340 iuaudila
607 321 672 340 sane
691 321 718 341 et
736 315 917 341 admirabilis.

287 362 382 390 ΑΝΙΜΔ.
398 360 438 388 Tu
452 367 517 387 vero
527 367 621 388 vocem
639 359 713 387 illam
729 361 920 389 admirabilem
933 370 966 389 ne
979 370 1043 397 prae

253 407 422 440 termiscris;
448 406 496 434 sed
525 406 552 433 iu
581 406 702 434 medium
729 407 834 443 profer,
861 407 1046 444 celeriterque

253 455 349 482 recita.

287 501 368 529 Cano.
382 501 480 536 Accipe
492 501 570 528 Pauli
583 501 718 529 verbum:
737 511 745 528 t
766 501 794 529 Si
812 501 894 529 ﬁdem
912 501 1046 534 habuero,

252 554 284 576 ut
301 554 408 576 utentes
425 548 605 582 transferam;
620 549 642 577 si
656 549 827 577 distribuere
842 550 870 577 in
882 549 960 577 cibos
976 557 1045 585 pau-

254 603 350 630 perum
366 603 463 623 omnes
479 595 625 623 facultates
641 603 727 628 meas,
746 601 774 623 et
785 595 808 622 si
832 595 973 623 tradidero
988 604 1049 623 cor-

254 650 306 677 pus
322 649 413 669 meum
431 642 467 669 ita
484 646 513 669 ut
526 641 656 674 ardeam;
671 642 694 669 si
719 641 843 670 habuero
863 642 1049 678 prophetiam,

250 693 281 715 et
298 688 421 715 noverim
434 688 564 723 mysteria
580 688 672 716 omnia
688 693 715 716 et
726 697 835 716 omuetn
847 689 991 716 scientiam
1005 698 1011 722 ;
1025 689 1048 716 si

252 735 336 762 etiam
347 734 449 770 linguis
462 735 623 770 angelorum
642 735 752 770 loquar,
777 735 941 762 charitatem
957 739 1048 762 autem

255 790 310 808 non
342 781 478 814 habuero,
498 781 567 808 nihil
594 781 662 809 mihi
692 781 816 816 proderit
841 782 871 808 ".
892 791 901 807 ι
926 781 1051 808 Charitas

254 827 465 862 prophetarum,
478 831 507 854 et
522 826 591 861 legis
604 831 688 862 caput
700 833 732 854 ac
742 834 842 861 scopus
855 831 905 854 est.
920 826 1049 854 Charitas

253 879 296 900 est
314 881 357 900 res
384 873 523 900 maxima:
542 873 665 900 charitas
690 880 736 900 res
758 872 862 900 divina.
887 872 974 900 Deum
991 880 1051 899 esse

254 920 429 953 charitatem,
442 919 562 947 Joannes
578 919 735 955 Theologus
749 919 883 946 divinitus
895 919 1005 954 scripsit
1016 919 1050 950 ‘°,

880 206 1054 237 PIIlLll‘PI
1078 205 1274 238 SOLITARII
1843 210 1893 242 716

1409 270 1450 298 (ΞΑ
1456 270 1521 299 PL'T
1539 271 1584 299 iV.

1102 315 1181 342 l'auli
1211 315 1326 352 apostoli
1355 324 1418 351 (rga
1438 317 1578 359 .Doum,et
1601 318 1753 353 proximum
1778 318 1894 346 c/taritas

1435 361 1574 380 immensa.

1134 412 1231 438 Amm.
1256 411 1434 447 Quispiatnne
1460 412 1488 439 in
1508 411 1559 439 hac
1581 411 1637 438 vita
1666 411 1817 446 reperitur,
1847 413 1893 447 qui

1099 452 1289 484 mandatorum
1307 457 1604 492 prmeellentissimum,
1624 462 1654 484 ut
1669 457 1751 490 dicis,
1773 458 1894 484 charita-

1099 507 1152 530 tem
1168 503 1252 538 probe
1267 508 1369 537 servet,
1386 509 1417 532 ut
1428 503 1560 531 nimirum
1576 504 1662 531 Deum
1675 511 1707 531 ex
1726 507 1784 530 toto
1801 503 1894 536 corde,

1099 555 1125 577 el
1139 550 1294 585 proximum
1310 555 1340 578 ut
1350 550 1471 586 seipsum
1486 550 1598 585 diligat?

1134 597 1214 625 Cano.
1231 597 1288 625 lmo
1304 597 1395 630 multi,
1411 597 1551 632 iidemque
1567 596 1676 632 optimi,
1694 600 1721 623 et
1734 596 1841 623 honore
1852 595 1894 623 di-

1101 644 1158 678 gni.
1175 643 1202 672 Si
1220 649 1311 672 tamen
1334 652 1416 672 nosse
1432 644 1574 672 desideras
1597 643 1723 678 quisnam
1739 643 1767 670 in
1782 643 1826 670 his
1839 643 1893 677 pri—

1102 698 1160 718 mas
1173 690 1307 723 obtineat,
1325 695 1353 718 et
1369 690 1431 726 quis
1450 698 1535 725 supra
1559 690 1684 722 modum,
1701 689 1895 717 vehementer-

1102 743 1155 770 que
1176 735 1324 762 Dominum
1349 735 1488 768 dilexerit,
1506 740 1535 763 et
1553 735 1709 770 proximum
1727 734 1848 769 legitime
1868 739 1894 760 ut

1102 781 1222 816 seipsutu
1239 790 1245 808 :
1265 781 1362 814 Deum,
1391 781 1514 817 inquam,
1536 782 1617 817 plane
1633 790 1643 807 ε
1659 789 1692 808 ex
1712 786 1768 808 tota
1795 781 1896 810 anima,

1102 831 1129 854 et
1144 835 1178 854 ex
1196 832 1252 854 tota
1265 832 1356 855 mente
1377 837 1399 860 ›,
1414 833 1444 855 ut
1462 828 1489 855 in
1505 828 1566 863 lege
1581 828 1716 862 scriptum
1726 835 1758 854 ac
1772 827 1897 862 pra-seri-

1103 878 1180 908 ptum
1194 878 1246 907 est,
1270 872 1347 900 Pauli
1363 873 1514 908 Epistolam
1530 874 1563 901 ad
1581 874 1719 901 Romanos
1744 880 1875 908 percurre
1889 881 1896 904 ;

1105 918 1169 946 inde
1186 919 1333 946 charitatis
1357 920 1485 947 ardorem
1511 919 1674 954 perspicies,
1692 926 1745 954 qua
1771 919 1816 946 ille
1834 926 1897 954 erga

255 971 282 993 et
296 972 453 994 manentem
466 966 494 993 in
507 965 654 999 charitate,
665 965 693 992 in
707 965 763 992 Deo
781 973 906 998 manere,
924 965 1049 993 etDeum
1068 959 1088 986 Β
1106 965 1189 992 Deum
1206 966 1418 1001 proximumque
1436 966 1568 1002 flagrarit.
1591 966 1691 994 \‘erum
1714 965 1780 992 audi
1804 970 1833 993 et
1847 966 1896 992 ob-

255 1012 282 1039 in
299 1019 343 1040 eo.
354 1012 445 1046 Papa',
461 1016 561 1046 quanta
573 1015 615 1038 est
626 1011 770 1038 charitatis
785 1011 843 1038 visi
860 1010 966 1038 Rursus
977 1010 1051 1038 aliud

256 1058 388 1093 quiddam
404 1065 420 1085 a
432 1057 525 1085 Verbo
537 1057 571 1084 ad
585 1057 719 1084 honorem
733 1056 877 1084 charitatis
890 1057 917 1084 in
927 1056 1053 1090 Evange-

257 1105 295 1131 lio
311 1103 415 1132 dicitur
431 1113 436 1130 :
455 1113 464 1129 ι
482 1103 522 1131 Ab
536 1103 581 1130 his
593 1102 703 1130 duobus
717 1102 855 1130 mandatis
868 1102 997 1130 universa
1008 1103 1052 1130 lex

255 1151 368 1186 pendet,
393 1153 420 1177 et
446 1150 598 1185 prophetae.
623 1149 736 1185 Diliges,
766 1148 867 1184 inquit,
904 1149 1052 1177 Dominum

258 1198 344 1225 Deum
362 1201 438 1224 tuum
454 1204 487 1223 ex
506 1201 562 1224 toto
580 1195 664 1224 corde
685 1200 744 1229 tuo,
767 1200 795 1223 et
819 1203 854 1223 ex
879 1199 935 1223 tota
960 1195 1052 1223 anima

258 1249 314 1276 tua,
328 1249 356 1271 et
371 1251 404 1270 es
420 1243 485 1270 totis
498 1242 604 1270 viribus
620 1243 674 1270 tuis
689 1251 696 1270 :
711 1247 739 1270 et
754 1242 909 1277 proximum
922 1242 985 1278 (hoc
999 1246 1051 1274 est,

256 1290 368 1317 fratrem
387 1288 475 1324 tuum)
491 1289 565 1316 sicut
580 1292 606 1315 te
621 1288 711 1324 ipsum
732 1290 740 1300 ⁸
756 1288 790 1315 ²¹.
808 1297 817 1314 ι

290 1335 320 1364 lu
334 1336 436 1371 quibus
456 1339 549 1362 autem
565 1335 638 1362 inest
651 1334 772 1361 Charitas
784 1332 833 1369 (‘2),
849 1333 877 1360 in
891 1332 926 1360 iis
941 1340 1052 1368 quoque

257 1383 338 1411 fidem
352 1382 442 1409 inesse
452 1381 628 1409 manifestum
637 1384 689 1408 est.
704 1380 811 1407 Rursus
820 1379 848 1407 in
861 1379 963 1415 quibus
972 1379 1050 1411 ﬁdes,

255 1430 339 1458 etiam
357 1428 487 1455 Charitas.
502 1428 533 1454 ln
547 1427 648 1462 quibus
671 1434 754 1462 porro
780 1425 902 1454 charitas
929 1429 957 1452 et
983 1425 1053 1453 ﬁdes

256 1475 429 1506 coaluerunt,
445 1473 472 1500 in
484 1473 518 1500 iis
540 1477 569 1500 et
584 1471 647 1504 alia,
664 1478 837 1507 quaecunque
854 1470 958 1506 optima
974 1473 1052 1503 sunt,

257 1519 445 1556 reperiuntur.
460 1518 541 1551 Quod
557 1518 580 1545 si
596 1518 719 1545 eharitas
741 1517 872 1550 abfuerit,
901 1524 933 1545 ea
960 1518 1053 1544 omnia

257 1567 352 1602 procul
369 1565 513 1593 recedunt.
533 1564 640 1592 Audisti
657 1568 791 1600 quantum
808 1564 845 1592 sit
873 1564 899 1592 in
918 1563 1053 1592 eharitate

257 1612 390 1646 positum,
416 1615 445 1638 et
459 1609 600 1645 quomodo
611 1618 644 1637 ex
661 1610 719 1644 ipsa
728 1617 778 1637 ceu
795 1610 882 1642 fonte,
898 1613 947 1636 aut
960 1609 1052 1637 radice

257 1665 339 1684 omne
355 1657 491 1684 bonorum
506 1664 620 1692 operum
652 1664 763 1692 germen
787 1661 914 1691 erumpat
935 1655 1054 1691 profun-

258 1704 405 1738 tlaturque.
424 1703 543 1731 l‘roinde
559 1703 723 1731 charitatcm
742 1703 802 1730 cole
814 1702 884 1730 citra
896 1710 979 1737 quam
997 1711 1054 1730 non

258 1755 301 1778 est
315 1750 452 1785 speranda
465 1750 549 1783 salus,
562 1749 796 1785 quemadmodum
815 1756 831 1776 e
844 1748 988 1784 Scriptura
1005 1747 1055 1776 de-

258 1797 484 1824 monstravimus.

292 1869 313 1884 ”
328 1867 348 1895 ll
360 1867 424 1896 Cor.
441 1875 499 1900 ιιιιι,
513 1867 539 1900 1,
551 1866 579 1894 Ξ.
618 1867 641 1882 ¹⁰
658 1866 754 1894 lJoan.
769 1874 805 1899 tv,
819 1866 863 1894 15.

902 1867 923 1882 ²¹
936 1865 1034 1895 Matth.
1050 1866 1165 1898 “11,36,
1178 1867 1222 1894 57.

1105 1017 1250 1047 stupesce;
1265 1014 1391 1040 ausculta
1418 1018 1444 1040 et
1462 1018 1648 1047 treme,,tanta
1657 1012 1807 1040 verborum
1822 1012 1897 1039 Pauli

1104 1060 1192 1087 virtus
1219 1064 1272 1090 est,
1292 1063 1384 1086 tantus
1401 1059 1504 1087 amoris
1523 1061 1624 1086 axstusl
1645 1068 1654 1084 ι
1672 1058 1740 1092 Quis
1770 1065 1822 1085 nos
1847 1065 1898 1085 un-

1104 1114 1186 1142 quam
1204 1106 1367 1141 scparabita
1379 1106 1514 1134 cbaritate
1530 1105 1651 1134 Christi?
1667 1105 1728 1133 Non
1743 1104 1895 1135 tribulatio.

1103 1160 1159 1180 non
1178 1152 1314 1187 angustia,
1327 1159 1386 1179 'non
1404 1152 1568 1186 periculum,
1587 1159 1641 1178 non
1657 1150 1827 1186 persecutio,
1843 1157 1898 1177 non

1103 1198 1199 1228 latnes,
1214 1205 1269 1224 non
1294 1197 1415 1230 ttuditas,
1442 1205 1496 1225 non
1523 1197 1641 1232 gladius,
1660 1204 1714 1224 non
1735 1203 1820 1229 mors,
1843 1203 1898 1223 non

1090 1242 1205 1278 'angeli,
1227 1250 1281 1270 non
1300 1242 1486 1277 principatus.
1506 1250 1560 1269 non
1577 1242 1705 1274 virtutes,
1721 1250 1776 1269 non
1790 1241 1896 1268 instan-

1106 1289 1153 1322 tia,
1170 1296 1223 1316 uon
1239 1288 1340 1322 futura,
1355 1296 1409 1316 non
1423 1288 1553 1322 altitudo,
1570 1296 1626 1316 non
1648 1287 1828 1323 profundum,
1843 1295 1897 1314 non

1104 1335 1156 1362 alia
1172 1335 1285 1362 omnino
1299 1340 1427 1362 creatura
1443 1342 1574 1370 separare
1595 1342 1638 1361 me
1651 1333 1753 1368 poterit
1766 1341 1782 1360 a
1807 1332 1898 1360 chari-

1104 1384 1159 1408 tate
1172 1379 1219 1408 Dei
1230 1380 1262 1406 “.
1285 1390 1293 1406 ι
1313 1380 1347 1407 Et
1360 1380 1417 1407 hmc
1428 1380 1541 1415 quidem
1555 1379 1589 1407 de
1601 1379 1735 1406 charitate
1746 1378 1822 1405 illius
1834 1384 1896 1413 erga

1104 1425 1201 1453 Deum.
1215 1425 1285 1460 Erga
1299 1425 1457 1460 proximum
1469 1433 1536 1453 vero
1550 1425 1623 1460 quod
1640 1424 1753 1455 attinet,
1776 1424 1896 1452 sitiebat.

1103 1473 1249 1508 appetebat
1268 1480 1365 1500 omnes
1378 1472 1478 1500 fratres
1491 1473 1603 1500 salvari.
1616 1473 1670 1500 Pro
1687 1471 1742 1499 illis
1759 1471 1820 1506 ipse
1837 1478 1866 1498 se
1879 1478 1895 1497 a

1105 1519 1222 1546 Domino
1241 1519 1420 1547 abscindebat
1434 1520 1591 1554 (anathema
1606 1519 1709 1554 quippe
1720 1519 1738 1528 "
1751 1517 1775 1533 “
1788 1516 1898 1544 divisio-

1103 1572 1166 1592 nem
1181 1572 1196 1591 a
1214 1564 1270 1592 Deo
1287 1564 1433 1600 significat)
1448 1564 1496 1600 qui
1517 1570 1598 1592 erant
1612 1563 1766 1595 secundum
1783 1567 1893 1590 carnem

1107 1611 1228 1646 cognati,
1241 1611 1323 1638 modo
1340 1611 1457 1639 salutem
1475 1615 1724 1646 consequerentur.
1750 1624 1755 1628 -

1143 1657 1211 1690 Quis
1227 1662 1333 1685 tantum
1346 1665 1380 1685 ex
1396 1658 1471 1685 omni
1487 1658 1650 1685 saeculorum
1664 1655 1797 1684 memoria
1813 1661 1898 1682 ausus

1108 1704 1173 1731 est?
1193 1704 1265 1738 Quis,
1284 1709 1390 1731 tantum
1413 1709 1527 1739 propter
1548 1702 1711 1731 charitatetu
1733 1699 1900 1729 desideravit

1109 1750 1238 1785 perpeti?
1253 1750 1372 1785 egregie,
1387 1750 1510 1785 inquam,
1527 1749 1633 1784 perpeti
1649 1756 1700 1782 pro
1715 1747 1767 1776 title
1786 1752 1815 1775 et
1829 1747 1897 1774 cha-

1111 1796 1204 1824 ritate.
1218 1796 1363 1829 Quomodo
1378 1803 1432 1824 non
1449 1795 1613 1823 demittebat
1627 1795 1762 1826 animum,
1789 1793 1836 1822 sed
1850 1800 1892 1820 au-

1262 1867 1284 1882 “
1295 1866 1376 1894 Rom.
1389 1873 1450 1898 vm,
1472 1865 1507 1892 55
1520 1865 1566 1893 59.
1602 1865 1625 1881 "
1653 1864 1732 1891 Rom.
1750 1870 1788 1895 Ix,
1801 1863 1827 1889 5.

887 1940 996 1972 Jacobi
1012 1940 1154 1972 Gretseri
1173 1943 1268 1971 notae.

292 2014 330 2050 (“2)
344 2013 480 2050 Loquitur
494 2011 594 2050 deiide
607 2011 668 2050 viva
691 2016 720 2050 et
740 2012 866 2050 formata,
885 2015 915 2038 ut
931 2016 1049 2046 vocant;

257 2047 320 2077 nant
337 2047 417 2075 fidem
432 2047 554 2082 alioquin
568 2047 628 2074 sine
642 2047 777 2074 cltaritatc
791 2047 945 2074 consistere
960 2055 1050 2081 posse,

258 2093 303 2112 res
317 2088 360 2111 est
383 2083 525 2118 explorata
541 2082 612 2116 apud
633 2082 814 2118 orthodoxos.
828 2082 948 2118 Etncutn
970 2082 1051 2118 paulo

258 2124 319 2155 post
337 2120 376 2145 ait
398 2116 544 2155 recedente
568 2117 712 2155 cltaritate,
726 2117 819 2143 omnia
844 2116 897 2143 alia
914 2117 1054 2155 recedere,

259 2151 380 2189 loquitur
396 2153 430 2180 de
445 2160 556 2180 recessu
578 2152 668 2186 quoad
688 2152 809 2178 fructum
827 2156 954 2185 respectu
968 2151 1052 2187 justi«

1106 2012 1252 2044 ficationis,
1264 2012 1367 2044 meriti,
1380 2016 1407 2039 et
1417 2010 1617 2046 consequentiae
1631 2007 1821 2039 beatitudinis,
1836 2014 1896 2034 cum

1105 2048 1210 2082 absque
1221 2048 1356 2075 charitate
1370 2047 1462 2074 omnia
1474 2047 1529 2074 sint
1542 2046 1617 2073 velut
1633 2052 1779 2082 (resonans
1790 2048 1815 2082 ιι]
1829 2051 1897 2082 ry_u_t-

1106 2077 1194 2109 baldm
1212 2083 1336 2110 tinniem.
1354 2082 1421 2110 Vide
1437 2081 1632 2109 Bellarminutu
1649 2081 1697 2108 lib.
1711 2087 1718 2106 ι
1741 2079 1778 2106 De
1792 2077 1895 2113 Justifi-

1107 2119 1220 2151 catione,
1239 2126 1299 2153 cap.
1316 2118 1358 2151 14,
1376 2118 1408 2145 15
1421 2122 1449 2145 et
1462 2125 1539 2152 seqq.

1009 2219 1147 2252 Scholia.

297 2297 304 2304 '
323 2293 450 2320 Basilius.
472 2289 524 2328 His
550 2291 595 2325 qui
619 2289 733 2325 primum
761 2290 866 2328 pietatis
889 2291 1052 2328 curriculum
1068 2296 1094 2326 ι)
1108 2297 1144 2319 est
1160 2301 1247 2325 omne,
1264 2292 1335 2326 quod
1351 2292 1405 2320 Deo
1427 2292 1611 2328 suspendimus
1637 2295 1661 2318 et
1677 2291 1806 2324 dicamus,
1829 2293 1896 2326 quod

258 2329 455 2365 ingrediuntur,
481 2327 571 2358 timor,
602 2330 733 2388 (auinam
770 2327 857 2361 prima
890 2327 1053 2360 rudimenta,

260 2365 352 2388 utilior
366 2368 413 2388 est.
429 2363 506 2388 iuxta
524 2361 591 2388 illud
603 2368 612 2387 :
628 2370 636 2386 ι
663 2361 813 2388 ’riucipium
825 2363 963 2388 saaientia:
976 2364 1053 2388 timor

260 2361 352 2392 utilior
366 2368 414 2395 est,
424 2363 506 2397 juxta
524 2361 591 2388 illud
603 2368 612 2387 :
628 2370 636 2386 t
649 2361 813 2397 Principium
825 2363 963 2396 sapientia:
976 2364 1054 2390 timor

261 2399 368 2427 Domini
393 2396 484 2433 (Prov.
518 2405 553 2428 Ix,
572 2397 626 2431 10).
645 2406 653 2421 ι
683 2396 733 2429 Qui
749 2401 849 2428 autent,
878 2398 1053 2433 utfinfantes,

259 2438 326 2463 lacte
353 2432 469 2470 amplius
494 2441 546 2459 non
569 2433 699 2470 indigent,
725 2432 772 2470 sed
793 2433 883 2460 solidis
910 2432 1055 2468 Scriptum

258 2468 463 2506 dogmatisutir
478 2473 596 2503 possunt,
624 2469 657 2506 iis
681 2468 871 2506 mandatorum
897 2470 1053 2504 prwripua,

259 2502 396 2533 charitatis
416 2502 513 2532 scilicet
535 2511 597 2538 erga
618 2502 702 2529 Deum
723 2507 746 2529 et
771 2502 932 2538 proximum,
959 2502 1054 2539 propo-

257 2546 369 2570 ιιιιηιιιν.

295 2579 313 2588 ’·
340 2575 510 2604 Attat/tentati
541 2574 648 2600 honoris
674 2581 757 2600 causa
785 2573 874 2601 nullus
909 2576 1054 2610 appropin-

257 2616 342 2646 quare
357 2613 437 2638 audet
453 2620 459 2637 :
477 2610 509 2636 ab
521 2610 639 2646 abscisso
653 2614 751 2642 autent,
768 2614 793 2635 et
810 2617 839 2635 eo
857 2611 901 2645 qui
917 2612 1001 2644 (actus
1012 2619 1053 2637 es-

256 2645 295 2675 set
308 2648 463 2679 enat/tenta,
476 2646 612 2672 contraria
623 2645 654 2671 de
668 2653 748 2671 causa
760 2652 851 2671 omnes
867 2653 894 2671 se
910 2651 1051 2673 removent.

257 2686 294 2710 Ac
304 2683 439 2718 separatio
461 2681 566 2716 quidem
587 2689 643 2718 una
665 2685 733 2711 erat,
749 2689 807 2706 cum
830 2681 883 2712 llic,
911 2684 934 2718 et
948 2681 1014 2718 illud
1037 2691 1054 2708 (ι

259 2714 430 2746 multitudine
442 2714 599 2744 mtarmtur.
615 2714 711 2742 Modus
718 2719 805 2742 autent
814 2717 990 2750 separationis
1002 2724 1053 2743 non

259 2755 338 2785 idem,
352 2754 397 2780 sed
417 2753 499 2788 priori
520 2751 684 2788 contrarius.
704 2752 878 2778 Anatltentatc
896 2751 965 2778 enim
992 2756 1054 2778 tan-

257 2798 337 2824 quam
367 2797 395 2815 re
417 2786 557 2824 Vdedicatd
574 2786 739 2824 abstinebant
760 2793 773 2824 :_
792 2787 840 2824 Itoc
867 2793 956 2814 autem
989 2792 1051 2814 tan-

259 2821 340 2859 t'luam
367 2824 484 2851 alienato
503 2831 519 2849 a
538 2821 602 2854 Deo,
616 2827 640 2848 et
661 2822 693 2848 ab
709 2821 828 2848 I'Icclesia
847 2824 1053 2850 ortltodororum

258 2861 322 2886 atlru
327 2864 381 2894 pla.

295 2895 438 2929 (.‘ltrysost.
453 2893 589 2920 Discamus
616 2893 743 2929 primum,
761 2893 868 2927 quidsit
897 2895 1051 2924 anathema,

257 2933 283 2954 ct
295 2928 358 2954 tunc
369 2930 480 2956 sciemus
495 2929 557 2963 quiti
569 2929 602 2954 sit
625 2928 704 2955 Pauli
725 2929 878 2955 anathema.
905 2929 1051 2956 Attat/tcum

1107 2337 1183 2355 nemo
1195 2329 1315 2364 profanis
1329 2329 1451 2355 manibus
1479 2328 1592 2364 audebat
1617 2328 1758 2362 attingere,
1782 2335 1828 2352 nec
1840 2335 1897 2364 pro;

1106 2365 1164 2399 pius
1185 2362 1316 2390 accedere.
1328 2364 1371 2391 Sic
1386 2365 1465 2390 etiam
1481 2363 1513 2390 ab
1525 2363 1640 2390 Ecclesia
1650 2369 1816 2397 separatum,
1831 2362 1896 2389 etab

1106 2398 1226 2425 omnibus
1247 2399 1399 2429 abscissum,
1421 2398 1621 2433 longissimeque
1643 2404 1773 2424 remotum
1808 2403 1893 2430 vorat,

1106 2434 1242 2460 contraria
1257 2434 1449 2470 signi/italiam
1471 2435 1593 2462 :edicens
1616 2434 1746 2470 omnibus,
1770 2437 1798 2459 ut
1816 2433 1897 2459 malm

1106 2478 1164 2495 cum
1181 2470 1273 2495 timore
1283 2468 1316 2495 ab
1333 2477 1362 2495 eo
1376 2471 1534 2500 abstineant,
1551 2474 1575 2494 et
1587 2468 1715 2496 resiliunt.
1730 2470 1774 2495 Ait
1790 2473 1897 2496 autem:

1110 2513 1118 2528 ι
1135 2504 1253 2531 Volebam
1268 2507 1409 2531 anathema
1422 2513 1476 2531 esse
1493 2515 1515 2536 ι,
1531 2505 1558 2530 id
1574 2510 1621 2537 est,
1638 2504 1816 2533 exsecrabilis,
1841 2512 1897 2531 cum

1106 2548 1156 2574 quo
1172 2540 1232 2566 aliis
1247 2540 1312 2566 ni/til
1329 2548 1466 2566 commune
1478 2545 1527 2570 est,
1543 2548 1595 2566 non
1610 2540 1706 2567 habens
1721 2543 1824 2573 partem
1840 2548 1897 2566 cum

1106 2575 1220 2605 Christo,
1238 2579 1266 2601 ut
1284 2576 1436 2602 traderetur
1462 2575 1578 2609 diabolo,
1605 2580 1629 2602 et
1652 2574 1847 2610 ﬂagellaretur,
1875 2580 1898 2601 et

1105 2619 1194 2644 pwnas
1208 2610 1302 2637 lsraeli
1322 2611 1352 2638 ob
1369 2612 1578 2638 incredulitatem
1592 2612 1618 2637 in
1646 2610 1730 2636 Deum
1741 2610 1804 2644 jure
1831 2611 1898 2636 irra-

1105 2647 1218 2680 gaudas,
1229 2648 1284 2681 ipse
1299 2647 1428 2673 sustinere
1443 2647 1564 2673 deberet:
1580 2655 1588 2671 t
1605 2646 1831 2678 Quemadmodum
1845 2649 1898 2672 tra-

1105 2681 1169 2708 didit
1184 2682 1304 2708 Christus
1320 2683 1487 2717 semetipsum
1500 2691 1547 2717 pro
1560 2683 1642 2714 trabis,
1657 2686 1680 2708 ct
1693 2682 1776 2715 {artus
1791 2685 1829 2717 est
1842 2688 1899 2706 nta-

1105 2716 1237 2744 ledictum.
1253 2715 1417 2744 Illa/edictus
1438 2715 1518 2748 enim.
1538 2718 1634 2752 inquit,
1667 2717 1751 2743 omnis
1776 2715 1820 2750 qui
1835 2723 1898 2750 pcu-

1105 2755 1146 2778 tlt’l
1163 2753 1189 2779 in
1206 2753 1276 2788 ligno
1294 2753 1384 2787 (Gala!
1406 2762 1434 2783 li,
1451 2754 1489 2788 5).
1509 2763 1518 2779 ι
1535 2753 1585 2780 Illo
1601 2758 1690 2779 autem
1706 2759 1755 2786 pro
1769 2753 1899 2788 fratribus

1105 2790 1184 2824 lueis,
1198 2786 1305 2824 propter
1322 2786 1479 2815 clamitatum
1496 2790 1522 2815 in
1537 2789 1670 2815 Christum
1683 2790 1809 2822 cognatos
1819 2795 1846 2813 .‘t’

1105 2821 1351 2859 liyt'rcVApostolus
1379 2825 1522 2858 simil/iret.
1558 2824 1691 2855 Quoniam
1717 2821 1796 2859 quem
1822 2821 1896 2848 nulla

1104 2865 1228 2885 creatura
1243 2870 1258 2886 a
1285 2862 1415 2886 cltttmatt:
1448 2860 1544 2886 (.ltristi
1571 2866 1698 2894 separare
1720 2858 1815 2891 potuit,
1831 2865 1896 2891 quo-

1104 2895 1252 2921 modorum
1281 2897 1397 2922 Charitas
1427 2899 1600 2929 cognatorum
1629 2898 1653 2920 et
1680 2894 1795 2928 fratrum
1819 2900 1894 2926 srpu~

1105 2936 1186 2956 rasae!
1197 2932 1208 2955 1’
