2034 3153
173 208 222 240 ῚΠ

887 207 1060 237 υΙυΡΤΙὶΛ.

1724 212 1778 245 718

169 267 249 296 debat
288 265 420 293 adversus
450 265 553 297 omnia,
581 270 688 292 terrena
711 270 739 292 ct
764 265 894 299 coelestia,
922 271 952 292 ut
968 270 987 295 Λ
1004 266 1065 293 silio
1094 266 1243 300 unicuique
1264 267 1430 294 tentationes
1446 268 1587 296 eveniunt.
1611 269 1688 296 llaud
1705 271 1793 306 supra

164 313 300 342 Christum
321 311 513 339 lucrifaceret?
537 311 624 344 Quem
645 311 730 339 Paulo
741 311 857 339 similem
882 311 951 339 vidi-

171 358 308 386 mus‘taut
337 358 398 392 quis
422 365 543 392 unquam
565 357 756 393 hujuscemodi
788 357 951 385 charitalem

165 403 298 439 spirabit?
322 403 373 436 En,
404 403 520 436 absolvi,
545 411 607 438 qua:
634 403 669 431 de
693 403 827 431 cbaritate
859 403 951 430 dicere

165 450 256 482 habui,
282 454 340 477 tum
363 458 396 477 ex
413 450 542 484 aliorum,
569 456 626 479 tum
661 458 694 478 ex
721 450 797 478 Pauli
829 449 949 485 scriptis,

164 501 264 532 quanta
288 497 419 524 nimirum
449 497 476 524 in
501 505 535 525 eo
558 497 679 526 charitas
705 497 804 529 fuerit,
821 501 849 524 et
871 503 950 531 quam

166 544 280 572 mirifice
294 544 379 571 Deum
394 544 530 571 dilexerit.

193 591 291 616 Axn“.
302 589 426 624 intelligo
437 589 508 617 dicta
522 593 550 616 et
573 589 668 616 miror.
683 589 796 616 Paulam
813 596 877 615 vero
888 596 950 623 pro-

161 639 219 669 pter
237 633 367 661 virtutem
381 634 581 662 incredibiliter
595 634 728 668 suspicio.

193 679 276 707 Cano.
290 679 374 714 Atqui
390 679 490 707 Paulus
507 683 605 706 natura
621 679 704 707 homo
726 679 786 711 fuit,
811 680 950 707 omnium-

161 734 213 760 que
225 725 343 753 aliortun
367 725 476 758 similis,
503 733 659 760 quanquam
682 725 750 752 civis
773 724 905 752 caelestis.
921 724 950 753 Si

162 773 251 806 itaque
264 770 380 798 salutem
393 776 523 798 aeternam
543 771 653 806 assequi
678 771 864 805 concupiscis,
880 770 951 798 Pana

161 816 215 842 lum
233 815 283 843 tibi
296 815 458 843 imitandutn
475 823 607 851 propone.
624 815 700 849 Quod
715 816 737 844 si
752 824 813 851 quae
826 817 950 851 singula-

161 862 198 888 ris
215 862 332 888 tentatio
351 865 376 888 te
395 861 535 893 invaserit,
551 865 599 889 aut
611 862 750 896 insperata
765 861 909 890 calamitas
923 866 949 889 te

162 907 342 941 oppresserit,
352 909 387 934 ab
400 907 559 935 hominibus
571 907 763 942 pestilentibus
773 908 891 940 occulte,
903 913 951 935 aut

162 952 252 986 palam
269 953 387 985 int-ccta,
405 961 439 980 ne
450 954 575 984 concide,
592 953 632 981 fer
644 961 724 988 azquo
742 953 844 986 animo,
858 958 886 982 et
901 961 949 988 pa-
967 944 986 971 Β

161 1003 219 1026 tere
231 999 304 1034 quod
325 999 436 1033 accidit,
452 1008 485 1028 ne
500 1000 614 1027 ﬂuctua.
629 1000 702 1028 Pone
713 1005 777 1028 ante
792 1001 888 1028 oculos
898 1001 947 1028 Pa-

159 1048 216 1071 tres
230 1045 368 1080 antiquos,
379 1053 449 1080 pone
461 1050 605 1081 martyres,
620 1053 690 1080 pone
705 1045 862 1081 prophetas,
878 1054 950 1081 pone

160 1089 275 1117 chorum
284 1091 481 1125 apostolorum,
496 1098 566 1126 pone
581 1091 715 1126 majorum
731 1090 949 1119 multitudinem.

161 1134 249 1167 Quam
276 1135 376 1164 multas
405 1135 597 1164 tribulationes
620 1141 648 1165 et
676 1145 814 1165 aerumnas
834 1137 950 1172 quisque

157 1180 324 1207 exantlavitl
341 1180 428 1213 Quam
459 1181 549 1209 varios
574 1183 732 1216 cruciatus,
757 1183 948 1214 contumelias.

160 1223 333 1255 vexationes,
357 1224 540 1258 incommoda,
558 1226 692 1254 malorum
723 1231 898 1262 tempestates
923 1232 951 1256 et

161 1273 267 1296 mortes
283 1272 388 1304 experti
414 1272 497 1299 sunt!
522 1272 625 1300 Horum
642 1274 812 1308 propositum
828 1279 855 1301 ct
868 1274 950 1302 tidem

159 1313 285 1341 studiose
303 1315 421 1348 imitare,
438 1321 466 1344 et
483 1325 553 1345 onus
567 1318 702 1346 malorum
719 1323 828 1346 tuorum
843 1319 950 1347 sustine

160 1363 190 1386 ut
208 1365 296 1393 potes,
310 1365 339 1387 et
355 1362 508 1390 salvabere.

195 1404 283 1433 Omne
300 1406 373 1440 quod
389 1407 438 1434 tibi
452 1408 612 1442 applicitum
631 1409 726 1442 fuerit,
739 1410 844 1445 accipe,
874 1415 902 1438 et
922 1411 950 1438 in

160 1448 270 1481 dolore,
281 1454 310 1476 et
321 1449 349 1478 in
378 1452 529 1479 mutatione
543 1453 708 1481 humilitatis
724 1458 777 1481 tua
789 1454 949 1489 patientiam

162 1493 233 1521 habe
250 1501 258 1521 :
274 1495 403 1529 quoniam
419 1496 446 1524 in
463 1497 525 1532 igne
543 1499 676 1533 probatur
694 1507 791 1526 aurutn
807 1500 840 1531 “‘,
861 1500 951 1527 homi-

160 1547 209 1566 nes
226 1547 291 1567 vero
303 1541 478 1575 receptibiles
489 1542 516 1570 in
531 1543 641 1571 camino
652 1543 833 1572 humilitatis:
851 1555 860 1570 ε
874 1545 950 1572 Tolle

162 1586 340 1620 tentationes,
366 1595 449 1615 nemo
475 1588 528 1616 erit
544 1593 655 1617 sanctus
674 1598 681 1616 :
697 1589 775 1618 aufer
799 1591 948 1624 molestias,
961 1606 985 1639 ε

160 1630 336 1664 afuit-tiones,
351 1633 484 1666 miserias,
500 1641 582 1661 nemo
597 1635 757 1663 salvabitur.
773 1646 782 1661 ι

481 1690 596 1719 CAPUT
608 1691 639 1719 ν.

160 1743 210 1776 Qui
224 1746 358 1784 irruentes
386 1748 541 1774 tentationes
558 1748 758 1784 aﬂlictionexque
772 1754 850 1784 grata
867 1754 951 1776 mente

193 1758 208 1771 ιι
224 1758 358 1773 ιγῑιιεηιω
386 1758 541 1774 tetttattottes
558 1758 708 1783 «unctione:
727 1758 758 1775 ue
772 1758 850 1784 grata
867 1758 951 1776 mente

193 1781 503 1819 pertulerit,__pr¢emium
520 1784 688 1819 adepturum.
706 1758 756 1816 aui
777 1786 874 1811 invitus
891 1793 951 1819 per-

193 1815 298 1854 tulerit,
310 1816 411 1843 nullum
422 1815 588 1852 adepturum.
597 1818 695 1854 Scopas
705 1815 879 1846 tentationum
887 1815 952 1854 qua-

191 1851 208 1876 d
212 1859 242 1877 nt
243 1851 320 1885 plex.

193 1908 295 1934 Amm.
321 1906 490 1941 Frequenter
516 1915 559 1935 me
584 1908 748 1936 tentationes
765 1909 889 1944 quredam
911 1909 951 1936 in-

158 1958 304 1984 vaseruut,
321 1960 390 1988 quas
398 1960 448 1988 ego
461 1952 497 1980 ob
507 1954 589 1981 animi
603 1954 817 1982 imbecillitatem
833 1954 951 1982 tolerare

159 2000 287 2034 nequivi.
820 2007 823 2009 ‘

192 2045 280 2072 Cano.
298 2045 357 2073 Non
373 2046 410 2073 ita
433 2050 493 2080 est;
506 2046 701 2077 vclamentum,
718 2049 744 2072 et
760 2045 849 2072 inanis
866 2053 950 2072 exeu-

159 2090 228 2117 satio
243 2095 292 2118 est
307 2091 378 2126 quod
396 2091 475 2119 dicis.
493 2090 521 2120 Si
540 2098 635 2118 verum
651 2090 749 2118 audire
766 2090 818 2124 vis,
834 2090 949 2117 Paulum

160 2136 224 2164 audi
242 2146 250 2164 :
276 2146 285 2162 ε
305 2136 471 2165 Benedictus
484 2138 565 2170 Deus,
583 2137 682 2172 inquit,
697 2136 744 2172 qui
759 2144 814 2164 non
829 2136 949 2171 patietur

159 2188 208 2209 vos
225 2182 328 2210 tentari
344 2190 427 2218 super
445 2183 471 2210 id
481 2182 553 2218 quod
562 2183 677 2218 potestis
688 2183 738 2210 ⁸⁵.»
754 2181 821 2209 Nam
833 2182 878 2217 qui
889 2187 949 2209 ten-

160 2227 315 2254 tationihus
329 2227 513 2261 lacessantur,
531 2227 584 2254 illis
599 2227 670 2254 Deus
687 2226 770 2254 robur
782 2226 868 2253 addit.
885 2225 947 2253 Tri-

1003 313 1086 344 vires,
1105 312 1152 339 sed
1167 319 1235 347 quas
1260 312 1338 339 facile
1364 313 1512 341 sustineas.
1538 313 1672 347 Quoniam
1697 322 1789 344 autem

1002 358 1062 385 alia:
1075 358 1225 385 secundum
1244 359 1426 386 (ecouomiam
1447 359 1502 386 Deo
1520 360 1706 394 permittente,
1730 362 1791 390 alite

1001 404 1100 431 eodem
1118 404 1226 431 volente
1252 409 1282 432 et
1308 405 1418 432 favente
1438 405 1577 438 accidunt,
1592 414 1647 434 non
1669 407 1791 443 intelligo

1001 457 1052 476 cur
1069 451 1142 477 istuc
1165 450 1251 483 dicas,
1269 450 1342 485 quod
1355 451 1435 480 dicis.
1463 451 1524 478 Non
1555 457 1643 486 potes,
1663 461 1730 486 non,
1751 454 1791 482 in-

1001 504 1096 531 quam,
1108 501 1186 531 potes
1201 497 1304 532 absque
1322 497 1546 527 tribulationibus
1565 500 1652 527 salute
1672 501 1754 536 potiri
1769 503 1788 528 '.

1036 563 1120 591 Nemo
1134 568 1265 598 praeterea
1277 565 1360 592 vitam
1375 566 1449 592 omni
1464 566 1575 594 tristitia
1588 573 1728 596 vacantem
1740 569 1782 596 de.

1001 610 1052 644 git,
1068 609 1300 644 quemadmodum
1318 619 1398 638 nemo
1416 619 1465 646 per
1495 620 1569 640 mare
1585 613 1657 641 circa
1676 613 1790 642 fluctum

1002 656 1122 692 navigat.
1142 656 1195 683 Sed
1211 661 1241 684 ut
1255 665 1354 684 aurum
1375 658 1402 684 in
1415 658 1477 692 igne
1498 659 1640 693 probatur,
1665 660 1789 695 splendi—

1001 701 1118 736 diusque
1132 706 1160 729 et
1175 701 1290 729 solidius
1305 702 1422 730 efficitur
1438 711 1446 736 ;
1463 703 1499 730 ita
1524 708 1549 730 te
1575 712 1685 740 quoque
1704 710 1791 734 tenta-

1003 747 1106 774 tionum
1124 746 1239 774 ﬂammae
1254 752 1381 783 purgant,
1404 752 1432 775 et
1459 748 1591 777 sordibus
1620 751 1790 786 maculisque

1002 792 1184 821 tenebricosis
1199 793 1329 821 liberant.
1347 793 1424 822 Nulla
1439 795 1515 822 enim
1539 795 1707 830 relinquitur
1723 805 1790 831 pur-

1001 840 1086 875 gatio,
1102 846 1156 865 non
1174 838 1275 866 dantur
1289 840 1400 873 praemia
1418 840 1524 873 salutis,
1538 841 1590 869 nisi
1605 847 1681 877 grata
1695 842 1792 870 volun-

1003 889 1057 911 tate
1071 884 1236 912 tentationes
1249 884 1377 912 admittas
1398 894 1405 912 :
1420 885 1464 913 cui
1487 886 1525 913 rei
1539 887 1684 914 maximam
1710 888 1790 915 fidem

1001 932 1146 964 martyres,
1159 929 1192 956 de
1203 928 1303 964 quibus
1319 929 1448 962 diximus,
1467 931 1626 958 conciliant.
1647 931 1790 959 Neminem

1001 975 1102 1002 Paulus
1115 975 1219 1010 absque
1240 977 1391 1002 tentatione
1414 980 1443 1003 et
1469 976 1565 1004 dolore
1582 977 1711 1012 intrasse,
1739 982 1788 1005 aut

1002 1020 1168 1047 intraturum
1181 1020 1208 1047 in
1221 1028 1335 1056 regnum
1349 1021 1479 1049 cmlorum
1491 1022 1607 1050 afﬁrmat
1618 1032 1624 1050 :
1636 1033 1645 1049 ι
1659 1024 1710 1051 Per
1723 1024 1790 1051 mul-

1003 1071 1044 1093 tas
1059 1065 1263 1098 tribulationes,
1277 1066 1377 1101 inquit,
1393 1071 1500 1102 oportet
1521 1075 1573 1096 nos
1586 1068 1688 1096 intrare
1703 1069 1730 1096 in
1742 1076 1787 1097 re-

1001 1119 1086 1146 gnum
1107 1110 1154 1138 Dei
1170 1111 1203 1138 ".
1226 1121 1236 1138 ι
1254 1111 1356 1139 Fidelis
1369 1116 1420 1144 est,
1433 1112 1479 1147 qui
1492 1113 1544 1140 hoc
1558 1113 1634 1146 dicit,
1654 1118 1684 1141 et
1699 1114 1787 1142 ﬁdelis

1002 1155 1085 1187 Deus,
1112 1161 1142 1184 ut
1159 1156 1181 1172 ⁸⁷
1200 1155 1271 1183 idem
1299 1156 1405 1185 scribit.
1430 1156 1619 1191 Teutationcs,
1641 1162 1672 1186 ut
1691 1158 1783 1190 docui,

1003 1202 1036 1228 ad
1048 1202 1194 1229 utilitatem
1210 1201 1350 1230 accidunt.
1364 1202 1499 1231 Accidunt
1509 1207 1601 1230 autem
1617 1203 1705 1231 modis
1717 1212 1783 1239 qua-

1005 1251 1077 1281 tuor,
1090 1255 1137 1274 seu
1159 1246 1212 1275 line
1230 1247 1414 1282 quadruplici,
1429 1248 1503 1282 quod
1524 1247 1712 1276 ostendemus.
1733 1249 1788 1277 Aut

1004 1298 1033 1320 ut
1046 1293 1182 1328 prmterita
1201 1297 1313 1328 peccata
1328 1293 1453 1329 deleant;
1469 1298 1517 1320 aut
1532 1298 1561 1321 ut
1575 1294 1618 1321 illa
1631 1301 1693 1329 quae
1712 1302 1787 1322 nunc

1002 1341 1029 1367 in
1043 1340 1123 1367 nobis
1137 1343 1299 1374 operantur,
1313 1338 1472 1374 impediant,
1488 1339 1519 1366 in
1534 1339 1577 1367 his
1600 1340 1648 1375 qui
1669 1340 1792 1368 moribus

1001 1389 1067 1413 sunt
1081 1385 1224 1420 improbis,
1236 1385 1302 1412 etin
1318 1385 1389 1412 viam
1413 1385 1504 1412 redire
1518 1385 1632 1418 nolunt;
1645 1391 1692 1413 aut
1704 1391 1734 1413 ut
1757 1394 1791 1414 ne

1002 1431 1081 1458 cadat
1096 1431 1143 1466 qui
1157 1431 1273 1458 feliciter
1290 1430 1386 1463 currit,
1399 1435 1428 1458 et
1443 1431 1593 1458 tentatione
1606 1431 1722 1466 spiritus
1735 1432 1790 1460 ela-

1003 1482 1044 1504 tos
1056 1481 1212 1509 coercente,
1229 1476 1329 1504 malum
1343 1484 1472 1511 magnum
1488 1476 1618 1512 eﬂ‘ugiat;
1631 1481 1680 1504 aut
1696 1482 1726 1504 ut
1740 1485 1788 1505 ex-

1002 1522 1124 1557 ploretur
1135 1529 1167 1557 ac
1177 1521 1309 1556 probetur
1320 1521 1453 1557 quispiam
1465 1530 1472 1548 :
1486 1529 1541 1555 quo
1552 1527 1631 1556 pacto
1639 1522 1706 1557 justi
1717 1530 1790 1550 com-

1002 1568 1094 1602 plures
1123 1567 1231 1603 probati
1255 1567 1375 1594 fuerunt.
1402 1567 1557 1595 Recordare
1581 1567 1731 1595 Abrahatni
1761 1575 1790 1596 et

1001 1614 1064 1646 Job,
1087 1613 1209 1640 virorum
1226 1612 1403 1640 eximiorum.
1427 1611 1487 1639 Noli
1503 1612 1600 1640 timere
1629 1614 1790 1642 tentationis

1003 1658 1204 1686 incommodum
1216 1667 1224 1691 ;
1235 1658 1290 1686 noli
1307 1663 1428 1685 metuere
1442 1658 1628 1686 molestiarum
1640 1667 1727 1692 onus;
1740 1660 1788 1686 sed

1002 1703 1023 1730 si
1039 1707 1064 1730 te
1074 1703 1176 1730 adortae
1185 1703 1298 1736 fuerint,
1309 1703 1422 1730 admitte
1435 1712 1440 1729 :
1451 1704 1475 1730 si
1485 1704 1644 1737 invaserint,
1657 1705 1789 1733 consiste.

1000 1749 1072 1777 Cave
1088 1749 1238 1784 quidquam
1253 1749 1458 1784 pusillanimum
1473 1749 1640 1782 committas,
1654 1750 1786 1786 Gregorio

1001 1795 1140 1830 Theologo
1148 1795 1251 1821 utiliter
1259 1794 1428 1829 praecipienti
1438 1794 1597 1829 obtempera
1607 1803 1613 1821 :
1625 1805 1633 1820 ι
1647 1795 1791 1822 lncursau-

1002 1845 1043 1867 tes
1060 1840 1237 1873 lentatioues,
1254 1840 1354 1875 inquit,
1370 1847 1504 1874 generose
1521 1839 1630 1875 suscipe
1647 1850 1653 1866 :
1671 1841 1789 1875 castiga~

1002 1886 1103 1912 tionem
1120 1884 1230 1920 ﬂagelli,
1248 1885 1417 1912 sanationem
1434 1889 1528 1919 reputa
1599 1894 1608 1910 ι

1037 1951 1208 1979 Amictioncs
1223 1956 1351 1986 tanquam
1362 1952 1462 1979 ﬂuctus
1474 1952 1570 1979 tolera.
1584 1951 1657 1979 Veiis
1668 1951 1790 1979 incidere

1002 1998 1029 2024 in
1040 2005 1137 2025 manus
1146 1998 1252 2024 Domini
1264 1998 1366 2033 potius,
1379 2006 1460 2033 quam
1473 1998 1499 2026 in
1513 2006 1611 2026 tnanus
1625 1998 1768 2026 hominum
1781 2008 1787 2027 :

1001 2043 1114 2078 castigat
1129 2045 1201 2071 enim
1223 2044 1249 2071 in
1273 2043 1471 2077 misericordia,
1484 2052 1538 2072 non
1554 2045 1581 2072 iu
1599 2045 1649 2078 ira,
1669 2048 1697 2072 et
1723 2052 1789 2072 con-

1001 2089 1164 2116 solationetu
1180 2090 1369 2125 consequeris,
1384 2091 1456 2118 sicut
1471 2098 1587 2126 magnus
1604 2090 1648 2118 Iile
1663 2090 1715 2118 Job
1725 2097 1789 2118 con-

1001 2141 1112 2164 secutus
1129 2141 1180 2164 est.
1203 2136 1257 2169 Qui
1279 2137 1372 2164 omnia
1401 2137 1470 2164 citra
1486 2137 1689 2172 exceptionem,
1715 2137 1791 2165 velut

1001 2181 1133 2209 beneficia
1151 2189 1298 2216 perpessus
1309 2187 1361 2214 est,
1375 2190 1547 2217 quaecunque
1558 2182 1597 2209 illi
1611 2182 1718 2210 damon
1727 2186 1788 2209 ten~

1002 2232 1073 2255 tator
1090 2227 1197 2254 inll‘xit.
1214 2227 1267 2255 Sed
1282 2236 1339 2255 rem
1351 2236 1447 2255 novam
1465 2236 1587 2263 prorsus,
1601 2233 1629 2256 et
1643 2229 1788 2256 maximam

161 2271 319 2299 bulationes
331 2279 381 2306 pro
395 2277 452 2299 rata
466 2277 542 2307 parte
559 2272 657 2299 virium
670 2271 828 2301 hominibus
839 2272 946 2300 contin-
963 2276 984 2303 n
999 2273 1153 2300 considera.
1164 2273 1304 2301 Ambobus
1320 2274 1443 2308 pecunia:
1457 2275 1654 2307 possessiones.
1668 2279 1695 2302 el
1707 2282 1789 2302 omne

163 2321 242 2351 gunt,
276 2317 395 2344 robustis
417 2318 566 2352 graviores,
592 2317 708 2344 infirmis
737 2317 865 2344 leviores.
897 2316 950 2343 Pro

163 2362 299 2398 cujusque
311 2367 392 2397 captu
407 2367 433 2390 ct
444 2362 559 2393 viribus,
575 2362 696 2397 inquam,
709 2370 810 2390 arcano
825 2363 871 2390 Dei
886 2371 950 2390 cutt-

212 2433 236 2447 "
252 2432 336 2458 Eccli.
353 2441 382 2464 u,
396 2433 422 2460 5.
462 2433 484 2448 ⁸⁵
502 2433 511 2459 1
527 2433 590 2460 Cor.
604 2441 630 2465 κ,
645 2433 687 2460 15.

729 2434 752 2448 ’⁸
767 2434 828 2461 Act.
845 2443 899 2466 xtv,
913 2435 957 2462 ‘ZI.

1000 2322 1087 2354 genus
1102 2318 1249 2350 facultatis,
1265 2324 1293 2346 et
1307 2319 1398 2352 liberi,
1415 2320 1516 2355 fruges,
1542 2328 1652 2356 pecora,
1671 2320 1785 2347 materia

999 2368 1229 2398 etargumcntum
1253 2364 1510 2399 animadversionis,
1530 2373 1558 2394 et
1574 2373 1702 2393 (erumna:
1728 2365 1787 2395 fue-

998 2436 1018 2452 "
1043 2435 1052 2462 l
1081 2435 1146 2462 Cor.
1161 2442 1187 2466 κ,
1205 2435 1247 2460 15.

908 2509 1044 2540 Scholia.

202 2573 210 2582 ’
234 2569 364 2606 Isidorus.
387 2569 443 2596 Non
460 2575 497 2598 est
520 2572 634 2598 inuenire
660 2571 802 2605 artiﬁcium
831 2571 948 2606 aliquod.

165 2613 217 2641 quo
229 2604 358 2641 quispiam
372 2612 442 2636 usus,
468 2607 499 2632 ab
521 2604 790 2641 aﬂlictioneimmunia
808 2606 851 2636 sit.
875 2604 897 2632 et
923 2607 950 2632 in

165 2640 326 2676 mutationes
341 2648 475 2676 nunquam
491 2641 589 2675 lapsus,
605 2641 680 2676 hujus
701 2642 759 2668 vita:
773 2643 867 2676 [luctus
890 2642 951 2676 eﬁ'u-

165 2676 243 2711 giat:
258 2685 266 2700 ι
276 2675 345 2701 Nam
360 2675 382 2701 si
399 2677 507 2702 tenlutio
520 2680 555 2701 est
570 2677 621 2702 vita
637 2675 746 2702 hominis
759 2675 835 2711 super
853 2681 951 2702 terram

167 2710 229 2742 (Job
247 2718 294 2741 vn,
317 2711 351 2743 l),
370 2719 378 2734 ι
398 2711 441 2744 qui
458 2711 573 2743 tandem,
588 2711 631 2745 qui
654 2711 681 2737 in
698 2710 840 2737 tcutatione
853 2711 951 2741 vivunt,

167 2753 220 2772 non
238 2751 357 2772 replentur
371 2745 384 2771 7

200 2779 341 2814 Chrysost.
359 2780 480 2807 Invenire
491 2780 536 2814 qui
548 2784 632 2806 locum
653 2784 698 2806 tua
715 2781 784 2807 mala
797 2785 842 2807 aut
854 2789 880 2806 re
891 2782 946 2813 ipsa

168 2816 368 2848 communicent,
391 2820 437 2842 aut
462 2816 494 2841 iis
513 2816 721 2850 commemoratis
743 2816 842 2850 pariter
868 2820 949 2841 (rrum

168 2849 287 2881 doleant,
301 2859 426 2885 magnum
436 2855 473 2877 est
483 2851 508 2876 in
520 2851 575 2884 ipso
589 2849 677 2876 dolore
688 2850 823 2876 solatium.

205 2885 330 2920 Basilius.
347 2886 453 2920 Oportet
478 2893 536 2911 cunt
553 2885 649 2919 gaudio
666 2886 754 2910 omnin
779 2892 884 2918 propter
910 2893 953 2910 no-

172 2927 231 2945 men
252 2919 400 2954 Domini,'ct
413 2929 455 2948 eos
468 2921 510 2956 qui
523 2925 583 2947 sunt
598 2920 780 2955 rjus,suﬂ‘crre
795 2928 825 2945 ur
839 2921 954 2954 perpeti:

1003 2579 1054 2597 non
1080 2573 1167 2596 tamen
1195 2571 1266 2603 prius
1296 2577 1376 2603 quam
1400 2570 1455 2603 ipse
1481 2569 1563 2601 sinat,
1588 2577 1642 2596 sese
1661 2570 1687 2595 in
1705 2574 1788 2597 tettta'

1004 2607 1086 2632 tiones
1100 2605 1263 2639 pnecipiture
1279 2613 1286 2630 :
1302 2605 1347 2630 sed
1362 2612 1440 2630 orare
1456 2605 1553 2638 potius,
1567 2613 1598 2631 ne
1612 2605 1639 2630 in
1660 2613 1704 2630 eus
1725 2606 1789 2632 inci'

1005 2641 1108 2667 damus.

1042 2677 1060 2685 “
1079 2674 1223 2709 Disciplina
1238 2673 1341 2700 Domini
1354 2673 1456 2708 aperuit
1471 2674 1532 2700 mihi
1545 2682 1621 2700 aures
1635 2673 1699 2707 (lsa.
1711 2681 1736 2706 ι..
1748 2675 1788 2708 5).

1006 2710 1115 2744 (Iastiga
1132 2717 1181 2739 me,
1196 2709 1316 2740 Domine,
1328 2713 1508 2744 uerumtamen
1525 2710 1552 2735 in
1562 2709 1672 2744 judicio,
1688 2717 1739 2735 non
1759 2711 1788 2736 in

1008 2743 1096 2779 furore
1110 2743 1195 2777 (Paul.
1210 2752 1246 2774 vr,
1261 2744 1299 2770 2t.
1315 2743 1370 2770 Non
1389 2745 1458 2770 enim
1483 2748 1611 2778 qumttum
1638 2749 1787 2771 meruerunt

999 2785 1105 2814 peccata
1135 2787 1203 2809 mea,
1217 2778 1367 2814 ﬂagellatam
1382 2787 1450 2814 sum.
1475 2788 1483 2803 ε
1503 2779 1576 2805 Iram
1601 2779 1707 2814 Domini
1725 2787 1786 2814 por-

1001 2815 1070 2844 Iubo,
1086 2815 1209 2849 quoniam
1223 2813 1325 2848 peccavi
1336 2815 1359 2840 ei
1373 2813 1463 2848 (.lfirh.
1479 2821 1526 2844 \‘tl,
1547 2814 1585 2847 9).
1606 2823 1615 2839 ι
1637 2813 1788 2840 lncidamus

1001 2850 1027 2874 in
1047 2857 1140 2875 manus
1153 2849 1267 2877 Domini.
1288 2853 1311 2873 rt
1327 2856 1377 2874 non
1394 2849 1420 2874 in
1436 2857 1529 2875 manus
1543 2850 1675 2875 hominum
1699 2857 1705 2875 :
1721 2858 1730 2873 ‹
1744 2857 1788 2875 ει·-

1003 2884 1116 2910 rnndum
1137 2885 1206 2910 enim
1237 2883 1445 2917 magnitudinem
1468 2884 1560 2918 ipsius,
1589 2885 1625 2911 ita
1642 2884 1785 2911 et'misct'i-

1005 2919 1092 2946 cordia
1104 2919 1176 2946 illius
1199 2919 1292 2953 (Eccli.
1314 2918 1400 2951 ",22,
1415 2919 1472 2955 25).
1492 2928 1500 2944 ι
