2034 3153
226 242 290 275 '719

867 240 917 270 PII
924 240 931 269 l
938 239 1038 270 LlPl'l
1058 239 1221 270 SOLITAR
1228 239 1254 269 η

1815 238 1867 270 720

225 294 313 327 'trunt.
329 297 379 325 Ubi
397 301 488 323 autem
507 294 648 330 inopinato
665 293 758 322 omnia
775 294 939 328 amiserunt,
955 300 1030 322 uter-
1046 298 1067 326 Α
1083 294 1241 325 cifixerunt,
1268 300 1353 320 unum
1384 300 1398 320 a
1430 292 1544 325 dextris,
1569 292 1688 320 alterum
1705 299 1721 319 a
1744 292 1873 321 sinistris.

234 351 290 379 que
307 342 360 377 (vir
371 346 398 369 et
412 340 491 375 uxor)
508 340 624 367 alterum
636 344 678 366 est
697 339 844 366 miseratus
857 341 875 366 '.

271 388 396 423 Amplius
409 392 500 414 tamen
517 394 586 413 uxor
596 385 723 413 lamentis
737 385 866 412 indulsit:
878 390 943 412 sunt
954 386 1028 413 enim

232 434 346 462 feminal.
361 432 526 460 naturaliter
546 432 579 459 ad
601 431 808 459 miserationem
834 439 987 466 propensae,
1002 436 1030 459 et

235 480 270 510 ad
287 479 373 508 effuse
395 479 557 514 plorandum
573 478 676 511 faciles,
690 478 921 512 impatienterquc
936 478 1030 514 lugent

236 530 264 553 et
278 525 411 560 plangunt
435 528 558 558 pectora,
572 523 800 557 laceranlgeuas,
827 523 980 550 ululatibus
1001 527 1030 549 et

236 570 385 606 cjulatibus
413 574 440 596 et
475 569 596 596 luctibus
631 568 773 595 tabefiunt.
808 568 906 595 Mirum
943 568 1028 601 dictu,

236 621 371 652 quantum
384 616 411 642 in
426 614 555 642 omnibus
570 615 670 649 conjux
689 622 752 641 cum
775 614 874 642 marito
899 614 1029 647 doluerit,

236 663 417 696 omniumque
434 669 525 688 rerum
543 660 732 691 adversarum,
757 659 885 688 eumdem
904 668 968 687 cum
984 661 1031 688 illo

236 716 348 736 sensum
364 707 492 734 habuerit
510 715 517 740 ;
534 706 788 733 remunerationum
804 713 880 740 vero,
899 706 1030 742 praemio-

234 761 357 789 rumque
375 753 513 788 particeps
527 751 687 786 neutiquam
704 751 766 778 fuit.

274 801 371 825 ANIMA.
393 798 522 830 Qurnam
548 796 631 832 hujus
655 796 694 823 rei
711 804 805 830 causa,
819 804 880 832 quae
897 797 988 824 ratio?
1003 801 1032 824 et

239 843 313 870 unde
331 843 440 870 tandem
459 841 496 868 ita
509 841 673 868 factum?ne
690 848 733 868 me
744 840 845 871 cela,si
863 840 943 867 scias.
961 840 1032 867 Num

239 889 304 926 quia
322 897 377 916 non
395 896 473 923 atque
488 892 518 915 ut
530 887 644 914 maritus
658 887 732 922 lepra
751 894 798 913 seu
812 886 953 913 ulceribus
966 894 1032 914 coo-

239 940 317 971 perta
334 939 385 966 est,
403 942 454 961 nec
469 933 583 968 proinde
599 932 779 968 opprobrium
794 940 827 959 ex
839 939 872 959 eo
887 932 1030 966 sustinuit,

1083 340 1189 373 Quibus
1204 344 1303 367 extera
1320 339 1411 366 omnia
1431 340 1505 374 paria
1522 339 1644 371 fuerunt,
1660 339 1731 366 facta
1756 339 1875 367 scelera-

1084 386 1200 418 tissima,
1223 385 1399 420 supplicium,
1412 393 1499 420 genus
1514 385 1622 417 mortis,
1632 393 1744 412 crurum
1765 385 1874 412 confra-

1083 433 1148 461 ctio.
1163 433 1294 468 {Equales
1310 432 1393 468 igitur
1407 433 1435 459 hi
1453 432 1509 460 duo
1528 433 1554 459 in
1571 432 1661 467 poenis
1671 431 1776 459 inventi
1791 437 1874 460 sunt:

1084 483 1126 506 ast
1147 479 1174 506 in
1187 483 1312 507 extremo
1330 479 1477 514 prudentia
1495 479 1577 506 etiam
1602 486 1682 513 pares
1701 477 1806 513 cogniti
1819 486 1875 506 non

1083 530 1158 553 sunt.
1168 525 1236 552 Nam
1246 525 1292 552 ille
1303 524 1329 552 in
1343 524 1511 559 paradisum,
1523 524 1569 551 hic
1579 524 1612 551 ad
1625 523 1729 551 inferos
1738 524 1877 558 profectus

1084 575 1136 598 est.
1148 570 1192 598 llle
1221 570 1320 602 bonus,
1338 570 1382 596 hic
1398 569 1620 604 improbissimus
1636 568 1775 603 apparuit.
1798 568 1876 601 Quod

1085 617 1108 644 si
1123 623 1341 651 roges,quonam
1353 615 1435 642 modo
1449 615 1477 641 id
1493 614 1635 646 acciderit,
1644 614 1683 641 sic
1692 613 1794 640 accidit
1810 613 1877 640 :La-

1086 667 1180 690 trones
1193 663 1273 697 juxta
1290 661 1411 688 Verbum
1428 661 1567 695 suspensi,
1578 660 1611 686 ad
1628 659 1712 686 verba
1730 663 1876 686 venerunt.

1084 708 1161 736 Unus
1174 708 1273 735 borum
1290 707 1423 734 divinitus
1444 706 1611 741 loquebatur
1623 714 1630 732 :
1642 705 1711 732 alter
1735 704 1878 732 maledicta

1084 754 1226 781 fundebat.
1239 754 1272 780 Et
1286 754 1376 780 bonus
1393 753 1436 780 ille
1451 753 1563 788 quidem
1579 759 1641 779 cum
1657 751 1752 778 divino
1768 759 1876 778 sermo-

1085 809 1120 828 ne
1137 809 1187 828 suo
1211 801 1331 829 salvatus
1346 809 1353 828 :
1367 800 1437 827 alter
1454 799 1630 834 blasphemus
1646 806 1708 826 cum
1726 798 1880 825 maledictis

1086 847 1144 874 suis
1156 846 1302 873 damnatus
1319 850 1370 874 est.
1383 845 1467 873 Vides
1492 844 1724 880 quemadmodum
1741 843 1814 870 latro
1825 843 1858 870 de
1868 857 1874 862 -

1086 899 1173 925 mens,
1187 892 1329 918 manifeste
1346 892 1479 918 malorum
1495 890 1620 918 omnium
1640 890 1742 921 socius,
1755 894 1785 916 ut
1799 889 1875 916 dice-

1087 938 1160 970 bam,
1173 938 1272 964 latroni
1290 937 1418 972 prudenti
1431 937 1516 964 fuerit
1530 937 1613 970 (sicut
1629 937 1693 963 item
1704 936 1774 964 Jobo
1788 935 1878 970 uxor),

230 982 329 1010 idirco
346 981 427 1009 etiam
447 988 541 1016 parem
556 980 711 1007 mercedem
728 986 782 1005 non
799 978 941 1006 obtinuit?
957 977 1035 1006 [laec-
1052 977 1072 1005 Β
1088 988 1116 1010 ει
1145 991 1200 1010 non
1225 983 1341 1018 perinde
1368 983 1555 1018 praemiorum,
1578 982 1674 1017 opem
1698 981 1819 1016 pretium
1835 985 1876 1008 ρει

238 1028 300 1055 eine
316 1034 397 1054 causa
413 1026 460 1059 sit,
474 1026 579 1057 nescio,
597 1029 625 1052 tu
640 1024 753 1052 dixeris.

273 1073 356 1101 Cano.
373 1072 432 1100 Non
448 1072 519 1099 hanc
529 1078 590 1098 esse
601 1077 724 1103 causam,
742 1077 775 1096 ex
790 1069 857 1104 ipsis
873 1069 964 1096 verbis
975 1069 1034 1104 pla-

239 1127 304 1147 num
324 1123 376 1150 est,
388 1118 490 1153 quibus
506 1117 595 1144 virum
611 1116 765 1151 lat-rymans
775 1115 936 1150 alloquitur.
956 1115 1032 1143 llcul

240 1165 276 1192 mi
291 1165 344 1196 vir,
358 1164 459 1198 inquit,
477 1171 511 1190 cn
533 1161 665 1189 memoria
682 1161 720 1188 tui
744 1161 837 1196 periit,
853 1162 963 1196 quando
979 1168 1033 1187 una

239 1218 301 1237 cum
319 1210 401 1236 rebus
418 1209 479 1236 aliis
492 1208 576 1235 etiam
592 1206 671 1234 liberi
686 1207 736 1239 tui,
751 1207 858 1234 dolores
876 1206 948 1233 uteri
966 1206 1032 1238 mei,

240 1256 393 1291 perierunt.
406 1255 462 1290 Ego
477 1262 544 1281 vero
566 1253 664 1280 misera
678 1252 789 1285 famula,
806 1256 835 1279 ut
854 1253 935 1287 inops
948 1257 976 1279 et
990 1252 1034 1279 in-

240 1301 322 1328 famis
333 1301 410 1327 exsul
425 1299 639 1335 vagor,domum
653 1298 734 1326 domo
752 1298 899 1325 infeliciter
913 1303 1034 1330 mutans,

238 1349 403 1381 exspectans
420 1345 484 1372 dum
499 1345 538 1372 sol
556 1343 674 1375 occidat,
689 1348 718 1370 ut
733 1351 747 1370 a
767 1342 861 1370 multis
871 1342 1035 1376 acerbisque

238 1392 376 1419 molestiis
399 1391 530 1426 respirem
543 1409 551 1423 ,
569 1391 604 1417 ob
627 1397 696 1425 quas
714 1390 770 1425 jam
799 1389 866 1416 mihi
886 1389 1036 1424 prmcordia

241 1439 283 1465 vel
298 1442 360 1464 ante
374 1441 489 1464 mortem
507 1435 723 1463 eontabuerunt.
742 1435 839 1462 Cernis
864 1439 1035 1471 quantopere

243 1484 344 1510 misera
364 1482 462 1510 mulier
486 1482 651 1509 nillicteturl
671 1480 868 1516 propemodum
884 1488 916 1508 ac
931 1480 954 1508 si
977 1481 1034 1515 ipsa

244 1536 354 1564 quoque
369 1527 535 1563 opprobriis,
550 1531 577 1553 et
593 1526 675 1561 lepra:
688 1525 796 1553 subdita
810 1529 893 1553 esset.

279 1575 376 1602 ANIMA.
392 1589 427 1593 —
443 1574 470 1600 Si
493 1573 530 1600 ita
551 1573 601 1600 viri
626 1572 781 1600 calamitate
796 1571 894 1604 doluit,
909 1577 939 1599 ut
953 1571 1033 1604 dicis,

244 1622 290 1656 qui
309 1621 418 1648 tandem
445 1628 499 1647 non
528 1620 585 1654 ipsa
603 1618 731 1646 similiter
757 1617 899 1653 praemium
918 1617 1034 1644 retulit?

244 1668 292 1695 Dic
308 1674 428 1697 causam.
442 1671 469 1693 ct
482 1666 556 1693 solve
571 1665 762 1700 quaestionem.

249 1743 258 1750 α
280 1713 363 1740 Cano.
379 1713 510 1739 Protinus
525 1716 552 1738 tu
567 1711 700 1738 ausculta.
717 1710 769 1738 .lob
780 1710 947 1737 calamitates
962 1708 1041 1745 quasi

245 1759 380 1786 beneficio
387 1757 550 1789 afﬁceretur,
561 1756 760 1792 suscipiebat“,
777 1762 807 1783 ut
815 1756 1041 1791 imperturbatus,

247 1811 277 1833 ut
294 1806 426 1833 robustus
440 1805 523 1832 animi
542 1811 573 1832 ac
589 1803 705 1830 validus.
716 1804 788 1836 Quas
803 1802 849 1830 illa
863 1802 935 1829 haud
949 1802 1040 1837 perfe-

247 1852 323 1879 rcbat
339 1860 344 1878 :
357 1851 422 1886 quin
434 1850 514 1877 verba
528 1849 651 1885 quaedam
664 1849 806 1877 maledicta
816 1848 986 1884 jactabat”.

273 1899 330 1926 ‘llle
344 1906 403 1925 eam
419 1899 566 1933 objurgans
582 1905 589 1924 :
608 1905 616 1922 ι
633 1896 749 1931 Desipis,
760 1896 858 1930 inquit,
872 1895 965 1922 infelix
979 1903 1039 1922 mu-

247 1947 308 1979 lier,
321 1945 387 1980 quid
414 1946 464 1972 ista
492 1943 635 1979 loqueris?
662 1943 738 1971 Sicut
755 1951 808 1970 una
823 1942 856 1969 de
870 1942 961 1969 stultis
981 1949 1041 1968 mu-

240 1993 363 2023 ‘licribus
375 2000 448 2020 nunc
469 1992 558 2019 locuta
568 1999 598 2018 es
608 1991 642 2006 "'
663 2000 672 2016 ι
684 1990 818 2023 Quoniam
833 1989 916 2024 igitur
928 1989 1039 2023 pusillo,

239 2038 358 2073 ingrato
382 2041 410 2064 et
439 2036 535 2072 iniquo
569 2037 661 2062 animo
683 2035 776 2063 clades
800 2035 859 2062 illas
884 2042 963 2069 passa
986 2038 1038 2067 est,

242 2084 333 2110 etiam
352 2083 573 2109 remuneratione
590 2080 703 2109 excidit.
719 2080 800 2107 Aliud
816 2080 929 2114 insuper
945 2087 1040 2106 exem-

251 2129 327 2163 plum
344 2129 463 2154 narrabo
479 2127 526 2154 tibi
541 2127 576 2154 ad
600 2126 786 2154 confirmanda
803 2133 865 2160 qua:
882 2126 949 2156 dixi,
966 2125 1040 2160 quod

239 2174 287 2200 -de
322 2173 440 2208 quodam
464 2171 543 2206 longe
577 2170 767 2198 infelicissimo
796 2169 897 2198 litteris
926 2170 1040 2197 manda-

253 2226 309 2248 tum
323 2224 377 2246 03L

288 2267 386 2293 Asius.
409 2264 504 2296 Istum,
533 2264 693 2299 quicunque
730 2267 784 2296 est,
811 2261 878 2289 mihi
915 2261 1041 2289 nomines

241 2312 344 2339 «olim.

287 2359 369 2386 Cano.
382 2357 497 2391 Quando
519 2356 603 2384 Judaei
622 2355 766 2384 Dominum
784 2362 875 2383 meum
888 2355 916 2382 in
930 2350 1042 2382 crucem

245 2409 378 2440 ‘egcrunt,
393 2403 464 2430 duos
480 2402 563 2430 etiam
582 2409 644 2429 cum
662 2401 827 2429 eolatrones
844 2400 963 2436 insignes
977 2407 1044 2427 eru-

294 2474 316 2490 "‘
334 2473 385 2502 Job
409 2481 438 2504 ll,
461 2471 503 2499 10.

1089 1030 1183 1066 igitur,
1192 1030 1245 1057 sibi
1256 1030 1410 1057 attendere.
1419 1029 1534 1062 Amabo,
1542 1033 1614 1056 netu
1626 1035 1746 1063 quoque,
1758 1027 1879 1058 domina.

1085 1083 1157 1103 OllllS
1174 1076 1358 1103 tentationum
1384 1080 1488 1110 portes,
1504 1079 1661 1102 secuturam
1682 1081 1748 1100 vero
1771 1080 1876 1100 merce-

1085 1120 1147 1148 dem
1161 1127 1195 1148 ex
1210 1120 1318 1154 ignavia
1334 1120 1456 1151 amittas,
1469 1119 1607 1154 quomodo
1625 1118 1720 1145 infelix
1735 1118 1806 1145 latro
1827 1118 1881 1153 (di-

1085 1174 1145 1194 cam
1159 1166 1232 1194 enim
1247 1167 1370 1201 saapiuS),
1383 1166 1522 1201 quomodo
1544 1173 1613 1192 uxor
1634 1165 1736 1192 misera
1763 1164 1882 1191 hominis

1085 1212 1151 1239 forti
1166 1212 1259 1238 animo
1277 1211 1395 1246 praediti.
1413 1211 1465 1238 Sed
1481 1211 1503 1238 si
1517 1217 1579 1245 quae
1593 1209 1718 1241 aﬂlictio,
1729 1213 1777 1236 aut
1791 1213 1879 1236 tenta-

1087 1259 1134 1290 tio,
1147 1261 1196 1285 aut
1208 1257 1334 1284 molestia
1346 1262 1372 1284 te
1384 1257 1539 1291 occuparit,
1558 1263 1592 1282 ne
1610 1255 1703 1282 animo
1717 1255 1838 1290 agiteris,
1849 1263 1882 1282 ne

1086 1307 1178 1330 mente
1193 1303 1363 1330 concutiaris
1378 1311 1384 1329 :
1401 1303 1449 1330 sed
1477 1303 1590 1329 immota
1605 1301 1728 1336 penitus,
1741 1306 1769 1328 et
1782 1301 1878 1328 incon-

1086 1356 1165 1376 cussa
1180 1356 1266 1383 usque
1283 1348 1316 1375 ad
1330 1348 1411 1375 linem
1436 1355 1592 1383 persevera,
1611 1346 1773 1380 respiciens,
1786 1351 1815 1373 et
1833 1353 1882 1372 ex-

1086 1392 1201 1428 quirens
1217 1392 1300 1424 bona,
1313 1392 1346 1420 de
1362 1392 1462 1427 quibus
1478 1391 1533 1426 egi.
1553 1391 1621 1418 Nam
1638 1390 1662 1418 si
1682 1390 1744 1417 vitae
1759 1394 1815 1417 tua:
1839 1397 1882 1416 ra-

1087 1437 1178 1465 tiones
1187 1437 1222 1464 ad
1232 1437 1374 1465 meliorem
1384 1444 1508 1464 normam
1517 1435 1777 1468 accommodaveris,
1786 1439 1814 1462 et
1823 1441 1883 1470 qua;

1086 1483 1225 1510 deteriora
1255 1487 1320 1511 sunt
1342 1483 1535 1514 declinaveris,
1564 1485 1594 1508 tu
1614 1488 1724 1516 quoque
1753 1487 1882 1508 coronam

1086 1529 1260 1564 adipisceris,
1277 1533 1305 1557 et
1319 1536 1381 1556 cum
1399 1528 1546 1556 nominatis
1557 1536 1572 1555 a
1585 1535 1628 1555 me
1641 1527 1847 1563 glorificabere.

1125 1574 1287 1601 AmmJtes
1296 1574 1362 1602 mihi
1372 1573 1484 1601 videtur
1492 1573 1591 1607 adeptu
1600 1573 1696 1606 ardua,
1705 1577 1734 1599 et
1744 1572 1779 1600 ad
1792 1572 1881 1600 imita-

1088 1620 1190 1647 tionem
1201 1621 1360 1655 neutiquam
1369 1619 1630 1655 expedita.Proinde
1639 1619 1710 1646 aliud
1721 1626 1764 1646 me
1772 1618 1882 1656 doceas.

1129 1665 1211 1693 Cano.
1227 1665 1287 1693 Non
1304 1673 1355 1701 ego
1370 1666 1472 1701 adeptu
1488 1665 1609 1693 difficilia
1633 1665 1750 1697 dissero,
1763 1664 1830 1698 quid
1846 1665 1883 1691 ita

1092 1712 1235 1747 gravaris?
1246 1712 1302 1739 Nec
1314 1717 1356 1740 est
1366 1720 1416 1740 cur
1429 1712 1618 1747 pusillanimes
1628 1718 1753 1745 sequare,
1766 1716 1884 1744 quorum

1093 1757 1262 1784 memini.Et
1286 1761 1376 1785 tamen
1402 1762 1432 1784 ut
1453 1764 1562 1784 morosa
1588 1758 1616 1783 et
1630 1755 1817 1783 haesitabunda
1843 1763 1885 1782 re-

1092 1801 1222 1837 spondes.
1244 1802 1278 1830 At
1292 1802 1316 1830 si
1336 1804 1398 1838 quis
1415 1807 1518 1830 temere
1541 1802 1642 1837 probra
1664 1801 1711 1828 tibi
1730 1802 1846 1836 ingerat,
1859 1806 1884 1828 te

1091 1850 1240 1883 vituperet,
1274 1848 1363 1876 facete
1392 1849 1520 1880 irrideat,
1555 1853 1677 1880 accuset,
1704 1847 1884 1883 ignominiose

1092 1898 1199 1926 tractet.
1217 1903 1283 1923 naso
1295 1895 1456 1931 suspendat,
1468 1895 1600 1927 ludibrio,
1615 1894 1751 1922 dedecore
1768 1893 1880 1927 abiciat;

1091 1941 1115 1969 si
1143 1947 1170 1969 te
1196 1941 1398 1974 detestabilem,
1416 1942 1566 1978 piaculum,
1588 1945 1692 1976 pestem
1718 1940 1880 1967 vocaverit:

1091 1987 1114 2014 si
1128 1986 1324 2020 effeminatam,
1335 1987 1484 2022 stupidam,
1498 1993 1647 2019 morosam,
1668 1986 1819 2020 plagosam,
1831 1984 1882 2011 fte-

1091 2032 1166 2066 dam,
1198 2033 1361 2065 deformem,
1377 2038 1499 2061 tenacem
1518 2040 1550 2059 ac
1576 2031 1714 2059 sordidata
1743 2030 1883 2065 appellet:

1092 2079 1115 2107 si
1131 2080 1297 2113 mendicam,
1320 2079 1445 2115 fungum,
1468 2079 1573 2105 nullius
1601 2077 1693 2112 pretii,
1707 2081 1754 2104 aut
1784 2076 1883 2107 furem,

1092 2125 1326 2156 obtrectatricem,
1342 2125 1479 2157 vinosam,
1503 2129 1551 2151 aut
1576 2127 1711 2155 scortum,
1736 2126 1784 2150 aut
1807 2121 1885 2148 adul-

1093 2174 1190 2204 teram,
1202 2174 1250 2198 aut
1264 2171 1394 2203 laceram,
1410 2174 1458 2197 aut
1474 2169 1557 2197 etiam
1573 2168 1761 2203 pediculosam
1774 2175 1781 2193 :
1795 2167 1884 2193 dicam

1093 2219 1198 2254 paucis,
1212 2219 1235 2246 si
1253 2219 1328 2246 aliud
1345 2218 1486 2254 quippiam
1505 2217 1679 2254 huiusmodi,
1694 2216 1742 2251 qui
1757 2220 1783 2243 te
1799 2214 1886 2242 notui-

1092 2271 1151 2298 net,
1163 2266 1272 2293 sustine
1295 2265 1422 2298 fratrem,
1448 2265 1554 2293 sustine
1583 2270 1716 2294 scomma,
1730 2261 1838 2288 custodi
1856 2268 1887 2287 os

1055 2326 1081 2356 ο
1094 2315 1182 2344 tuum,
1203 2319 1301 2339 coerce
1319 2319 1368 2339 cor
1384 2316 1474 2344 tuum,
1498 2319 1533 2337 ne
1559 2309 1624 2344 quid
1645 2308 1821 2335 accusatione
1843 2306 1886 2333 di—

1095 2364 1178 2391 gnum
1197 2358 1350 2391 committe,
1362 2365 1396 2385 ne
1413 2357 1536 2392 loquere,
1546 2364 1582 2383 ne
1596 2355 1676 2387 muti,
1688 2352 1885 2388 nilquidquam

1095 2403 1241 2437 responde.
1255 2403 1326 2437 Quid
1342 2404 1416 2431 enim
1433 2404 1557 2440 jactura,
1572 2407 1620 2430 aut
1631 2400 1725 2428 damni
1743 2399 1840 2431 facies,
1853 2405 1886 2425 ex

997 2528 1133 2560 Scholia.

274 2600 294 2609 "
309 2597 407 2625 Rerum
431 2596 635 2631 improvisarum
659 2594 789 2629 repentini
808 2601 896 2625 casus,
908 2593 1043 2620 hominum

241 2634 356 2662 aanimas
368 2633 524 2667 perturbare
536 2635 560 2657 et
575 2635 709 2658 concutere
723 2634 924 2667 consueverunt.

289 2672 308 2681 "
322 2664 406 2695 Morbi
426 2671 473 2694 aut
487 2674 518 2693 ex
532 2670 637 2700 pccrato
651 2665 816 2700 proveniunt,
834 2669 878 2691 aut
897 2672 927 2690 cs:
939 2664 1046 2699 ignavia

251 2710 275 2732 el
303 2704 404 2730 ordinis
430 2699 600 2737 negligentia,
623 2705 676 2737 aut,
695 2708 727 2726 ex
748 2699 904 2737 infirmitate
929 2704 1044 2737 naturae,

244 2745 298 2766 .nnl
322 2739 402 2766 etiam
427 2734 472 2764 ad‘
488 2734 721 2764 demonstrandam
757 2734 928 2762 tolerantiam
947 2738 971 2760 et
992 2735 1045 2760 vir-

252 2780 344 2802 tnlcm.

288 2811 317 2820 "'
337 2809 480 2842 (lhrysost.
492 2806 557 2833 Sunt
571 2806 691 2842 quidam,
709 2807 788 2841 quisi
802 2805 864 2840 quid
878 2804 1043 2842 offenderint,

243 2849 299 2871 .aut
316 2844 348 2871 ab
368 2840 459 2878 aliqua
474 2840 591 2869 convitiis
602 2840 834 2878 appetitifuerint,
854 2845 899 2878 ant
911 2840 938 2878 in
959 2840 1044 2878 poda—

252 2888 340 2914 gram.
355 2887 402 2906 seu
413 2874 495 2905 alium
511 2874 662 2912 quempiam
670 2874 794 2914 gnorbunt
812 2875 962 2914 inciderint.
973 2874 1044 2900 illico

245 2910 282 2940 in
296 2914 485 2949 blasphemiam
497 2910 648 2949 erumpant.
665 2911 699 2938 Et
711 2912 858 2949 crueiatum
875 2910 979 2949 quidem
995 2918 1045 2949 pa:

246 2944 367 2982 .tiualur,
380 2949 452 2976 lucro
474 2944 738 2983 autem'privantur.
754 2946 822 2979 Quid
839 2944 917 2980 facit,
942 2944 1044 2972 homo?

1099 2600 1162 2619 num
1178 2592 1201 2619 si
1215 2591 1416 2618 contumeliosus
1431 2591 1457 2618 in
1474 2590 1556 2617 Deum
1576 2589 1667 2624 fueris,
1681 2587 1799 2614 morbum
1810 2586 1887 2624 leuio-

1098 2635 1152 2654 rem
1165 2628 1273 2654 redtlis?
1286 2626 1343 2654 Imo
1358 2635 1417 2654 vero
1429 2627 1546 2653 dolorem
1563 2622 1715 2651 dirioremct
1732 2622 1887 2648 intolerabi-

1096 2663 1189 2689 liorem
1215 2662 1261 2688 tibi
1281 2662 1356 2696 facis.
1374 2676 1411 2682 ——
1433 2661 1516 2688 Ideni.
1536 2659 1597 2686 Non
1616 2660 1684 2696 enim
1698 2658 1888 2696 _lc'n‘lulion_nm

1095 2698 1209 2724 conditio
1223 2701 1247 2724 et
1262 2692 1371 2728 natura,
1393 2697 1437 2723 sed
1452 2701 1612 2723 tentatorum
1629 2694 1729 2720 desidia
1751 2693 1821 2718 inter
1838 2692 1887 2728 Ito-

1096 2733 1179 2759 mines
1192 2732 1304 2759 cadendi
1321 2741 1352 2758 ac
1365 2727 1534 2766 delinquendi
1548 2738 1630 2757 causa
1649 2733 1698 2755 est.
1711 2728 1741 2754 In
1760 2727 1887 2766 paradiso

1095 2769 1251 2794 versabalur
1261 2767 1378 2794 Adamn;
1392 2775 1400 2793 ε
1414 2761 1575 2801 ιίἠιιοηὶιιηι
1589 2765 1660 2801 deses
1674 2767 1741 2801 erat,
1755 2761 1886 2801 sappina-

1094 2808 1166 2829 talus
1181 2808 1229 2829 est.
1245 2802 1277 2829 In
1295 2797 1462 2837 sterquilinio
1474 2801 1578 2828 sedebat
1590 2800 1640 2826 Job
1652 2807 1661 2825 :
1673 2799 1719 2825 sed
1741 2797 1805 2837 quia
1819 2797 1886 2837 vigi-

1095 2838 1171 2871 lauit,
1183 2838 1255 2869 vicit,
1278 2832 1453 2872 magnamque
1479 2837 1550 2870 apud
1571 2837 1755 2872 posterosdeu
1774 2832 1886 2872 .laudem

1095 2867 1255 2899 consecutus.
1278 2873 1310 2899 Et
1322 2867 1371 2899 im
1387 2867 1418 2898 ei;
1433 2867 1515 2898 verbis
1529 2867 1625 2897 nostris
1634 2867 1779 2903 jnstiﬁcari
1805 2871 1885 2900 atque

1094 2909 1276 2940 condemnari,
1288 2915 1320 2933 ea:
1337 2907 1459 2943 pra’senti
1471 2913 1590 2943 sermone
1611 2908 1715 2932 clarum
1727 2907 1776 2935 est,
1793 2906 1888 2936 nempe

1094 2943 1238 2979 blasphemi
1250 2941 1373 2975 latronis,
1390 2947 1413 2969 ρι
1426 2941 1514 2968 uxoris
1525 2942 1582 2968 .Iob.
