2034 3153
166 209 216 241 721

880 207 1059 240 DlOl’Tl’tA.

1739 207 1792 239 722

164 274 197 294 eo
210 264 281 300 quod
298 265 368 292 male
382 264 481 292 audis?
497 263 525 292 Si
550 263 634 300 igitur
655 263 795 293 immerito
811 268 859 292 tuo
883 273 950 293 eon-
966 268 988 295 Α
1003 265 1191 293 remiSsionem
1203 264 1648 300 peceatorum,remunerationem
1660 263 1793 299 optimam

166 311 290 339 tumelias
312 309 446 343 audieris,
458 318 491 338 ex
506 311 652 338 tolerantia
669 311 790 338 iruetum
804 310 951 346 percipies.

164 357 237 392 Quod
253 357 276 383 si
295 357 450 384 haereticatn
469 362 496 384 te
510 362 604 389 vocet,
616 357 669 385 hoc
687 357 778 385 solum
797 365 831 384 ne
845 361 951 392 patere,

165 409 213 430 nec
227 401 313 433 dicas,
329 406 354 428 te
369 409 448 434 esse;
464 402 510 429 hic
536 401 675 429 irascere:
689 401 792 437 alioqui
810 401 952 429 Christum

164 447 277 482 negasti,
291 447 313 473 si
330 447 400 474 hanc
416 447 544 482 injuriam
559 447 665 482 perfers
677 449 698 474 ‘.

196 493 223 520 ln
239 493 300 520 aliis
313 493 420 520 tametsi
433 501 516 528 supra
532 493 642 520 modum
660 493 792 528 iniuriose
810 492 949 525 tracteris,

163 545 188 567 ut
199 547 283 574 supra
292 539 359 572 dixi,
368 541 436 568 nihil
449 541 593 576 perdidisti
604 541 640 568 ob
652 541 691 574 id,
704 542 810 568 nullum
819 541 951 568 damnum

161 592 190 611 es
198 592 337 619 perpessa.
352 585 442 614 llabes
456 586 546 614 adhuc
559 587 664 619 oculos,
680 591 710 614 ut
729 592 791 614 autc
809 587 930 614 habebas
945 595 951 614 :

163 630 244 657 hath
261 631 355 658 omnia
385 632 509 659 membra
539 633 614 660 intus
632 637 660 660 ct
679 633 757 664 foris.
776 638 803 660 et
821 634 952 669 majorem

161 675 299 710 spiritum.
317 676 476 705 Humiliatio
490 678 541 706 ista
565 679 613 706 tibi
636 679 808 714 adjuuiento,
827 672 855 707 et
871 687 953 708 orna-

162 725 254 748 mento
271 721 332 749 fuit.
351 723 378 750 Si
395 724 586 751 tantummodo
605 725 688 754 verba
706 725 830 752 irrisoria
857 729 953 760 pertu-

161 767 232 799 leris,
255 768 401 796 utilitatem
427 770 503 803 inde,
534 771 605 797 haud
634 776 831 798 nocumentum
850 771 951 806 capies.

160 811 229 845 Quid
250 813 330 847 plura
349 821 419 848 opus
433 815 495 842 est?
509 815 573 843 Sine
589 815 680 851 ﬂagris
694 816 805 846 athleta,
820 816 880 843 sine
897 820 954 843 tor-

161 859 260 885 mentis
285 865 388 892 martyr
409 861 475 887 eris.
501 861 642 893 Scrutare,
667 861 818 896 perpende,
844 861 952 888 discute

161 905 309 938 negotium.
328 906 356 933 Si
374 907 514 935 inveneris
529 908 739 935 convitiatorem
756 916 819 935 vera
837 908 929 935 dicere
943 917 950 935 :

159 949 182 976 si
193 950 408 984 deprehenderis
422 951 650 985 subsaiiuantein,
666 954 740 988 quod
754 962 798 981 res
808 958 852 981 est
863 954 950 988 loqui,
969 943 988 970 Β

160 1003 193 1022 ne
206 996 255 1029 illi,
268 997 315 1024 sed
335 999 384 1025 tibi
409 1000 538 1031 irascere,
551 1005 579 1027 et
591 1005 618 1028 te
636 1001 722 1035 ipsam
743 1001 854 1033 damna,
867 1000 950 1034 idque

159 1042 240 1069 etiam
256 1044 347 1071 verbis
361 1053 415 1079 pne
430 1050 456 1072 te
470 1045 511 1073 l'er
528 1047 560 1072 “.

194 1087 222 1115 Si
238 1097 292 1116 non
304 1091 507 1124 quodammodo
526 1091 661 1119 voluisses
676 1092 773 1120 audire
783 1100 843 1126 qua:
858 1093 949 1126 audis,

159 1140 214 1160 non
232 1134 333 1162 nmium
363 1140 566 1171 perpetrasses;
581 1145 636 1164 non
652 1142 678 1165 te
698 1138 765 1165 vitio
787 1137 950 1167 dcdidisses.

160 1178 263 1206 Fruere
291 1181 423 1214 operibus
449 1182 514 1214 tuis,
541 1187 570 1210 et
597 1184 734 1218 perversis
753 1184 887 1212 moribus.
903 1185 951 1212 Sin

159 1228 262 1255 autem,
276 1226 358 1252 etiam
375 1227 438 1254 ideo
453 1228 536 1255 vitam
552 1229 709 1264 religiosam
735 1230 838 1262 excole,
852 1235 883 1258 ut
903 1238 951 1258 ex-

162 1269 250 1296 ternis
271 1272 374 1298 nullam
396 1273 434 1299 lui
454 1274 675 1308 reprehendendi
702 1282 795 1302 ansam
817 1276 951 1310 przebeas,

160 1320 190 1340 ut
201 1315 236 1342 de
246 1322 346 1344 caetero
368 1323 393 1346 te
417 1320 616 1355 perstringere,
627 1326 655 1348 et
669 1322 797 1348 convitiis
815 1322 952 1350 incessere

157 1360 296 1395 quispiam
316 1371 371 1390 non
387 1365 486 1398 possit.
501 1365 552 1392 Ubi
572 1370 598 1393 te
611 1367 767 1402 collegeris,
777 1368 951 1395 correctione

159 1406 387 1441 gaude,exsulta,
403 1409 542 1444 tripudia;
559 1411 692 1446 quoniam
716 1419 817 1446 przctcr
842 1412 951 1440 laudem

160 1460 285 1487 magnam
309 1462 421 1490 quoque
441 1463 583 1490 coronam,
595 1462 622 1485 οι
640 1458 795 1485 mercedem
823 1459 953 1486 certami-

159 1498 201 1525 nis
217 1501 382 1534 rcportahis.

191 1544 289 1573 Amata.
308 1546 368 1580 Quo
397 1549 468 1576 istuc
492 1554 665 1585 argumento,
698 1558 742 1578 me
763 1552 827 1580 hinc
843 1562 948 1582 merce-

159 1591 219 1620 dem
233 1596 262 1620 et
278 1602 407 1622 coronam
427 1601 600 1632 accepturam
620 1597 765 1626 videlicet?

192 1639 276 1667 Cano.
289 1640 365 1674 Quod
377 1649 392 1668 a
407 1641 518 1670 Christo
534 1643 563 1671 in
576 1644 726 1679 Evangelio
740 1645 811 1673 beati
827 1654 948 1681 pronun-

160 1685 276 1718 tiantur,
293 1687 396 1722 quibus
413 1688 599 1721 maledicitur,
612 1695 640 1717 et
656 1691 682 1717 in
699 1699 769 1726 quos
787 1699 869 1720 omne
887 1701 950 1721 vcr-

160 1732 224 1760 bum
242 1733 355 1766 malum,
372 1741 404 1762 ac
420 1735 569 1770 pessimum
587 1742 700 1772 propter
726 1737 846 1766 Verbum
865 1739 952 1774 jacta-

160 1782 203 1806 tur
217 1787 224 1806 :
248 1788 258 1805 ι
275 1779 398 1807 Gaudete
416 1785 492 1814 tunc,
507 1781 607 1816 inquit,
617 1787 645 1809 et
657 1783 804 1815 exsultate,
819 1785 950 1819 quoniam

158 1826 316 1854 mercedem
336 1826 364 1854 in
388 1827 465 1856 etelis
491 1829 688 1864 amplissimam
705 1831 845 1866 recipietis
868 1832 921 1859 “'.
936 1841 945 1858 ›

158 1872 218 1901 Ηωο
233 1873 259 1901 si
280 1873 307 1900 in
326 1874 427 1906 animo,
443 1879 470 1902 et
488 1874 515 1902 in
533 1876 665 1903 memoria
691 1881 736 1903 tua
764 1878 883 1912 reposita
903 1878 951 1904 ha-

126 1944 128 1946 .
157 1918 336 1952 bes,la:tare,
364 1920 482 1953 conﬁde.
507 1921 533 1948 in
563 1923 637 1950 omni
665 1923 764 1958 injuria
791 1923 952 1958 patientiam

157 1965 270 1997 adhibe.
289 1966 395 1994 tametsi
415 1967 580 1995 convitiator
611 1968 745 1995 scelestus
758 1976 790 1996 ac
810 1968 951 1996 detestan-

157 2011 207 2039 dus
220 2012 318 2040 fuerit.

189 2058 290 2086 Auum.
321 2059 398 2092 Esto,
415 2060 513 2093 l‘eram,
528 2059 616 2094 patiar
631 2059 716 2094 :quitl
745 2060 865 2095 amplius
885 2062 952 2088 mihi

157 2103 316 2132 iaciendum
334 2105 434 2140 putas?

190 2152 277 2180 CARO.
304 2152 343 2180 Ne
364 2153 445 2180 talem
461 2157 491 2180 ut
506 2152 659 2185 inimicum,
680 2153 728 2180 sed
749 2159 778 2181 ut
794 2154 953 2181 benefacto—

158 2202 215 2222 rem
232 2196 370 2225 iutueare.
386 2196 426 2224 Ne
438 2196 519 2225 labiis
533 2196 590 2224 tare
601 2197 701 2229 lenius,
713 2203 741 2226 et
755 2198 837 2226 corde
850 2199 948 2226 irasce-

158 2248 198 2268 re.
226 2241 268 2269 Nc
285 2242 438 2269 condemna
452 2242 628 2276 maledicum,
650 2251 806 2278 quanquam
828 2244 876 2271 tibi
893 2251 950 2271 ma-

1005 311 1118 338 rel'eras.
1142 311 1203 338 llaec
1220 311 1293 338 enim
1310 311 1394 339 Verbi
1421 311 1560 344 doctrina,
1580 311 1632 339 hoc
1659 311 1793 347 iudicium

1003 361 1055 384 est.
1069 357 1097 384 Si
1124 357 1286 384 dimiseritis
1308 357 1470 385 hominibus
1486 361 1599 393 peccata
1620 357 1794 388 eorum,inde

1004 410 1114 438 quoque
1140 403 1219 431 vobis
1243 403 1334 431 omnia
1361 409 1473 438 peccata
1497 408 1588 431 vestra
1606 403 1793 432 dimittcntur.

1004 448 1032 476 Si
1050 449 1176 482 dimittis.
1188 449 1347 482 dimitteris,
1363 449 1560 477 misericordiae
1585 450 1659 476 enim
1685 450 1794 476 miseri~

1003 494 1096 522 cordia
1117 494 1296 523 trihuitur'“.

1039 539 1098 566 Non
1115 539 1224 567 dabitur
1240 548 1323 575 porro
1335 540 1496 573 secundum,
1510 541 1533 568 si
1546 549 1599 568 non
1625 542 1796 576 praecesserit

1004 585 1133 620 primum.
1147 586 1176 613 Si
1191 586 1324 614 terribilis
1336 586 1425 614 lude:
1438 592 1494 614 tum
1507 587 1682 622 iudicaturus
1695 587 1796 614 sedens

1004 632 1053 660 tibi
1069 632 1171 659 dixerit
1192 641 1198 659 :
1220 631 1279 659 Non
1291 631 1391 660 dedisti
1408 633 1528 665 veuiam,
1544 633 1666 668 quinam,
1679 633 1794 668 petitam

1002 677 1076 708 licet.
1089 677 1228 712 accipies?
1242 677 1302 704 Non
1311 677 1438 705 dimisisti
1452 677 1523 708 aliis.
1536 677 1676 712 quomodo
1700 678 1795 704 remit-

1004 727 1078 750 tetur
1092 723 1159 750 tibi?
1172 723 1289 758 lpsamet
1303 728 1401 750 contra
1418 727 1445 751 te
1462 724 1547 758 ipsam
1567 723 1732 751 sententiain
1750 728 1794 751 tu-

1003 769 1059 796 listi
1074 779 1080 796 :
1097 778 1106 795 (
1124 769 1154 796 1η
1169 777 1224 804 quo
1240 769 1346 805 judicio
1362 769 1482 805 iudicas,
1494 769 1591 798 eodem
1605 769 1709 804 judicio
1723 771 1796 805 imii-

1003 815 1111 843 cahcris
1124 818 1157 842 ’³.
1172 815 1230 849 Qua
1257 823 1384 843 mensura
1400 815 1517 847 metiris,
1541 817 1638 843 eadem
1669 816 1796 843 rcmclie—

1004 867 1049 890 tur
1080 862 1128 890 tibi
1160 863 1205 889 "'.
1245 862 1367 890 iAudisti
1397 862 1612 893 admonitiones,
1643 862 1794 896 cognovisti

1005 908 1212 943 prtecepﬁones.
1225 907 1295 942 Quid
1312 908 1362 935 tibi
1391 908 1517 943 pluribus
1542 908 1634 935 verbis
1650 908 1683 934 ad
1700 908 1796 935 salutis

1004 954 1139 981 rationem
1164 962 1235 989 opus
1263 954 1323 982 est?
1345 954 1418 982 Nihil
1447 955 1546 981 horum
1576 953 1686 980 diilicilc
1703 962 1709 980 :
1725 953 1794 980 nihil

1004 1007 1148 1035 operosum
1181 1001 1286 1035 utique,
1297 1001 1365 1028 nihil
1386 1000 1562 1028 intractabile
1580 1007 1586 1025 :
1603 999 1671 1026 nihil
1697 1007 1793 1034 parum

1005 1046 1156 1073 tolerabile.
1174 1045 1228 1074 Sed
1245 1046 1336 1073 omnia
1355 1046 1456 1079 facilia,
1479 1050 1508 1073 et
1528 1045 1656 1072 facillima
1683 1045 1796 1072 volenti.

1005 1091 1032 1119 Si
1054 1092 1138 1126 igitur
1157 1092 1229 1119 inter
1257 1092 1377 1120 humiles
1404 1092 1520 1127 probata
1546 1092 1640 1124 fueris,
1662 1096 1689 1118 et
1707 1091 1796 1118 oilicio

1004 1137 1077 1164 inter
1091 1137 1256 1171 abjcctiores
1272 1138 1405 1173 iungeris,
1428 1138 1552 1165 eatndcm
1572 1146 1634 1165 cum
1659 1137 1712 1164 illis
1731 1145 1795 1172 par-

1004 1191 1059 1210 tem
1091 1183 1209 1210 feliciter
1234 1191 1415 1220 consequere,
1432 1183 1479 1218 qui
1499 1184 1574 1218 prius
1588 1183 1700 1218 grandia
1717 1191 1797 1217 :cquo

1005 1230 1098 1256 animo
1128 1230 1323 1258 sustinuerunt
1340 1239 1346 1257 :
1364 1234 1392 1258 et
1411 1230 1639 1257 aunumcraheris
1654 1229 1747 1264 primis
1764 1239 1795 1257 ac

1005 1276 1144 1308 secundis,
1160 1281 1189 1304 et
1207 1284 1270 1304 cum
1299 1277 1396 1305 iisdem
1409 1277 1436 1304 in
1453 1277 1573 1312 praemiis
1593 1284 1626 1303 ac
1644 1276 1797 1304 honoribus

1005 1323 1232 1350 connnunicabis.

1041 1369 1137 1395 Astu.
1153 1369 1210 1401 Die,
1225 1377 1285 1399 oro.
1299 1369 1371 1396 unde
1385 1369 1437 1396 hoc
1455 1368 1604 1403 intelligant
1624 1378 1628 1394 :
1643 1377 1706 1395 nam
1723 1369 1795 1395 allir—

1005 1415 1089 1441 matio
1108 1419 1153 1441 tua
1175 1415 1218 1442 vis
1235 1420 1277 1443 est
1293 1420 1323 1442 ut
1336 1415 1444 1442 admitti
1465 1420 1556 1450 queat.

1309 1471 1423 1500 CAPUT
1440 1473 1483 1500 γι.

1004 1519 1056 1551 Qui
1070 1523 1176 1554 propter
1189 1518 1322 1546 Christum
1335 1527 1441 1552 paruas.
1457 1523 1482 1544 et
1501 1527 1599 1553 pani-us
1613 1519 1796 1547 tribulationes

1039 1559 1114 1588 grate
1131 1555 1284 1590 integreque
1312 1554 1477 1586 sustinuerit,
1497 1562 1557 1580 cum
1584 1562 1681 1589 magna
1710 1556 1796 1590 passis

1036 1589 1165 1624 tiu/ualent
1181 1589 1311 1624 futurum.

1039 1646 1121 1674 Cano.
1137 1646 1224 1674 Video
1241 1650 1267 1674 te
1287 1645 1380 1673 verbis
1397 1645 1466 1672 nit-is
1479 1645 1559 1673 iidem
1578 1653 1632 1672 non
1661 1645 1794 1680 ιὼίυιιμεν

1003 1701 1042 1726 re,
1066 1692 1115 1721 sed
1139 1692 1279 1724 dubitare,
1308 1697 1336 1719 et
1350 1696 1497 1726 eapropter
1515 1700 1530 1719 e
1544 1691 1695 1727 Scripturis
1717 1691 1794 1718 testi-

1003 1739 1124 1766 monium
1142 1739 1294 1774 requirere.
1321 1738 1362 1765 En
1384 1738 1467 1772 igitur
1486 1738 1672 1765 testimonium
1689 1738 1795 1764 iil'llllllll

1003 1789 1030 1812 et
1053 1785 1186 1813 eximium
1202 1794 1209 1812 :
1226 1785 1312 1820 ipsam
1336 1785 1438 1819 quippe
1462 1784 1621 1816 Veritatem,
1639 1784 1728 1818 ipsum
1746 1784 1794 1810 tibi

1005 1832 1163 1864 Deminum,
1188 1836 1218 1859 ut
1237 1831 1386 1858 verborum
1405 1838 1528 1857 meorum
1549 1835 1645 1857 testem
1669 1830 1796 1857 ﬁdi-lissi-

1004 1884 1078 1903 mum
1096 1876 1181 1907 dabo,
1198 1880 1228 1902 ut
1253 1875 1348 1902 saltem
1364 1875 1428 1902 hinc
1445 1875 1542 1902 credas
1565 1882 1630 1902 vera
1648 1882 1691 1901 nte
1718 1874 1795 1901 locu-

1005 1926 1071 1949 tam.
1095 1922 1134 1949 Ne
1156 1922 1289 1956 respicias
1310 1925 1445 1954 quantum
1471 1921 1606 1955 cujusque
1621 1921 1656 1948 sit
1672 1920 1796 1947 studium

1004 1968 1202 2000 cteontentio;
1227 1976 1278 1995 nec
1301 1967 1448 2002 judicium,
1465 1974 1521 2002 quo
1536 1966 1677 2001 operarios
1704 1972 1796 2001 poslcv

1005 2014 1093 2040 riorcs
1124 2014 1221 2049 primis
1245 2018 1387 2048 exatquat;
1414 2013 1469 2040 illis
1497 2012 1543 2047 qui
1571 2021 1585 2039 a
1610 2013 1696 2047 pritna
1729 2013 1796 2040 hora

1005 2061 1159 2096 magis,eos
1171 2060 1216 2095 qui
1234 2065 1326 2095 postea
1343 2059 1520 2087 mediocriter
1534 2064 1596 2094 post
1611 2058 1796 2090 undecimam,

1004 2107 1115 2143 quando
1129 2107 1164 2134 ad
1182 2107 1287 2134 vineam
1307 2105 1497 2141 pastinandam
1519 2105 1595 2133 missi
1617 2110 1692 2137 sunt,
1715 2105 1792 2131 labo-

1007 2158 1118 2186 rarunt;
1133 2157 1161 2181 ct
1176 2161 1231 2188 quo
1246 2157 1326 2188 pacto
1343 2151 1453 2187 quidam
1471 2160 1505 2178 cx
1521 2152 1607 2186 prima
1626 2152 1691 2178 hora
1720 2160 1796 2178 mur-

1005 2200 1166 2233 muraverit,
1182 2199 1383 2234 posterioribus
1396 2197 1510 2232 aequalis
1529 2198 1632 2232 praemii
1657 2197 1796 2224 dationetn

1006 2246 1141 2278 invidens,
1158 2245 1345 2279 audieritque,
1359 2254 1367 2269 ι
1386 2244 1491 2274 Amice,
1508 2251 1561 2270 non
1589 2242 1658 2269 iacio
1682 2242 1731 2269 tibi
1753 2243 1793 2269 in-

159 2285 271 2315 letlical.
285 2287 418 2316 Delictum
441 2289 466 2316 ei
486 2290 607 2324 ignosce,
622 2294 744 2317 erratum
761 2290 885 2318 condona
899 2299 906 2318 :
919 2295 950 2318 ut
966 2288 988 2316 1)
1000 2290 1119 2326 juriam;
1135 2290 1198 2317 tolle
1218 2289 1290 2324 quod
1304 2294 1381 2316 tuum
1395 2293 1438 2316 est
1451 2289 1534 2314 ³ο
1555 2298 1564 2314 ι

193 2344 215 2360 ’⁸
226 2343 243 2360 ⁸
255 2344 350 2374 Matth.
365 2355 391 2379 γ,
425 2346 466 2373 12.
505 2347 527 2363 ’θ
537 2347 617 2374 Rom.
633 2354 663 2380 II,
682 2347 707 2373 l.

741 2347 764 2363 "'
774 2349 781 2358 ‘
798 2347 896 2374 Matth.
908 2355 957 2380 vn,
968 2347 996 2375 2.

1034 2347 1056 2363 ³ο
1073 2347 1169 2375 Matth.
1186 2355 1230 2377 xx.
1249 2346 1292 2374 15.

904 2404 1029 2436 Scholia
1038 2428 1045 2435 .

199 2471 206 2479 '
223 2469 441 2501 Cbrysostunius.
457 2469 495 2496 Ne
509 2469 644 2497 doleamus
660 2470 732 2496 nobis
754 2469 875 2496 maledici
887 2478 895 2496 :
907 2469 951 2496 sed

159 2506 224 2539 jure
238 2503 368 2530 maledici.
381 2504 431 2535 Qui
447 2505 516 2531 enim
542 2510 730 2539 contemptum,
753 2504 951 2536 contumeliam,

161 2540 350 2574 detrimentum
364 2539 484 2570 sustinet,
497 2540 536 2565 hic
551 2540 650 2566 salvari
666 2542 770 2574 poterit.
786 2540 858 2566 Malo
884 2540 953 2566 enim

161 2583 222 2601 cum
237 2573 386 2610 humilitate
398 2574 476 2604 uinci,
490 2582 565 2610 quam
579 2583 638 2601 cum
652 2573 773 2610 superbia
789 2576 902 2601 vincere.

200 2612 218 2620 "
235 2609 289 2636 Hoc
303 2609 459 2644 principium
470 2609 562 2636 salutis
575 2615 622 2641 est,
633 2614 656 2636 et
672 2611 825 2637 mutationis
837 2610 952 2644 optimm,

163 2646 267 2680 penitus
284 2643 420 2680 pateﬁeri,
434 2644 534 2680 penitus
547 2653 594 2671 sua
607 2646 677 2679 facta
691 2645 831 2677 damnare,
845 2643 875 2671 ar.
895 2645 954 2672 vili-

164 2678 288 2714 pendere.
301 2678 377 2711 Quod
396 2679 419 2705 si
439 2679 529 2705 anima
546 2683 591 2706 tua
607 2681 718 2713 peccatis
732 2681 821 2715 afﬁxa,
835 2680 953 2715 aﬁiirlio-

165 2723 210 2742 nes
223 2716 247 2742 ei
259 2715 471 2751 supervenientes
489 2714 619 2751 repudiat,
631 2719 686 2751 tum
700 2714 789 2751 angui
799 2717 830 2742 de
842 2714 872 2741 ea
887 2714 954 2741 illud

166 2755 345 2784 usurpantn
374 2749 530 2775 Curuvivmu
567 2749 745 2784 Babylonem;
776 2755 801 2777 ει
837 2758 888 2776 non
917 2755 955 2776 est

165 2790 261 2812 sanata
279 2784 389 2819 (Jt‘l‘tllll.
408 2792 444 2816 LI,
460 2784 498 2818 9).
515 2793 523 2808 ι

247 2820 275 2847 Si
290 2819 354 2847 nihil
372 2827 509 2854 pinnarum
522 2818 598 2846 debes
622 2819 815 2850 Deo,«lcbcules
842 2823 951 2848 misero-

168 2863 205 2891 [ρ.
219 2859 243 2882 et
261 2860 397 2882 mansuete
411 2855 470 2881 illos
487 2859 574 2881 tracta
591 2862 599 2879 :
614 2855 799 2881 "liSL'l'iCUl'tlitU
823 2857 950 2891 siqniilt'nt

167 2889 236 2917 Deus
256 2890 461 2918 misericordiam
479 2890 607 2924 rependit.

203 2925 282 2954 Basil.
298 2926 449 2962 Sc'pluuyics
466 2927 557 2960 sep/ica
573 2925 754 2952 dimittendum
770 2931 818 2959 cat,
842 2936 850 2951 ι
862 2928 883 2953 si
901 2936 949 2961 pw-

1004 2470 1144 2510 t_titaptiam
1154 2471 1246 2510 egerit,
1257 2479 1265 2495 ι
1280 2470 1365 2510 inquit
1376 2468 1480 2510 (Matt/3.
1498 2477 1574 2510 ιινιιι,
1591 2469 1642 2510 ξνὶς
1656 2469 1715 2510 μισ
1728 2477 1793 2499 xui,

1003 2505 1041 2538 Δ).
1052 2505 1108 2538 Quo
1124 2504 1194 2532 enim
1205 2509 1281 2539 pacto
1302 2504 1432 2539 quispiam
1442 2504 1568 2530 dimiserit
1580 2505 1601 2530 ei
1618 2504 1663 2538 qui
1674 2512 1719 2530 nec
1734 2513 1794 2538 prc-

1002 2549 1075 2568 casse
1090 2548 1118 2567 se
1132 2540 1240 2574 fatetur,
1254 2548 1301 2567 nec
1314 2540 1493 2572 paenitentiam
1508 2540 1583 2572 agit?

1040 2577 1082 2587 '“‘
1095 2576 1191 2603 Isidor.
1208 2575 1246 2602 Ne
1262 2578 1334 2609 putes
1347 2574 1560 2601 exercitationem
1573 2575 1674 2601 virtutis
1684 2574 1795 2601 insidias

1003 2611 1129 2647 repellere
1143 2619 1234 2646 posse;
1248 2611 1363 2637 maxime
1380 2609 1449 2635 enim
1464 2609 1530 2636 talus
1548 2610 1647 2636 insidiis
1665 2615 1725 2635 sunt
1748 2618 1794 2647 ar-

1007 2645 1084 2682 poaiti
1099 2655 1189 2673 eorum
1216 2646 1259 2681 qui
1286 2646 1409 2671 honorem
1436 2653 1487 2682 non
1506 2649 1709 2682 consequuntur,
1731 2645 1795 2679 quia

1007 2680 1034 2709 ee
1050 2683 1075 2708 iu
1092 2683 1188 2710 virtute
1203 2690 1253 2708 non
1276 2684 1440 2714 exercent,“
1463 2680 1496 2706 iis
1519 2681 1563 2714 qui
1587 2681 1689 2706 t‘irlnlis
1714 2688 1792 2706 causa

1008 2719 1183 2748 honorantur,
1198 2716 1322 2744 invident.
1336 2713 1449 2741 Prwstat
1464 2713 1545 2748 igitur
1562 2715 1682 2741 virtutem
1702 2714 1790 2741 coleu—

1007 2757 1043 2779 ιω
1066 2761 1190 2788 generoso
1209 2753 1300 2788 animo
1325 2750 1474 2788 invidorum
1498 2751 1654 2788 pravitatem
1684 2750 1793 2784 perpeti,

1005 2785 1085 2821 quant
1103 2788 1230 2815 invidiam
1246 2786 1375 2821 fugientes
1389 2793 1405 2810 η
1418 2786 1513 2811 virtute
1530 2785 1682 2811 desciscere.

1042 2823 1166 2849 Basilius.
1179 2822 1263 2856 Swpe,
1275 2821 1318 2855 qui
1333 2821 1457 2860 Larignum
1483 2820 1615 2861 quoddam
1629 2823 1651 2846 et
1667 2820 1693 2860 in
1710 2820 1794 2861 ntf‘dio

1003 2858 1115 2891 posituri:
1130 2854 1241 2891 oﬂiauiu
1258 2856 1417 2890 exsequitur,
1440 2854 1526 2890 nmjur
1548 2860 1583 2882 est
1599 2862 1627 2881 t’o
1647 2855 1691 2889 qui
1714 2854 1793 2882 libum

1004 2894 1112 2920 attnllllis
1128 2894 1230 2928 [unctus
1246 2898 1293 2919 (δι.
