2034 3153
156 184 208 215 725

869 180 1036 216 ΒῘΟΡἸἮᾹ
1043 207 1050 215 .

1717 180 1770 211 ’1Ξ6

156 245 212 266 ιιιιιι
228 246 342 266 numero
358 237 508 265 sufﬁciente
523 239 649 275 (quorum
679 241 743 275 equi
759 247 813 274 prte
829 239 939 267 lassitu-
954 240 976 269 Α
991 239 1132 269 consecuti
1150 243 1224 268 sunt.
1238 238 1277 266 Ad
1292 237 1374 265 verba
1398 243 1458 265 mea
1474 241 1505 264 ut
1523 236 1660 271 paradoxa
1682 235 1777 264 obstu-

154 286 217 313 dine
236 285 313 320 sequi
332 293 385 312 non
405 288 540 321 poterant)
553 294 615 315 cum
641 286 752 314 selectis
775 286 940 314 Amalccitas

155 336 266 360 secutus
282 336 309 359 et
324 337 476 364 assecutus,
487 340 534 360 eos
550 333 690 360 occisione
702 332 815 365 occidit,
828 337 855 360 et
873 339 940 367 prm-

155 378 217 405 dam
236 378 354 411 reduxit,
369 378 509 413 victorque
535 379 569 406 ad
597 383 746 407 torrentem
775 379 872 409 Besor.
894 377 939 405 ubi

155 425 268 452 sarcinae
283 430 482 458 remanserant,
500 430 542 453 est
567 433 718 461 regressus.
735 425 794 453 Huc
811 432 872 452 cum
895 431 941 450 re-

155 471 255 502 nisset,
272 471 363 506 praeda
389 479 470 505 quam
493 472 611 506 quisque
639 472 769 500 retulerat
799 471 826 498 in
856 477 940 497 unum

154 519 323 552 congeritur,
339 517 425 545 σκῦλα
439 522 467 544 et
482 518 603 553 λάφυρα.
631 525 685 545 uno
702 518 797 550 verbo,
813 517 940 544 universa

154 562 246 598 praeda
263 563 361 598 (σκῦλα
384 569 598 599 vocantur.quaa
620 563 772 592 interfectis
793 563 940 591 detrahun-

154 614 216 641 tur;
230 609 338 644 λάφυρα
363 617 423 644 quas
437 618 452 637 ιι
470 610 538 637 vivis
560 609 745 644 auferuntur).
770 609 831 637 llrc
859 609 941 644 igitur

154 654 241 688 spolia
259 654 330 682 inter
347 654 526 682 insecutores.
538 659 565 682 et
583 655 842 690 impedimentorum
868 653 940 689 apud

154 704 305 727 torrentem
329 700 414 727 Besor
436 701 574 732 custodes,
590 701 624 728 de
646 701 746 736 quibus
770 701 874 728 dictum
888 705 940 732 est,

154 745 298 780 arqualiter
314 745 464 772 distribuit.
481 746 531 774 Ubi
548 754 614 773 vero
630 747 741 782 quidam
760 754 816 782 prie
838 745 940 773 invidia

155 791 182 818 id
196 799 269 826 aegre
283 791 403 819 ferentes
427 793 570 827 conquesti
588 798 664 826 sunt,
683 793 886 828 nolueruntque
909 793 942 820 iis

154 837 201 870 qui
218 842 405 864 remanserant
421 842 524 872 partem
541 846 619 866 suam
651 839 684 867 de
711 839 803 874 prteda
830 838 941 866 decerni

157 882 237 916 (satis
254 883 326 910 enim
344 883 412 914 fore.
427 883 448 910 si
466 891 565 911 uxores
580 885 737 919 liberosque
764 884 940 920 reciperent),

155 935 212 954 non
242 927 268 955 id
293 929 397 964 justum
421 929 578 965 judicavit:
604 930 651 958 sed
682 930 810 958 omnibus
835 938 941 965 aaquam

155 979 261 1008 partem
277 975 427 1009 spoliorum
449 975 610 1011 impertivit,
632 983 694 1004 cum
712 977 816 1003 diceret
834 984 888 1004 non
913 984 943 1004 sc

155 1021 218 1048 illos
238 1026 268 1048 ut
285 1021 407 1056 ignavos,
429 1029 480 1049 nee
499 1027 529 1049 ut
552 1023 675 1053 inutiles,
696 1031 848 1058 parumque
866 1031 942 1051 com-

154 1067 262 1099 modos,
278 1067 325 1095 sed
345 1073 459 1103 propter
473 1076 571 1103 equos,
582 1076 696 1096 currere
713 1077 768 1104 prae
781 1069 943 1096 lassitudine

154 1121 210 1139 nou
225 1113 358 1145 valentes,
373 1114 633 1148 reliquisse.‘Quam
657 1115 692 1142 ob
717 1123 827 1142 causam
855 1115 943 1142 relicti

154 1163 230 1189 sunt.
240 1166 294 1186 non
310 1159 428 1186 utotiosi
441 1164 531 1186 tamen
544 1164 698 1191 manerent,
711 1159 760 1188 sed
789 1165 829 1193 ut,
841 1160 942 1195 inquit.

155 1212 222 1230 vasa
238 1209 329 1231 nostra
347 1212 407 1239 qua:
427 1205 662 1240 relinquebamus,
688 1206 870 1237 custodirent,
883 1215 944 1242 qua:

155 1249 184 1275 ni
205 1249 242 1276 illi
261 1249 512 1281 custodissent,nos
525 1251 723 1286 amisissemus,
733 1260 783 1280 nec
794 1253 942 1288 quidquam

155 1294 230 1329 quod
241 1296 281 1322 vel
295 1296 450 1329 ederemus,
460 1298 501 1324 vel
513 1297 669 1325 biberemus
681 1299 878 1334 superfuisset;
889 1308 942 1327 non

155 1341 251 1373 vestis,
264 1349 318 1368 non
335 1347 521 1376 tegumentum
538 1343 571 1370 ad
590 1343 737 1371 fovendum
747 1345 942 1380 operiendum-

155 1393 210 1420 que
226 1393 327 1421 corpus
350 1396 355 1413 :
370 1387 571 1424 fuissemusquc
589 1390 687 1424 privati
706 1391 789 1418 rebus
806 1391 840 1418 ad
858 1392 942 1418 vitam

155 1431 369 1466 pertinentibus.
379 1432 412 1459 Et
420 1434 563 1468 oportebat
573 1442 637 1462 sane
645 1442 733 1470 neque
748 1436 799 1464 hos
809 1436 866 1471 pari
879 1444 942 1471 por—

156 1477 232 1504 tione
249 1477 386 1506 fraudare.
402 1479 464 1506 “me
479 1479 527 1507 tibi
546 1479 580 1507 ad
597 1481 788 1515 probationem
804 1482 941 1510 dictorum

156 1530 282 1550 lllCOl‘llm
311 1523 378 1551 satis
406 1530 488 1552 sunto
504 1534 511 1552 :
525 1526 664 1560 quomodo
688 1527 794 1555 scilicet
814 1528 942 1556 Christus

154 1569 320 1596 sententiam
345 1570 416 1598 inter
439 1571 591 1606 operarios,
604 1576 631 1599 et
656 1573 730 1602 mitis
758 1574 842 1601 David
870 1575 942 1602 inter

154 1615 258 1642 milites
273 1615 365 1643 tulerit
380 1624 388 1644 :
404 1620 431 1644 et
443 1617 516 1652 quod
533 1618 636 1651 divisit,
651 1619 723 1647 inter
734 1628 829 1649 omnes
852 1630 942 1656 aequa-

154 1660 221 1687 liter
237 1661 372 1694 diviserit,
385 1662 456 1690 inter
487 1672 534 1691 eos
562 1665 608 1700 qui
633 1666 704 1701 plus,
729 1672 756 1694 et
773 1669 820 1703 qui
849 1669 941 1696 minus

154 1706 279 1734 laborem
295 1709 506 1743 capessivissent
519 1710 611 1745 (5).Et
627 1713 710 1747 gloria
735 1714 851 1743 Domino
868 1723 939 1748 meo,

156 1752 244 1786 gloria
259 1753 368 1781 Christo
385 1756 553 1791 meo,judici
572 1757 789 1787 misericordiam
801 1761 938 1796 diligenti,

155 1797 284 1832 beneque
299 1797 408 1827 facienti
422 1801 568 1831 universis.
582 1803 629 1830 llis
658 1804 774 1838 credin‘,
785 1813 819 1833 an
841 1807 940 1835 iterum

154 1847 251 1889 testes,
269 1849 295 1872 et
310 1847 384 1873 omni
397 1848 558 1882 exceptione
572 1851 689 1886 majores
701 1853 819 1886 expetis,
833 1859 861 1882 et
876 1862 941 1889 pro-

154 1888 295 1916 bationem
314 1892 448 1920 cumulari
464 1893 515 1927 vis,
528 1900 558 1922 ut
575 1897 756 1930 consuevisti,
770 1905 832 1924 cum
849 1888 941 1926 inter-

154 1935 255 1970 rogas?

192 1979 287 2008 Amm.
298 1982 420 2012 Tertium
437 1989 533 2013 testem
544 1995 596 2014 non
620 1996 713 2023 posco,
725 1989 771 2017 sed
787 1992 940 2026 exemplum

156 2028 356 2056 tantummodo.

191 2073 272 2101 Cano.
291 2074 360 2108 Mox,
378 2081 408 2104 ut
437 2078 517 2112 petis,
540 2081 693 2115 exemplum
717 2082 840 2110 aﬂ‘eram.
866 2083 941 2111 Multi

154 2120 257 2147 multos
272 2127 384 2157 propter
401 2124 538 2152 Christum
561 2127 712 2162 cruciatus,
739 2129 786 2156 alii
801 2130 942 2158 breviores

155 2173 189 2192 ac
216 2166 342 2201 leviores,
365 2170 410 2197 alii
439 2171 625 2201 diuturniorcs
648 2175 829 2210 stevioresque
855 2177 940 2205 susti-

154 2217 301 2240 nuerunt:
329 2219 356 2241 et
380 2221 470 2244 tamen
493 2219 619 2253 aequalia,
650 2220 803 2256 eademque
830 2223 940 2257 praemia

189 2271 212 2287 "
235 2270 316 2300 Hebr.
323 2281 341 2305 ι,
359 2273 386 2300 5.

992 287 1086 322 puisse
1119 290 1144 314 te
1165 285 1286 314 arbitror
1309 293 1316 312 :
1337 284 1384 312 sed
1409 283 1632 317 explicationem,
1662 289 1778 317 eamque

991 333 1104 361 brevem
1119 332 1256 368 adjiciam.
1272 331 1366 366 Cogita
1388 330 1454 357 mihi
1476 329 1556 360 duos,
1568 329 1664 356 eadem
1679 329 1778 356 volun-

992 383 1047 407 tate
1060 378 1200 415 praeditos,
1213 377 1247 405 ad
1264 381 1404 405 certamen
1420 380 1574 407 currentes,
1588 379 1618 401 ut
1631 383 1680 409 pro
1695 375 1777 402 Chri-

992 431 1036 454 sto
1055 426 1217 454 moriantur.
1234 425 1324 453 Unum
1351 423 1462 458 quidem
1488 426 1582 450 mente
1608 423 1727 454 excelsa,
1748 426 1777 449 et

991 476 1090 500 natura
1116 467 1281 504 robustum:
1297 470 1413 498 alterum
1437 469 1545 497 viribus
1570 468 1735 496 imbecillem
1752 473 1781 495 et

991 526 1064 554 aegro
1081 525 1195 553 corpore
1219 525 1226 544 :
1241 517 1288 552 qui
1303 516 1420 544 confessi
1444 515 1596 546 Christum,
1615 515 1643 541 in
1661 514 1779 542 stadium

992 563 1194 599 ingrediuntur,
1217 562 1299 589 ambo
1319 561 1469 593 nudantur,
1489 565 1516 588 et
1540 560 1632 595 ﬂagris
1651 559 1780 587 diverbe-

993 613 1099 636 rantur.
1114 608 1166 636 Sed
1185 608 1315 635 robustus
1339 611 1450 634 centum
1475 607 1588 634 omnino
1601 606 1687 640 plagis
1704 613 1781 633 acce-

995 654 1059 690 ptis,
1076 654 1133 682 vita
1149 653 1252 687 deﬁcit,
1264 653 1447 688 spiritumque
1460 652 1604 680 Conditori
1622 652 1713 679 tradit.
1727 652 1782 678 lm-

994 701 1097 729 beclllis
1110 700 1300 728 tantummodo
1323 699 1521 735 quinquaginta
1546 706 1652 733 passus.
1670 698 1704 725 ad
1724 705 1782 733 pce-

993 757 1042 778 nas
1054 749 1171 784 amplius
1195 748 1296 776 durare
1311 748 1416 784 nequit,
1436 751 1464 775 et
1482 747 1676 782 exstinguitur.
1696 745 1735 774 Ne
1753 751 1781 772 tu

993 796 1077 830 igitur
1100 795 1218 823 alterum
1252 795 1383 823 athletam
1411 795 1438 822 in
1462 793 1626 828 reportanda
1654 792 1785 820 mercede

993 841 1086 876 priore
1112 841 1269 868 inferiorem
1302 840 1425 868 futurum
1460 839 1612 869 existimes.
1635 838 1700 873 quia
1727 845 1780 865 non

993 887 1076 915 etiam
1098 892 1208 915 centum
1236 887 1329 922 plagas
1354 886 1476 921 perferre
1497 886 1597 921 potuit.
1623 886 1682 912 Non
1706 884 1780 911 enim

995 933 1081 961 robur
1097 933 1233 968 corporis,
1257 933 1304 960 sed
1323 933 1406 960 animi
1430 931 1548 959 virilitas
1567 939 1690 958 amorem
1717 939 1788 966 erga

994 979 1134 1008 Christum
1159 979 1340 1007 demonstrat.
1358 978 1415 1006 Nisi
1443 978 1516 1005 enim
1544 978 1613 1004 alter
1635 977 1680 1005 ille
1705 977 1783 1011 prius

995 1026 1112 1053 animam
1142 1025 1269 1056 eﬂlasset,
1296 1029 1326 1052 ut
1355 1025 1421 1058 dixi,
1448 1024 1506 1059 ipse
1533 1032 1644 1059 quoque
1667 1024 1782 1058 perinde

995 1076 1024 1098 ut
1039 1071 1143 1106 primus
1163 1076 1273 1098 centum
1297 1071 1389 1105 plagas
1415 1070 1570 1098 tolerasset.
1583 1069 1637 1097 Sed
1651 1069 1689 1096 illi
1706 1073 1781 1096 tanta

995 1117 1082 1144 Virtus
1109 1117 1277 1144 tabernaculi
1315 1116 1368 1147 sui,
1391 1116 1444 1143 hoc
1465 1120 1525 1146 est.
1561 1115 1700 1150 corporis,
1726 1122 1781 1141 non

995 1163 1189 1198 suppeditavit.
1212 1162 1335 1196 Quanam
1359 1170 1425 1189 vero
1455 1162 1506 1190 alia
1528 1162 1561 1188 de
1591 1169 1673 1188 causa
1691 1161 1782 1188 anima

995 1210 1028 1237 ad
1056 1210 1112 1237 lucc
1139 1214 1191 1236 tam
1218 1214 1322 1243 parata,
1345 1209 1369 1236 ei
1398 1213 1523 1244 prompta
1550 1209 1606 1236 sit?
1622 1208 1681 1235 Non
1707 1207 1785 1234 enim

994 1257 1139 1291 pigritatur
1169 1256 1246 1290 ipsa.
1278 1263 1332 1283 non
1361 1255 1460 1290 refugit
1477 1275 1483 1286 ,
1510 1263 1599 1290 neque
1625 1255 1702 1281 timet
1733 1254 1782 1280 lla-

994 1302 1063 1334 gella
1087 1301 1214 1336 experiri.
1231 1301 1298 1328 Nam
1314 1300 1386 1335 quod
1411 1301 1583 1332 verberatur,
1608 1300 1682 1326 illico
1700 1298 1781 1330 mori,

994 1352 1042 1374 aut
1056 1355 1111 1374 non
1127 1347 1206 1379 mori,
1229 1355 1284 1374 non
1305 1351 1348 1374 est
1364 1347 1390 1373 in
1415 1346 1505 1376 nobis.
1531 1353 1582 1372 nec
1596 1345 1623 1372 in
1648 1350 1782 1380 potestate

994 1398 1087 1421 nostra
1107 1394 1189 1421 situm
1202 1402 1209 1420 :
1223 1393 1270 1420 sed
1286 1393 1314 1420 in
1327 1401 1360 1420 eo
1379 1402 1388 1418 ι
1404 1393 1450 1427 qui
1467 1396 1558 1425 portat
1583 1392 1675 1418 omnia
1698 1393 1781 1418 verbo

994 1439 1104 1467 virtutis
1112 1447 1167 1466 suae
1180 1439 1213 1471 ³⁵,
1235 1448 1244 1464 ι
1260 1443 1288 1466 et
1305 1445 1353 1472 pro
1368 1445 1417 1465 sua
1431 1438 1564 1473 sapientia
1576 1437 1692 1472 judicat,
1707 1437 1781 1463 ordi-

994 1489 1041 1512 nat
1052 1489 1080 1512 et
1094 1484 1173 1511 facit:
1191 1484 1294 1519 quique
1304 1491 1400 1510 omnes
1416 1483 1533 1518 praescit,
1551 1487 1579 1510 et
1592 1482 1779 1517 prmdestinat,

993 1535 1021 1558 et
1042 1530 1109 1566 quid
1138 1531 1237 1564 cuique
1261 1529 1396 1558 conducat
1411 1537 1443 1556 ac
1471 1529 1567 1563 prosit,
1595 1528 1780 1563 pusillanimo.

955 1587 978 1617 ο
996 1576 1117 1610 inquam,
1134 1580 1162 1603 et
1175 1575 1358 1610 magnanimo,
1381 1574 1465 1601 norit.
1486 1574 1532 1602 Est
1547 1574 1592 1601 cui
1619 1574 1713 1606 multa,
1740 1578 1781 1601 est

994 1622 1037 1650 cui
1053 1629 1139 1657 pauca
1155 1622 1290 1650 sustinere
1306 1621 1492 1649 cruciamenta
1509 1620 1620 1654 expedit
1636 1621 1654 1647 ·.

1027 1669 1188 1703 Quanquam
1213 1668 1295 1702 igitur
1311 1668 1379 1695 alter
1395 1667 1451 1695 cito
1473 1666 1560 1694 edidit
1576 1666 1706 1697 animam.
1726 1674 1779 1692 non

993 1715 1054 1742 ideo
1066 1722 1115 1749 pro
1130 1713 1283 1749 impatienti
1311 1717 1339 1740 et
1354 1714 1452 1748 ignavo
1469 1713 1612 1740 habendus
1629 1718 1682 1740 est.
1712 1712 1780 1739 Nam

993 1765 1110 1794 uterque
1131 1767 1200 1793 quas
1234 1766 1249 1786 a
1273 1764 1370 1786 natura
1393 1759 1467 1785 vires
1500 1758 1624 1793 accepit,
1656 1758 1781 1792 quamvis

994 1813 1050 1833 non
1073 1813 1165 1840 pares,
1180 1805 1307 1836 Domino,
1325 1809 1356 1832 ut
1379 1805 1467 1838 potuit
1485 1803 1605 1831 obtulit:
1627 1812 1682 1830 non
1708 1803 1779 1837 plus.

992 1859 1046 1879 non
1066 1851 1166 1883 minus,
1182 1858 1261 1884 quam
1278 1849 1330 1877 sibi
1350 1850 1478 1884 desuper.
1494 1849 1617 1884 contigit.
1644 1849 1781 1876 Humana-

993 1906 1053 1926 rum
1069 1898 1142 1925 enim
1156 1904 1248 1924 rerum
1262 1896 1386 1931 quaedam
1399 1897 1426 1923 in
1442 1901 1535 1923 nostra
1556 1899 1691 1930 potestate
1705 1900 1778 1926 sunt,

993 1943 1116 1979 quaedam
1130 1950 1185 1970 non
1201 1946 1275 1970 sunt.
1293 1941 1321 1969 Si
1335 1941 1398 1976 quis
1417 1942 1450 1968 iis
1467 1949 1528 1975 qua:
1547 1945 1611 1968 sunt
1626 1948 1680 1968 non
1705 1946 1779 1967 recte

994 1998 1060 2018 usus
1076 1990 1167 2021 fuerit,
1186 1988 1319 2016 rationem
1336 1987 1442 2015 reddet.
1460 1987 1535 2021 Quod
1552 1993 1644 2015 autent
1658 1987 1684 2014 in
1701 1987 1780 2014 nobis

994 2037 1031 2064 ita
1045 2040 1098 2068 est,
1113 2040 1143 2063 ut
1158 2040 1250 2063 nostra
1266 2038 1399 2069 potestate
1415 2042 1469 2061 non
1486 2034 1672 2066 contineatur,
1687 2033 1709 2060 si
1725 2041 1780 2060 non

993 2084 1062 2112 bene
1072 2091 1101 2110 se
1114 2081 1252 2113 habuerit,
1272 2088 1323 2108 nos
1340 2087 1448 2115 poenam
1465 2088 1519 2108 non
1545 2080 1686 2108 debemus.
1710 2079 1778 2107 Mori

991 2131 1065 2158 enim
1079 2127 1151 2157 haud
1166 2132 1208 2155 est
1227 2127 1315 2155 nostri
1335 2126 1460 2159 arbitrii;
1478 2133 1528 2154 nec
1544 2127 1616 2154 fame
1631 2126 1712 2159 adici,
1732 2131 1782 2153 aut

992 2176 1052 2208 siti;
1085 2182 1137 2203 nec
1166 2174 1291 2201 laborum
1320 2173 1562 2208 molestiarumque
1583 2180 1699 2204 sensus,
1729 2180 1781 2200 nec

992 2219 1150 2256 defatigatio
1166 2220 1192 2247 in
1213 2227 1315 2252 cursu;
1342 2227 1392 2246 nec
1409 2224 1439 2246 ut
1460 2227 1559 2254 corpus
1583 2225 1707 2248 nostrum
1733 2225 1780 2246 aut

779 2324 885 2354 Jacobi
903 2325 1041 2355 Gretseri
1058 2329 1150 2354 notua.

191 2369 230 2405 (5)
240 2369 348 2410 Minime
360 2370 416 2410 vult
427 2376 523 2410 auctor
532 2378 628 2410 omnes
636 2371 798 2410 beatosforc
812 2374 943 2410 simpliei-
960 2377 980 2404 ι)
994 2374 1045 2400 hoc
1060 2381 1171 2410 summo
1188 2375 1269 2402 bono.
1288 2375 1356 2402 Cum
1375 2375 1426 2402 hac
1456 2380 1544 2402 tamen
1563 2375 1717 2410 aequalitate
1734 2384 1778 2403 Sn-

154 2411 198 2433 ter
211 2413 289 2439 pares
298 2405 326 2431 in
338 2405 521 2437 beatitudine;
533 2407 590 2434 haec
597 2407 670 2434 enim
683 2411 724 2434 est
734 2405 874 2436 Joviniani
886 2409 941 2436 har

153 2440 226 2467 rosis
238 2441 288 2478 iam
305 2439 368 2478 olim
383 2439 508 2468 damnata
527 2449 541 2468 a
556 2447 650 2470 sancto
665 2442 828 2478 Hieronymo
841 2445 888 2471 lib.
912 2452 941 2477 ιι,

156 2479 250 2501 contra
264 2473 445 2506 Iovinianum,
457 2479 485 2503 et
498 2484 512 2503 ιι
524 2477 641 2504 concilio
653 2473 829 2505 Tolensi'sub
842 2473 941 2506 Siricio

154 2510 238 2543 Papa.
254 2513 281 2535 et
306 2509 340 2549 ab
366 2509 444 2549 aliis_;
461 2511 508 2537 sed
533 2512 591 2549 _vult
616 2513 774 2549 paresfore
789 2515 939 2542 secundum

154 2544 477 2580 communcm'quamdam
491 2544 622 2573 rationeni
634 2547 821 2580 beatitudinis,
832 2550 942 2577 utscili-

155 2583 199 2606 cct
216 2583 258 2616 e_st
276 2578 370 2605 fruitio
387 2579 466 2606 unius
482 2584 509 2616 et
522 2582 642 2616 ejusdem
656 2583 755 2609 summi
771 2578 846 2614 boni,
865 2585 936 2616 quod

155 2619 197 2641 est
225 2614 312 2646 Dens;
335 2621 429 2640 omnes
452 2615 522 2641 enim
537 2614 620 2643 ‘beati
643 2618 818 2651 perfruentur
840 2614 936 2647 eadem

993 2409 1113 2436 cundum
1130 2416 1302 2437 communem
1330 2410 1463 2437 rationem
1483 2409 1670 2441 beatitudinis,
1687 2412 1779 2437 εοηεί-

990 2445 1038 2486 stit
1053 2444 1222 2485 inatqualitas
1236 2445 1387 2472 secundum
1407 2446 1600 2486 particularem
1627 2446 1776 2486 beatitudi-

991 2484 1034 2506 uis
1061 2484 1207 2508 rationem.
1233 2484 1370 2514 quatenus
1400 2488 1449 2514 pro
1480 2484 1585 2508 ratione
1617 2484 1778 2508 meritorum

989 2515 1059 2542 alius
1079 2515 1132 2541 alio
1148 2514 1296 2548 perfectius
1313 2523 1421 2542 summo
1437 2516 1510 2542 bono
1529 2516 1644 2544 fruetur.
1663 2516 1780 2543 clarius-

988 2558 1042 2611 g’ue
1058 2550 1145 2590 .Deum
1161 2549 1322 2576 intuebitur.
1336 2550 1404 2577 Vide
1418 2550 1588 2591 (\lphonsum
1603 2559 1618 2578 a
1629 2586 1633 2591 .
1643 2551 1740 2578 Castro
1750 2559 1775 2578 ν.

1011 2585 1137 2611 cannula.
1151 2585 1216 2611 hmr.
1230 2585 1255 2611 7.
1270 2589 1296 2611 et
1312 2586 1475 2611 Gronor-ium
1485 2585 1518 2611 de
1529 2586 1653 2611 Valentia
1668 2586 1693 2611 l.
1703 2586 1730 2611 2.
1745 2586 1775 2611 Β.

1011 2585 1137 2617 autituda,
1151 2585 1216 2612 hzer.
1230 2585 1255 2615 7.
1270 2589 1296 2612 et
1312 2585 1475 2620 Gregorium
1485 2585 1518 2613 de
1529 2586 1653 2613 Valentia
1668 2586 1693 2618 l,
1703 2586 1730 2618 2,
1745 2586 1775 2614 Β.

987 2619 1098 2646 Thomre
1112 2624 1209 2654 quaest.
1221 2620 1246 2649 5,
1262 2628 1286 2654 p.
1303 2621 1329 2646 5.

894 2678 1031 2708 Scholia.

195 2721 339 2751 ‘isidorus.
356 2722 493 2758 Ρνοροεὶιη
508 2730 568 2752 sunt
587 2728 631 2753 tibi
646 2729 671 2754 in
695 2737 747 2756 una
772 2729 848 2756 domo
870 2738 932 2756 vasa

156 2758 256 2784 diversa
273 2766 282 2783 :
297 2767 349 2785 non
372 2759 430 2786 ideo
457 2765 543 2787 tamen
569 2763 625 2788 sine
649 2762 799 2790 discrimine
816 2766 934 2792 omnibus

156 2793 266 2834 uteris_:
282 2794 326 2838 sfd
337 2795 574 2838 .quodnumhvino,
591 2798 663 2838 quoii.
683 2799 835 2838 olqo._quod
864 2804 937 2838 «_ccto

156 2829 318 2861 suscipiendo
335 2829 456 2856 idoneum
467 2831 511 2860 sit.
536 2829 612 2858 nosti.
633 2831 677 2858 Sic
696 2829 820 2860 nimirum
834 2839 856 2861 et
869 2835 937 2861 Deus

157 2862 262 2903 cuinam
286 2865 384 2904 eniture
403 2866 582 2904 misericordia
606 2867 755 2904 tribuenda,
776 2870 816 2895 cui
837 2869 937 2904 suppli-

157 2904 226 2924 cum
247 2900 427 2928 intpoucndum
448 2902 491 2934 sit,
512 2903 579 2929 not-it
611 2902 670 2929 Non
693 2904 817 2937 ίμιοιιὶίιηι
842 2900 938 2938 ejusm-

987 2731 1057 2757 modi
1072 2732 1146 2758 illam
1170 2732 1224 2766 ipse
1238 2731 1336 2765 fecerit.
1351 2732 1396 2757 sed
1409 2732 1470 2766 quia
1487 2732 1603 2759 moribus
1624 2736 1649 2758 et
1661 2733 1713 2759 vita
1728 2742 1776 2761 sua

984 2766 1045 2792 talis
1054 2767 1173 2793 evaserit.
1182 2766 1308 2798 Quocirca
1318 2766 1386 2793 Deus
1393 2766 1514 2794 Ieremia:
1525 2767 1562 2794 ait
1571 2767 1601 2798 (ι,
1612 2768 1638 2797 5)
1648 2776 1655 2794 :
1667 2778 1676 2792 ι
1684 2767 1777 2795 Prius-

987 2809 1066 2837 quant
1078 2806 1102 2828 te
1114 2801 1256 2837 formarent
1265 2802 1291 2827 in
1302 2805 1386 2833 utero,
1398 2803 1457 2829 novi
1468 2808 1492 2829 te
1503 2810 1510 2828 :
1523 2807 1547 2828 et
1557 2808 1701 2837 antequam
1718 2805 1773 2830 cati-

989 2844 1029 2873 ιςερς
1043 2836 1075 2873 de
1089 2835 1348 2873 uulua,saucliﬁcavi
1362 2841 1395 2873 te.
1412 2846 1421 2862 ι
1440 2837 1506 2864 Hinc
1518 2835 1652 2873 etiPnulus
1667 2845 1773 2873 προδιο-

990 2869 1044 2906 ius:
1055 2870 1125 2903 Quas
1133 2869 1306 2906 ρναξδεῑυὶιζρι
1319 2872 1514 2905 ρνιεΑπειίηαυίι
1525 2872 1610 2905 (Rom.
1623 2869 1746 2904 vmfﬂtl).
1761 2883 1772 2900 ι

990 2905 1047 2933 Non
1063 2905 1222 2942 dixitpriua,
1243 2916 1250 2932 ι
1267 2906 1478 2940 Prwzlestiuuvit,
1495 2918 1503 2934 ι
1517 2909 1570 2941 sccl,
1592 2918 1600 2933 ι
1612 2909 1773 2937 Praecinit.»
