  <div class='ocr_page' id='page_1' title='image "/cluster/home/n/w/nwhite01/storage/ocr_20150623/127/njp.32101077773040/459.png"; bbox 0 0 2034 3153; ppageno 0'>
   <div class='ocr_carea' id='block_1_1' title="bbox 244 191 294 224">
    <p class='ocr_par' dir='ltr' id='par_1_1' title="bbox 244 191 294 224">
     <span class='ocr_line' id='line_1_1' title="bbox 244 191 294 224; baseline 0.04 -2"><span class='ocrx_word' id='word_1_1' title='bbox 244 191 294 224; x_wconf 81' lang='grc'><strong>727</strong></span> 
     </span>
    </p>
   </div>
   <div class='ocr_carea' id='block_1_2' title="bbox 863 194 1247 227">
    <p class='ocr_par' dir='ltr' id='par_1_2' title="bbox 863 194 1247 227">
     <span class='ocr_line' id='line_1_2' title="bbox 863 194 1247 227; baseline 0.003 -1"><span class='ocrx_word' id='word_1_2' title='bbox 863 194 1034 226; x_wconf 83' lang='lat' dir='ltr'><strong>PlllLiPPI</strong></span> <span class='ocrx_word' id='word_1_3' title='bbox 1053 194 1247 227; x_wconf 79' lang='lat' dir='ltr'><strong>SOLITARII</strong></span> 
     </span>
    </p>
   </div>
   <div class='ocr_carea' id='block_1_3' title="bbox 1824 198 1875 229">
    <p class='ocr_par' dir='ltr' id='par_1_3' title="bbox 1824 198 1875 229">
     <span class='ocr_line' id='line_1_3' title="bbox 1824 198 1875 229; baseline 0 0"><span class='ocrx_word' id='word_1_4' title='bbox 1824 198 1875 229; x_wconf 73' lang='lat'><strong>7&#39;28</strong></span> 
     </span>
    </p>
   </div>
   <div class='ocr_carea' id='block_1_4' title="bbox 244 252 1874 290">
    <p class='ocr_par' dir='ltr' id='par_1_4' title="bbox 244 252 1874 290">
     <span class='ocr_line' id='line_1_4' title="bbox 244 252 1874 290; baseline 0.003 -13"><span class='ocrx_word' id='word_1_5' title='bbox 244 258 384 286; x_wconf 80' lang='lat' dir='ltr'><strong>magnum,</strong></span> <span class='ocrx_word' id='word_1_6' title='bbox 401 256 447 278; x_wconf 89' lang='lat' dir='ltr'><strong>aut</strong></span> <span class='ocrx_word' id='word_1_7' title='bbox 467 258 580 286; x_wconf 84' lang='lat' dir='ltr'><strong>parvum</strong></span> <span class='ocrx_word' id='word_1_8' title='bbox 602 252 653 284; x_wconf 81' lang='lat' dir='ltr'><strong>sit;</strong></span> <span class='ocrx_word' id='word_1_9' title='bbox 670 259 720 279; x_wconf 84' lang='lat' dir='ltr'><strong>nec</strong></span> <span class='ocrx_word' id='word_1_10' title='bbox 744 257 773 280; x_wconf 91' lang='lat' dir='ltr'><strong>ut</strong></span> <span class='ocrx_word' id='word_1_11' title='bbox 799 253 891 281; x_wconf 85' lang='lat' dir='ltr'><strong>colore</strong></span> <span class='ocrx_word' id='word_1_12' title='bbox 914 258 962 281; x_wconf 83' lang='lat' dir='ltr'><strong>aut</strong></span> <span class='ocrx_word' id='word_1_13' title='bbox 976 253 1032 281; x_wconf 82' lang='lat' dir='ltr'><strong>fus—</strong></span> <span class='ocrx_word' id='word_1_14' title='bbox 1048 255 1069 283; x_wconf 75' lang='grc' dir='ltr'><strong>Α</strong></span> <span class='ocrx_word' id='word_1_15' title='bbox 1083 254 1138 289; x_wconf 91' lang='lat' dir='ltr'><strong>jam</strong></span> <span class='ocrx_word' id='word_1_16' title='bbox 1157 262 1173 282; x_wconf 91' lang='lat' dir='ltr'><strong>a</strong></span> <span class='ocrx_word' id='word_1_17' title='bbox 1205 263 1248 283; x_wconf 88' lang='lat' dir='ltr'><strong>me</strong></span> <span class='ocrx_word' id='word_1_18' title='bbox 1273 255 1408 283; x_wconf 71' lang='lat' dir='ltr'><strong>recensita</strong></span> <span class='ocrx_word' id='word_1_19' title='bbox 1435 259 1500 283; x_wconf 91' lang='lat' dir='ltr'><strong>sunt</strong></span> <span class='ocrx_word' id='word_1_20' title='bbox 1523 255 1654 288; x_wconf 92' lang='lat' dir='ltr'><strong>admittit,</strong></span> <span class='ocrx_word' id='word_1_21' title='bbox 1680 260 1708 283; x_wconf 83' lang='lat' dir='ltr'><strong>et</strong></span> <span class='ocrx_word' id='word_1_22' title='bbox 1733 255 1874 290; x_wconf 82' lang='lat' dir='ltr'><strong>approbat,</strong></span> 
     </span>
    </p>
   </div>
   <div class='ocr_carea' id='block_1_5' title="bbox 243 296 1031 333">
    <p class='ocr_par' dir='ltr' id='par_1_5' title="bbox 243 296 1031 333">
     <span class='ocr_line' id='line_1_5' title="bbox 243 296 1031 333; baseline 0.005 -10"><span class='ocrx_word' id='word_1_23' title='bbox 243 303 317 328; x_wconf 88' lang='lat' dir='ltr'><strong>eum,</strong></span> <span class='ocrx_word' id='word_1_24' title='bbox 328 299 376 324; x_wconf 88' lang='lat' dir='ltr'><strong>aut</strong></span> <span class='ocrx_word' id='word_1_25' title='bbox 385 296 488 328; x_wconf 87' lang='lat' dir='ltr'><strong>album,</strong></span> <span class='ocrx_word' id='word_1_26' title='bbox 500 301 549 324; x_wconf 90' lang='lat' dir='ltr'><strong>aut</strong></span> <span class='ocrx_word' id='word_1_27' title='bbox 559 296 690 331; x_wconf 84' lang='lat' dir='ltr'><strong>lividum;</strong></span> <span class='ocrx_word' id='word_1_28' title='bbox 700 305 752 325; x_wconf 89' lang='lat' dir='ltr'><strong>nec</strong></span> <span class='ocrx_word' id='word_1_29' title='bbox 762 303 791 325; x_wconf 90' lang='lat' dir='ltr'><strong>ut</strong></span> <span class='ocrx_word' id='word_1_30' title='bbox 802 303 895 333; x_wconf 77' lang='lat' dir='ltr'><strong>tenue,</strong></span> <span class='ocrx_word' id='word_1_31' title='bbox 907 307 1031 327; x_wconf 89' lang='lat' dir='ltr'><strong>macrum</strong></span> 
     </span>
    </p>
   </div>
   <div class='ocr_carea' id='block_1_6' title="bbox 245 345 1034 380">
    <p class='ocr_par' dir='ltr' id='par_1_6' title="bbox 245 345 1034 380">
     <span class='ocr_line' id='line_1_6' title="bbox 245 345 1034 380; baseline 0.001 -8"><span class='ocrx_word' id='word_1_32' title='bbox 245 348 293 372; x_wconf 86' lang='lat' dir='ltr'><strong>aut</strong></span> <span class='ocrx_word' id='word_1_33' title='bbox 317 351 462 371; x_wconf 86' lang='lat' dir='ltr'><strong>carnosum</strong></span> <span class='ocrx_word' id='word_1_34' title='bbox 479 351 486 376; x_wconf 88' lang='lat'><strong>;</strong></span> <span class='ocrx_word' id='word_1_35' title='bbox 505 351 557 371; x_wconf 84' lang='lat' dir='ltr'><strong>nec</strong></span> <span class='ocrx_word' id='word_1_36' title='bbox 575 348 604 371; x_wconf 92' lang='lat' dir='ltr'><strong>ut</strong></span> <span class='ocrx_word' id='word_1_37' title='bbox 623 345 741 373; x_wconf 89' lang='lat' dir='ltr'><strong>solidum</strong></span> <span class='ocrx_word' id='word_1_38' title='bbox 772 353 804 373; x_wconf 80' lang='lat' dir='ltr'><strong>ac</strong></span> <span class='ocrx_word' id='word_1_39' title='bbox 829 346 961 380; x_wconf 85' lang='lat' dir='ltr'><strong>validum,</strong></span> <span class='ocrx_word' id='word_1_40' title='bbox 986 349 1034 373; x_wconf 91' lang='lat' dir='ltr'><strong>aut</strong></span> 
     </span>
    </p>
   </div>
   <div class='ocr_carea' id='block_1_7' title="bbox 245 391 1032 428">
    <p class='ocr_par' dir='ltr' id='par_1_7' title="bbox 245 391 1032 428">
     <span class='ocr_line' id='line_1_7' title="bbox 245 391 1032 428; baseline 0.004 -10"><span class='ocrx_word' id='word_1_41' title='bbox 245 391 394 418; x_wconf 92' lang='lat' dir='ltr'><strong>inﬁrmum.</strong></span> <span class='ocrx_word' id='word_1_42' title='bbox 411 392 470 419; x_wconf 87' lang='lat' dir='ltr'><strong>Non</strong></span> <span class='ocrx_word' id='word_1_43' title='bbox 486 392 560 419; x_wconf 90' lang='lat' dir='ltr'><strong>enim</strong></span> <span class='ocrx_word' id='word_1_44' title='bbox 577 397 701 420; x_wconf 87' lang='lat' dir='ltr'><strong>nostrum</strong></span> <span class='ocrx_word' id='word_1_45' title='bbox 728 397 770 420; x_wconf 90' lang='lat' dir='ltr'><strong>est</strong></span> <span class='ocrx_word' id='word_1_46' title='bbox 787 401 879 428; x_wconf 87' lang='lat' dir='ltr'><strong>posse,</strong></span> <span class='ocrx_word' id='word_1_47' title='bbox 906 399 952 422; x_wconf 92' lang='lat' dir='ltr'><strong>aut</strong></span> <span class='ocrx_word' id='word_1_48' title='bbox 978 401 1032 421; x_wconf 89' lang='lat' dir='ltr'><strong>non</strong></span> 
     </span>
    </p>
   </div>
   <div class='ocr_carea' id='block_1_8' title="bbox 244 438 1032 473">
    <p class='ocr_par' dir='ltr' id='par_1_8' title="bbox 244 438 1032 473">
     <span class='ocr_line' id='line_1_8' title="bbox 244 438 1032 473; baseline 0.004 -9"><span class='ocrx_word' id='word_1_49' title='bbox 244 444 347 473; x_wconf 81' lang='lat' dir='ltr'><strong>posse;</strong></span> <span class='ocrx_word' id='word_1_50' title='bbox 377 445 474 465; x_wconf 90' lang='lat' dir='ltr'><strong>verum</strong></span> <span class='ocrx_word' id='word_1_51' title='bbox 503 438 530 465; x_wconf 91' lang='lat' dir='ltr'><strong>id</strong></span> <span class='ocrx_word' id='word_1_52' title='bbox 555 443 661 466; x_wconf 56' lang='lat' dir='ltr'><strong>natura:</strong></span> <span class='ocrx_word' id='word_1_53' title='bbox 683 444 784 467; x_wconf 63' lang='lat' dir='ltr'><strong>nostrae</strong></span> <span class='ocrx_word' id='word_1_54' title='bbox 810 447 825 466; x_wconf 85' lang='lat' dir='ltr'><strong>a</strong></span> <span class='ocrx_word' id='word_1_55' title='bbox 851 440 1032 467; x_wconf 85' lang='lat' dir='ltr'><strong>Procreatore</strong></span> 
     </span>
    </p>
   </div>
   <div class='ocr_carea' id='block_1_9' title="bbox 244 483 1034 520">
    <p class='ocr_par' dir='ltr' id='par_1_9' title="bbox 244 483 1034 520">
     <span class='ocr_line' id='line_1_9' title="bbox 244 483 1034 520; baseline 0.004 -10"><span class='ocrx_word' id='word_1_56' title='bbox 244 485 352 511; x_wconf 61' lang='lat' dir='ltr'><strong>coalitus</strong></span> <span class='ocrx_word' id='word_1_57' title='bbox 377 483 549 511; x_wconf 86' lang='lat' dir='ltr'><strong>conceditur.</strong></span> <span class='ocrx_word' id='word_1_58' title='bbox 573 484 629 512; x_wconf 88' lang='lat' dir='ltr'><strong>Nec</strong></span> <span class='ocrx_word' id='word_1_59' title='bbox 651 485 795 520; x_wconf 81' lang='lat' dir='ltr'><strong>quisquam</strong></span> <span class='ocrx_word' id='word_1_60' title='bbox 823 485 881 513; x_wconf 73' lang='lat' dir='ltr'><strong>hrec</strong></span> <span class='ocrx_word' id='word_1_61' title='bbox 906 485 933 513; x_wconf 94' lang='lat' dir='ltr'><strong>in</strong></span> <span class='ocrx_word' id='word_1_62' title='bbox 954 485 1034 513; x_wconf 87' lang='lat' dir='ltr'><strong>nobis</strong></span> 
     </span>
    </p>
   </div>
   <div class='ocr_carea' id='block_1_10' title="bbox 243 530 1034 566">
    <p class='ocr_par' dir='ltr' id='par_1_10' title="bbox 243 530 1034 566">
     <span class='ocr_line' id='line_1_10' title="bbox 243 530 1034 566; baseline 0.001 -8"><span class='ocrx_word' id='word_1_63' title='bbox 243 533 365 562; x_wconf 78' lang='lat' dir='ltr'><strong>accusat,</strong></span> <span class='ocrx_word' id='word_1_64' title='bbox 384 538 436 557; x_wconf 89' lang='lat' dir='ltr'><strong>nec</strong></span> <span class='ocrx_word' id='word_1_65' title='bbox 454 530 657 565; x_wconf 87' lang='lat' dir='ltr'><strong>querimoniam</strong></span> <span class='ocrx_word' id='word_1_66' title='bbox 670 531 782 558; x_wconf 81' lang='lat' dir='ltr'><strong>habent.</strong></span> <span class='ocrx_word' id='word_1_67' title='bbox 810 531 906 566; x_wconf 85' lang='lat' dir='ltr'><strong>Neque</strong></span> <span class='ocrx_word' id='word_1_68' title='bbox 930 532 966 559; x_wconf 85' lang='lat' dir='ltr'><strong>ob</strong></span> <span class='ocrx_word' id='word_1_69' title='bbox 982 532 1034 559; x_wconf 86' lang='lat' dir='ltr'><strong>ista</strong></span> 
     </span>
    </p>
   </div>
   <div class='ocr_carea' id='block_1_11' title="bbox 243 576 1033 613">
    <p class='ocr_par' dir='ltr' id='par_1_11' title="bbox 243 576 1033 613">
     <span class='ocr_line' id='line_1_11' title="bbox 243 576 1033 613; baseline 0.003 -10"><span class='ocrx_word' id='word_1_70' title='bbox 243 576 286 603; x_wconf 82' lang='lat' dir='ltr'><strong>vel</strong></span> <span class='ocrx_word' id='word_1_71' title='bbox 304 584 412 611; x_wconf 71' lang='lat' dir='ltr'><strong>pinnam</strong></span> <span class='ocrx_word' id='word_1_72' title='bbox 437 576 618 609; x_wconf 87' lang='lat' dir='ltr'><strong>incurrimus,</strong></span> <span class='ocrx_word' id='word_1_73' title='bbox 643 577 686 604; x_wconf 88' lang='lat' dir='ltr'><strong>vel</strong></span> <span class='ocrx_word' id='word_1_74' title='bbox 704 584 821 605; x_wconf 82' lang='lat' dir='ltr'><strong>coronas</strong></span> <span class='ocrx_word' id='word_1_75' title='bbox 843 577 1033 613; x_wconf 79' lang='lat' dir='ltr'><strong>adipiscimur.</strong></span> 
     </span>
    </p>
   </div>
   <div class='ocr_carea' id='block_1_12' title="bbox 244 622 1035 658">
    <p class='ocr_par' dir='ltr' id='par_1_12' title="bbox 244 622 1035 658">
     <span class='ocr_line' id='line_1_12' title="bbox 244 622 1035 658; baseline 0.003 -8"><span class='ocrx_word' id='word_1_76' title='bbox 244 623 310 650; x_wconf 85' lang='lat' dir='ltr'><strong>Esse</strong></span> <span class='ocrx_word' id='word_1_77' title='bbox 321 627 412 650; x_wconf 88' lang='lat' dir='ltr'><strong>autem</strong></span> <span class='ocrx_word' id='word_1_78' title='bbox 422 622 589 658; x_wconf 86' lang='lat' dir='ltr'><strong>improbum,</strong></span> <span class='ocrx_word' id='word_1_79' title='bbox 608 627 655 650; x_wconf 91' lang='lat' dir='ltr'><strong>aut</strong></span> <span class='ocrx_word' id='word_1_80' title='bbox 665 623 826 651; x_wconf 87' lang='lat' dir='ltr'><strong>scortationi</strong></span> <span class='ocrx_word' id='word_1_81' title='bbox 840 624 975 657; x_wconf 90' lang='lat' dir='ltr'><strong>deditum,</strong></span> <span class='ocrx_word' id='word_1_82' title='bbox 987 629 1035 652; x_wconf 89' lang='lat' dir='ltr'><strong>aut</strong></span> 
     </span>
    </p>
   </div>
   <div class='ocr_carea' id='block_1_13' title="bbox 245 669 1033 705">
    <p class='ocr_par' dir='ltr' id='par_1_13' title="bbox 245 669 1033 705">
     <span class='ocr_line' id='line_1_13' title="bbox 245 669 1033 705; baseline 0.003 -9"><span class='ocrx_word' id='word_1_83' title='bbox 245 669 389 702; x_wconf 76' lang='lat' dir='ltr'><strong>lascivum,</strong></span> <span class='ocrx_word' id='word_1_84' title='bbox 405 673 453 696; x_wconf 89' lang='lat' dir='ltr'><strong>aut</strong></span> <span class='ocrx_word' id='word_1_85' title='bbox 464 669 604 697; x_wconf 85' lang='lat' dir='ltr'><strong>ebriosum</strong></span> <span class='ocrx_word' id='word_1_86' title='bbox 622 674 669 696; x_wconf 90' lang='lat' dir='ltr'><strong>aut</strong></span> <span class='ocrx_word' id='word_1_87' title='bbox 685 670 837 705; x_wconf 75' lang='lat' dir='ltr'><strong>cynaedum,</strong></span> <span class='ocrx_word' id='word_1_88' title='bbox 859 675 907 697; x_wconf 89' lang='lat' dir='ltr'><strong>aut</strong></span> <span class='ocrx_word' id='word_1_89' title='bbox 920 671 1033 698; x_wconf 86' lang='lat' dir='ltr'><strong>menda-</strong></span> 
     </span>
    </p>
   </div>
   <div class='ocr_carea' id='block_1_14' title="bbox 244 713 1035 748">
    <p class='ocr_par' dir='ltr' id='par_1_14' title="bbox 244 713 1035 748">
     <span class='ocr_line' id='line_1_14' title="bbox 244 713 1035 748; baseline 0.004 -9"><span class='ocrx_word' id='word_1_90' title='bbox 244 713 395 747; x_wconf 88' lang='lat' dir='ltr'><strong>ciloquum,</strong></span> <span class='ocrx_word' id='word_1_91' title='bbox 427 718 475 740; x_wconf 86' lang='lat' dir='ltr'><strong>aut</strong></span> <span class='ocrx_word' id='word_1_92' title='bbox 495 713 637 747; x_wconf 80' lang='lat' dir='ltr'><strong>furacem;</strong></span> <span class='ocrx_word' id='word_1_93' title='bbox 666 719 714 741; x_wconf 91' lang='lat' dir='ltr'><strong>aut</strong></span> <span class='ocrx_word' id='word_1_94' title='bbox 730 719 837 748; x_wconf 87' lang='lat' dir='ltr'><strong>contra,</strong></span> <span class='ocrx_word' id='word_1_95' title='bbox 855 715 979 742; x_wconf 88' lang='lat' dir='ltr'><strong>sobrium</strong></span> <span class='ocrx_word' id='word_1_96' title='bbox 1007 719 1035 741; x_wconf 86' lang='lat' dir='ltr'><strong>et</strong></span> 
     </span>
    </p>
   </div>
   <div class='ocr_carea' id='block_1_15' title="bbox 246 758 1034 794">
    <p class='ocr_par' dir='ltr' id='par_1_15' title="bbox 246 758 1034 794">
     <span class='ocr_line' id='line_1_15' title="bbox 246 758 1034 794; baseline 0.004 -9"><span class='ocrx_word' id='word_1_97' title='bbox 246 758 376 793; x_wconf 84' lang='lat' dir='ltr'><strong>probum,</strong></span> <span class='ocrx_word' id='word_1_98' title='bbox 391 763 420 786; x_wconf 90' lang='lat' dir='ltr'><strong>et</strong></span> <span class='ocrx_word' id='word_1_99' title='bbox 441 759 619 787; x_wconf 77' lang='lat' dir='ltr'><strong>continenti:e</strong></span> <span class='ocrx_word' id='word_1_100' title='bbox 633 760 765 794; x_wconf 90' lang='lat' dir='ltr'><strong>amicum,</strong></span> <span class='ocrx_word' id='word_1_101' title='bbox 782 767 830 789; x_wconf 91' lang='lat' dir='ltr'><strong>aut</strong></span> <span class='ocrx_word' id='word_1_102' title='bbox 847 765 1034 793; x_wconf 86' lang='lat' dir='ltr'><strong>mansuetum,</strong></span> 
     </span>
    </p>
   </div>
   <div class='ocr_carea' id='block_1_16' title="bbox 247 805 1034 843">
    <p class='ocr_par' dir='ltr' id='par_1_16' title="bbox 247 805 1034 843">
     <span class='ocr_line' id='line_1_16' title="bbox 247 805 1034 843; baseline 0.003 -11"><span class='ocrx_word' id='word_1_103' title='bbox 247 805 362 833; x_wconf 76' lang='lat' dir='ltr'><strong>fratrum</strong></span> <span class='ocrx_word' id='word_1_104' title='bbox 373 810 402 833; x_wconf 90' lang='lat' dir='ltr'><strong>et</strong></span> <span class='ocrx_word' id='word_1_105' title='bbox 412 806 536 834; x_wconf 77' lang='lat' dir='ltr'><strong>veritatis</strong></span> <span class='ocrx_word' id='word_1_106' title='bbox 551 811 698 840; x_wconf 80' lang='lat' dir='ltr'><strong>amantem,</strong></span> <span class='ocrx_word' id='word_1_107' title='bbox 717 813 765 835; x_wconf 89' lang='lat' dir='ltr'><strong>aut</strong></span> <span class='ocrx_word' id='word_1_108' title='bbox 775 808 867 835; x_wconf 89' lang='lat' dir='ltr'><strong>animo</strong></span> <span class='ocrx_word' id='word_1_109' title='bbox 881 808 1034 843; x_wconf 82' lang='lat' dir='ltr'><strong>simplicem</strong></span> 
     </span>
    </p>
   </div>
   <div class='ocr_carea' id='block_1_17' title="bbox 248 853 1036 887">
    <p class='ocr_par' dir='ltr' id='par_1_17' title="bbox 248 853 1036 887">
     <span class='ocr_line' id='line_1_17' title="bbox 248 853 1036 887; baseline 0.004 -8"><span class='ocrx_word' id='word_1_110' title='bbox 248 857 296 880; x_wconf 89' lang='lat' dir='ltr'><strong>aut</strong></span> <span class='ocrx_word' id='word_1_111' title='bbox 305 853 429 880; x_wconf 88' lang='lat' dir='ltr'><strong>moribus</strong></span> <span class='ocrx_word' id='word_1_112' title='bbox 443 853 579 887; x_wconf 89' lang='lat' dir='ltr'><strong>dolosum,</strong></span> <span class='ocrx_word' id='word_1_113' title='bbox 594 854 651 881; x_wconf 71' lang='lat' dir='ltr'><strong>litec</strong></span> <span class='ocrx_word' id='word_1_114' title='bbox 664 855 755 882; x_wconf 91' lang='lat' dir='ltr'><strong>omnia</strong></span> <span class='ocrx_word' id='word_1_115' title='bbox 768 855 795 882; x_wconf 88' lang='lat' dir='ltr'><strong>in</strong></span> <span class='ocrx_word' id='word_1_116' title='bbox 818 855 898 882; x_wconf 87' lang='lat' dir='ltr'><strong>nobis</strong></span> <span class='ocrx_word' id='word_1_117' title='bbox 911 855 964 882; x_wconf 90' lang='lat' dir='ltr'><strong>sita</strong></span> <span class='ocrx_word' id='word_1_118' title='bbox 975 862 1036 882; x_wconf 88' lang='lat' dir='ltr'><strong>esse</strong></span> 
     </span>
    </p>
   </div>
   <div class='ocr_carea' id='block_1_18' title="bbox 248 899 1037 935">
    <p class='ocr_par' dir='ltr' id='par_1_18' title="bbox 248 899 1037 935">
     <span class='ocr_line' id='line_1_18' title="bbox 248 899 1037 935; baseline 0 -9"><span class='ocrx_word' id='word_1_119' title='bbox 248 904 354 926; x_wconf 89' lang='lat' dir='ltr'><strong>eertum</strong></span> <span class='ocrx_word' id='word_1_120' title='bbox 371 903 421 926; x_wconf 89' lang='lat' dir='ltr'><strong>est.</strong></span> <span class='ocrx_word' id='word_1_121' title='bbox 440 900 514 930; x_wconf 83' lang='lat' dir='ltr'><strong>Esse,</strong></span> <span class='ocrx_word' id='word_1_122' title='bbox 535 899 658 935; x_wconf 88' lang='lat' dir='ltr'><strong>inquam,</strong></span> <span class='ocrx_word' id='word_1_123' title='bbox 675 900 817 927; x_wconf 81' lang='lat' dir='ltr'><strong>electionis</strong></span> <span class='ocrx_word' id='word_1_124' title='bbox 838 904 866 927; x_wconf 93' lang='lat' dir='ltr'><strong>et</strong></span> <span class='ocrx_word' id='word_1_125' title='bbox 888 899 1037 927; x_wconf 79' lang='lat' dir='ltr'><strong>voluntatis</strong></span> 
     </span>
    </p>
   </div>
   <div class='ocr_carea' id='block_1_19' title="bbox 249 944 1038 980">
    <p class='ocr_par' dir='ltr' id='par_1_19' title="bbox 249 944 1038 980">
     <span class='ocr_line' id='line_1_19' title="bbox 249 944 1038 980; baseline 0 -8"><span class='ocrx_word' id='word_1_126' title='bbox 249 945 385 977; x_wconf 65' lang='lat' dir='ltr'><strong>humanae,</strong></span> <span class='ocrx_word' id='word_1_127' title='bbox 401 949 429 972; x_wconf 89' lang='lat' dir='ltr'><strong>et</strong></span> <span class='ocrx_word' id='word_1_128' title='bbox 446 945 552 972; x_wconf 89' lang='lat' dir='ltr'><strong>consilii</strong></span> <span class='ocrx_word' id='word_1_129' title='bbox 565 950 594 972; x_wconf 87' lang='lat' dir='ltr'><strong>et</strong></span> <span class='ocrx_word' id='word_1_130' title='bbox 623 946 711 980; x_wconf 85' lang='lat' dir='ltr'><strong>scopi,</strong></span> <span class='ocrx_word' id='word_1_131' title='bbox 737 951 765 973; x_wconf 83' lang='lat' dir='ltr'><strong>et</strong></span> <span class='ocrx_word' id='word_1_132' title='bbox 795 946 946 980; x_wconf 77' lang='lat' dir='ltr'><strong>potestatis.</strong></span> <span class='ocrx_word' id='word_1_133' title='bbox 975 944 1038 972; x_wconf 60' lang='lat' dir='ltr'><strong>Haec</strong></span> 
     </span>
    </p>
   </div>
   <div class='ocr_carea' id='block_1_20' title="bbox 248 990 1038 1023">
    <p class='ocr_par' dir='ltr' id='par_1_20' title="bbox 248 990 1038 1023">
     <span class='ocr_line' id='line_1_20' title="bbox 248 990 1038 1023; baseline 0.003 -6"><span class='ocrx_word' id='word_1_134' title='bbox 248 990 347 1023; x_wconf 83' lang='lat' dir='ltr'><strong>retine.</strong></span> <span class='ocrx_word' id='word_1_135' title='bbox 377 994 405 1019; x_wconf 90' lang='lat' dir='ltr'><strong>et</strong></span> <span class='ocrx_word' id='word_1_136' title='bbox 428 990 501 1018; x_wconf 87' lang='lat' dir='ltr'><strong>dicta</strong></span> <span class='ocrx_word' id='word_1_137' title='bbox 532 991 679 1018; x_wconf 85' lang='lat' dir='ltr'><strong>considera</strong></span> <span class='ocrx_word' id='word_1_138' title='bbox 697 1000 704 1018; x_wconf 86' lang='lat'><strong>:</strong></span> <span class='ocrx_word' id='word_1_139' title='bbox 726 1000 735 1016; x_wconf 74' lang='grc' dir='ltr'><strong>ι</strong></span> <span class='ocrx_word' id='word_1_140' title='bbox 752 991 900 1020; x_wconf 83' lang='lat' dir='ltr'><strong>Scrutatur</strong></span> <span class='ocrx_word' id='word_1_141' title='bbox 915 990 999 1018; x_wconf 90' lang='lat' dir='ltr'><strong>corda</strong></span> <span class='ocrx_word' id='word_1_142' title='bbox 1010 995 1038 1019; x_wconf 77' lang='lat' dir='ltr'><strong>et</strong></span> 
     </span>
    </p>
   </div>
   <div class='ocr_carea' id='block_1_21' title="bbox 248 1035 1037 1070">
    <p class='ocr_par' dir='ltr' id='par_1_21' title="bbox 248 1035 1037 1070">
     <span class='ocr_line' id='line_1_21' title="bbox 248 1035 1037 1070; baseline 0.001 -8"><span class='ocrx_word' id='word_1_143' title='bbox 248 1035 347 1070; x_wconf 86' lang='lat' dir='ltr'><strong>probat</strong></span> <span class='ocrx_word' id='word_1_144' title='bbox 373 1043 453 1063; x_wconf 87' lang='lat' dir='ltr'><strong>renes</strong></span> <span class='ocrx_word' id='word_1_145' title='bbox 466 1036 599 1062; x_wconf 85' lang='lat' dir='ltr'><strong>Dominus</strong></span> <span class='ocrx_word' id='word_1_146' title='bbox 613 1036 646 1062; x_wconf 78' lang='grc'><strong>³⁸.</strong></span> <span class='ocrx_word' id='word_1_147' title='bbox 666 1045 675 1061; x_wconf 79' lang='grc' dir='ltr'><strong>ι</strong></span> <span class='ocrx_word' id='word_1_148' title='bbox 694 1051 728 1055; x_wconf 87' lang='grc'><strong>--</strong></span> <span class='ocrx_word' id='word_1_149' title='bbox 746 1046 755 1061; x_wconf 75' lang='grc' dir='ltr'><strong>ι</strong></span> <span class='ocrx_word' id='word_1_150' title='bbox 773 1036 806 1062; x_wconf 85' lang='grc' dir='ltr'>Ει</span> <span class='ocrx_word' id='word_1_151' title='bbox 818 1036 900 1063; x_wconf 88' lang='lat' dir='ltr'><strong>homo</strong></span> <span class='ocrx_word' id='word_1_152' title='bbox 916 1035 991 1062; x_wconf 87' lang='lat' dir='ltr'><strong>videt</strong></span> <span class='ocrx_word' id='word_1_153' title='bbox 1006 1043 1037 1063; x_wconf 87' lang='lat' dir='ltr'><strong>ea</strong></span> 
     </span>
    </p>
   </div>
   <div class='ocr_carea' id='block_1_22' title="bbox 248 1079 1039 1116">
    <p class='ocr_par' dir='ltr' id='par_1_22' title="bbox 248 1079 1039 1116">
     <span class='ocr_line' id='line_1_22' title="bbox 248 1079 1039 1116; baseline -0.003 -8"><span class='ocrx_word' id='word_1_154' title='bbox 248 1089 309 1116; x_wconf 63' lang='lat' dir='ltr'><strong>quae</strong></span> <span class='ocrx_word' id='word_1_155' title='bbox 330 1084 437 1116; x_wconf 87' lang='lat' dir='ltr'><strong>parent,</strong></span> <span class='ocrx_word' id='word_1_156' title='bbox 469 1081 542 1108; x_wconf 90' lang='lat' dir='ltr'><strong>Deus</strong></span> <span class='ocrx_word' id='word_1_157' title='bbox 565 1085 657 1107; x_wconf 85' lang='lat' dir='ltr'><strong>autem</strong></span> <span class='ocrx_word' id='word_1_158' title='bbox 687 1088 734 1107; x_wconf 90' lang='lat' dir='ltr'><strong>cor</strong></span> <span class='ocrx_word' id='word_1_159' title='bbox 750 1080 782 1106; x_wconf 80' lang='grc'><strong>³⁸.</strong></span> <span class='ocrx_word' id='word_1_160' title='bbox 805 1090 814 1104; x_wconf 70' lang='grc' dir='ltr'><strong>ι</strong></span> <span class='ocrx_word' id='word_1_161' title='bbox 829 1079 860 1106; x_wconf 87' lang='lat' dir='ltr'><strong>Et</strong></span> <span class='ocrx_word' id='word_1_162' title='bbox 889 1079 950 1115; x_wconf 86' lang='lat' dir='ltr'><strong>quis</strong></span> <span class='ocrx_word' id='word_1_163' title='bbox 966 1079 1039 1106; x_wconf 89' lang='lat' dir='ltr'><strong>hunc</strong></span> 
     </span>
    </p>
   </div>
   <div class='ocr_carea' id='block_1_23' title="bbox 248 1127 516 1155">
    <p class='ocr_par' dir='ltr' id='par_1_23' title="bbox 248 1127 516 1155">
     <span class='ocr_line' id='line_1_23' title="bbox 248 1127 516 1155; baseline -0.007 0"><span class='ocrx_word' id='word_1_164' title='bbox 248 1127 410 1155; x_wconf 70' lang='lat' dir='ltr'><strong>medullitus</strong></span> <span class='ocrx_word' id='word_1_165' title='bbox 421 1127 516 1154; x_wconf 84' lang='lat' dir='ltr'><strong>amat?</strong></span> 
     </span>
    </p>
   </div>
   <div class='ocr_carea' id='block_1_24' title="bbox 550 1183 736 1212">
    <p class='ocr_par' dir='ltr' id='par_1_24' title="bbox 550 1183 736 1212">
     <span class='ocr_line' id='line_1_24' title="bbox 550 1183 736 1212; baseline 0 0"><span class='ocrx_word' id='word_1_166' title='bbox 550 1183 663 1212; x_wconf 80' lang='lat' dir='ltr'><strong>CAPUT</strong></span> <span class='ocrx_word' id='word_1_167' title='bbox 680 1185 736 1212; x_wconf 80' lang='lat' dir='ltr'><strong>Vll.</strong></span> 
     </span>
    </p>
   </div>
   <div class='ocr_carea' id='block_1_25' title="bbox 251 1241 1040 1276">
    <p class='ocr_par' dir='ltr' id='par_1_25' title="bbox 251 1241 1040 1276">
     <span class='ocr_line' id='line_1_25' title="bbox 251 1241 1040 1276; baseline -0.001 -8"><span class='ocrx_word' id='word_1_168' title='bbox 251 1242 347 1269; x_wconf 76' lang='lat' dir='ltr'><strong>Multos</strong></span> <span class='ocrx_word' id='word_1_169' title='bbox 373 1242 446 1269; x_wconf 78' lang='lat' dir='ltr'><strong>bonis</strong></span> <span class='ocrx_word' id='word_1_170' title='bbox 471 1242 600 1276; x_wconf 78' lang='lat' dir='ltr'><strong>operibus,</strong></span> <span class='ocrx_word' id='word_1_171' title='bbox 617 1247 640 1268; x_wconf 82' lang='lat' dir='ltr'><strong>et</strong></span> <span class='ocrx_word' id='word_1_172' title='bbox 671 1246 739 1268; x_wconf 85' lang='lat' dir='ltr'><strong>recte</strong></span> <span class='ocrx_word' id='word_1_173' title='bbox 764 1242 841 1275; x_wconf 74' lang='lat' dir='ltr'><strong>I&#39;actis</strong></span> <span class='ocrx_word' id='word_1_174' title='bbox 864 1241 1040 1276; x_wconf 75' lang='lat' dir='ltr'><strong>compluribus</strong></span> 
     </span>
    </p>
   </div>
   <div class='ocr_carea' id='block_1_26' title="bbox 287 1277 1041 1312">
    <p class='ocr_par' dir='ltr' id='par_1_26' title="bbox 287 1277 1041 1312">
     <span class='ocr_line' id='line_1_26' title="bbox 287 1277 1041 1312; baseline -0.001 -9"><span class='ocrx_word' id='word_1_175' title='bbox 287 1277 463 1309; x_wconf 71' lang='lat' dir='ltr'><strong>abundantes,</strong></span> <span class='ocrx_word' id='word_1_176' title='bbox 479 1277 539 1304; x_wconf 80' lang='lat' dir='ltr'><strong>aliis</strong></span> <span class='ocrx_word' id='word_1_177' title='bbox 555 1285 667 1311; x_wconf 80' lang='lat' dir='ltr'><strong>quarunt</strong></span> <span class='ocrx_word' id='word_1_178' title='bbox 692 1278 794 1304; x_wconf 85' lang='lat' dir='ltr'><strong>minuta</strong></span> <span class='ocrx_word' id='word_1_179' title='bbox 811 1282 834 1303; x_wconf 80' lang='lat' dir='ltr'><strong>et</strong></span> <span class='ocrx_word' id='word_1_180' title='bbox 850 1285 934 1312; x_wconf 79' lang='lat' dir='ltr'><strong>pauca</strong></span> <span class='ocrx_word' id='word_1_181' title='bbox 951 1285 1041 1303; x_wconf 82' lang='lat' dir='ltr'><strong>nume-</strong></span> 
     </span>
    </p>
   </div>
   <div class='ocr_carea' id='block_1_27' title="bbox 287 1311 1039 1344">
    <p class='ocr_par' dir='ltr' id='par_1_27' title="bbox 287 1311 1039 1344">
     <span class='ocr_line' id='line_1_27' title="bbox 287 1311 1039 1344; baseline 0 -6"><span class='ocrx_word' id='word_1_182' title='bbox 287 1316 393 1344; x_wconf 87' lang='lat' dir='ltr'><strong>rantur,</strong></span> <span class='ocrx_word' id='word_1_183' title='bbox 417 1313 506 1339; x_wconf 85' lang='lat' dir='ltr'><strong>divina</strong></span> <span class='ocrx_word' id='word_1_184' title='bbox 530 1311 666 1339; x_wconf 76' lang='lat' dir='ltr'><strong>voluntate</strong></span> <span class='ocrx_word' id='word_1_185' title='bbox 685 1317 708 1338; x_wconf 85' lang='lat' dir='ltr'><strong>et</strong></span> <span class='ocrx_word' id='word_1_186' title='bbox 725 1311 855 1339; x_wconf 76' lang='lat' dir='ltr'><strong>sententia</strong></span> <span class='ocrx_word' id='word_1_187' title='bbox 875 1320 926 1338; x_wconf 87' lang='lat' dir='ltr'><strong>non</strong></span> <span class='ocrx_word' id='word_1_188' title='bbox 954 1313 1039 1338; x_wconf 84' lang='lat' dir='ltr'><strong>anlei-</strong></span> 
     </span>
    </p>
   </div>
   <div class='ocr_carea' id='block_1_28' title="bbox 289 1352 372 1374">
    <p class='ocr_par' dir='ltr' id='par_1_28' title="bbox 289 1352 372 1374">
     <span class='ocr_line' id='line_1_28' title="bbox 289 1352 372 1374; baseline -0.012 -1"><span class='ocrx_word' id='word_1_189' title='bbox 289 1352 372 1374; x_wconf 78' lang='grc' dir='ltr'>ιιινοδ.</span> 
     </span>
    </p>
   </div>
   <div class='ocr_carea' id='block_1_29' title="bbox 287 1404 1041 1436">
    <p class='ocr_par' dir='ltr' id='par_1_29' title="bbox 287 1404 1041 1436">
     <span class='ocr_line' id='line_1_29' title="bbox 287 1404 1041 1436; baseline -0.001 -4"><span class='ocrx_word' id='word_1_190' title='bbox 287 1405 357 1432; x_wconf 87' lang='lat' dir='ltr'><strong>Cum</strong></span> <span class='ocrx_word' id='word_1_191' title='bbox 386 1409 477 1432; x_wconf 89' lang='lat' dir='ltr'><strong>autem</strong></span> <span class='ocrx_word' id='word_1_192' title='bbox 500 1405 668 1432; x_wconf 83' lang='lat' dir='ltr'><strong>oblationem</strong></span> <span class='ocrx_word' id='word_1_193' title='bbox 698 1404 880 1431; x_wconf 87' lang='lat' dir='ltr'><strong>obtulerimus</strong></span> <span class='ocrx_word' id='word_1_194' title='bbox 905 1404 1041 1436; x_wconf 86' lang='lat' dir='ltr'><strong>Creatori,</strong></span> 
     </span>
    </p>
   </div>
   <div class='ocr_carea' id='block_1_30' title="bbox 253 1451 1043 1488">
    <p class='ocr_par' dir='ltr' id='par_1_30' title="bbox 253 1451 1043 1488">
     <span class='ocr_line' id='line_1_30' title="bbox 253 1451 1043 1488; baseline -0.003 -8"><span class='ocrx_word' id='word_1_195' title='bbox 253 1453 299 1480; x_wconf 89' lang='lat' dir='ltr'><strong>hic</strong></span> <span class='ocrx_word' id='word_1_196' title='bbox 322 1452 434 1487; x_wconf 84' lang='lat' dir='ltr'><strong>quidem</strong></span> <span class='ocrx_word' id='word_1_197' title='bbox 462 1452 610 1488; x_wconf 76' lang='lat' dir='ltr'><strong>jejunium,</strong></span> <span class='ocrx_word' id='word_1_198' title='bbox 633 1452 789 1488; x_wconf 82' lang='lat' dir='ltr'><strong>laerymas;</strong></span> <span class='ocrx_word' id='word_1_199' title='bbox 811 1451 881 1479; x_wconf 89' lang='lat' dir='ltr'><strong>alius</strong></span> <span class='ocrx_word' id='word_1_200' title='bbox 900 1459 996 1486; x_wconf 89' lang='lat' dir='ltr'><strong>preces</strong></span> <span class='ocrx_word' id='word_1_201' title='bbox 1015 1456 1043 1478; x_wconf 91' lang='lat' dir='ltr'><strong>et</strong></span> 
     </span>
    </p>
   </div>
   <div class='ocr_carea' id='block_1_31' title="bbox 253 1497 1043 1533">
    <p class='ocr_par' dir='ltr' id='par_1_31' title="bbox 253 1497 1043 1533">
     <span class='ocr_line' id='line_1_31' title="bbox 253 1497 1043 1533; baseline -0.003 -7"><span class='ocrx_word' id='word_1_202' title='bbox 253 1499 398 1526; x_wconf 85' lang='lat' dir='ltr'><strong>stationem</strong></span> <span class='ocrx_word' id='word_1_203' title='bbox 412 1506 420 1531; x_wconf 88' lang='lat'><strong>;</strong></span> <span class='ocrx_word' id='word_1_204' title='bbox 436 1498 506 1526; x_wconf 90' lang='lat' dir='ltr'><strong>alius</strong></span> <span class='ocrx_word' id='word_1_205' title='bbox 531 1497 688 1524; x_wconf 84' lang='lat' dir='ltr'><strong>aﬁluentem</strong></span> <span class='ocrx_word' id='word_1_206' title='bbox 702 1499 807 1525; x_wconf 91' lang='lat' dir='ltr'><strong>luctum</strong></span> <span class='ocrx_word' id='word_1_207' title='bbox 821 1506 827 1525; x_wconf 90' lang='lat'><strong>:</strong></span> <span class='ocrx_word' id='word_1_208' title='bbox 845 1498 915 1525; x_wconf 90' lang='lat' dir='ltr'><strong>alius</strong></span> <span class='ocrx_word' id='word_1_209' title='bbox 929 1497 1043 1533; x_wconf 79' lang='lat' dir='ltr'><strong>vigilan-</strong></span> 
     </span>
    </p>
   </div>
   <div class='ocr_carea' id='block_1_32' title="bbox 255 1543 1043 1576">
    <p class='ocr_par' dir='ltr' id='par_1_32' title="bbox 255 1543 1043 1576">
     <span class='ocr_line' id='line_1_32' title="bbox 255 1543 1043 1576; baseline -0.003 -4"><span class='ocrx_word' id='word_1_210' title='bbox 255 1546 320 1572; x_wconf 85' lang='lat' dir='ltr'><strong>tiam</strong></span> <span class='ocrx_word' id='word_1_211' title='bbox 335 1545 436 1575; x_wconf 87' lang='lat' dir='ltr'><strong>cordis,</strong></span> <span class='ocrx_word' id='word_1_212' title='bbox 447 1544 630 1570; x_wconf 85' lang='lat' dir='ltr'><strong>humilitatem</strong></span> <span class='ocrx_word' id='word_1_213' title='bbox 645 1543 780 1570; x_wconf 86' lang='lat' dir='ltr'><strong>sinceram</strong></span> <span class='ocrx_word' id='word_1_214' title='bbox 794 1552 800 1576; x_wconf 92' lang='lat'>;</span> <span class='ocrx_word' id='word_1_215' title='bbox 814 1543 884 1570; x_wconf 89' lang='lat' dir='ltr'><strong>alius</strong></span> <span class='ocrx_word' id='word_1_216' title='bbox 898 1543 1043 1571; x_wconf 87' lang='lat' dir='ltr'><strong>sublimem</strong></span> 
     </span>
    </p>
   </div>
   <div class='ocr_carea' id='block_1_33' title="bbox 1086 301 1876 337">
    <p class='ocr_par' dir='ltr' id='par_1_33' title="bbox 1086 301 1876 337">
     <span class='ocr_line' id='line_1_33' title="bbox 1086 301 1876 337; baseline 0 -9"><span class='ocrx_word' id='word_1_217' title='bbox 1086 308 1147 336; x_wconf 68' lang='lat' dir='ltr'><strong>qum</strong></span> <span class='ocrx_word' id='word_1_218' title='bbox 1163 302 1285 329; x_wconf 86' lang='lat' dir='ltr'><strong>vicissim</strong></span> <span class='ocrx_word' id='word_1_219' title='bbox 1302 302 1414 337; x_wconf 78' lang='lat' dir='ltr'><strong>largiter</strong></span> <span class='ocrx_word' id='word_1_220' title='bbox 1430 307 1632 335; x_wconf 86' lang='lat' dir='ltr'><strong>remuneratur,</strong></span> <span class='ocrx_word' id='word_1_221' title='bbox 1649 301 1721 337; x_wconf 89' lang='lat' dir='ltr'><strong>quod</strong></span> <span class='ocrx_word' id='word_1_222' title='bbox 1739 309 1754 329; x_wconf 88' lang='lat' dir='ltr'><strong>e</strong></span> <span class='ocrx_word' id='word_1_223' title='bbox 1769 301 1876 328; x_wconf 86' lang='lat' dir='ltr'><strong>duobus</strong></span> 
     </span>
    </p>
   </div>
   <div class='ocr_carea' id='block_1_34' title="bbox 1085 347 1874 383">
    <p class='ocr_par' dir='ltr' id='par_1_34' title="bbox 1085 347 1874 383">
     <span class='ocr_line' id='line_1_34' title="bbox 1085 347 1874 383; baseline -0.001 -8"><span class='ocrx_word' id='word_1_224' title='bbox 1085 348 1208 380; x_wconf 87' lang='lat' dir='ltr'><strong>minutis,</strong></span> <span class='ocrx_word' id='word_1_225' title='bbox 1235 356 1250 375; x_wconf 91' lang='lat' dir='ltr'><strong>a</strong></span> <span class='ocrx_word' id='word_1_226' title='bbox 1278 348 1360 375; x_wconf 87' lang='lat' dir='ltr'><strong>vidua</strong></span> <span class='ocrx_word' id='word_1_227' title='bbox 1386 348 1478 375; x_wconf 83' lang='lat' dir='ltr'><strong>missis</strong></span> <span class='ocrx_word' id='word_1_228' title='bbox 1503 349 1574 383; x_wconf 67' lang='lat' dir='ltr'><strong>(qua:</strong></span> <span class='ocrx_word' id='word_1_229' title='bbox 1596 355 1661 376; x_wconf 88' lang='lat' dir='ltr'><strong>sane</strong></span> <span class='ocrx_word' id='word_1_230' title='bbox 1687 355 1744 383; x_wconf 70' lang='lat' dir='ltr'><strong>pra:</strong></span> <span class='ocrx_word' id='word_1_231' title='bbox 1761 347 1874 375; x_wconf 87' lang='lat' dir='ltr'><strong>divitum</strong></span> 
     </span>
    </p>
   </div>
   <div class='ocr_carea' id='block_1_35' title="bbox 1085 394 1876 430">
    <p class='ocr_par' dir='ltr' id='par_1_35' title="bbox 1085 394 1876 430">
     <span class='ocr_line' id='line_1_35' title="bbox 1085 394 1876 430; baseline -0.001 -9"><span class='ocrx_word' id='word_1_232' title='bbox 1085 394 1247 421; x_wconf 87' lang='lat' dir='ltr'><strong>muneribus</strong></span> <span class='ocrx_word' id='word_1_233' title='bbox 1274 398 1402 429; x_wconf 89' lang='lat' dir='ltr'><strong>suscepta</strong></span> <span class='ocrx_word' id='word_1_234' title='bbox 1415 394 1543 430; x_wconf 79' lang='lat' dir='ltr'><strong>legimus)</strong></span> <span class='ocrx_word' id='word_1_235' title='bbox 1566 394 1753 429; x_wconf 87' lang='lat' dir='ltr'><strong>liquidissimo</strong></span> <span class='ocrx_word' id='word_1_236' title='bbox 1769 398 1876 421; x_wconf 84' lang='lat' dir='ltr'><strong>constat</strong></span> 
     </span>
    </p>
   </div>
   <div class='ocr_carea' id='block_1_36' title="bbox 1085 440 1877 477">
    <p class='ocr_par' dir='ltr' id='par_1_36' title="bbox 1085 440 1877 477">
     <span class='ocr_line' id='line_1_36' title="bbox 1085 440 1877 477; baseline -0.001 -9"><span class='ocrx_word' id='word_1_237' title='bbox 1085 440 1226 469; x_wconf 89' lang='lat' dir='ltr'><strong>omnibus.</strong></span> <span class='ocrx_word' id='word_1_238' title='bbox 1240 441 1307 468; x_wconf 84' lang='lat' dir='ltr'><strong>Nam</strong></span> <span class='ocrx_word' id='word_1_239' title='bbox 1328 441 1356 468; x_wconf 90' lang='lat' dir='ltr'><strong>hi</strong></span> <span class='ocrx_word' id='word_1_240' title='bbox 1373 446 1478 477; x_wconf 89' lang='lat' dir='ltr'><strong>partem</strong></span> <span class='ocrx_word' id='word_1_241' title='bbox 1495 441 1615 475; x_wconf 88' lang='lat' dir='ltr'><strong>aliquam</strong></span> <span class='ocrx_word' id='word_1_242' title='bbox 1627 440 1661 468; x_wconf 85' lang='lat' dir='ltr'><strong>de</strong></span> <span class='ocrx_word' id='word_1_243' title='bbox 1676 440 1792 470; x_wconf 87' lang='lat' dir='ltr'><strong>summis</strong></span> <span class='ocrx_word' id='word_1_244' title='bbox 1809 440 1877 467; x_wconf 84' lang='lat' dir='ltr'><strong>divi-</strong></span> 
     </span>
    </p>
   </div>
   <div class='ocr_carea' id='block_1_37' title="bbox 1086 486 1876 522">
    <p class='ocr_par' dir='ltr' id='par_1_37' title="bbox 1086 486 1876 522">
     <span class='ocr_line' id='line_1_37' title="bbox 1086 486 1876 522; baseline -0.005 -6"><span class='ocrx_word' id='word_1_245' title='bbox 1086 488 1131 516; x_wconf 89' lang='lat' dir='ltr'><strong>tiis</strong></span> <span class='ocrx_word' id='word_1_246' title='bbox 1146 488 1202 516; x_wconf 89' lang='lat' dir='ltr'><strong>suis</strong></span> <span class='ocrx_word' id='word_1_247' title='bbox 1216 498 1222 516; x_wconf 90' lang='lat'>:</span> <span class='ocrx_word' id='word_1_248' title='bbox 1237 489 1282 516; x_wconf 87' lang='lat' dir='ltr'><strong>illa</strong></span> <span class='ocrx_word' id='word_1_249' title='bbox 1308 492 1396 516; x_wconf 88' lang='lat' dir='ltr'><strong>totum</strong></span> <span class='ocrx_word' id='word_1_250' title='bbox 1415 487 1488 522; x_wconf 89' lang='lat' dir='ltr'><strong>quod</strong></span> <span class='ocrx_word' id='word_1_251' title='bbox 1502 487 1609 520; x_wconf 88' lang='lat' dir='ltr'><strong>habuit,</strong></span> <span class='ocrx_word' id='word_1_252' title='bbox 1625 495 1722 522; x_wconf 81' lang='lat' dir='ltr'><strong>magna</strong></span> <span class='ocrx_word' id='word_1_253' title='bbox 1737 486 1876 513; x_wconf 85' lang='lat' dir='ltr'><strong>voluntate</strong></span> 
     </span>
    </p>
   </div>
   <div class='ocr_carea' id='block_1_38' title="bbox 1085 531 1876 566">
    <p class='ocr_par' dir='ltr' id='par_1_38' title="bbox 1085 531 1876 566">
     <span class='ocr_line' id='line_1_38' title="bbox 1085 531 1876 566; baseline -0.004 -4"><span class='ocrx_word' id='word_1_254' title='bbox 1085 535 1188 562; x_wconf 82' lang='lat' dir='ltr'><strong>dicavit</strong></span> <span class='ocrx_word' id='word_1_255' title='bbox 1201 543 1207 561; x_wconf 88' lang='lat'>:</span> <span class='ocrx_word' id='word_1_256' title='bbox 1221 543 1272 562; x_wconf 87' lang='lat' dir='ltr'><strong>nec</strong></span> <span class='ocrx_word' id='word_1_257' title='bbox 1283 534 1385 562; x_wconf 89' lang='lat' dir='ltr'><strong>arbiter</strong></span> <span class='ocrx_word' id='word_1_258' title='bbox 1395 534 1520 562; x_wconf 82' lang='lat' dir='ltr'><strong>Christus</strong></span> <span class='ocrx_word' id='word_1_259' title='bbox 1535 533 1687 561; x_wconf 88' lang='lat' dir='ltr'><strong>secundum</strong></span> <span class='ocrx_word' id='word_1_260' title='bbox 1700 532 1763 559; x_wconf 89' lang='lat' dir='ltr'><strong>doni</strong></span> <span class='ocrx_word' id='word_1_261' title='bbox 1780 531 1876 566; x_wconf 87' lang='lat' dir='ltr'><strong>an-pli-</strong></span> 
     </span>
    </p>
   </div>
   <div class='ocr_carea' id='block_1_39' title="bbox 1086 578 1878 614">
    <p class='ocr_par' dir='ltr' id='par_1_39' title="bbox 1086 578 1878 614">
     <span class='ocr_line' id='line_1_39' title="bbox 1086 578 1878 614; baseline -0.005 -6"><span class='ocrx_word' id='word_1_262' title='bbox 1086 581 1222 613; x_wconf 89' lang='lat' dir='ltr'><strong>tudinem,</strong></span> <span class='ocrx_word' id='word_1_263' title='bbox 1240 581 1287 609; x_wconf 88' lang='lat' dir='ltr'><strong>sed</strong></span> <span class='ocrx_word' id='word_1_264' title='bbox 1301 580 1452 608; x_wconf 89' lang='lat' dir='ltr'><strong>secundum</strong></span> <span class='ocrx_word' id='word_1_265' title='bbox 1466 579 1549 607; x_wconf 88' lang='lat' dir='ltr'><strong>animi</strong></span> <span class='ocrx_word' id='word_1_266' title='bbox 1562 578 1793 614; x_wconf 75' lang='lat' dir='ltr'><strong>magnitudinem.</strong></span> <span class='ocrx_word' id='word_1_267' title='bbox 1809 578 1878 605; x_wconf 85' lang='lat' dir='ltr'><strong>divi-</strong></span> 
     </span>
    </p>
   </div>
   <div class='ocr_carea' id='block_1_40' title="bbox 1087 624 1878 662">
    <p class='ocr_par' dir='ltr' id='par_1_40' title="bbox 1087 624 1878 662">
     <span class='ocr_line' id='line_1_40' title="bbox 1087 624 1878 662; baseline -0.005 -8"><span class='ocrx_word' id='word_1_268' title='bbox 1087 627 1193 662; x_wconf 87' lang='lat' dir='ltr'><strong>tiasque</strong></span> <span class='ocrx_word' id='word_1_269' title='bbox 1219 627 1364 654; x_wconf 86' lang='lat' dir='ltr'><strong>arbitrium</strong></span> <span class='ocrx_word' id='word_1_270' title='bbox 1390 625 1590 661; x_wconf 87' lang='lat' dir='ltr'><strong>pronuntiavit.</strong></span> <span class='ocrx_word' id='word_1_271' title='bbox 1616 624 1713 652; x_wconf 84' lang='lat' dir='ltr'><strong>Viden&#39;</strong></span> <span class='ocrx_word' id='word_1_272' title='bbox 1731 629 1760 651; x_wconf 91' lang='lat' dir='ltr'><strong>ut</strong></span> <span class='ocrx_word' id='word_1_273' title='bbox 1779 631 1878 650; x_wconf 83' lang='lat' dir='ltr'><strong>mrtuus</strong></span> 
     </span>
    </p>
   </div>
   <div class='ocr_carea' id='block_1_41' title="bbox 1085 669 1878 708">
    <p class='ocr_par' dir='ltr' id='par_1_41' title="bbox 1085 669 1878 708">
     <span class='ocr_line' id='line_1_41' title="bbox 1085 669 1878 708; baseline -0.006 -8"><span class='ocrx_word' id='word_1_274' title='bbox 1085 673 1176 700; x_wconf 70' lang='lat' dir='ltr'><strong>vidua:</strong></span> <span class='ocrx_word' id='word_1_275' title='bbox 1202 673 1283 708; x_wconf 82' lang='lat' dir='ltr'><strong>hujus</strong></span> <span class='ocrx_word' id='word_1_276' title='bbox 1297 677 1326 700; x_wconf 90' lang='lat' dir='ltr'><strong>et</strong></span> <span class='ocrx_word' id='word_1_277' title='bbox 1352 672 1488 707; x_wconf 88' lang='lat' dir='ltr'><strong>abjectum</strong></span> <span class='ocrx_word' id='word_1_278' title='bbox 1505 676 1533 699; x_wconf 90' lang='lat' dir='ltr'><strong>et</strong></span> <span class='ocrx_word' id='word_1_279' title='bbox 1558 671 1700 706; x_wconf 88' lang='lat' dir='ltr'><strong>pusillum,</strong></span> <span class='ocrx_word' id='word_1_280' title='bbox 1722 669 1813 696; x_wconf 88' lang='lat' dir='ltr'><strong>visum</strong></span> <span class='ocrx_word' id='word_1_281' title='bbox 1837 673 1878 696; x_wconf 88' lang='lat' dir='ltr'><strong>est</strong></span> 
     </span>
    </p>
   </div>
   <div class='ocr_carea' id='block_1_42' title="bbox 1087 714 1878 753">
    <p class='ocr_par' dir='ltr' id='par_1_42' title="bbox 1087 714 1878 753">
     <span class='ocr_line' id='line_1_42' title="bbox 1087 714 1878 753; baseline -0.006 -7"><span class='ocrx_word' id='word_1_282' title='bbox 1087 719 1258 747; x_wconf 75' lang='lat' dir='ltr'><strong>maximum?</strong></span> <span class='ocrx_word' id='word_1_283' title='bbox 1284 718 1479 753; x_wconf 76' lang='lat' dir='ltr'><strong>Schenumero</strong></span> <span class='ocrx_word' id='word_1_284' title='bbox 1513 716 1587 744; x_wconf 87' lang='lat' dir='ltr'><strong>enim</strong></span> <span class='ocrx_word' id='word_1_285' title='bbox 1628 716 1724 751; x_wconf 79' lang='lat' dir='ltr'><strong>exigua</strong></span> <span class='ocrx_word' id='word_1_286' title='bbox 1754 714 1878 750; x_wconf 61' lang='lat' dir='ltr'><strong>quaedam</strong></span> 
     </span>
    </p>
   </div>
   <div class='ocr_carea' id='block_1_43' title="bbox 1086 760 1878 798">
    <p class='ocr_par' dir='ltr' id='par_1_43' title="bbox 1086 760 1878 798">
     <span class='ocr_line' id='line_1_43' title="bbox 1086 760 1878 798; baseline -0.008 -6"><span class='ocrx_word' id='word_1_287' title='bbox 1086 765 1217 793; x_wconf 91' lang='lat' dir='ltr'><strong>dicuntur</strong></span> <span class='ocrx_word' id='word_1_288' title='bbox 1232 764 1401 798; x_wconf 85' lang='lat' dir='ltr'><strong>amplissima</strong></span> <span class='ocrx_word' id='word_1_289' title='bbox 1417 772 1423 790; x_wconf 90' lang='lat'>:</span> <span class='ocrx_word' id='word_1_290' title='bbox 1443 762 1469 790; x_wconf 89' lang='lat' dir='ltr'><strong>id</strong></span> <span class='ocrx_word' id='word_1_291' title='bbox 1493 762 1565 797; x_wconf 92' lang='lat' dir='ltr'><strong>quod</strong></span> <span class='ocrx_word' id='word_1_292' title='bbox 1583 769 1616 789; x_wconf 78' lang='lat' dir='ltr'><strong>ex</strong></span> <span class='ocrx_word' id='word_1_293' title='bbox 1631 761 1675 788; x_wconf 89' lang='lat' dir='ltr'><strong>his</strong></span> <span class='ocrx_word' id='word_1_294' title='bbox 1689 769 1750 796; x_wconf 65' lang='lat' dir='ltr'><strong>quae</strong></span> <span class='ocrx_word' id='word_1_295' title='bbox 1772 760 1878 787; x_wconf 88' lang='lat' dir='ltr'><strong>dictura</strong></span> 
     </span>
    </p>
   </div>
   <div class='ocr_carea' id='block_1_44' title="bbox 1087 807 1877 846">
    <p class='ocr_par' dir='ltr' id='par_1_44' title="bbox 1087 807 1877 846">
     <span class='ocr_line' id='line_1_44' title="bbox 1087 807 1877 846; baseline -0.006 -8"><span class='ocrx_word' id='word_1_296' title='bbox 1087 819 1145 839; x_wconf 87' lang='lat' dir='ltr'><strong>sum</strong></span> <span class='ocrx_word' id='word_1_297' title='bbox 1160 811 1319 846; x_wconf 86' lang='lat' dir='ltr'><strong>perspicies.</strong></span> <span class='ocrx_word' id='word_1_298' title='bbox 1330 810 1400 838; x_wconf 89' lang='lat' dir='ltr'><strong>Olim</strong></span> <span class='ocrx_word' id='word_1_299' title='bbox 1409 809 1524 841; x_wconf 87' lang='lat' dir='ltr'><strong>Cain,et</strong></span> <span class='ocrx_word' id='word_1_300' title='bbox 1535 808 1601 836; x_wconf 88' lang='lat' dir='ltr'><strong>Abel</strong></span> <span class='ocrx_word' id='word_1_301' title='bbox 1616 808 1687 835; x_wconf 84' lang='lat' dir='ltr'><strong>dona</strong></span> <span class='ocrx_word' id='word_1_302' title='bbox 1701 807 1877 839; x_wconf 87' lang='lat' dir='ltr'><strong>obtulerunt;</strong></span> 
     </span>
    </p>
   </div>
   <div class='ocr_carea' id='block_1_45' title="bbox 1094 852 1879 887">
    <p class='ocr_par' dir='ltr' id='par_1_45' title="bbox 1094 852 1879 887">
     <span class='ocr_line' id='line_1_45' title="bbox 1094 852 1879 887; baseline -0.008 -3"><span class='ocrx_word' id='word_1_303' title='bbox 1094 861 1277 885; x_wconf 85' lang='lat' dir='ltr'><strong>verumtatem</strong></span> <span class='ocrx_word' id='word_1_304' title='bbox 1311 863 1366 883; x_wconf 93' lang='lat' dir='ltr'><strong>non</strong></span> <span class='ocrx_word' id='word_1_305' title='bbox 1391 857 1486 883; x_wconf 71' lang='lat' dir='ltr'><strong>eadem</strong></span> <span class='ocrx_word' id='word_1_306' title='bbox 1513 858 1603 881; x_wconf 85' lang='lat' dir='ltr'><strong>mente</strong></span> <span class='ocrx_word' id='word_1_307' title='bbox 1619 861 1650 881; x_wconf 90' lang='lat' dir='ltr'><strong>ac</strong></span> <span class='ocrx_word' id='word_1_308' title='bbox 1668 860 1752 887; x_wconf 89' lang='lat' dir='ltr'><strong>scopo</strong></span> <span class='ocrx_word' id='word_1_309' title='bbox 1769 852 1879 880; x_wconf 84' lang='lat' dir='ltr'><strong>obtule-</strong></span> 
     </span>
    </p>
   </div>
   <div class='ocr_carea' id='block_1_46' title="bbox 1090 898 1881 936">
    <p class='ocr_par' dir='ltr' id='par_1_46' title="bbox 1090 898 1881 936">
     <span class='ocr_line' id='line_1_46' title="bbox 1090 898 1881 936; baseline -0.009 -6"><span class='ocrx_word' id='word_1_310' title='bbox 1090 907 1165 936; x_wconf 87' lang='lat' dir='ltr'><strong>runt,</strong></span> <span class='ocrx_word' id='word_1_311' title='bbox 1184 902 1231 930; x_wconf 85' lang='lat' dir='ltr'><strong>sed</strong></span> <span class='ocrx_word' id='word_1_312' title='bbox 1247 902 1314 929; x_wconf 85' lang='lat' dir='ltr'><strong>Abel</strong></span> <span class='ocrx_word' id='word_1_313' title='bbox 1337 901 1454 936; x_wconf 88' lang='lat' dir='ltr'><strong>optimo,</strong></span> <span class='ocrx_word' id='word_1_314' title='bbox 1471 899 1536 928; x_wconf 86' lang='lat' dir='ltr'><strong>Cain</strong></span> <span class='ocrx_word' id='word_1_315' title='bbox 1561 899 1691 934; x_wconf 89' lang='lat' dir='ltr'><strong>pessimo.</strong></span> <span class='ocrx_word' id='word_1_316' title='bbox 1706 898 1766 925; x_wconf 78' lang='lat' dir='ltr'><strong>Non</strong></span> <span class='ocrx_word' id='word_1_317' title='bbox 1788 904 1881 932; x_wconf 86' lang='lat' dir='ltr'><strong>respe-</strong></span> 
     </span>
    </p>
   </div>
   <div class='ocr_carea' id='block_1_47' title="bbox 1091 942 1880 979">
    <p class='ocr_par' dir='ltr' id='par_1_47' title="bbox 1091 942 1880 979">
     <span class='ocr_line' id='line_1_47' title="bbox 1091 942 1880 979; baseline -0.006 -5"><span class='ocrx_word' id='word_1_318' title='bbox 1091 948 1130 975; x_wconf 79' lang='lat' dir='ltr'><strong>xit</strong></span> <span class='ocrx_word' id='word_1_319' title='bbox 1144 952 1235 974; x_wconf 88' lang='lat' dir='ltr'><strong>autem</strong></span> <span class='ocrx_word' id='word_1_320' title='bbox 1252 946 1385 974; x_wconf 90' lang='lat' dir='ltr'><strong>Dominus</strong></span> <span class='ocrx_word' id='word_1_321' title='bbox 1405 945 1438 973; x_wconf 90' lang='lat' dir='ltr'><strong>ad</strong></span> <span class='ocrx_word' id='word_1_322' title='bbox 1458 945 1527 972; x_wconf 91' lang='lat' dir='ltr'><strong>dona</strong></span> <span class='ocrx_word' id='word_1_323' title='bbox 1544 944 1622 976; x_wconf 85' lang='lat' dir='ltr'><strong>Cain,</strong></span> <span class='ocrx_word' id='word_1_324' title='bbox 1640 951 1798 979; x_wconf 82' lang='lat' dir='ltr'><strong>quanquam</strong></span> <span class='ocrx_word' id='word_1_325' title='bbox 1823 942 1880 970; x_wconf 75' lang='lat' dir='ltr'><strong>exi-</strong></span> 
     </span>
    </p>
   </div>
   <div class='ocr_carea' id='block_1_48' title="bbox 1091 989 1881 1029">
    <p class='ocr_par' dir='ltr' id='par_1_48' title="bbox 1091 989 1881 1029">
     <span class='ocr_line' id='line_1_48' title="bbox 1091 989 1881 1029; baseline -0.008 -8"><span class='ocrx_word' id='word_1_326' title='bbox 1091 995 1144 1022; x_wconf 89' lang='lat' dir='ltr'><strong>mia</strong></span> <span class='ocrx_word' id='word_1_327' title='bbox 1158 1002 1190 1022; x_wconf 92' lang='lat' dir='ltr'><strong>ae</strong></span> <span class='ocrx_word' id='word_1_328' title='bbox 1215 993 1465 1029; x_wconf 84' lang='lat' dir='ltr'><strong>sumptuosissima.</strong></span> <span class='ocrx_word' id='word_1_329' title='bbox 1484 990 1563 1018; x_wconf 86' lang='lat' dir='ltr'><strong>Prior</strong></span> <span class='ocrx_word' id='word_1_330' title='bbox 1578 991 1689 1026; x_wconf 85' lang='lat' dir='ltr'><strong>quidem</strong></span> <span class='ocrx_word' id='word_1_331' title='bbox 1703 989 1737 1016; x_wconf 94' lang='lat' dir='ltr'><strong>de</strong></span> <span class='ocrx_word' id='word_1_332' title='bbox 1759 989 1881 1024; x_wconf 80' lang='lat' dir='ltr'><strong>frugibus</strong></span> 
     </span>
    </p>
   </div>
   <div class='ocr_carea' id='block_1_49' title="bbox 1091 1035 1882 1072">
    <p class='ocr_par' dir='ltr' id='par_1_49' title="bbox 1091 1035 1882 1072">
     <span class='ocr_line' id='line_1_49' title="bbox 1091 1035 1882 1072; baseline -0.01 -3"><span class='ocrx_word' id='word_1_333' title='bbox 1091 1047 1170 1069; x_wconf 52' lang='lat' dir='ltr'><strong>terrae</strong></span> <span class='ocrx_word' id='word_1_334' title='bbox 1188 1041 1362 1072; x_wconf 81' lang='lat' dir='ltr'><strong>sacriﬁcavit.</strong></span> <span class='ocrx_word' id='word_1_335' title='bbox 1384 1044 1411 1067; x_wconf 87' lang='lat' dir='ltr'><strong>at</strong></span> <span class='ocrx_word' id='word_1_336' title='bbox 1438 1047 1492 1066; x_wconf 92' lang='lat' dir='ltr'><strong>non</strong></span> <span class='ocrx_word' id='word_1_337' title='bbox 1511 1043 1594 1069; x_wconf 88' lang='lat' dir='ltr'><strong>recte.</strong></span> <span class='ocrx_word' id='word_1_338' title='bbox 1619 1045 1670 1064; x_wconf 91' lang='lat' dir='ltr'><strong>nec</strong></span> <span class='ocrx_word' id='word_1_339' title='bbox 1687 1035 1882 1064; x_wconf 83' lang='lat' dir='ltr'><strong>convenienter</strong></span> 
     </span>
    </p>
   </div>
   <div class='ocr_carea' id='block_1_50' title="bbox 1091 1080 1881 1121">
    <p class='ocr_par' dir='ltr' id='par_1_50' title="bbox 1091 1080 1881 1121">
     <span class='ocr_line' id='line_1_50' title="bbox 1091 1080 1881 1121; baseline -0.01 -6"><span class='ocrx_word' id='word_1_340' title='bbox 1091 1087 1263 1116; x_wconf 79' lang='lat' dir='ltr'><strong>sacriﬁcavit.</strong></span> <span class='ocrx_word' id='word_1_341' title='bbox 1278 1087 1367 1121; x_wconf 83' lang='lat' dir='ltr'><strong>Atque</strong></span> <span class='ocrx_word' id='word_1_342' title='bbox 1382 1086 1447 1112; x_wconf 90' lang='lat' dir='ltr'><strong>hinc</strong></span> <span class='ocrx_word' id='word_1_343' title='bbox 1460 1085 1541 1111; x_wconf 85' lang='lat' dir='ltr'><strong>etiam</strong></span> <span class='ocrx_word' id='word_1_344' title='bbox 1553 1083 1636 1111; x_wconf 88' lang='lat' dir='ltr'><strong>verba</strong></span> <span class='ocrx_word' id='word_1_345' title='bbox 1650 1090 1746 1118; x_wconf 90' lang='lat' dir='ltr'><strong>parum</strong></span> <span class='ocrx_word' id='word_1_346' title='bbox 1760 1080 1881 1117; x_wconf 84' lang='lat' dir='ltr'><strong>jucunda</strong></span> 
     </span>
    </p>
   </div>
   <div class='ocr_carea' id='block_1_51' title="bbox 1091 1129 1884 1162">
    <p class='ocr_par' dir='ltr' id='par_1_51' title="bbox 1091 1129 1884 1162">
     <span class='ocr_line' id='line_1_51' title="bbox 1091 1129 1884 1162; baseline -0.01 -1"><span class='ocrx_word' id='word_1_347' title='bbox 1091 1134 1212 1162; x_wconf 81' lang='lat' dir='ltr'><strong>audivit:</strong></span> <span class='ocrx_word' id='word_1_348' title='bbox 1232 1143 1240 1159; x_wconf 82' lang='grc' dir='ltr'><strong>ι</strong></span> <span class='ocrx_word' id='word_1_349' title='bbox 1264 1132 1360 1160; x_wconf 85' lang='lat' dir='ltr'><strong>Nonne</strong></span> <span class='ocrx_word' id='word_1_350' title='bbox 1373 1132 1395 1160; x_wconf 89' lang='lat' dir='ltr'><strong>si</strong></span> <span class='ocrx_word' id='word_1_351' title='bbox 1409 1136 1483 1159; x_wconf 83' lang='lat' dir='ltr'><strong>recte</strong></span> <span class='ocrx_word' id='word_1_352' title='bbox 1500 1129 1646 1162; x_wconf 88' lang='lat' dir='ltr'><strong>obtuleris,</strong></span> <span class='ocrx_word' id='word_1_353' title='bbox 1663 1136 1718 1155; x_wconf 90' lang='lat' dir='ltr'><strong>non</strong></span> <span class='ocrx_word' id='word_1_354' title='bbox 1744 1133 1819 1154; x_wconf 85' lang='lat' dir='ltr'><strong>recte</strong></span> <span class='ocrx_word' id='word_1_355' title='bbox 1836 1134 1884 1153; x_wconf 91' lang='lat' dir='ltr'><strong>au-</strong></span> 
     </span>
    </p>
   </div>
   <div class='ocr_carea' id='block_1_52' title="bbox 1093 1172 1883 1214">
    <p class='ocr_par' dir='ltr' id='par_1_52' title="bbox 1093 1172 1883 1214">
     <span class='ocr_line' id='line_1_52' title="bbox 1093 1172 1883 1214; baseline -0.011 -7"><span class='ocrx_word' id='word_1_356' title='bbox 1093 1185 1145 1208; x_wconf 93' lang='lat' dir='ltr'><strong>tem</strong></span> <span class='ocrx_word' id='word_1_357' title='bbox 1159 1179 1297 1211; x_wconf 84' lang='lat' dir='ltr'><strong>diviseris,</strong></span> <span class='ocrx_word' id='word_1_358' title='bbox 1310 1177 1429 1214; x_wconf 88' lang='lat' dir='ltr'><strong>peccasti</strong></span> <span class='ocrx_word' id='word_1_359' title='bbox 1443 1178 1465 1194; x_wconf 81' lang='lat'>&quot;</span> <span class='ocrx_word' id='word_1_360' title='bbox 1476 1178 1488 1204; x_wconf 70' lang='grc' dir='ltr'><em>Ἰ</em></span> <span class='ocrx_word' id='word_1_361' title='bbox 1500 1187 1508 1202; x_wconf 76' lang='grc' dir='ltr'><strong>ι</strong></span> <span class='ocrx_word' id='word_1_362' title='bbox 1525 1191 1560 1197; x_wconf 82' lang='lat'><strong>—-</strong></span> <span class='ocrx_word' id='word_1_363' title='bbox 1574 1186 1582 1202; x_wconf 79' lang='grc' dir='ltr'><strong>ι</strong></span> <span class='ocrx_word' id='word_1_364' title='bbox 1595 1175 1650 1203; x_wconf 90' lang='lat' dir='ltr'><strong>Cur</strong></span> <span class='ocrx_word' id='word_1_365' title='bbox 1658 1174 1727 1202; x_wconf 85' lang='lat' dir='ltr'><strong>adeo</strong></span> <span class='ocrx_word' id='word_1_366' title='bbox 1742 1172 1829 1201; x_wconf 87' lang='lat' dir='ltr'><strong>tristis</strong></span> <span class='ocrx_word' id='word_1_367' title='bbox 1837 1172 1883 1200; x_wconf 85' lang='lat' dir='ltr'><strong>es?</strong></span> 
     </span>
    </p>
   </div>
   <div class='ocr_carea' id='block_1_53' title="bbox 1092 1219 1884 1261">
    <p class='ocr_par' dir='ltr' id='par_1_53' title="bbox 1092 1219 1884 1261">
     <span class='ocr_line' id='line_1_53' title="bbox 1092 1219 1884 1261; baseline -0.011 -7"><span class='ocrx_word' id='word_1_368' title='bbox 1092 1225 1223 1261; x_wconf 85' lang='lat' dir='ltr'><strong>peccasti,</strong></span> <span class='ocrx_word' id='word_1_369' title='bbox 1241 1225 1353 1260; x_wconf 87' lang='lat' dir='ltr'><strong>quiesce</strong></span> <span class='ocrx_word' id='word_1_370' title='bbox 1373 1224 1406 1251; x_wconf 82' lang='grc'><strong>³⁷.</strong></span> <span class='ocrx_word' id='word_1_371' title='bbox 1426 1233 1434 1249; x_wconf 76' lang='grc' dir='ltr'><strong>ι</strong></span> <span class='ocrx_word' id='word_1_372' title='bbox 1466 1222 1539 1250; x_wconf 75' lang='lat' dir='ltr'><strong>Salis</strong></span> <span class='ocrx_word' id='word_1_373' title='bbox 1568 1225 1692 1256; x_wconf 85' lang='lat' dir='ltr'><strong>apparet,</strong></span> <span class='ocrx_word' id='word_1_374' title='bbox 1722 1219 1788 1254; x_wconf 92' lang='lat' dir='ltr'><strong>quid</strong></span> <span class='ocrx_word' id='word_1_375' title='bbox 1815 1219 1884 1246; x_wconf 86' lang='lat' dir='ltr'><strong>istuc</strong></span> 
     </span>
    </p>
   </div>
   <div class='ocr_carea' id='block_1_54' title="bbox 1092 1263 1884 1307">
    <p class='ocr_par' dir='ltr' id='par_1_54' title="bbox 1092 1263 1884 1307">
     <span class='ocr_line' id='line_1_54' title="bbox 1092 1263 1884 1307; baseline -0.011 -8"><span class='ocrx_word' id='word_1_376' title='bbox 1092 1272 1238 1307; x_wconf 79' lang='lat' dir='ltr'><strong>signiﬁCet.</strong></span> <span class='ocrx_word' id='word_1_377' title='bbox 1254 1271 1390 1298; x_wconf 62' lang='lat' dir='ltr'><strong>Caeterum</strong></span> <span class='ocrx_word' id='word_1_378' title='bbox 1404 1275 1432 1297; x_wconf 88' lang='lat' dir='ltr'><strong>et</strong></span> <span class='ocrx_word' id='word_1_379' title='bbox 1452 1269 1505 1296; x_wconf 90' lang='lat' dir='ltr'><strong>alia</strong></span> <span class='ocrx_word' id='word_1_380' title='bbox 1527 1268 1561 1295; x_wconf 91' lang='lat' dir='ltr'><strong>de</strong></span> <span class='ocrx_word' id='word_1_381' title='bbox 1575 1267 1725 1302; x_wconf 90' lang='lat' dir='ltr'><strong>Scripturis</strong></span> <span class='ocrx_word' id='word_1_382' title='bbox 1740 1265 1815 1292; x_wconf 91' lang='lat' dir='ltr'><strong>audi.</strong></span> <span class='ocrx_word' id='word_1_383' title='bbox 1829 1263 1884 1291; x_wconf 83' lang='lat' dir='ltr'><strong>Noe</strong></span> 
     </span>
    </p>
   </div>
   <div class='ocr_carea' id='block_1_55' title="bbox 1093 1311 1884 1354">
    <p class='ocr_par' dir='ltr' id='par_1_55' title="bbox 1093 1311 1884 1354">
     <span class='ocr_line' id='line_1_55' title="bbox 1093 1311 1884 1354; baseline -0.014 -6"><span class='ocrx_word' id='word_1_384' title='bbox 1093 1320 1126 1347; x_wconf 87' lang='lat' dir='ltr'><strong>de</strong></span> <span class='ocrx_word' id='word_1_385' title='bbox 1146 1319 1294 1354; x_wconf 76' lang='lat' dir='ltr'><strong>ligno,quo</strong></span> <span class='ocrx_word' id='word_1_386' title='bbox 1312 1317 1430 1344; x_wconf 93' lang='lat' dir='ltr'><strong>mundus</strong></span> <span class='ocrx_word' id='word_1_387' title='bbox 1444 1319 1569 1344; x_wconf 88' lang='lat' dir='ltr'><strong>servatus</strong></span> <span class='ocrx_word' id='word_1_388' title='bbox 1584 1319 1626 1341; x_wconf 90' lang='lat' dir='ltr'><strong>est</strong></span> <span class='ocrx_word' id='word_1_389' title='bbox 1646 1313 1691 1348; x_wconf 91' lang='lat' dir='ltr'><strong>(de</strong></span> <span class='ocrx_word' id='word_1_390' title='bbox 1704 1311 1778 1347; x_wconf 85' lang='lat' dir='ltr'><strong>area)</strong></span> <span class='ocrx_word' id='word_1_391' title='bbox 1796 1318 1884 1346; x_wconf 79' lang='lat' dir='ltr'><strong>egres-</strong></span> 
     </span>
    </p>
   </div>
   <div class='ocr_carea' id='block_1_56' title="bbox 1094 1357 1885 1398">
    <p class='ocr_par' dir='ltr' id='par_1_56' title="bbox 1094 1357 1885 1398">
     <span class='ocr_line' id='line_1_56' title="bbox 1094 1357 1885 1398; baseline -0.013 -5"><span class='ocrx_word' id='word_1_392' title='bbox 1094 1374 1152 1398; x_wconf 90' lang='lat' dir='ltr'><strong>sus,</strong></span> <span class='ocrx_word' id='word_1_393' title='bbox 1167 1365 1284 1392; x_wconf 91' lang='lat' dir='ltr'><strong>Domino</strong></span> <span class='ocrx_word' id='word_1_394' title='bbox 1299 1363 1466 1391; x_wconf 89' lang='lat' dir='ltr'><strong>sacriﬁcium</strong></span> <span class='ocrx_word' id='word_1_395' title='bbox 1487 1361 1572 1394; x_wconf 84' lang='lat' dir='ltr'><strong>fecit;</strong></span> <span class='ocrx_word' id='word_1_396' title='bbox 1589 1359 1662 1395; x_wconf 87' lang='lat' dir='ltr'><strong>quod</strong></span> <span class='ocrx_word' id='word_1_397' title='bbox 1686 1359 1742 1390; x_wconf 86' lang='lat' dir='ltr'><strong>ille,</strong></span> <span class='ocrx_word' id='word_1_398' title='bbox 1767 1363 1797 1384; x_wconf 86' lang='lat' dir='ltr'><strong>ut</strong></span> <span class='ocrx_word' id='word_1_399' title='bbox 1819 1357 1885 1384; x_wconf 91' lang='lat' dir='ltr'><strong>odo-</strong></span> 
     </span>
    </p>
   </div>
   <div class='ocr_carea' id='block_1_57' title="bbox 1095 1405 1885 1443">
    <p class='ocr_par' dir='ltr' id='par_1_57' title="bbox 1095 1405 1885 1443">
     <span class='ocr_line' id='line_1_57' title="bbox 1095 1405 1885 1443; baseline -0.01 -4"><span class='ocrx_word' id='word_1_400' title='bbox 1095 1419 1154 1439; x_wconf 90' lang='lat' dir='ltr'><strong>rem</strong></span> <span class='ocrx_word' id='word_1_401' title='bbox 1179 1418 1290 1438; x_wconf 88' lang='lat' dir='ltr'><strong>suavem</strong></span> <span class='ocrx_word' id='word_1_402' title='bbox 1316 1409 1448 1437; x_wconf 89' lang='lat' dir='ltr'><strong>odoratus</strong></span> <span class='ocrx_word' id='word_1_403' title='bbox 1463 1413 1515 1436; x_wconf 87' lang='lat' dir='ltr'><strong>est.</strong></span> <span class='ocrx_word' id='word_1_404' title='bbox 1535 1407 1697 1443; x_wconf 80' lang='lat' dir='ltr'><strong>Thymiama</strong></span> <span class='ocrx_word' id='word_1_405' title='bbox 1720 1406 1777 1433; x_wconf 84' lang='lat' dir='ltr'><strong>sive</strong></span> <span class='ocrx_word' id='word_1_406' title='bbox 1793 1405 1885 1432; x_wconf 86' lang='lat' dir='ltr'><strong>incen-</strong></span> 
     </span>
    </p>
   </div>
   <div class='ocr_carea' id='block_1_58' title="bbox 1095 1452 1884 1489">
    <p class='ocr_par' dir='ltr' id='par_1_58' title="bbox 1095 1452 1884 1489">
     <span class='ocr_line' id='line_1_58' title="bbox 1095 1452 1884 1489; baseline -0.011 -4"><span class='ocrx_word' id='word_1_407' title='bbox 1095 1465 1155 1485; x_wconf 90' lang='lat' dir='ltr'><strong>sum</strong></span> <span class='ocrx_word' id='word_1_408' title='bbox 1169 1455 1276 1483; x_wconf 68' lang='lat' dir='ltr'><strong>Hebraai</strong></span> <span class='ocrx_word' id='word_1_409' title='bbox 1288 1452 1457 1486; x_wconf 78' lang='lat' dir='ltr'><strong>obtulerunt,</strong></span> <span class='ocrx_word' id='word_1_410' title='bbox 1467 1453 1539 1489; x_wconf 89' lang='lat' dir='ltr'><strong>quod</strong></span> <span class='ocrx_word' id='word_1_411' title='bbox 1553 1457 1643 1480; x_wconf 91' lang='lat' dir='ltr'><strong>tamen</strong></span> <span class='ocrx_word' id='word_1_412' title='bbox 1653 1452 1724 1479; x_wconf 90' lang='lat' dir='ltr'><strong>Deus</strong></span> <span class='ocrx_word' id='word_1_413' title='bbox 1735 1456 1766 1478; x_wconf 91' lang='lat' dir='ltr'><strong>ut</strong></span> <span class='ocrx_word' id='word_1_414' title='bbox 1774 1457 1884 1481; x_wconf 85' lang='lat' dir='ltr'><strong>vanum,</strong></span> 
     </span>
    </p>
   </div>
   <div class='ocr_carea' id='block_1_59' title="bbox 1095 1495 1885 1532">
    <p class='ocr_par' dir='ltr' id='par_1_59' title="bbox 1095 1495 1885 1532">
     <span class='ocr_line' id='line_1_59' title="bbox 1095 1495 1885 1532; baseline -0.013 -2"><span class='ocrx_word' id='word_1_415' title='bbox 1095 1501 1296 1530; x_wconf 87' lang='lat' dir='ltr'><strong>exsecrandum</strong></span> <span class='ocrx_word' id='word_1_416' title='bbox 1319 1504 1347 1527; x_wconf 89' lang='lat' dir='ltr'><strong>et</strong></span> <span class='ocrx_word' id='word_1_417' title='bbox 1375 1498 1567 1526; x_wconf 90' lang='lat' dir='ltr'><strong>detestandum</strong></span> <span class='ocrx_word' id='word_1_418' title='bbox 1599 1496 1765 1532; x_wconf 85' lang='lat' dir='ltr'><strong>repudiavit.</strong></span> <span class='ocrx_word' id='word_1_419' title='bbox 1784 1495 1885 1529; x_wconf 76' lang='lat' dir='ltr'><strong>Vapor,</strong></span> 
     </span>
    </p>
   </div>
   <div class='ocr_carea' id='block_1_60' title="bbox 1096 1540 1887 1577">
    <p class='ocr_par' dir='ltr' id='par_1_60' title="bbox 1096 1540 1887 1577">
     <span class='ocr_line' id='line_1_60' title="bbox 1096 1540 1887 1577; baseline -0.014 0"><span class='ocrx_word' id='word_1_420' title='bbox 1096 1554 1123 1577; x_wconf 91' lang='lat' dir='ltr'><strong>et</strong></span> <span class='ocrx_word' id='word_1_421' title='bbox 1143 1549 1235 1576; x_wconf 83' lang='lat' dir='ltr'><strong>fumus</strong></span> <span class='ocrx_word' id='word_1_422' title='bbox 1264 1547 1308 1575; x_wconf 91' lang='lat' dir='ltr'><strong>hic</strong></span> <span class='ocrx_word' id='word_1_423' title='bbox 1330 1551 1358 1574; x_wconf 86' lang='lat' dir='ltr'><strong>et</strong></span> <span class='ocrx_word' id='word_1_424' title='bbox 1377 1545 1426 1573; x_wconf 88' lang='lat' dir='ltr'><strong>ibi.</strong></span> <span class='ocrx_word' id='word_1_425' title='bbox 1443 1545 1482 1572; x_wconf 91' lang='lat' dir='ltr'><strong>lbi</strong></span> <span class='ocrx_word' id='word_1_426' title='bbox 1500 1543 1624 1572; x_wconf 90' lang='lat' dir='ltr'><strong>nidorem</strong></span> <span class='ocrx_word' id='word_1_427' title='bbox 1649 1541 1717 1569; x_wconf 87' lang='lat' dir='ltr'><strong>fumi</strong></span> <span class='ocrx_word' id='word_1_428' title='bbox 1732 1549 1794 1568; x_wconf 91' lang='lat' dir='ltr'><strong>cum</strong></span> <span class='ocrx_word' id='word_1_429' title='bbox 1811 1540 1887 1567; x_wconf 82' lang='lat' dir='ltr'><strong>volu-</strong></span> 
     </span>
    </p>
   </div>
   <div class='ocr_carea' id='block_1_61' title="bbox 255 1587 1887 1630">
    <p class='ocr_par' dir='ltr' id='par_1_61' title="bbox 255 1587 1887 1630">
     <span class='ocr_line' id='line_1_61' title="bbox 255 1587 1887 1630; baseline -0.002 -13"><span class='ocrx_word' id='word_1_430' title='bbox 255 1591 427 1620; x_wconf 86' lang='lat' dir='ltr'><strong>charitatem,</strong></span> <span class='ocrx_word' id='word_1_431' title='bbox 444 1589 471 1616; x_wconf 91' lang='lat' dir='ltr'><strong>in</strong></span> <span class='ocrx_word' id='word_1_432' title='bbox 488 1589 714 1617; x_wconf 83' lang='lat' dir='ltr'><strong>tribulationibus</strong></span> <span class='ocrx_word' id='word_1_433' title='bbox 733 1589 881 1624; x_wconf 75' lang='lat' dir='ltr'><strong>gratiarum</strong></span> <span class='ocrx_word' id='word_1_434' title='bbox 895 1589 1043 1622; x_wconf 87' lang='lat' dir='ltr'><strong>actionem,</strong></span> <span class='ocrx_word' id='word_1_435' title='bbox 1058 1597 1080 1627; x_wconf 72' lang='grc' dir='ltr'><em>ς</em></span> <span class='ocrx_word' id='word_1_436' title='bbox 1098 1599 1173 1630; x_wconf 59' lang='lat' dir='ltr'><strong>piare</strong></span> <span class='ocrx_word' id='word_1_437' title='bbox 1200 1593 1331 1621; x_wconf 66' lang='lat' dir='ltr'><strong>odoratus</strong></span> <span class='ocrx_word' id='word_1_438' title='bbox 1355 1596 1418 1619; x_wconf 78' lang='lat' dir='ltr'><strong>est;</strong></span> <span class='ocrx_word' id='word_1_439' title='bbox 1442 1591 1488 1618; x_wconf 85' lang='lat' dir='ltr'><strong>hic</strong></span> <span class='ocrx_word' id='word_1_440' title='bbox 1503 1590 1649 1625; x_wconf 80' lang='lat' dir='ltr'><strong>thymiama</strong></span> <span class='ocrx_word' id='word_1_441' title='bbox 1672 1587 1769 1615; x_wconf 87' lang='lat' dir='ltr'><strong>eadem</strong></span> <span class='ocrx_word' id='word_1_442' title='bbox 1791 1590 1887 1613; x_wconf 87' lang='lat' dir='ltr'><strong>natura</strong></span> 
     </span>
    </p>
   </div>
   <div class='ocr_carea' id='block_1_62' title="bbox 255 1635 1043 1669">
    <p class='ocr_par' dir='ltr' id='par_1_62' title="bbox 255 1635 1043 1669">
     <span class='ocr_line' id='line_1_62' title="bbox 255 1635 1043 1669; baseline -0.001 -6"><span class='ocrx_word' id='word_1_443' title='bbox 255 1636 283 1663; x_wconf 89' lang='lat' dir='ltr'><strong>in</strong></span> <span class='ocrx_word' id='word_1_444' title='bbox 312 1636 393 1664; x_wconf 87' lang='lat' dir='ltr'><strong>rebus</strong></span> <span class='ocrx_word' id='word_1_445' title='bbox 424 1636 546 1663; x_wconf 84' lang='lat' dir='ltr'><strong>adversis</strong></span> <span class='ocrx_word' id='word_1_446' title='bbox 571 1635 742 1669; x_wconf 87' lang='lat' dir='ltr'><strong>patientiam,</strong></span> <span class='ocrx_word' id='word_1_447' title='bbox 772 1635 989 1662; x_wconf 86' lang='lat' dir='ltr'><strong>misericordiam</strong></span> <span class='ocrx_word' id='word_1_448' title='bbox 1017 1635 1043 1662; x_wconf 90' lang='lat' dir='ltr'><strong>in</strong></span> 
     </span>
    </p>
   </div>
   <div class='ocr_carea' id='block_1_63' title="bbox 256 1682 1045 1717">
    <p class='ocr_par' dir='ltr' id='par_1_63' title="bbox 256 1682 1045 1717">
     <span class='ocr_line' id='line_1_63' title="bbox 256 1682 1045 1717; baseline 0 -9"><span class='ocrx_word' id='word_1_449' title='bbox 256 1689 402 1717; x_wconf 81' lang='lat' dir='ltr'><strong>pauperes,</strong></span> <span class='ocrx_word' id='word_1_450' title='bbox 422 1682 495 1709; x_wconf 90' lang='lat' dir='ltr'><strong>alere</strong></span> <span class='ocrx_word' id='word_1_451' title='bbox 517 1682 682 1714; x_wconf 87' lang='lat' dir='ltr'><strong>esurientes,</strong></span> <span class='ocrx_word' id='word_1_452' title='bbox 707 1682 838 1710; x_wconf 83' lang='lat' dir='ltr'><strong>auxilium</strong></span> <span class='ocrx_word' id='word_1_453' title='bbox 855 1689 918 1717; x_wconf 83' lang='lat' dir='ltr'><strong>erga</strong></span> <span class='ocrx_word' id='word_1_454' title='bbox 943 1682 1045 1717; x_wconf 89' lang='lat' dir='ltr'><strong>orpha-</strong></span> 
     </span>
    </p>
   </div>
   <div class='ocr_carea' id='block_1_64' title="bbox 255 1728 1044 1764">
    <p class='ocr_par' dir='ltr' id='par_1_64' title="bbox 255 1728 1044 1764">
     <span class='ocr_line' id='line_1_64' title="bbox 255 1728 1044 1764; baseline -0.001 -8"><span class='ocrx_word' id='word_1_455' title='bbox 255 1737 317 1761; x_wconf 88' lang='lat' dir='ltr'><strong>nos,</strong></span> <span class='ocrx_word' id='word_1_456' title='bbox 343 1729 450 1761; x_wconf 88' lang='lat' dir='ltr'><strong>viduas,</strong></span> <span class='ocrx_word' id='word_1_457' title='bbox 478 1735 600 1763; x_wconf 80' lang='lat' dir='ltr'><strong>egentes,</strong></span> <span class='ocrx_word' id='word_1_458' title='bbox 628 1728 749 1764; x_wconf 79' lang='lat' dir='ltr'><strong>gaudere</strong></span> <span class='ocrx_word' id='word_1_459' title='bbox 763 1737 826 1756; x_wconf 92' lang='lat' dir='ltr'><strong>cum</strong></span> <span class='ocrx_word' id='word_1_460' title='bbox 849 1728 1044 1764; x_wconf 82' lang='lat' dir='ltr'><strong>gaudentibus,</strong></span> 
     </span>
    </p>
   </div>
   <div class='ocr_carea' id='block_1_65' title="bbox 257 1774 1045 1810">
    <p class='ocr_par' dir='ltr' id='par_1_65' title="bbox 257 1774 1045 1810">
     <span class='ocr_line' id='line_1_65' title="bbox 257 1774 1045 1810; baseline -0.001 -8"><span class='ocrx_word' id='word_1_461' title='bbox 257 1775 350 1810; x_wconf 79' lang='lat' dir='ltr'><strong>lugere</strong></span> <span class='ocrx_word' id='word_1_462' title='bbox 365 1781 427 1801; x_wconf 91' lang='lat' dir='ltr'><strong>cum</strong></span> <span class='ocrx_word' id='word_1_463' title='bbox 442 1774 600 1809; x_wconf 74' lang='lat' dir='ltr'><strong>lugentibus</strong></span> <span class='ocrx_word' id='word_1_464' title='bbox 614 1783 620 1807; x_wconf 93' lang='lat'><strong>;</strong></span> <span class='ocrx_word' id='word_1_465' title='bbox 644 1774 714 1801; x_wconf 90' lang='lat' dir='ltr'><strong>alius</strong></span> <span class='ocrx_word' id='word_1_466' title='bbox 735 1774 937 1802; x_wconf 88' lang='lat' dir='ltr'><strong>abdicationem</strong></span> <span class='ocrx_word' id='word_1_467' title='bbox 953 1781 1045 1801; x_wconf 90' lang='lat' dir='ltr'><strong>rerum</strong></span> 
     </span>
    </p>
   </div>
   <div class='ocr_carea' id='block_1_66' title="bbox 257 1819 1045 1855">
    <p class='ocr_par' dir='ltr' id='par_1_66' title="bbox 257 1819 1045 1855">
     <span class='ocr_line' id='line_1_66' title="bbox 257 1819 1045 1855; baseline -0.003 -7"><span class='ocrx_word' id='word_1_468' title='bbox 257 1820 392 1852; x_wconf 86' lang='lat' dir='ltr'><strong>omnium,</strong></span> <span class='ocrx_word' id='word_1_469' title='bbox 404 1824 432 1847; x_wconf 89' lang='lat' dir='ltr'><strong>et</strong></span> <span class='ocrx_word' id='word_1_470' title='bbox 444 1824 631 1855; x_wconf 86' lang='lat' dir='ltr'><strong>paupertatem</strong></span> <span class='ocrx_word' id='word_1_471' title='bbox 643 1820 766 1855; x_wconf 84' lang='lat' dir='ltr'><strong>spiritus.</strong></span> <span class='ocrx_word' id='word_1_472' title='bbox 781 1824 894 1855; x_wconf 88' lang='lat' dir='ltr'><strong>propter</strong></span> <span class='ocrx_word' id='word_1_473' title='bbox 906 1819 1045 1847; x_wconf 85' lang='lat' dir='ltr'><strong>Christum</strong></span> 
     </span>
    </p>
   </div>
   <div class='ocr_carea' id='block_1_67' title="bbox 257 1865 1045 1900">
    <p class='ocr_par' dir='ltr' id='par_1_67' title="bbox 257 1865 1045 1900">
     <span class='ocr_line' id='line_1_67' title="bbox 257 1865 1045 1900; baseline -0.001 -7"><span class='ocrx_word' id='word_1_474' title='bbox 257 1865 426 1893; x_wconf 84' lang='lat' dir='ltr'><strong>voluntarias</strong></span> <span class='ocrx_word' id='word_1_475' title='bbox 436 1866 559 1900; x_wconf 89' lang='lat' dir='ltr'><strong>corporis</strong></span> <span class='ocrx_word' id='word_1_476' title='bbox 574 1865 791 1898; x_wconf 82' lang='lat' dir='ltr'><strong>verberationcs,</strong></span> <span class='ocrx_word' id='word_1_477' title='bbox 806 1873 860 1893; x_wconf 93' lang='lat' dir='ltr'><strong>non</strong></span> <span class='ocrx_word' id='word_1_478' title='bbox 876 1865 922 1900; x_wconf 91' lang='lat' dir='ltr'><strong>qui</strong></span> <span class='ocrx_word' id='word_1_479' title='bbox 946 1865 1045 1892; x_wconf 90' lang='lat' dir='ltr'><strong>horum</strong></span> 
     </span>
    </p>
   </div>
   <div class='ocr_carea' id='block_1_68' title="bbox 257 1912 1048 1947">
    <p class='ocr_par' dir='ltr' id='par_1_68' title="bbox 257 1912 1048 1947">
     <span class='ocr_line' id='line_1_68' title="bbox 257 1912 1048 1947; baseline 0 -7"><span class='ocrx_word' id='word_1_480' title='bbox 257 1913 318 1947; x_wconf 88' lang='lat' dir='ltr'><strong>plus</strong></span> <span class='ocrx_word' id='word_1_481' title='bbox 350 1912 435 1945; x_wconf 87' lang='lat' dir='ltr'><strong>dedit,</strong></span> <span class='ocrx_word' id='word_1_482' title='bbox 458 1912 597 1946; x_wconf 83' lang='lat' dir='ltr'><strong>acceptior</strong></span> <span class='ocrx_word' id='word_1_483' title='bbox 619 1916 647 1939; x_wconf 87' lang='lat' dir='ltr'><strong>et</strong></span> <span class='ocrx_word' id='word_1_484' title='bbox 675 1912 778 1947; x_wconf 79' lang='lat' dir='ltr'><strong>gratior</strong></span> <span class='ocrx_word' id='word_1_485' title='bbox 789 1912 865 1947; x_wconf 65' lang='lat' dir='ltr'><strong>ﬂuit;</strong></span> <span class='ocrx_word' id='word_1_486' title='bbox 885 1919 950 1940; x_wconf 79' lang='lat' dir='ltr'><strong>cave</strong></span> <span class='ocrx_word' id='word_1_487' title='bbox 978 1913 1048 1940; x_wconf 88' lang='lat' dir='ltr'><strong>istuc</strong></span> 
     </span>
    </p>
   </div>
   <div class='ocr_carea' id='block_1_69' title="bbox 258 1959 1048 1993">
    <p class='ocr_par' dir='ltr' id='par_1_69' title="bbox 258 1959 1048 1993">
     <span class='ocr_line' id='line_1_69' title="bbox 258 1959 1048 1993; baseline -0.001 -6"><span class='ocrx_word' id='word_1_488' title='bbox 258 1965 338 1993; x_wconf 90' lang='lat' dir='ltr'><strong>putes</strong></span> <span class='ocrx_word' id='word_1_489' title='bbox 354 1969 360 1986; x_wconf 92' lang='lat'><strong>:</strong></span> <span class='ocrx_word' id='word_1_490' title='bbox 379 1966 444 1986; x_wconf 88' lang='lat' dir='ltr'><strong>cave</strong></span> <span class='ocrx_word' id='word_1_491' title='bbox 462 1959 518 1986; x_wconf 92' lang='lat' dir='ltr'><strong>ullo</strong></span> <span class='ocrx_word' id='word_1_492' title='bbox 530 1959 611 1986; x_wconf 84' lang='lat' dir='ltr'><strong>modo</strong></span> <span class='ocrx_word' id='word_1_493' title='bbox 630 1959 776 1986; x_wconf 89' lang='lat' dir='ltr'><strong>arbitrere.</strong></span> <span class='ocrx_word' id='word_1_494' title='bbox 795 1959 870 1986; x_wconf 91' lang='lat' dir='ltr'><strong>Haud</strong></span> <span class='ocrx_word' id='word_1_495' title='bbox 886 1959 959 1986; x_wconf 91' lang='lat' dir='ltr'><strong>enim</strong></span> <span class='ocrx_word' id='word_1_496' title='bbox 983 1959 1048 1986; x_wconf 90' lang='lat' dir='ltr'><strong>sim-</strong></span> 
     </span>
    </p>
   </div>
   <div class='ocr_carea' id='block_1_70' title="bbox 259 2005 1049 2040">
    <p class='ocr_par' dir='ltr' id='par_1_70' title="bbox 259 2005 1049 2040">
     <span class='ocr_line' id='line_1_70' title="bbox 259 2005 1049 2040; baseline 0.003 -9"><span class='ocrx_word' id='word_1_497' title='bbox 259 2006 368 2040; x_wconf 79' lang='lat' dir='ltr'><strong>pliciter</strong></span> <span class='ocrx_word' id='word_1_498' title='bbox 387 2005 520 2032; x_wconf 88' lang='lat' dir='ltr'><strong>Dominus</strong></span> <span class='ocrx_word' id='word_1_499' title='bbox 533 2005 605 2039; x_wconf 90' lang='lat' dir='ltr'><strong>quod</strong></span> <span class='ocrx_word' id='word_1_500' title='bbox 620 2005 680 2039; x_wconf 91' lang='lat' dir='ltr'><strong>plus</strong></span> <span class='ocrx_word' id='word_1_501' title='bbox 695 2009 737 2032; x_wconf 86' lang='lat' dir='ltr'><strong>est</strong></span> <span class='ocrx_word' id='word_1_502' title='bbox 751 2005 881 2032; x_wconf 86' lang='lat' dir='ltr'><strong>admittit.</strong></span> <span class='ocrx_word' id='word_1_503' title='bbox 898 2005 957 2032; x_wconf 85' lang='lat' dir='ltr'><strong>Non</strong></span> <span class='ocrx_word' id='word_1_504' title='bbox 971 2010 1049 2033; x_wconf 85' lang='lat' dir='ltr'><strong>curat</strong></span> 
     </span>
    </p>
   </div>
   <div class='ocr_carea' id='block_1_71' title="bbox 260 2050 1048 2086">
    <p class='ocr_par' dir='ltr' id='par_1_71' title="bbox 260 2050 1048 2086">
     <span class='ocr_line' id='line_1_71' title="bbox 260 2050 1048 2086; baseline 0.001 -9"><span class='ocrx_word' id='word_1_505' title='bbox 260 2058 415 2083; x_wconf 85' lang='lat' dir='ltr'><strong>mensuras,</strong></span> <span class='ocrx_word' id='word_1_506' title='bbox 428 2056 468 2082; x_wconf 47' lang='lat' dir='ltr'><strong>‘ct</strong></span> <span class='ocrx_word' id='word_1_507' title='bbox 495 2051 601 2082; x_wconf 83' lang='lat' dir='ltr'><strong>modos,</strong></span> <span class='ocrx_word' id='word_1_508' title='bbox 635 2054 663 2076; x_wconf 88' lang='lat' dir='ltr'><strong>ct</strong></span> <span class='ocrx_word' id='word_1_509' title='bbox 685 2050 848 2078; x_wconf 76' lang='lat' dir='ltr'><strong>qualitatum</strong></span> <span class='ocrx_word' id='word_1_510' title='bbox 873 2051 1048 2086; x_wconf 85' lang='lat' dir='ltr'><strong>elegantiam,</strong></span> 
     </span>
    </p>
   </div>
   <div class='ocr_carea' id='block_1_72' title="bbox 261 2096 1049 2133">
    <p class='ocr_par' dir='ltr' id='par_1_72' title="bbox 261 2096 1049 2133">
     <span class='ocr_line' id='line_1_72' title="bbox 261 2096 1049 2133; baseline 0.001 -10"><span class='ocrx_word' id='word_1_511' title='bbox 261 2104 352 2131; x_wconf 87' lang='lat' dir='ltr'><strong>neque</strong></span> <span class='ocrx_word' id='word_1_512' title='bbox 366 2096 465 2123; x_wconf 86' lang='lat' dir='ltr'><strong>molem</strong></span> <span class='ocrx_word' id='word_1_513' title='bbox 492 2101 520 2123; x_wconf 87' lang='lat' dir='ltr'><strong>et</strong></span> <span class='ocrx_word' id='word_1_514' title='bbox 538 2096 765 2130; x_wconf 76' lang='lat' dir='ltr'><strong>magnitudinem,</strong></span> <span class='ocrx_word' id='word_1_515' title='bbox 782 2104 870 2131; x_wconf 86' lang='lat' dir='ltr'><strong>neque</strong></span> <span class='ocrx_word' id='word_1_516' title='bbox 884 2098 957 2125; x_wconf 87' lang='lat' dir='ltr'><strong>aliud</strong></span> <span class='ocrx_word' id='word_1_517' title='bbox 970 2098 1049 2133; x_wconf 91' lang='lat' dir='ltr'><strong>quip-</strong></span> 
     </span>
    </p>
   </div>
   <div class='ocr_carea' id='block_1_73' title="bbox 262 2141 1048 2176">
    <p class='ocr_par' dir='ltr' id='par_1_73' title="bbox 262 2141 1048 2176">
     <span class='ocr_line' id='line_1_73' title="bbox 262 2141 1048 2176; baseline 0.003 -8"><span class='ocrx_word' id='word_1_518' title='bbox 262 2141 334 2176; x_wconf 91' lang='lat' dir='ltr'><strong>piam</strong></span> <span class='ocrx_word' id='word_1_519' title='bbox 349 2141 502 2168; x_wconf 84' lang='lat' dir='ltr'><strong>istiusmodi</strong></span> <span class='ocrx_word' id='word_1_520' title='bbox 516 2150 523 2167; x_wconf 86' lang='lat'><strong>:</strong></span> <span class='ocrx_word' id='word_1_521' title='bbox 539 2141 684 2167; x_wconf 86' lang='lat' dir='ltr'><strong>consilium</strong></span> <span class='ocrx_word' id='word_1_522' title='bbox 703 2143 893 2169; x_wconf 84' lang='lat' dir='ltr'><strong>tantummodo</strong></span> <span class='ocrx_word' id='word_1_523' title='bbox 910 2148 937 2170; x_wconf 92' lang='lat' dir='ltr'><strong>et</strong></span> <span class='ocrx_word' id='word_1_524' title='bbox 952 2143 1048 2170; x_wconf 80' lang='lat' dir='ltr'><strong>interr-</strong></span> 
     </span>
    </p>
   </div>
   <div class='ocr_carea' id='block_1_74' title="bbox 263 2188 1049 2224">
    <p class='ocr_par' dir='ltr' id='par_1_74' title="bbox 263 2188 1049 2224">
     <span class='ocr_line' id='line_1_74' title="bbox 263 2188 1049 2224; baseline 0.004 -9"><span class='ocrx_word' id='word_1_525' title='bbox 263 2189 366 2215; x_wconf 90' lang='lat' dir='ltr'><strong>tionem</strong></span> <span class='ocrx_word' id='word_1_526' title='bbox 379 2194 475 2215; x_wconf 85' lang='lat' dir='ltr'><strong>eorum</strong></span> <span class='ocrx_word' id='word_1_527' title='bbox 498 2195 559 2222; x_wconf 71' lang='lat' dir='ltr'><strong>qua:</strong></span> <span class='ocrx_word' id='word_1_528' title='bbox 583 2192 711 2222; x_wconf 79' lang='lat' dir='ltr'><strong>aguntur,</strong></span> <span class='ocrx_word' id='word_1_529' title='bbox 738 2188 815 2222; x_wconf 73' lang='lat' dir='ltr'><strong>eligit</strong></span> <span class='ocrx_word' id='word_1_530' title='bbox 829 2193 910 2223; x_wconf 89' lang='lat' dir='ltr'><strong>atque</strong></span> <span class='ocrx_word' id='word_1_531' title='bbox 934 2194 1049 2224; x_wconf 84' lang='lat' dir='ltr'><strong>spectat,</strong></span> 
     </span>
    </p>
   </div>
   <div class='ocr_carea' id='block_1_75' title="bbox 263 2233 1049 2267">
    <p class='ocr_par' dir='ltr' id='par_1_75' title="bbox 263 2233 1049 2267">
     <span class='ocr_line' id='line_1_75' title="bbox 263 2233 1049 2267; baseline 0.004 -6"><span class='ocrx_word' id='word_1_532' title='bbox 263 2234 429 2262; x_wconf 83' lang='lat' dir='ltr'><strong>aﬁluentiam</strong></span> <span class='ocrx_word' id='word_1_533' title='bbox 447 2233 606 2266; x_wconf 87' lang='lat' dir='ltr'><strong>voluntatis,</strong></span> <span class='ocrx_word' id='word_1_534' title='bbox 620 2238 647 2260; x_wconf 91' lang='lat' dir='ltr'><strong>et</strong></span> <span class='ocrx_word' id='word_1_535' title='bbox 662 2233 796 2262; x_wconf 82' lang='lat' dir='ltr'><strong>fervorem</strong></span> <span class='ocrx_word' id='word_1_536' title='bbox 813 2235 915 2267; x_wconf 83' lang='lat' dir='ltr'><strong>cordis,</strong></span> <span class='ocrx_word' id='word_1_537' title='bbox 930 2243 1049 2264; x_wconf 87' lang='lat' dir='ltr'><strong>amorem</strong></span> 
     </span>
    </p>
   </div>
   <div class='ocr_carea' id='block_1_76' title="bbox 265 2279 731 2312">
    <p class='ocr_par' dir='ltr' id='par_1_76' title="bbox 265 2279 731 2312">
     <span class='ocr_line' id='line_1_76' title="bbox 265 2279 731 2312; baseline 0 -6"><span class='ocrx_word' id='word_1_538' title='bbox 265 2281 402 2312; x_wconf 88' lang='lat' dir='ltr'><strong>intimum,</strong></span> <span class='ocrx_word' id='word_1_539' title='bbox 418 2279 696 2312; x_wconf 87' lang='lat' dir='ltr'><strong>desiderium,zelum</strong></span> <span class='ocrx_word' id='word_1_540' title='bbox 713 2283 731 2307; x_wconf 88' lang='lat'><strong>‘.</strong></span> 
     </span>
    </p>
   </div>
   <div class='ocr_carea' id='block_1_77' title="bbox 298 2326 1052 2363">
    <p class='ocr_par' dir='ltr' id='par_1_77' title="bbox 298 2326 1052 2363">
     <span class='ocr_line' id='line_1_77' title="bbox 298 2326 1052 2363; baseline 0.005 -9"><span class='ocrx_word' id='word_1_541' title='bbox 298 2327 358 2354; x_wconf 88' lang='lat' dir='ltr'><strong>Non</strong></span> <span class='ocrx_word' id='word_1_542' title='bbox 375 2334 406 2354; x_wconf 86' lang='lat' dir='ltr'><strong>ea</strong></span> <span class='ocrx_word' id='word_1_543' title='bbox 434 2334 496 2360; x_wconf 72' lang='lat' dir='ltr'><strong>quae</strong></span> <span class='ocrx_word' id='word_1_544' title='bbox 518 2332 583 2353; x_wconf 88' lang='lat' dir='ltr'><strong>sunt</strong></span> <span class='ocrx_word' id='word_1_545' title='bbox 602 2326 723 2361; x_wconf 85' lang='lat' dir='ltr'><strong>ipsorum</strong></span> <span class='ocrx_word' id='word_1_546' title='bbox 748 2327 939 2363; x_wconf 88' lang='lat' dir='ltr'><strong>concupiscit:</strong></span> <span class='ocrx_word' id='word_1_547' title='bbox 957 2330 983 2356; x_wconf 88' lang='lat' dir='ltr'><strong>in</strong></span> <span class='ocrx_word' id='word_1_548' title='bbox 1009 2330 1052 2358; x_wconf 93' lang='lat' dir='ltr'><strong>his</strong></span> 
     </span>
    </p>
   </div>
   <div class='ocr_carea' id='block_1_78' title="bbox 263 2373 1051 2409">
    <p class='ocr_par' dir='ltr' id='par_1_78' title="bbox 263 2373 1051 2409">
     <span class='ocr_line' id='line_1_78' title="bbox 263 2373 1051 2409; baseline 0.005 -8"><span class='ocrx_word' id='word_1_549' title='bbox 263 2374 425 2409; x_wconf 86' lang='lat' dir='ltr'><strong>acquiescit.</strong></span> <span class='ocrx_word' id='word_1_550' title='bbox 442 2373 575 2408; x_wconf 85' lang='lat' dir='ltr'><strong>Quodque</strong></span> <span class='ocrx_word' id='word_1_551' title='bbox 590 2373 793 2407; x_wconf 86' lang='lat' dir='ltr'><strong>admirabilius,</strong></span> <span class='ocrx_word' id='word_1_552' title='bbox 812 2380 840 2403; x_wconf 84' lang='lat' dir='ltr'><strong>et</strong></span> <span class='ocrx_word' id='word_1_553' title='bbox 863 2376 1051 2405; x_wconf 88' lang='lat' dir='ltr'><strong>misericordia</strong></span> 
     </span>
    </p>
   </div>
   <div class='ocr_carea' id='block_1_79' title="bbox 264 2418 1053 2457">
    <p class='ocr_par' dir='ltr' id='par_1_79' title="bbox 264 2418 1053 2457">
     <span class='ocr_line' id='line_1_79' title="bbox 264 2418 1053 2457; baseline 0.005 -11"><span class='ocrx_word' id='word_1_554' title='bbox 264 2420 375 2454; x_wconf 83' lang='lat' dir='ltr'><strong>plenum</strong></span> <span class='ocrx_word' id='word_1_555' title='bbox 393 2424 444 2451; x_wconf 88' lang='lat' dir='ltr'><strong>est,</strong></span> <span class='ocrx_word' id='word_1_556' title='bbox 463 2426 518 2446; x_wconf 94' lang='lat' dir='ltr'><strong>non</strong></span> <span class='ocrx_word' id='word_1_557' title='bbox 543 2418 698 2446; x_wconf 87' lang='lat' dir='ltr'><strong>oblatorum</strong></span> <span class='ocrx_word' id='word_1_558' title='bbox 714 2420 909 2454; x_wconf 65' lang='lat' dir='ltr'><strong>praestantiam,</strong></span> <span class='ocrx_word' id='word_1_559' title='bbox 927 2421 974 2448; x_wconf 89' lang='lat' dir='ltr'><strong>sed</strong></span> <span class='ocrx_word' id='word_1_560' title='bbox 992 2430 1053 2457; x_wconf 74' lang='lat' dir='ltr'><strong>qua:</strong></span> 
     </span>
    </p>
   </div>
   <div class='ocr_carea' id='block_1_80' title="bbox 298 2477 841 2513">
    <p class='ocr_par' dir='ltr' id='par_1_80' title="bbox 298 2477 841 2513">
     <span class='ocr_line' id='line_1_80' title="bbox 298 2477 841 2513; baseline 0 -9"><span class='ocrx_word' id='word_1_561' title='bbox 298 2478 319 2493; x_wconf 68' lang='lat'><strong>”</strong></span> <span class='ocrx_word' id='word_1_562' title='bbox 330 2477 430 2506; x_wconf 85' lang='lat' dir='ltr'><strong>Jerem.</strong></span> <span class='ocrx_word' id='word_1_563' title='bbox 446 2485 511 2511; x_wconf 74' lang='lat' dir='ltr'><strong>xvu,</strong></span> <span class='ocrx_word' id='word_1_564' title='bbox 526 2477 568 2504; x_wconf 77' lang='grc'><strong>10.</strong></span> <span class='ocrx_word' id='word_1_565' title='bbox 603 2478 647 2504; x_wconf 79' lang='grc'><strong>³⁸1</strong></span> <span class='ocrx_word' id='word_1_566' title='bbox 666 2478 731 2513; x_wconf 80' lang='lat' dir='ltr'><strong>Reg.</strong></span> <span class='ocrx_word' id='word_1_567' title='bbox 749 2486 804 2509; x_wconf 80' lang='lat' dir='ltr'><strong>xvr,</strong></span> <span class='ocrx_word' id='word_1_568' title='bbox 817 2478 841 2504; x_wconf 90' lang='lat'><strong>7.</strong></span> 
     </span>
    </p>
   </div>
   <div class='ocr_carea' id='block_1_81' title="bbox 881 2479 1080 2514">
    <p class='ocr_par' dir='ltr' id='par_1_81' title="bbox 881 2479 1080 2514">
     <span class='ocr_line' id='line_1_81' title="bbox 881 2479 1080 2514; baseline -0.005 -8"><span class='ocrx_word' id='word_1_569' title='bbox 881 2479 903 2494; x_wconf 78' lang='lat'>&quot;</span> <span class='ocrx_word' id='word_1_570' title='bbox 918 2479 986 2507; x_wconf 83' lang='lat' dir='ltr'><strong>Gen.</strong></span> <span class='ocrx_word' id='word_1_571' title='bbox 1004 2489 1040 2514; x_wconf 78' lang='lat' dir='ltr'><strong>iv,</strong></span> <span class='ocrx_word' id='word_1_572' title='bbox 1055 2485 1080 2511; x_wconf 85' lang='lat'><strong>7_</strong></span> 
     </span>
    </p>
   </div>
   <div class='ocr_carea' id='block_1_82' title="bbox 1099 1633 1888 1673">
    <p class='ocr_par' dir='ltr' id='par_1_82' title="bbox 1099 1633 1888 1673">
     <span class='ocr_line' id='line_1_82' title="bbox 1099 1633 1888 1673; baseline -0.014 -5"><span class='ocrx_word' id='word_1_573' title='bbox 1099 1644 1239 1673; x_wconf 88' lang='lat' dir='ltr'><strong>constans,</strong></span> <span class='ocrx_word' id='word_1_574' title='bbox 1257 1647 1311 1666; x_wconf 88' lang='lat' dir='ltr'><strong>non</strong></span> <span class='ocrx_word' id='word_1_575' title='bbox 1329 1638 1403 1665; x_wconf 91' lang='lat' dir='ltr'><strong>aliud</strong></span> <span class='ocrx_word' id='word_1_576' title='bbox 1420 1645 1502 1672; x_wconf 91' lang='lat' dir='ltr'><strong>quam</strong></span> <span class='ocrx_word' id='word_1_577' title='bbox 1531 1635 1602 1671; x_wconf 77' lang='lat' dir='ltr'><strong>ignis</strong></span> <span class='ocrx_word' id='word_1_578' title='bbox 1629 1633 1763 1668; x_wconf 81' lang='lat' dir='ltr'><strong>crepitus,</strong></span> <span class='ocrx_word' id='word_1_579' title='bbox 1790 1636 1819 1659; x_wconf 89' lang='lat' dir='ltr'><strong>et</strong></span> <span class='ocrx_word' id='word_1_580' title='bbox 1845 1639 1888 1658; x_wconf 91' lang='lat' dir='ltr'><strong>res</strong></span> 
     </span>
    </p>
   </div>
   <div class='ocr_carea' id='block_1_83' title="bbox 1099 1683 1518 1714">
    <p class='ocr_par' dir='ltr' id='par_1_83' title="bbox 1099 1683 1518 1714">
     <span class='ocr_line' id='line_1_83' title="bbox 1099 1683 1518 1714; baseline -0.012 0"><span class='ocrx_word' id='word_1_581' title='bbox 1099 1686 1236 1714; x_wconf 87' lang='lat' dir='ltr'><strong>odorifera</strong></span> <span class='ocrx_word' id='word_1_582' title='bbox 1267 1685 1416 1712; x_wconf 89' lang='lat' dir='ltr'><strong>indicatum</strong></span> <span class='ocrx_word' id='word_1_583' title='bbox 1430 1688 1472 1710; x_wconf 85' lang='lat' dir='ltr'><strong>est</strong></span> 
     </span>
    </p>
   </div>
   <div class='ocr_carea' id='block_1_84' title="bbox 1135 1724 1887 1764">
    <p class='ocr_par' dir='ltr' id='par_1_84' title="bbox 1135 1724 1887 1764">
     <span class='ocr_line' id='line_1_84' title="bbox 1135 1724 1887 1764; baseline -0.013 -4"><span class='ocrx_word' id='word_1_584' title='bbox 1135 1733 1232 1761; x_wconf 72' lang='lat' dir='ltr'><strong>Amm.</strong></span> <span class='ocrx_word' id='word_1_585' title='bbox 1251 1732 1343 1759; x_wconf 86' lang='lat' dir='ltr'><strong>Indica</strong></span> <span class='ocrx_word' id='word_1_586' title='bbox 1360 1730 1426 1758; x_wconf 83' lang='lat' dir='ltr'><strong>Inibi</strong></span> <span class='ocrx_word' id='word_1_587' title='bbox 1442 1727 1590 1764; x_wconf 80' lang='lat' dir='ltr'><strong>quomodo,</strong></span> <span class='ocrx_word' id='word_1_588' title='bbox 1618 1731 1645 1754; x_wconf 91' lang='lat' dir='ltr'><strong>et</strong></span> <span class='ocrx_word' id='word_1_589' title='bbox 1671 1733 1726 1761; x_wconf 90' lang='lat' dir='ltr'><strong>qua</strong></span> <span class='ocrx_word' id='word_1_590' title='bbox 1751 1724 1784 1752; x_wconf 86' lang='lat' dir='ltr'><strong>de</strong></span> <span class='ocrx_word' id='word_1_591' title='bbox 1809 1730 1887 1750; x_wconf 68' lang='lat' dir='ltr'><strong>causa</strong></span> 
     </span>
    </p>
   </div>
   <div class='ocr_carea' id='block_1_85' title="bbox 1101 1769 1888 1807">
    <p class='ocr_par' dir='ltr' id='par_1_85' title="bbox 1101 1769 1888 1807">
     <span class='ocr_line' id='line_1_85' title="bbox 1101 1769 1888 1807; baseline -0.015 0"><span class='ocrx_word' id='word_1_592' title='bbox 1101 1780 1158 1807; x_wconf 71' lang='lat' dir='ltr'><strong>haec</strong></span> <span class='ocrx_word' id='word_1_593' title='bbox 1178 1779 1233 1806; x_wconf 86' lang='lat' dir='ltr'><strong>duo</strong></span> <span class='ocrx_word' id='word_1_594' title='bbox 1255 1777 1386 1805; x_wconf 85' lang='lat' dir='ltr'><strong>sacriﬁcia</strong></span> <span class='ocrx_word' id='word_1_595' title='bbox 1405 1776 1457 1803; x_wconf 89' lang='lat' dir='ltr'><strong>sibi</strong></span> <span class='ocrx_word' id='word_1_596' title='bbox 1476 1774 1612 1802; x_wconf 88' lang='lat' dir='ltr'><strong>contraria</strong></span> <span class='ocrx_word' id='word_1_597' title='bbox 1639 1772 1753 1800; x_wconf 87' lang='lat' dir='ltr'><strong>fuerint.</strong></span> <span class='ocrx_word' id='word_1_598' title='bbox 1776 1769 1888 1797; x_wconf 87' lang='lat' dir='ltr'><strong>Declara</strong></span> 
     </span>
    </p>
   </div>
   <div class='ocr_carea' id='block_1_86' title="bbox 1102 1821 1522 1859">
    <p class='ocr_par' dir='ltr' id='par_1_86' title="bbox 1102 1821 1522 1859">
     <span class='ocr_line' id='line_1_86' title="bbox 1102 1821 1522 1859; baseline -0.012 -7"><span class='ocrx_word' id='word_1_599' title='bbox 1102 1826 1167 1857; x_wconf 86' lang='lat' dir='ltr'><strong>vim,</strong></span> <span class='ocrx_word' id='word_1_600' title='bbox 1186 1831 1303 1859; x_wconf 85' lang='lat' dir='ltr'><strong>expone,</strong></span> <span class='ocrx_word' id='word_1_601' title='bbox 1320 1822 1387 1849; x_wconf 89' lang='lat' dir='ltr'><strong>nihil</strong></span> <span class='ocrx_word' id='word_1_602' title='bbox 1403 1821 1522 1849; x_wconf 85' lang='lat' dir='ltr'><strong>occulta.</strong></span> 
     </span>
    </p>
   </div>
   <div class='ocr_carea' id='block_1_87' title="bbox 1135 1864 1889 1899">
    <p class='ocr_par' dir='ltr' id='par_1_87' title="bbox 1135 1864 1889 1899">
     <span class='ocr_line' id='line_1_87' title="bbox 1135 1864 1889 1899; baseline -0.013 -1"><span class='ocrx_word' id='word_1_603' title='bbox 1135 1872 1217 1899; x_wconf 65' lang='lat' dir='ltr'><strong>Cano.</strong></span> <span class='ocrx_word' id='word_1_604' title='bbox 1244 1869 1311 1897; x_wconf 88' lang='lat' dir='ltr'><strong>Illud</strong></span> <span class='ocrx_word' id='word_1_605' title='bbox 1347 1870 1446 1896; x_wconf 82' lang='lat' dir='ltr'><strong>factum</strong></span> <span class='ocrx_word' id='word_1_606' title='bbox 1478 1871 1520 1895; x_wconf 90' lang='lat' dir='ltr'><strong>est</strong></span> <span class='ocrx_word' id='word_1_607' title='bbox 1548 1873 1609 1894; x_wconf 90' lang='lat' dir='ltr'><strong>cum</strong></span> <span class='ocrx_word' id='word_1_608' title='bbox 1643 1865 1695 1892; x_wconf 85' lang='lat' dir='ltr'><strong>ﬁne</strong></span> <span class='ocrx_word' id='word_1_609' title='bbox 1724 1864 1780 1891; x_wconf 87' lang='lat' dir='ltr'><strong>Deo</strong></span> <span class='ocrx_word' id='word_1_610' title='bbox 1815 1865 1889 1897; x_wconf 79' lang='lat' dir='ltr'><strong>grato</strong></span> 
     </span>
    </p>
   </div>
   <div class='ocr_carea' id='block_1_88' title="bbox 1101 1909 1891 1952">
    <p class='ocr_par' dir='ltr' id='par_1_88' title="bbox 1101 1909 1891 1952">
     <span class='ocr_line' id='line_1_88' title="bbox 1101 1909 1891 1952; baseline -0.014 -7"><span class='ocrx_word' id='word_1_611' title='bbox 1101 1921 1269 1952; x_wconf 86' lang='lat' dir='ltr'><strong>acceptoque</strong></span> <span class='ocrx_word' id='word_1_612' title='bbox 1290 1914 1477 1943; x_wconf 85' lang='lat' dir='ltr'><strong>:sacrilicium</strong></span> <span class='ocrx_word' id='word_1_613' title='bbox 1502 1913 1576 1940; x_wconf 91' lang='lat' dir='ltr'><strong>enim</strong></span> <span class='ocrx_word' id='word_1_614' title='bbox 1599 1911 1656 1939; x_wconf 87' lang='lat' dir='ltr'><strong>Noe</strong></span> <span class='ocrx_word' id='word_1_615' title='bbox 1681 1909 1788 1946; x_wconf 82' lang='lat' dir='ltr'><strong>justitia</strong></span> <span class='ocrx_word' id='word_1_616' title='bbox 1817 1915 1891 1935; x_wconf 86' lang='lat' dir='ltr'><strong>com-</strong></span> 
     </span>
    </p>
   </div>
   <div class='ocr_carea' id='block_1_89' title="bbox 1103 1953 1888 1995">
    <p class='ocr_par' dir='ltr' id='par_1_89' title="bbox 1103 1953 1888 1995">
     <span class='ocr_line' id='line_1_89' title="bbox 1103 1953 1888 1995; baseline -0.014 -4"><span class='ocrx_word' id='word_1_617' title='bbox 1103 1962 1252 1995; x_wconf 82' lang='lat' dir='ltr'><strong>mendavit,</strong></span> <span class='ocrx_word' id='word_1_618' title='bbox 1267 1962 1500 1994; x_wconf 87' lang='lat' dir='ltr'><strong>vehementerque</strong></span> <span class='ocrx_word' id='word_1_619' title='bbox 1512 1958 1624 1994; x_wconf 92' lang='lat' dir='ltr'><strong>placuit,</strong></span> <span class='ocrx_word' id='word_1_620' title='bbox 1636 1962 1666 1984; x_wconf 94' lang='lat' dir='ltr'><strong>ut</strong></span> <span class='ocrx_word' id='word_1_621' title='bbox 1678 1956 1782 1983; x_wconf 83' lang='lat' dir='ltr'><strong>dictum</strong></span> <span class='ocrx_word' id='word_1_622' title='bbox 1797 1957 1838 1982; x_wconf 83' lang='lat' dir='ltr'><strong>est</strong></span> <span class='ocrx_word' id='word_1_623' title='bbox 1848 1953 1888 1985; x_wconf 85' lang='lat'><strong>&quot;&#39;;</strong></span> 
     </span>
    </p>
   </div>
   <div class='ocr_carea' id='block_1_90' title="bbox 1103 2000 1889 2039">
    <p class='ocr_par' dir='ltr' id='par_1_90' title="bbox 1103 2000 1889 2039">
     <span class='ocr_line' id='line_1_90' title="bbox 1103 2000 1889 2039; baseline -0.013 -3"><span class='ocrx_word' id='word_1_624' title='bbox 1103 2009 1201 2036; x_wconf 89' lang='lat' dir='ltr'><strong>horum</strong></span> <span class='ocrx_word' id='word_1_625' title='bbox 1229 2012 1325 2037; x_wconf 89' lang='lat' dir='ltr'><strong>contra</strong></span> <span class='ocrx_word' id='word_1_626' title='bbox 1350 2012 1472 2034; x_wconf 73' lang='lat' dir='ltr'><strong>extrema</strong></span> <span class='ocrx_word' id='word_1_627' title='bbox 1502 2003 1675 2039; x_wconf 85' lang='lat' dir='ltr'><strong>improbitas,</strong></span> <span class='ocrx_word' id='word_1_628' title='bbox 1704 2000 1889 2030; x_wconf 81' lang='lat' dir='ltr'><strong>incredulitas,</strong></span> 
     </span>
    </p>
   </div>
   <div class='ocr_carea' id='block_1_91' title="bbox 1104 2044 1892 2082">
    <p class='ocr_par' dir='ltr' id='par_1_91' title="bbox 1104 2044 1892 2082">
     <span class='ocr_line' id='line_1_91' title="bbox 1104 2044 1892 2082; baseline -0.014 0"><span class='ocrx_word' id='word_1_629' title='bbox 1104 2054 1295 2082; x_wconf 86' lang='lat' dir='ltr'><strong>malevolentia</strong></span> <span class='ocrx_word' id='word_1_630' title='bbox 1322 2057 1448 2080; x_wconf 84' lang='lat' dir='ltr'><strong>naturam</strong></span> <span class='ocrx_word' id='word_1_631' title='bbox 1464 2049 1593 2078; x_wconf 89' lang='lat' dir='ltr'><strong>sacriﬁcii</strong></span> <span class='ocrx_word' id='word_1_632' title='bbox 1608 2047 1804 2076; x_wconf 80' lang='lat' dir='ltr'><strong>exsecrabilem</strong></span> <span class='ocrx_word' id='word_1_633' title='bbox 1831 2044 1892 2072; x_wconf 88' lang='lat' dir='ltr'><strong>red-</strong></span> 
     </span>
    </p>
   </div>
   <div class='ocr_carea' id='block_1_92' title="bbox 1104 2093 1892 2134">
    <p class='ocr_par' dir='ltr' id='par_1_92' title="bbox 1104 2093 1892 2134">
     <span class='ocr_line' id='line_1_92' title="bbox 1104 2093 1892 2134; baseline -0.015 -5"><span class='ocrx_word' id='word_1_634' title='bbox 1104 2101 1183 2128; x_wconf 89' lang='lat' dir='ltr'><strong>didit.</strong></span> <span class='ocrx_word' id='word_1_635' title='bbox 1199 2100 1314 2128; x_wconf 66' lang='lat' dir='ltr'><strong>llebrata</strong></span> <span class='ocrx_word' id='word_1_636' title='bbox 1344 2098 1447 2134; x_wconf 88' lang='lat' dir='ltr'><strong>quippe</strong></span> <span class='ocrx_word' id='word_1_637' title='bbox 1472 2097 1548 2124; x_wconf 85' lang='lat' dir='ltr'><strong>natio</strong></span> <span class='ocrx_word' id='word_1_638' title='bbox 1575 2096 1668 2122; x_wconf 90' lang='lat' dir='ltr'><strong>animo</strong></span> <span class='ocrx_word' id='word_1_639' title='bbox 1695 2097 1723 2121; x_wconf 89' lang='lat' dir='ltr'><strong>et</strong></span> <span class='ocrx_word' id='word_1_640' title='bbox 1751 2093 1892 2120; x_wconf 88' lang='lat' dir='ltr'><strong>voluntate</strong></span> 
     </span>
    </p>
   </div>
   <div class='ocr_carea' id='block_1_93' title="bbox 1105 2137 1894 2182">
    <p class='ocr_par' dir='ltr' id='par_1_93' title="bbox 1105 2137 1894 2182">
     <span class='ocr_line' id='line_1_93' title="bbox 1105 2137 1894 2182; baseline -0.014 -8"><span class='ocrx_word' id='word_1_641' title='bbox 1105 2153 1232 2182; x_wconf 88' lang='lat' dir='ltr'><strong>perversa</strong></span> <span class='ocrx_word' id='word_1_642' title='bbox 1250 2145 1302 2172; x_wconf 91' lang='lat' dir='ltr'><strong>fuit</strong></span> <span class='ocrx_word' id='word_1_643' title='bbox 1323 2153 1330 2171; x_wconf 94' lang='lat'><strong>:</strong></span> <span class='ocrx_word' id='word_1_644' title='bbox 1350 2143 1377 2170; x_wconf 93' lang='lat' dir='ltr'><strong>in</strong></span> <span class='ocrx_word' id='word_1_645' title='bbox 1401 2143 1481 2170; x_wconf 93' lang='lat' dir='ltr'><strong>donis</strong></span> <span class='ocrx_word' id='word_1_646' title='bbox 1496 2145 1586 2169; x_wconf 84' lang='lat' dir='ltr'><strong>autem</strong></span> <span class='ocrx_word' id='word_1_647' title='bbox 1602 2139 1776 2167; x_wconf 72' lang='lat' dir='ltr'><strong>offerentium</strong></span> <span class='ocrx_word' id='word_1_648' title='bbox 1789 2137 1894 2165; x_wconf 85' lang='lat' dir='ltr'><strong>animos</strong></span> 
     </span>
    </p>
   </div>
   <div class='ocr_carea' id='block_1_94' title="bbox 1104 2184 1893 2224">
    <p class='ocr_par' dir='ltr' id='par_1_94' title="bbox 1104 2184 1893 2224">
     <span class='ocr_line' id='line_1_94' title="bbox 1104 2184 1893 2224; baseline -0.015 -4"><span class='ocrx_word' id='word_1_649' title='bbox 1104 2193 1177 2220; x_wconf 85' lang='lat' dir='ltr'><strong>Deus</strong></span> <span class='ocrx_word' id='word_1_650' title='bbox 1195 2193 1329 2223; x_wconf 85' lang='lat' dir='ltr'><strong>intuetur,</strong></span> <span class='ocrx_word' id='word_1_651' title='bbox 1339 2197 1374 2216; x_wconf 78' lang='lat' dir='ltr'><strong>ex</strong></span> <span class='ocrx_word' id='word_1_652' title='bbox 1399 2189 1500 2224; x_wconf 84' lang='lat' dir='ltr'><strong>quibus</strong></span> <span class='ocrx_word' id='word_1_653' title='bbox 1523 2186 1629 2215; x_wconf 89' lang='lat' dir='ltr'><strong>statuit.</strong></span> <span class='ocrx_word' id='word_1_654' title='bbox 1647 2185 1688 2212; x_wconf 86' lang='lat' dir='ltr'><strong>En</strong></span> <span class='ocrx_word' id='word_1_655' title='bbox 1709 2184 1794 2211; x_wconf 88' lang='lat' dir='ltr'><strong>habes</strong></span> <span class='ocrx_word' id='word_1_656' title='bbox 1811 2190 1826 2210; x_wconf 90' lang='lat' dir='ltr'><strong>a</strong></span> <span class='ocrx_word' id='word_1_657' title='bbox 1852 2188 1893 2208; x_wconf 89' lang='lat' dir='ltr'><strong>me</strong></span> 
     </span>
    </p>
   </div>
   <div class='ocr_carea' id='block_1_95' title="bbox 1105 2227 1893 2274">
    <p class='ocr_par' dir='ltr' id='par_1_95' title="bbox 1105 2227 1893 2274">
     <span class='ocr_line' id='line_1_95' title="bbox 1105 2227 1893 2274; baseline -0.016 -8"><span class='ocrx_word' id='word_1_658' title='bbox 1105 2238 1177 2274; x_wconf 88' lang='lat' dir='ltr'><strong>quod</strong></span> <span class='ocrx_word' id='word_1_659' title='bbox 1187 2235 1318 2272; x_wconf 56' lang='lat' dir='ltr'><strong>quaesisti.</strong></span> <span class='ocrx_word' id='word_1_660' title='bbox 1332 2235 1371 2262; x_wconf 81' lang='lat' dir='ltr'><strong>Ex</strong></span> <span class='ocrx_word' id='word_1_661' title='bbox 1384 2234 1525 2269; x_wconf 87' lang='lat' dir='ltr'><strong>Scriptura</strong></span> <span class='ocrx_word' id='word_1_662' title='bbox 1534 2232 1609 2260; x_wconf 87' lang='lat' dir='ltr'><strong>enim</strong></span> <span class='ocrx_word' id='word_1_663' title='bbox 1622 2236 1650 2259; x_wconf 90' lang='lat' dir='ltr'><strong>et</strong></span> <span class='ocrx_word' id='word_1_664' title='bbox 1660 2228 1790 2258; x_wconf 90' lang='lat' dir='ltr'><strong>distincte</strong></span> <span class='ocrx_word' id='word_1_665' title='bbox 1814 2227 1893 2255; x_wconf 87' lang='lat' dir='ltr'><strong>docui</strong></span> 
     </span>
    </p>
   </div>
   <div class='ocr_carea' id='block_1_96' title="bbox 1069 2274 1894 2313">
    <p class='ocr_par' dir='ltr' id='par_1_96' title="bbox 1069 2274 1894 2313">
     <span class='ocr_line' id='line_1_96' title="bbox 1069 2274 1894 2313; baseline -0.017 0"><span class='ocrx_word' id='word_1_666' title='bbox 1069 2275 1091 2303; x_wconf 74' lang='grc' dir='ltr'>ι)</span> <span class='ocrx_word' id='word_1_667' title='bbox 1107 2286 1191 2313; x_wconf 88' lang='lat' dir='ltr'><strong>Deum</strong></span> <span class='ocrx_word' id='word_1_668' title='bbox 1205 2281 1392 2310; x_wconf 89' lang='lat' dir='ltr'><strong>oblationibus</strong></span> <span class='ocrx_word' id='word_1_669' title='bbox 1401 2285 1429 2307; x_wconf 90' lang='lat' dir='ltr'><strong>et</strong></span> <span class='ocrx_word' id='word_1_670' title='bbox 1452 2278 1595 2307; x_wconf 87' lang='lat' dir='ltr'><strong>sacriﬁciis</strong></span> <span class='ocrx_word' id='word_1_671' title='bbox 1625 2274 1815 2312; x_wconf 86' lang='lat' dir='ltr'><strong>hujuscemodi</strong></span> <span class='ocrx_word' id='word_1_672' title='bbox 1840 2281 1894 2300; x_wconf 89' lang='lat' dir='ltr'><strong>non</strong></span> 
     </span>
    </p>
   </div>
   <div class='ocr_carea' id='block_1_97' title="bbox 1107 2317 1894 2357">
    <p class='ocr_par' dir='ltr' id='par_1_97' title="bbox 1107 2317 1894 2357">
     <span class='ocr_line' id='line_1_97' title="bbox 1107 2317 1894 2357; baseline -0.015 -1"><span class='ocrx_word' id='word_1_673' title='bbox 1107 2328 1239 2357; x_wconf 87' lang='lat' dir='ltr'><strong>delectari</strong></span> <span class='ocrx_word' id='word_1_674' title='bbox 1256 2338 1261 2354; x_wconf 92' lang='lat'><strong>:</strong></span> <span class='ocrx_word' id='word_1_675' title='bbox 1282 2333 1334 2354; x_wconf 89' lang='lat' dir='ltr'><strong>nec</strong></span> <span class='ocrx_word' id='word_1_676' title='bbox 1354 2333 1417 2353; x_wconf 91' lang='lat' dir='ltr'><strong>eum</strong></span> <span class='ocrx_word' id='word_1_677' title='bbox 1446 2324 1480 2351; x_wconf 88' lang='lat' dir='ltr'><strong>ad</strong></span> <span class='ocrx_word' id='word_1_678' title='bbox 1508 2324 1619 2351; x_wconf 90' lang='lat' dir='ltr'><strong>illorum</strong></span> <span class='ocrx_word' id='word_1_679' title='bbox 1634 2326 1770 2353; x_wconf 89' lang='lat' dir='ltr'><strong>naturam,</strong></span> <span class='ocrx_word' id='word_1_680' title='bbox 1799 2319 1847 2346; x_wconf 81' lang='lat' dir='ltr'><strong>sed</strong></span> <span class='ocrx_word' id='word_1_681' title='bbox 1862 2317 1894 2345; x_wconf 89' lang='lat' dir='ltr'><strong>ad</strong></span> 
     </span>
    </p>
   </div>
   <div class='ocr_carea' id='block_1_98' title="bbox 1108 2366 1896 2405">
    <p class='ocr_par' dir='ltr' id='par_1_98' title="bbox 1108 2366 1896 2405">
     <span class='ocr_line' id='line_1_98' title="bbox 1108 2366 1896 2405; baseline -0.015 -2"><span class='ocrx_word' id='word_1_682' title='bbox 1108 2379 1228 2403; x_wconf 90' lang='lat' dir='ltr'><strong>mentem</strong></span> <span class='ocrx_word' id='word_1_683' title='bbox 1241 2372 1466 2404; x_wconf 88' lang='lat' dir='ltr'><strong>sacriﬁcantium,</strong></span> <span class='ocrx_word' id='word_1_684' title='bbox 1479 2370 1621 2405; x_wconf 86' lang='lat' dir='ltr'><strong>ipsamque</strong></span> <span class='ocrx_word' id='word_1_685' title='bbox 1633 2367 1793 2395; x_wconf 90' lang='lat' dir='ltr'><strong>eorumdem</strong></span> <span class='ocrx_word' id='word_1_686' title='bbox 1807 2366 1896 2393; x_wconf 89' lang='lat' dir='ltr'><strong>inten-</strong></span> 
     </span>
    </p>
   </div>
   <div class='ocr_carea' id='block_1_99' title="bbox 1109 2413 1896 2452">
    <p class='ocr_par' dir='ltr' id='par_1_99' title="bbox 1109 2413 1896 2452">
     <span class='ocr_line' id='line_1_99' title="bbox 1109 2413 1896 2452; baseline -0.014 -3"><span class='ocrx_word' id='word_1_687' title='bbox 1109 2423 1210 2450; x_wconf 85' lang='lat' dir='ltr'><strong>tionem</strong></span> <span class='ocrx_word' id='word_1_688' title='bbox 1227 2427 1259 2447; x_wconf 89' lang='lat' dir='ltr'><strong>ac</strong></span> <span class='ocrx_word' id='word_1_689' title='bbox 1276 2419 1445 2446; x_wconf 88' lang='lat' dir='ltr'><strong>voluntatem</strong></span> <span class='ocrx_word' id='word_1_690' title='bbox 1466 2416 1559 2452; x_wconf 86' lang='lat' dir='ltr'><strong>potius</strong></span> <span class='ocrx_word' id='word_1_691' title='bbox 1570 2414 1723 2443; x_wconf 86' lang='lat' dir='ltr'><strong>attendere.</strong></span> <span class='ocrx_word' id='word_1_692' title='bbox 1741 2413 1817 2440; x_wconf 83' lang='lat' dir='ltr'><strong>Hanc</strong></span> <span class='ocrx_word' id='word_1_693' title='bbox 1843 2419 1896 2447; x_wconf 74' lang='lat' dir='ltr'><strong>pra:</strong></span> 
     </span>
    </p>
   </div>
   <div class='ocr_carea' id='block_1_100' title="bbox 1126 2480 1254 2508">
    <p class='ocr_par' dir='ltr' id='par_1_100' title="bbox 1126 2480 1254 2508">
     <span class='ocr_line' id='line_1_100' title="bbox 1126 2480 1254 2508; baseline -0.016 0"><span class='ocrx_word' id='word_1_694' title='bbox 1126 2482 1146 2498; x_wconf 87' lang='grc'><strong>³⁷</strong></span> <span class='ocrx_word' id='word_1_695' title='bbox 1163 2480 1216 2508; x_wconf 75' lang='lat' dir='ltr'><strong>lsa.</strong></span> <span class='ocrx_word' id='word_1_696' title='bbox 1235 2488 1254 2506; x_wconf 91' lang='lat' dir='ltr'><strong>I.</strong></span> 
     </span>
    </p>
   </div>
   <div class='ocr_carea' id='block_1_101' title="bbox 1000 2528 1138 2561">
    <p class='ocr_par' dir='ltr' id='par_1_101' title="bbox 1000 2528 1138 2561">
     <span class='ocr_line' id='line_1_101' title="bbox 1000 2528 1138 2561; baseline 0.007 -3"><span class='ocrx_word' id='word_1_697' title='bbox 1000 2528 1138 2561; x_wconf 86' lang='lat' dir='ltr'><strong>Scholia.</strong></span> 
     </span>
    </p>
   </div>
   <div class='ocr_carea' id='block_1_102' title="bbox 301 2575 1056 2618">
    <p class='ocr_par' dir='ltr' id='par_1_102' title="bbox 301 2575 1056 2618">
     <span class='ocr_line' id='line_1_102' title="bbox 301 2575 1056 2618; baseline -0.003 -16"><span class='ocrx_word' id='word_1_698' title='bbox 301 2579 306 2586; x_wconf 92' lang='lat'>&#39;</span> <span class='ocrx_word' id='word_1_699' title='bbox 335 2576 481 2618; x_wconf 53' lang='lat' dir='ltr'><strong>plirysost.</strong></span> <span class='ocrx_word' id='word_1_700' title='bbox 499 2575 558 2618; x_wconf 66' lang='lat' dir='ltr'><strong>Non</strong></span> <span class='ocrx_word' id='word_1_701' title='bbox 579 2576 648 2616; x_wconf 57' lang='lat' dir='ltr'><strong>enim</strong></span> <span class='ocrx_word' id='word_1_702' title='bbox 662 2584 692 2616; x_wconf 70' lang='lat' dir='ltr'><strong>ea</strong></span> <span class='ocrx_word' id='word_1_703' title='bbox 708 2575 860 2618; x_wconf 49' lang='lat' dir='ltr'><strong>altern/iant,</strong></span> <span class='ocrx_word' id='word_1_704' title='bbox 883 2576 932 2618; x_wconf 62' lang='lat' dir='ltr'><strong>sed</strong></span> <span class='ocrx_word' id='word_1_705' title='bbox 948 2585 1056 2618; x_wconf 70' lang='grc' dir='ltr'><strong>,ςεηρμηι</strong></span> 
     </span>
    </p>
   </div>
   <div class='ocr_carea' id='block_1_103' title="bbox 263 2610 1055 2647">
    <p class='ocr_par' dir='ltr' id='par_1_103' title="bbox 263 2610 1055 2647">
     <span class='ocr_line' id='line_1_103' title="bbox 263 2610 1055 2647; baseline 0.001 -8"><span class='ocrx_word' id='word_1_706' title='bbox 263 2620 314 2647; x_wconf 83' lang='lat' dir='ltr'><strong>quo</strong></span> <span class='ocrx_word' id='word_1_707' title='bbox 329 2610 398 2645; x_wconf 80' lang='lat' dir='ltr'><strong>ﬁunt</strong></span> <span class='ocrx_word' id='word_1_708' title='bbox 418 2610 502 2645; x_wconf 68' lang='lat' dir='ltr'><strong>judex</strong></span> <span class='ocrx_word' id='word_1_709' title='bbox 529 2610 596 2637; x_wconf 73' lang='lat' dir='ltr'><strong>Deus</strong></span> <span class='ocrx_word' id='word_1_710' title='bbox 619 2610 734 2647; x_wconf 80' lang='lat' dir='ltr'><strong>inspicit.</strong></span> <span class='ocrx_word' id='word_1_711' title='bbox 751 2610 793 2647; x_wconf 73' lang='lat' dir='ltr'><strong>Et</strong></span> <span class='ocrx_word' id='word_1_712' title='bbox 803 2611 830 2637; x_wconf 86' lang='lat' dir='ltr'><strong>in</strong></span> <span class='ocrx_word' id='word_1_713' title='bbox 850 2610 927 2647; x_wconf 69' lang='lat' dir='ltr'><strong>rebus</strong></span> <span class='ocrx_word' id='word_1_714' title='bbox 950 2610 1055 2644; x_wconf 80' lang='lat' dir='ltr'><strong>quidem</strong></span> 
     </span>
    </p>
   </div>
   <div class='ocr_carea' id='block_1_104' title="bbox 263 2645 1055 2682">
    <p class='ocr_par' dir='ltr' id='par_1_104' title="bbox 263 2645 1055 2682">
     <span class='ocr_line' id='line_1_104' title="bbox 263 2645 1055 2682; baseline 0 -8"><span class='ocrx_word' id='word_1_715' title='bbox 263 2645 330 2682; x_wconf 72' lang='lat' dir='ltr'><strong>quas</strong></span> <span class='ocrx_word' id='word_1_716' title='bbox 343 2654 421 2673; x_wconf 78' lang='lat' dir='ltr'><strong>sensu</strong></span> <span class='ocrx_word' id='word_1_717' title='bbox 432 2647 590 2682; x_wconf 77' lang='lat' dir='ltr'><strong>percipimus</strong></span> <span class='ocrx_word' id='word_1_718' title='bbox 609 2646 690 2672; x_wconf 82' lang='lat' dir='ltr'><strong>etiam</strong></span> <span class='ocrx_word' id='word_1_719' title='bbox 699 2646 771 2682; x_wconf 69' lang='lat' dir='ltr'><strong>satio</strong></span> <span class='ocrx_word' id='word_1_720' title='bbox 785 2646 841 2680; x_wconf 83' lang='lat' dir='ltr'><strong>ipsa</strong></span> <span class='ocrx_word' id='word_1_721' title='bbox 863 2645 994 2673; x_wconf 81' lang='lat' dir='ltr'><strong>laboriosa</strong></span> <span class='ocrx_word' id='word_1_722' title='bbox 1004 2652 1055 2680; x_wconf 79' lang='lat' dir='ltr'><strong>est,</strong></span> 
     </span>
    </p>
   </div>
   <div class='ocr_carea' id='block_1_105' title="bbox 264 2681 1053 2716">
    <p class='ocr_par' dir='ltr' id='par_1_105' title="bbox 264 2681 1053 2716">
     <span class='ocr_line' id='line_1_105' title="bbox 264 2681 1053 2716; baseline -0.001 -6"><span class='ocrx_word' id='word_1_723' title='bbox 264 2681 406 2716; x_wconf 72' lang='lat' dir='ltr'><strong>inessisque</strong></span> <span class='ocrx_word' id='word_1_724' title='bbox 425 2681 565 2708; x_wconf 84' lang='lat' dir='ltr'><strong>similiter:</strong></span> <span class='ocrx_word' id='word_1_725' title='bbox 577 2688 646 2715; x_wconf 75' lang='lat' dir='ltr'><strong>swpe</strong></span> <span class='ocrx_word' id='word_1_726' title='bbox 661 2681 731 2708; x_wconf 85' lang='lat' dir='ltr'><strong>enim</strong></span> <span class='ocrx_word' id='word_1_727' title='bbox 747 2685 826 2708; x_wconf 71' lang='lat' dir='ltr'><strong>(estus</strong></span> <span class='ocrx_word' id='word_1_728' title='bbox 846 2682 971 2716; x_wconf 78' lang='lat' dir='ltr'><strong>temporis</strong></span> <span class='ocrx_word' id='word_1_729' title='bbox 986 2690 1053 2710; x_wconf 73' lang='lat' dir='ltr'><strong>mec-</strong></span> 
     </span>
    </p>
   </div>
   <div class='ocr_carea' id='block_1_106' title="bbox 264 2715 1053 2751">
    <p class='ocr_par' dir='ltr' id='par_1_106' title="bbox 264 2715 1053 2751">
     <span class='ocr_line' id='line_1_106' title="bbox 264 2715 1053 2751; baseline 0.001 -7"><span class='ocrx_word' id='word_1_730' title='bbox 264 2725 335 2744; x_wconf 74' lang='lat' dir='ltr'><strong>sores</strong></span> <span class='ocrx_word' id='word_1_731' title='bbox 362 2717 533 2751; x_wconf 71' lang='lat' dir='ltr'><strong>langue/dcit.</strong></span> <span class='ocrx_word' id='word_1_732' title='bbox 560 2716 607 2743; x_wconf 77' lang='lat' dir='ltr'><strong>As!</strong></span> <span class='ocrx_word' id='word_1_733' title='bbox 626 2715 673 2742; x_wconf 86' lang='lat' dir='ltr'><strong>illa</strong></span> <span class='ocrx_word' id='word_1_734' title='bbox 697 2717 787 2742; x_wconf 77' lang='lat' dir='ltr'><strong>messis</strong></span> <span class='ocrx_word' id='word_1_735' title='bbox 817 2715 872 2743; x_wconf 83' lang='lat' dir='ltr'><strong>alia</strong></span> <span class='ocrx_word' id='word_1_736' title='bbox 888 2715 936 2747; x_wconf 75' lang='lat' dir='ltr'><strong>est,</strong></span> <span class='ocrx_word' id='word_1_737' title='bbox 964 2717 1053 2745; x_wconf 81' lang='lat' dir='ltr'><strong>labore</strong></span> 
     </span>
    </p>
   </div>
   <div class='ocr_carea' id='block_1_107' title="bbox 265 2751 1050 2786">
    <p class='ocr_par' dir='ltr' id='par_1_107' title="bbox 265 2751 1050 2786">
     <span class='ocr_line' id='line_1_107' title="bbox 265 2751 1050 2786; baseline 0 -7"><span class='ocrx_word' id='word_1_738' title='bbox 265 2753 334 2779; x_wconf 83' lang='lat' dir='ltr'><strong>enim</strong></span> <span class='ocrx_word' id='word_1_739' title='bbox 370 2755 396 2778; x_wconf 83' lang='lat' dir='ltr'><strong>et</strong></span> <span class='ocrx_word' id='word_1_740' title='bbox 433 2751 530 2778; x_wconf 75' lang='lat' dir='ltr'><strong>sudore</strong></span> <span class='ocrx_word' id='word_1_741' title='bbox 568 2758 649 2778; x_wconf 78' lang='lat' dir='ltr'><strong>caret.</strong></span> <span class='ocrx_word' id='word_1_742' title='bbox 668 2766 703 2771; x_wconf 89' lang='lat'><strong><em>—</em></strong></span> <span class='ocrx_word' id='word_1_743' title='bbox 726 2751 810 2778; x_wconf 89' lang='lat' dir='ltr'><strong>Idem.</strong></span> <span class='ocrx_word' id='word_1_744' title='bbox 846 2752 945 2786; x_wconf 79' lang='lat' dir='ltr'><strong>Aﬂ&#39;ectu</strong></span> <span class='ocrx_word' id='word_1_745' title='bbox 981 2753 1050 2780; x_wconf 80' lang='lat' dir='ltr'><strong>enim</strong></span> 
     </span>
    </p>
   </div>
   <div class='ocr_carea' id='block_1_108' title="bbox 265 2785 1051 2822">
    <p class='ocr_par' dir='ltr' id='par_1_108' title="bbox 265 2785 1051 2822">
     <span class='ocr_line' id='line_1_108' title="bbox 265 2785 1051 2822; baseline 0 -8"><span class='ocrx_word' id='word_1_746' title='bbox 265 2787 360 2818; x_wconf 84' lang='lat' dir='ltr'><strong>animi,</strong></span> <span class='ocrx_word' id='word_1_747' title='bbox 376 2795 427 2822; x_wconf 80' lang='lat' dir='ltr'><strong>non</strong></span> <span class='ocrx_word' id='word_1_748' title='bbox 445 2794 567 2813; x_wconf 71' lang='lat' dir='ltr'><strong>mensura</strong></span> <span class='ocrx_word' id='word_1_749' title='bbox 583 2785 753 2820; x_wconf 82' lang='lat' dir='ltr'><strong>facultatum,</strong></span> <span class='ocrx_word' id='word_1_750' title='bbox 769 2785 918 2822; x_wconf 74' lang='lat' dir='ltr'><strong>penuriam,</strong></span> <span class='ocrx_word' id='word_1_751' title='bbox 933 2791 957 2813; x_wconf 84' lang='lat' dir='ltr'><strong>et</strong></span> <span class='ocrx_word' id='word_1_752' title='bbox 966 2788 1051 2814; x_wconf 83' lang='lat' dir='ltr'><strong>abun-</strong></span> 
     </span>
    </p>
   </div>
   <div class='ocr_carea' id='block_1_109' title="bbox 265 2821 1052 2858">
    <p class='ocr_par' dir='ltr' id='par_1_109' title="bbox 265 2821 1052 2858">
     <span class='ocr_line' id='line_1_109' title="bbox 265 2821 1052 2858; baseline 0 -9"><span class='ocrx_word' id='word_1_753' title='bbox 265 2823 386 2858; x_wconf 72' lang='lat' dir='ltr'><strong>dentiam</strong></span> <span class='ocrx_word' id='word_1_754' title='bbox 408 2821 530 2858; x_wconf 56' lang='lat' dir='ltr'><strong>judicare</strong></span> <span class='ocrx_word' id='word_1_755' title='bbox 557 2822 746 2848; x_wconf 73' lang='lat' dir='ltr'><strong>consuevimus.</strong></span> <span class='ocrx_word' id='word_1_756' title='bbox 778 2821 858 2848; x_wconf 83' lang='lat' dir='ltr'><strong>Multi</strong></span> <span class='ocrx_word' id='word_1_757' title='bbox 880 2830 994 2858; x_wconf 83' lang='lat' dir='ltr'><strong>namque</strong></span> <span class='ocrx_word' id='word_1_758' title='bbox 1020 2824 1052 2850; x_wconf 85' lang='lat' dir='ltr'><strong>de</strong></span> 
     </span>
    </p>
   </div>
   <div class='ocr_carea' id='block_1_110' title="bbox 266 2856 1052 2892">
    <p class='ocr_par' dir='ltr' id='par_1_110' title="bbox 266 2856 1052 2892">
     <span class='ocr_line' id='line_1_110' title="bbox 266 2856 1052 2892; baseline 0.003 -9"><span class='ocrx_word' id='word_1_759' title='bbox 266 2857 356 2884; x_wconf 77' lang='lat' dir='ltr'><strong>multis</strong></span> <span class='ocrx_word' id='word_1_760' title='bbox 371 2864 456 2890; x_wconf 84' lang='lat' dir='ltr'><strong>pauca</strong></span> <span class='ocrx_word' id='word_1_761' title='bbox 473 2856 624 2892; x_wconf 84' lang='lat' dir='ltr'><strong>largiuntur</strong></span> <span class='ocrx_word' id='word_1_762' title='bbox 641 2865 648 2882; x_wconf 95' lang='lat'><em>:</em></span> <span class='ocrx_word' id='word_1_763' title='bbox 667 2865 712 2883; x_wconf 82' lang='lat' dir='ltr'><strong>nec</strong></span> <span class='ocrx_word' id='word_1_764' title='bbox 728 2857 784 2884; x_wconf 87' lang='lat' dir='ltr'><strong>dati</strong></span> <span class='ocrx_word' id='word_1_765' title='bbox 811 2858 895 2892; x_wconf 80' lang='lat' dir='ltr'><strong>copia.</strong></span> <span class='ocrx_word' id='word_1_766' title='bbox 912 2856 957 2884; x_wconf 78' lang='lat' dir='ltr'><strong>sed</strong></span> <span class='ocrx_word' id='word_1_767' title='bbox 984 2858 1052 2885; x_wconf 80' lang='lat' dir='ltr'><strong>dan-</strong></span> 
     </span>
    </p>
   </div>
   <div class='ocr_carea' id='block_1_111' title="bbox 267 2891 1051 2928">
    <p class='ocr_par' dir='ltr' id='par_1_111' title="bbox 267 2891 1051 2928">
     <span class='ocr_line' id='line_1_111' title="bbox 267 2891 1051 2928; baseline 0.001 -9"><span class='ocrx_word' id='word_1_768' title='bbox 267 2892 427 2928; x_wconf 39' lang='lat' dir='ltr'><strong>tium‘rnens</strong></span> <span class='ocrx_word' id='word_1_769' title='bbox 440 2891 651 2928; x_wconf 23' lang='lat' dir='ltr'><strong>talis.’aut»lalis</strong></span> <span class='ocrx_word' id='word_1_770' title='bbox 671 2893 815 2924; x_wconf 84' lang='lat' dir='ltr'><strong>iudicatur,</strong></span> <span class='ocrx_word' id='word_1_771' title='bbox 842 2893 1051 2928; x_wconf 65' lang='lat' dir='ltr'><strong>restituaturque.</strong></span> 
     </span>
    </p>
   </div>
   <div class='ocr_carea' id='block_1_112' title="bbox 303 2925 1050 2963">
    <p class='ocr_par' dir='ltr' id='par_1_112' title="bbox 303 2925 1050 2963">
     <span class='ocr_line' id='line_1_112' title="bbox 303 2925 1050 2963; baseline 0.001 -9"><span class='ocrx_word' id='word_1_772' title='bbox 303 2929 320 2939; x_wconf 93' lang='lat'><em>&quot;</em></span> <span class='ocrx_word' id='word_1_773' title='bbox 334 2925 535 2955; x_wconf 87' lang='lat' dir='ltr'><strong>Theodorctus.</strong></span> <span class='ocrx_word' id='word_1_774' title='bbox 557 2926 618 2954; x_wconf 82' lang='lat' dir='ltr'><strong>Non</strong></span> <span class='ocrx_word' id='word_1_775' title='bbox 639 2927 715 2963; x_wconf 81' lang='lat' dir='ltr'><strong>quasi</strong></span> <span class='ocrx_word' id='word_1_776' title='bbox 740 2929 820 2954; x_wconf 83' lang='lat' dir='ltr'><strong>odore</strong></span> <span class='ocrx_word' id='word_1_777' title='bbox 837 2927 980 2955; x_wconf 77' lang='lat' dir='ltr'><strong>delectatus</strong></span> <span class='ocrx_word' id='word_1_778' title='bbox 996 2925 1050 2955; x_wconf 63' lang='lat' dir='ltr'><strong>su.-</strong></span> 
     </span>
    </p>
   </div>
   <div class='ocr_carea' id='block_1_113' title="bbox 1110 2568 1896 2607">
    <p class='ocr_par' dir='ltr' id='par_1_113' title="bbox 1110 2568 1896 2607">
     <span class='ocr_line' id='line_1_113' title="bbox 1110 2568 1896 2607; baseline -0.015 -2"><span class='ocrx_word' id='word_1_779' title='bbox 1110 2578 1208 2605; x_wconf 77' lang='lat' dir='ltr'><strong>ossibus</strong></span> <span class='ocrx_word' id='word_1_780' title='bbox 1223 2577 1291 2603; x_wconf 86' lang='lat' dir='ltr'><strong>enim</strong></span> <span class='ocrx_word' id='word_1_781' title='bbox 1308 2575 1431 2602; x_wconf 81' lang='lat' dir='ltr'><strong>ustulatis</strong></span> <span class='ocrx_word' id='word_1_782' title='bbox 1459 2573 1524 2600; x_wconf 81' lang='lat' dir='ltr'><strong>nihil</strong></span> <span class='ocrx_word' id='word_1_783' title='bbox 1539 2570 1752 2607; x_wconf 81' lang='lat' dir='ltr'><strong>graveolentitts:</strong></span> <span class='ocrx_word' id='word_1_784' title='bbox 1770 2568 1816 2595; x_wconf 75' lang='lat' dir='ltr'><strong>sed</strong></span> <span class='ocrx_word' id='word_1_785' title='bbox 1836 2568 1896 2607; x_wconf 75' lang='lat' dir='ltr'><strong>ani-</strong></span> 
     </span>
    </p>
   </div>
   <div class='ocr_carea' id='block_1_114' title="bbox 1109 2604 1896 2647">
    <p class='ocr_par' dir='ltr' id='par_1_114' title="bbox 1109 2604 1896 2647">
     <span class='ocr_line' id='line_1_114' title="bbox 1109 2604 1896 2647; baseline -0.014 -8"><span class='ocrx_word' id='word_1_786' title='bbox 1109 2604 1181 2640; x_wconf 70' lang='lat' dir='ltr'><strong>rnum</strong></span> <span class='ocrx_word' id='word_1_787' title='bbox 1195 2611 1324 2647; x_wconf 66' lang='lat' dir='ltr'><strong>offerentis</strong></span> <span class='ocrx_word' id='word_1_788' title='bbox 1335 2610 1464 2647; x_wconf 71' lang='lat' dir='ltr'><strong>laudauit.</strong></span> <span class='ocrx_word' id='word_1_789' title='bbox 1478 2608 1532 2647; x_wconf 68' lang='lat' dir='ltr'><strong>Nec</strong></span> <span class='ocrx_word' id='word_1_790' title='bbox 1539 2604 1618 2634; x_wconf 69' lang='lat' dir='ltr'><strong>~enim</strong></span> <span class='ocrx_word' id='word_1_791' title='bbox 1636 2612 1762 2639; x_wconf 83' lang='lat' dir='ltr'><strong>corporea</strong></span> <span class='ocrx_word' id='word_1_792' title='bbox 1780 2604 1896 2647; x_wconf 46' lang='lat' dir='ltr'><strong>mem‘brra</strong></span> 
     </span>
    </p>
   </div>
   <div class='ocr_carea' id='block_1_115' title="bbox 1107 2638 1897 2689">
    <p class='ocr_par' dir='ltr' id='par_1_115' title="bbox 1107 2638 1897 2689">
     <span class='ocr_line' id='line_1_115' title="bbox 1107 2638 1897 2689; baseline -0.013 -15"><span class='ocrx_word' id='word_1_793' title='bbox 1107 2638 1194 2689; x_wconf 37' lang='lat' dir='ltr'><strong>illa,</strong></span> <span class='ocrx_word' id='word_1_794' title='bbox 1209 2638 1238 2673; x_wconf 75' lang='lat' dir='ltr'><strong>iit</strong></span> <span class='ocrx_word' id='word_1_795' title='bbox 1262 2650 1285 2673; x_wconf 86' lang='lat' dir='ltr'><strong>et</strong></span> <span class='ocrx_word' id='word_1_796' title='bbox 1306 2654 1383 2672; x_wconf 71' lang='lat' dir='ltr'><strong>nares</strong></span> <span class='ocrx_word' id='word_1_797' title='bbox 1403 2646 1426 2672; x_wconf 84' lang='lat' dir='ltr'><strong>ei</strong></span> <span class='ocrx_word' id='word_1_798' title='bbox 1448 2644 1635 2675; x_wconf 83' lang='lat' dir='ltr'><strong>attribnamus,</strong></span> <span class='ocrx_word' id='word_1_799' title='bbox 1663 2638 1709 2676; x_wconf 75' lang='lat' dir='ltr'><strong>per</strong></span> <span class='ocrx_word' id='word_1_800' title='bbox 1732 2647 1799 2675; x_wconf 80' lang='lat' dir='ltr'><strong>quas</strong></span> <span class='ocrx_word' id='word_1_801' title='bbox 1829 2638 1897 2673; x_wconf 80' lang='lat' dir='ltr'><strong>olfa-</strong></span> 
     </span>
    </p>
   </div>
   <div class='ocr_carea' id='block_1_116' title="bbox 1106 2691 1896 2749">
    <p class='ocr_par' dir='ltr' id='par_1_116' title="bbox 1106 2691 1896 2749">
     <span class='ocr_line' id='line_1_116' title="bbox 1106 2691 1199 2709; baseline 0 0"><span class='ocrx_word' id='word_1_802' title='bbox 1106 2692 1128 2709; x_wconf 76' lang='grc' dir='ltr'>ει</span> <span class='ocrx_word' id='word_1_803' title='bbox 1159 2691 1199 2709; x_wconf 82' lang='lat' dir='ltr'><strong>us.</strong></span> 
     </span>
     <span class='ocr_line' id='line_1_117' title="bbox 1131 2692 1896 2749; baseline -0.014 -5"><span class='ocrx_word' id='word_1_804' title='bbox 1131 2692 1199 2745; x_wconf 76' lang='lat' dir='ltr'><strong>mNon</strong></span> <span class='ocrx_word' id='word_1_805' title='bbox 1213 2720 1337 2743; x_wconf 84' lang='lat' dir='ltr'><strong>naturam</strong></span> <span class='ocrx_word' id='word_1_806' title='bbox 1351 2713 1568 2749; x_wconf 36' lang='lat' dir='ltr'><strong>munerumtsed</strong></span> <span class='ocrx_word' id='word_1_807' title='bbox 1584 2710 1750 2749; x_wconf 41' lang='lat' dir='ltr'><strong>propositum.</strong></span> <span class='ocrx_word' id='word_1_808' title='bbox 1762 2712 1896 2749; x_wconf 52' lang='lat' dir='ltr'><strong>mentem-</strong></span> 
     </span>
    </p>
   </div>
   <div class='ocr_carea' id='block_1_117' title="bbox 1104 2743 1898 2795">
    <p class='ocr_par' dir='ltr' id='par_1_117' title="bbox 1104 2743 1898 2795">
     <span class='ocr_line' id='line_1_118' title="bbox 1104 2743 1898 2795; baseline -0.015 -15"><span class='ocrx_word' id='word_1_809' title='bbox 1104 2743 1345 2795; x_wconf 24' lang='lat' dir='ltr'><strong>quejoﬂ&#39;erenlium</strong></span> <span class='ocrx_word' id='word_1_810' title='bbox 1374 2751 1476 2777; x_wconf 79' lang='lat' dir='ltr'><strong>intuens</strong></span> <span class='ocrx_word' id='word_1_811' title='bbox 1495 2743 1589 2781; x_wconf 41' lang='lat' dir='ltr'><strong>Deus;</strong></span> <span class='ocrx_word' id='word_1_812' title='bbox 1604 2743 1642 2774; x_wconf 73' lang='lat' dir='ltr'><strong>ita</strong></span> <span class='ocrx_word' id='word_1_813' title='bbox 1666 2746 1698 2772; x_wconf 85' lang='lat' dir='ltr'><strong>de</strong></span> <span class='ocrx_word' id='word_1_814' title='bbox 1722 2743 1898 2771; x_wconf 69' lang='lat' dir='ltr'><strong>oblationibus</strong></span> 
     </span>
    </p>
   </div>
   <div class='ocr_carea' id='block_1_118' title="bbox 1102 2791 1898 2860">
    <p class='ocr_par' dir='ltr' id='par_1_118' title="bbox 1102 2791 1898 2860">
     <span class='ocr_line' id='line_1_119' title="bbox 1102 2791 1898 2860; baseline -0.015 -9"><span class='ocrx_word' id='word_1_815' title='bbox 1102 2791 1333 2858; x_wconf 46' lang='lat' dir='ltr'><strong>Juqlfuéhrysost.</strong></span> <span class='ocrx_word' id='word_1_816' title='bbox 1358 2820 1560 2860; x_wconf 60' lang='lat' dir='ltr'><strong>Virumjustuin</strong></span> <span class='ocrx_word' id='word_1_817' title='bbox 1576 2825 1634 2844; x_wconf 85' lang='lat' dir='ltr'><strong>eum</strong></span> <span class='ocrx_word' id='word_1_818' title='bbox 1647 2817 1768 2860; x_wconf 57' lang='lat' dir='ltr'><strong>dicimus,</strong></span> <span class='ocrx_word' id='word_1_819' title='bbox 1786 2822 1838 2841; x_wconf 83' lang='lat' dir='ltr'><strong>non</strong></span> 
     </span>
    </p>
   </div>
   <div class='ocr_carea' id='block_1_119' title="bbox 1107 2848 1896 2891">
    <p class='ocr_par' dir='ltr' id='par_1_119' title="bbox 1107 2848 1896 2891">
     <span class='ocr_line' id='line_1_120' title="bbox 1107 2848 1896 2891; baseline -0.015 -5"><span class='ocrx_word' id='word_1_820' title='bbox 1107 2848 1334 2887; x_wconf 44' lang='lat' dir='ltr'><strong>ttnantvrilidrtarn.</strong></span> <span class='ocrx_word' id='word_1_821' title='bbox 1351 2857 1396 2884; x_wconf 80' lang='lat' dir='ltr'><strong>sed</strong></span> <span class='ocrx_word' id='word_1_822' title='bbox 1417 2848 1465 2891; x_wconf 78' lang='lat' dir='ltr'><strong>qui</strong></span> <span class='ocrx_word' id='word_1_823' title='bbox 1494 2854 1630 2882; x_wconf 76' lang='lat' dir='ltr'><strong>universas</strong></span> <span class='ocrx_word' id='word_1_824' title='bbox 1655 2852 1765 2878; x_wconf 77' lang='lat' dir='ltr'><strong>virtutes</strong></span> <span class='ocrx_word' id='word_1_825' title='bbox 1781 2848 1896 2885; x_wconf 74' lang='lat' dir='ltr'><strong>comple-</strong></span> 
     </span>
    </p>
   </div>
   <div class='ocr_carea' id='block_1_120' title="bbox 1108 2898 1207 2922">
    <p class='ocr_par' dir='ltr' id='par_1_120' title="bbox 1108 2898 1207 2922">
     <span class='ocr_line' id='line_1_121' title="bbox 1108 2898 1207 2922; baseline -0.01 0"><span class='ocrx_word' id='word_1_826' title='bbox 1108 2898 1207 2922; x_wconf 70' lang='lat' dir='ltr'><strong>claim.</strong></span> 
     </span>
    </p>
   </div>
  </div>
