2034 3153
147 210 197 242 729

148 313 226 341 fuerit
243 312 263 339 θ.

182 359 228 386 His
241 358 374 392 placatur,
389 357 432 385 his
455 357 540 388 favet,
555 356 600 384 his
628 355 740 391 gaudet,
756 362 805 382 seu
831 355 934 386 minus,

147 413 193 434 seu
217 405 305 439 majus
323 403 459 439 quispiam
488 402 630 435 obtulerit,
651 409 702 429 seu
734 401 858 432 obolum.
886 408 935 428 seu

149 452 292 483 minutum,
319 458 366 477 seu
396 457 478 477 ovum
505 449 647 480 duntaxat,
671 455 720 476 seu
747 454 856 482 panem,
887 453 936 473 seu

149 496 259 524 calicem
289 503 367 530 aqum
393 494 499 529 frigidae
529 494 602 529 (nam
622 497 650 520 et
675 493 758 528 hujus
793 491 936 526 Scriptura

148 543 271 571 meminit
287 542 320 575 ³⁷)
341 549 388 568 seu
409 545 514 568 vestem
531 540 717 571 veterrimam,
742 542 790 565 aut
818 538 936 564 laceram

148 589 180 616 ad
193 592 392 623 tegumentum,
409 590 456 614 aut
473 593 558 620 cape,
573 585 725 616 autalium,
740 589 788 612 aut
801 584 936 620 intybum,

149 640 193 663 aut
203 634 316 662 herbam
331 633 463 667 aliquam,
478 636 526 659 aut
537 631 610 659 aliud
620 632 760 666 quippiam
772 631 936 658 vilissimum

148 680 217 716 quod
242 680 306 714 quis
336 678 530 705 nominaverit.
560 677 677 704 Animus
703 681 731 703 et
758 676 843 703 animi
867 676 938 703 bona

149 726 274 753 voluntas
290 725 316 751 in
336 724 378 751 his
393 724 473 758 plane
495 723 578 758 judex
594 728 636 750 est
661 731 668 749 :
686 722 754 749 citra
771 722 938 748 voluntatem

150 771 378 804 all’ectionemque
390 769 522 804 optimam
533 769 635 796 donum
645 776 695 803 per
704 775 733 795 se
748 767 815 794 nihil
826 767 896 794 valet

186 817 257 850 Quid
275 823 325 850 ego
337 815 438 843 donum
456 822 579 842 memoro
592 815 604 841 ἳ
616 814 698 842 Solus
715 820 805 840 sermo
829 811 938 840 suﬁicit.

152 863 228 891 Sicut
241 863 315 890 enim
333 870 378 889 ros
393 862 552 896 frequenter
566 865 661 888 astum
686 859 781 887 sedat:
800 859 835 885 ita
851 865 942 886 sermo

152 908 277 936 roscidus
292 916 341 936 cor
364 911 482 935 aestuans
511 907 664 942 refrigerat.
692 905 800 932 Etenim
826 911 940 939 parvum

151 955 301 990 quippiam,
315 959 342 981 et
359 953 495 980 modicum
512 952 584 980 haud
611 956 654 979 est
672 951 823 982 modicum,
840 950 862 976 si
879 954 940 976 tan-

153 1001 293 1028 tummodo
313 1008 361 1034 pro
374 999 446 1027 virili
463 999 508 1026 fiat
528 1007 535 1025 :
560 998 608 1026 sed
631 998 711 1033 longe
737 996 898 1025 maximum,
915 999 943 1022 et

155 1046 303 1080 optimum,
324 1045 437 1079 Deoque
450 1044 593 1079 placitum.
616 1043 684 1070 Nam
700 1043 726 1068 in
750 1041 834 1068 rebus
848 1040 945 1066 huma-

153 1092 196 1119 nis
209 1091 325 1119 facultas
343 1096 371 1118 et
399 1091 524 1118 voluntas
549 1088 775 1124 frequentissime
803 1087 831 1114 in
846 1086 944 1114 eodem

153 1146 210 1166 non
223 1141 409 1166 concurrunt:
427 1135 578 1171 praesertim
591 1135 619 1162 in
633 1134 801 1170 pauperibus
816 1141 848 1160 ac
857 1131 946 1160 tenui-

154 1185 219 1216 bus,
237 1184 340 1219 quibus
356 1182 462 1217 exiguae
475 1187 540 1209 sunt
556 1181 652 1216 copim.
668 1181 697 1208 ln
714 1181 758 1208 his
780 1180 853 1207 enim
876 1179 945 1206 alte-

154 1239 228 1263 rum,
258 1231 328 1258 velle
348 1230 473 1257 fortassis
494 1230 565 1257 inest
586 1238 593 1255 ε
610 1228 658 1256 sed
688 1235 779 1263 posse,
797 1231 826 1253 et
856 1225 946 1253 facere

156 1285 212 1304 non
228 1281 280 1308 est,
301 1276 435 1309 Quocirca
460 1276 534 1303 solus
562 1274 680 1304 animus,
704 1277 730 1300 et
758 1272 895 1302 voluntas,
919 1273 948 1297 et

156 1323 246 1350 oratio
264 1323 336 1357 inepi
370 1322 547 1353 subveniunt,
560 1325 588 1348 et
604 1319 759 1347 mercedem
774 1323 948 1351 consequun-

158 1375 215 1397 tur.
230 1369 259 1397 In
277 1369 462 1403 locupletibus
488 1372 590 1398 autem,
607 1371 637 1393 et
654 1365 748 1400 probis
771 1363 906 1393 voluntas,
921 1365 948 1388 et

158 1416 274 1443 facultas
290 1415 408 1443 feliciter
427 1414 604 1448 respondent.
619 1412 672 1445 Qui
693 1411 778 1446 igitur
792 1417 842 1444 pro
857 1408 948 1435 recula

159 1470 207 1490 sua
234 1463 290 1490 Deo
313 1469 413 1489 munus
439 1460 588 1488 saeraverit
603 1477 610 1490 ,
646 1457 669 1485 is
688 1457 716 1484 in
742 1457 842 1484 cmlum
862 1460 949 1489 usque

160 1508 293 1540 ascendit,
319 1507 392 1542 quod
423 1507 540 1534 duarum
577 1504 733 1536 viduarum,
771 1503 853 1530 unius
893 1501 949 1528 duo

160 1555 277 1587 minuta,
293 1553 406 1581 alterius
421 1553 508 1580 farina
527 1551 677 1579 ostendunt

193 1600 262 1627 Nam
279 1600 323 1626 illa
339 1599 395 1626 duo
424 1598 511 1628 dedit.
525 1601 553 1625 et
581 1596 752 1631 Sarephtana
773 1595 846 1630 quod
875 1594 950 1621 dedit

161 1646 230 1673 nihil
248 1650 348 1681 praeter
373 1645 505 1672 farinam:
522 1644 578 1671 imo
595 1646 688 1680 potius
713 1643 832 1679 pugillus
857 1641 950 1669 farinae

160 1692 222 1724 fuit,
239 1696 334 1727 utpote
349 1699 410 1727 quae
422 1698 536 1726 pauper,
552 1695 580 1718 et
596 1691 688 1726 priore
707 1690 752 1717 illa
778 1689 859 1716 etiam
882 1695 951 1723 pau-

161 1739 256 1774 perior
272 1744 362 1767 esset:
381 1739 490 1767 tametsi
514 1740 601 1765 ambat
614 1737 710 1764 eadem
735 1739 837 1767 mente,
853 1734 951 1762 volun-

163 1790 275 1820 lateque
292 1785 464 1818 obtulerunt,
490 1792 544 1819 qua
567 1784 643 1811 viros
656 1787 684 1810 et
712 1781 830 1810 feminas
855 1787 953 1808 omnes

163 1835 224 1866 post
242 1838 273 1858 se
288 1831 471 1865 reliquerunt.
494 1830 533 1858 Ne
547 1830 648 1857 frustra
676 1829 770 1863 igitur,
789 1835 823 1854 ne
850 1827 953 1854 frustra

165 1881 190 1904 te
205 1885 318 1905 excusa.
336 1877 404 1904 Nam
429 1877 476 1912 qui
504 1885 619 1912 prorsus
648 1878 757 1910 nolunt,
786 1885 841 1904 non
861 1881 954 1904 autem

163 1922 210 1956 qui
226 1930 284 1949 non
300 1926 426 1956 possunt,
443 1922 548 1949 cmlesti
560 1923 646 1957 gloria
674 1922 867 1958 privabuntur,
880 1920 955 1955 quod

164 1976 197 1996 ex
214 1973 281 1996 ante
294 1969 375 1996 dictis
390 1968 566 2004 perspicuum
578 1969 676 2000 evasit,
696 1969 816 2003 satisque
828 1968 861 1995 ad
876 1967 955 1994 ﬁdem

166 2016 387 2043 demonstratum
411 2019 439 2042 et
454 2015 645 2041 confirmatum
669 2019 720 2041 est.
745 2014 802 2041 lloe
817 2013 957 2040 nihilomi-

168 2070 230 2095 nus,
261 2067 291 2089 ut
317 2062 367 2089 tibi
394 2061 540 2097 gratiﬁcet,
566 2067 712 2096 apponam.
733 2059 912 2090 Pharismum,
929 2062 958 2085 et

169 2108 349 2143 publicanum
374 2111 475 2134 norunt
491 2114 596 2137 omnes,
613 2113 628 2133 e
646 2105 747 2140 quibus
770 2104 814 2131 ille
842 2104 958 2131 virtutes

168 2162 232 2181 suas
248 2155 376 2189 jactavit:
395 2153 439 2180 hic
450 2153 476 2180 in
493 2153 648 2180 humilitate
661 2151 752 2179 cordis
766 2155 863 2186 pectus
877 2158 957 2177 suum

169 2201 340 2228 verberavit.
358 2200 431 2227 Deus
448 2204 549 2231 autem,
568 2198 758 2225 humiliantem
775 2205 804 2224 se
820 2196 957 2232 probavit,

168 2247 325 2283 iactantiam
341 2251 368 2274 et
384 2245 582 2281 iactabundum
599 2245 695 2279 rejecit
707 2245 761 2271 ““⁴.

205 2293 272 2328 Age,
285 2280 394 2320 rursum
423 2299 504 2327 quam
527 2290 709 2318 attentissime
724 2294 802 2325 potes
827 2290 960 2317 ausculta.
979 2280 1001 2307 ι)

170 2338 275 2374 Exigua
291 2338 317 2365 in
333 2337 424 2373 parvis
440 2342 468 2365 et
484 2337 598 2369 vilibus,
625 2343 722 2370 magna
739 2336 767 2363 in
796 2335 917 2369 eximiis,
933 2341 961 2363 et

207 2407 228 2422 "
244 2406 340 2434 Matth.
355 2415 383 2440 x,
397 2408 410 2435 'l
423 2414 500 2443 seqq.
535 2406 557 2423 ³⁸
572 2405 668 2433 Matth.
684 2413 729 2438 xx,
745 2405 789 2433 16.

879 204 1055 237 DIOPTRA.

147 266 270 295 omnibus
293 264 478 300 amplectitur,
494 264 551 293 sive
562 271 670 300 pauper
694 262 766 298 quis,
783 263 841 291 sive
858 263 935 290 dives
948 262 972 292 Δ
987 263 1180 297 praestantibus
1192 267 1384 291 numerantur.
1399 262 1453 290 Sed
1475 270 1536 297 qua:
1561 269 1657 297 magna
1675 262 1772 290 inerti-

828 2405 849 2421 "
861 2405 957 2433 Matth.
975 2413 1031 2438 xix,
1047 2404 1092 2431 ‘25.

1707 207 1760 238 ’ΠΟ

985 310 1038 338 bus
1053 309 1192 341 videntur,
1204 316 1236 336 ea
1250 316 1264 336 a
1284 307 1416 336 studiosis
1438 312 1466 335 et
1482 307 1659 342 diligentibus
1674 307 1772 342 exigua

985 361 1014 384 et
1034 356 1142 390 abjecta
1165 355 1320 387 habentur;
1337 353 1569 388 quemadmodum
1588 352 1773 387 disputatione

986 405 1080 428 nostra
1105 401 1193 428 fusius
1216 401 1390 435 explanatum
1414 403 1466 427 est.
1491 398 1576 426 Porro
1591 398 1618 425 in
1633 397 1736 426 erratis
1747 402 1775 424 et

986 448 1111 482 lapsibus
1128 447 1229 474 nostris
1248 446 1328 474 aliter
1343 454 1371 474 se
1383 446 1466 473 habet
1481 445 1585 480 opinio.
1598 444 1686 471 Exilia
1700 444 1775 471 enim

987 500 1015 522 et
1031 502 1113 530 parva
1129 493 1201 527 apud
1221 493 1295 520 viros
1315 492 1452 527 perfectos
1470 499 1523 518 non
1539 495 1614 522 sunt,
1629 497 1681 517 nec
1702 490 1776 517 acsti-

987 546 1098 568 mantur
1112 548 1207 575 parva.
1227 540 1261 567 Et
1275 540 1404 570 vicissim,
1429 546 1490 573 quae
1508 537 1661 572 imperfecti
1680 543 1777 570 magna

989 592 1112 620 censent,
1133 595 1165 615 ea
1186 587 1255 614 levis
1278 586 1419 617 momenti,
1445 589 1471 611 et
1491 583 1651 611 tenuissima
1679 582 1713 608 ab
1730 582 1778 608 illo

987 635 1157 672 judicantur,
1183 633 1229 668 qui
1255 632 1386 667 perspicit
1409 636 1435 658 et
1460 638 1522 658 cum
1542 629 1648 664 iustitia
1674 628 1778 663 judicat

990 681 1091 710 omnia.
1114 680 1154 707 Ad
1171 680 1228 706 ha'c
1241 678 1293 705 alia
1308 679 1385 704 boum
1400 676 1456 711 spei
1473 676 1552 710 plena
1569 675 1631 701 audi
1645 683 1652 701 :
1670 683 1678 699 ‹
1693 673 1777 700 Primi

990 728 1063 755 enim
1076 730 1159 753 erunt
1189 723 1329 751 novissimi
1349 732 1357 748 ι
1384 726 1411 749 et
1426 731 1441 748 e
1461 720 1610 752 contrario,
1634 729 1643 745 ε
1661 719 1779 746 n0vissi-

991 774 1027 801 mi
1041 771 1163 808 primi".
1181 781 1191 797 ι
1203 770 1318 804 Quando
1333 769 1406 796 enim
1419 768 1537 803 iuvenis,
1553 767 1647 801 jussus
1665 765 1779 791 facultao

993 824 1033 847 tes
1049 825 1112 845 suas
1142 817 1169 844 iu
1198 823 1333 851 pauperes
1357 813 1534 844 distribuere,
1548 812 1570 839 si
1594 811 1779 838 htereditatem

993 866 1132 893 etelestetn
1152 863 1239 894 adire,
1255 866 1283 888 et
1300 860 1438 896 perfectus
1455 859 1572 886 evadere
1606 857 1698 889 vellet,
1724 864 1781 882 ma-

993 913 1079 948 jorem
1099 910 1191 937 animo
1212 908 1350 935 tristitiam
1367 906 1501 940 concepit,
1514 905 1553 932 sic
1570 904 1701 931 adversus
1717 909 1781 929 eum

992 958 1026 985 ad
1044 960 1167 984 astantes
1179 955 1288 982 locutus
1313 958 1356 980 est
1371 951 1522 978 Dominus:
1541 960 1549 976 ι
1573 951 1658 983 Quam
1671 948 1782 975 diflicile

993 1004 1092 1032 divites
1104 1001 1246 1030 intrabunt
1261 1000 1288 1026 in
1303 1006 1415 1034 regnum
1433 998 1564 1024 caelorum
1579 996 1601 1011 "
1617 997 1623 1021 l
1645 1004 1654 1020 ›
1670 994 1708 1021 Ad
1723 1000 1783 1027 qua:

994 1050 1058 1076 licet
1071 1045 1287 1077 evidentissima,
1297 1051 1358 1071 cum
1373 1042 1498 1076 discipuli
1510 1041 1678 1076 objicerent:
1692 1047 1701 1064 ‹
1715 1038 1782 1070 Quis

995 1095 1088 1130 igitur,
1111 1091 1250 1127 magister,
1272 1088 1372 1117 salvari
1393 1087 1511 1123 poterit?
1542 1096 1551 1112 ι
1570 1085 1614 1112 ille
1638 1085 1783 1112 confestim

996 1149 1158 1177 responsum
1179 1147 1273 1167 verum
1291 1137 1328 1166 ita
1342 1135 1461 1163 reddidit
1473 1143 1480 1160 :
1492 1133 1576 1166 «Qua:
1603 1130 1781 1166 impossibilia

997 1175 1071 1216 sunt,
1089 1185 1188 1219 inquit,
1204 1183 1276 1218 apud
1297 1181 1436 1211 homines,
1453 1178 1524 1213 apud
1548 1177 1632 1204 Deum
1659 1180 1688 1202 et
1697 1175 1786 1210 possi-

997 1232 1063 1259 bilia
1081 1231 1113 1258 “’.
1136 1234 1186 1257 iet
1213 1229 1313 1261 facilia,
1341 1232 1368 1255 et
1406 1225 1533 1253 facillima
1561 1227 1643 1250 sunt:
1669 1221 1786 1249 Domino

997 1278 1070 1305 enim
1088 1276 1280 1304 universorum
1301 1274 1384 1301 etiam
1398 1272 1527 1299 universa
1543 1274 1606 1297 sunt
1621 1267 1763 1303 possibilia
1777 1275 1784 1293 ι

998 1324 1091 1359 quiet
1116 1321 1206 1349 ordini
1235 1326 1262 1348 et
1293 1319 1399 1354 legibus
1428 1322 1532 1345 natura;
1559 1317 1686 1349 imperat.
1698 1312 1786 1340 Crede

999 1370 1092 1398 verbis
1119 1369 1198 1399 meis,
1229 1375 1280 1395 nec
1295 1366 1414 1401 amplius
1430 1364 1536 1391 dubita.
1548 1362 1610 1390 Sive
1621 1361 1695 1388 enim
1708 1359 1789 1387 Chri-

999 1422 1059 1445 stus
1075 1421 1101 1443 te
1121 1415 1228 1443 sociare
1245 1412 1438 1442 salvandorum
1459 1410 1559 1442 choris,
1579 1409 1636 1436 sive
1654 1413 1788 1434 annume-

999 1471 1061 1490 rare
1093 1460 1259 1497 fulgentibus
1273 1458 1355 1494 justis
1371 1457 1486 1484 voluerit
1499 1455 1580 1490 (sicut
1594 1458 1673 1481 antea
1689 1459 1790 1480 memo-

1001 1509 1134 1539 ravimus,
1151 1507 1223 1534 etde
1248 1505 1382 1540 operariis
1404 1504 1430 1530 in
1457 1502 1549 1532 vinea,
1576 1500 1733 1534 relictisque
1755 1497 1790 1525 ai

1001 1555 1123 1583 sarcinas
1142 1561 1157 1581 a
1169 1552 1272 1581 Davide
1286 1551 1440 1585 exemplum
1457 1547 1621 1582 attulimus),
1637 1551 1667 1573 ut
1680 1546 1792 1580 pelagus

964 1613 985 1642 ρ
1002 1600 1192 1635 benignitatis,
1205 1602 1234 1627 ut
1251 1598 1366 1633 abyssus
1381 1594 1587 1626 misericordiae,
1603 1600 1667 1620 num
1686 1596 1728 1619 est
1742 1591 1789 1626 qui

1003 1647 1138 1674 tantillum
1168 1645 1297 1672 resistere
1322 1649 1439 1670 ausurus
1466 1640 1523 1668 sit?
1541 1649 1550 1665 ι
1573 1640 1646 1666 Deus
1679 1642 1721 1665 est
1745 1637 1792 1671 qui

1000 1693 1145 1731 justiﬁeat,
1168 1691 1230 1726 quis
1253 1694 1295 1718 est
1319 1689 1366 1724 qui
1394 1685 1615 1715 condemnet“?
1635 1694 1644 1709 ι
1661 1683 1794 1710 Dominus

1004 1729 1076 1769 enim
1092 1743 1120 1766 et
1138 1738 1263 1766 conditor
1273 1741 1315 1764 est
1332 1735 1465 1764 omnium,
1486 1738 1514 1760 et
1531 1731 1602 1758 idem
1626 1738 1673 1757 rex
1689 1729 1795 1756 animo-

1005 1795 1065 1814 rum
1078 1791 1161 1819 atque
1179 1789 1338 1818 corporum.
1356 1780 1416 1807 Non
1433 1778 1521 1805 utitur
1533 1775 1718 1804 curatoribus.
1735 1780 1792 1799 nou

1006 1818 1206 1867 provisoribus,
1237 1836 1291 1856 non
1322 1827 1416 1860 aliquo
1445 1823 1548 1850 vicario
1577 1821 1689 1854 indiget.
1709 1818 1795 1851 Quem

1006 1879 1079 1906 enim
1093 1878 1170 1904 timet
1185 1875 1274 1903 Deus?
1291 1873 1382 1901 Gloria
1397 1870 1513 1898 Domino
1529 1874 1601 1898 meo,
1615 1866 1701 1901 gloria
1712 1863 1794 1891 Chri-

1007 1929 1049 1952 sto
1064 1931 1137 1955 meo,
1158 1922 1205 1957 qui
1224 1921 1371 1948 miseretur
1391 1916 1526 1946 omnium,
1541 1919 1569 1941 et
1587 1919 1684 1940 omnes
1708 1910 1797 1937 susci-

1008 1971 1060 2006 pit,
1075 1971 1098 1997 si
1115 1968 1196 1996 modo
1230 1967 1291 2002 quis
1308 1964 1466 1995 accesserit,
1489 1963 1511 1989 si
1529 1961 1611 1988 modo
1637 1957 1798 1994 paenituerit

1009 2025 1056 2044 seu
1073 2016 1118 2043 ille
1129 2014 1262 2045 exoletus,
1282 2020 1329 2040 seu
1354 2010 1488 2042 moechus,
1505 2016 1553 2035 seu
1566 2007 1619 2039 fur,
1634 2013 1682 2033 seu
1706 2003 1798 2039 publi-

1009 2070 1095 2091 canus
1110 2060 1192 2088 fuerit
1203 2060 1268 2085 ““'.

1304 2122 1418 2151 CAPUT
1447 2120 1517 2148 Vlll.

1010 2187 1051 2215 Ad
1066 2183 1247 2221 paenitentiam
1261 2180 1418 2221 cohortatio.
1436 2179 1475 2221 Ald
1491 2175 1612 2221 tribunal
1623 2173 1801 2221 Clt‘r-istijudi-

1098 2221 1136 2247 cis
1158 2219 1283 2246 adversus
1299 2216 1419 2243 scelestos
1443 2212 1540 2240 diaboli
1562 2212 1705 2238 accusatio.

1052 2289 1149 2316 Arum.
1168 2287 1257 2314 Bonas
1271 2283 1337 2310 mihi
1366 2289 1429 2317 spes
1454 2280 1583 2316 iniecisti,
1612 2286 1708 2313 meque
1725 2277 1801 2304 (lt-Ie-

1017 2335 1108 2362 ctasti.

1137 2403 1160 2419 ⁸ο
1175 2402 1244 2430 Ibid.
1260 2400 1389 2433 xxiv,25.
1410 2399 1431 2415 “
1446 2399 1527 2426 Rom.
1540 2396 1656 2428 “11,53.

910 2474 1051 2506 Scholia.

210 2541 219 2550 ⁶
249 2539 391 2574 Chrysost.
418 2539 476 2567 Non
500 2549 594 2575 parum
622 2544 660 2567 est
691 2539 762 2573 apud
787 2537 882 2570 Deum,
906 2545 958 2575 pro

173 2575 283 2606 viribus,
297 2572 342 2601 sed
360 2583 483 2609 magnum
500 2572 635 2609 quiddam.
650 2580 673 2602 et
686 2572 728 2601 illi
752 2577 869 2609 gratum.
895 2572 960 2599 Alu-

174 2613 257 2638 critas
274 2610 344 2637 enim
357 2609 388 2635 ab
407 2608 518 2642 animo;
535 2610 620 2645 facere
637 2615 726 2636 autem
746 2615 770 2636 et
790 2616 864 2644 posse
883 2617 899 2634 a
920 2608 960 2643 [a-

175 2646 274 2673 cultate
299 2644 481 2680 proﬁciscitur.

213 2678 384 2715 "Cltrvsost.
410 2679 479 2706 Licet
496 2680 575 2710 enim,
601 2680 657 2707 licet
684 2689 716 2707 ex
730 2679 777 2706 Dei
803 2678 963 2713 benignitate

176 2714 356 2752 inexplicabili
372 2716 450 2741 etiam
465 2715 507 2746 iis,
534 2716 578 2749 qui
597 2723 662 2752 opus
690 2724 749 2752 nati
772 2714 962 2752 prwstiterunt,

177 2752 209 2778 de
227 2749 284 2778 sola
297 2752 432 2778 voluntate
446 2758 570 2777 coronam
595 2749 710 2784 auferre.
728 2750 761 2776 Et
777 2749 895 2784 quamvis
912 2757 964 2774 non

178 2787 304 2820 possimus
317 2785 453 2820 opitulari,
468 2785 614 2820 famemque
628 2785 715 2812 dando
727 2784 864 2820 repellere,
876 2788 965 2810 tamen

179 2821 211 2848 de
220 2823 352 2848 voluntate
362 2822 504 2856 perfectam
518 2820 756 2856 remunerationem
766 2827 964 2854 consequemur.

215 2858 248 2868 "'
259 2854 423 2891 Tlteologus.
447 2855 560 2890 Suscipit
587 2860 611 2882 et
630 2854 708 2891 Pauli
721 2855 924 2891 plantatiouem,
939 2857 967 2879 ut

182 2890 270 2921 Pattii.
285 2895 309 2918 et
321 2889 415 2926 Apollo
425 2892 590 2925 rigationem,
609 2895 633 2917 et
649 2890 700 2926 duo
713 2889 800 2926 uidua:
813 2890 928 2926 ntinuta,
942 2892 967 2914 ει

181 2923 355 2954 humilitatem
380 2923 523 2962 publicani,
548 2931 571 2953 et
606 2925 794 2960 confcssiouem
825 2923 966 2950 Munasxw.

1046 2537 1086 2548 ""
1104 2536 1247 2570 Chrysost.
1260 2532 1288 2560 Si
1301 2533 1323 2559 is
1333 2532 1377 2567 qui
1390 2531 1494 2570 t'irtutis
1511 2536 1616 2556 munere
1625 2529 1727 2568 [tt-nctus
1736 2532 1804 2570 erat,

1011 2577 1118 2609 propter
1142 2563 1344 2609 ostentationem
1370 2567 1426 2607 ejus
1451 2566 1566 2606 fructum
1600 2563 1716 2609 ainislit._
1739 2563 1806 2609 quali

1012 2597 1169 2643 supplicium
1198 2605 1350 2643 merebitur,
1379 2597 1426 2636 qui
1449 2597 1476 2627 in
1508 2599 1618 2643 pereatis
1649 2597 1808 2643 allo-riatur?

1049 2632 1240 2668 ΠῆῐΡΙιανὶδαεὶ
1255 2632 1421 2666 διιΙυαιοτὲηι
1432 2632 1653 2670 reprehendebaut
1669 2632 1807 2670 (Martii.

1015 2679 1024 2705 1
1046 2667 1210 2713 seqq.)qtt0t_i
1225 2683 1284 2713 cunt
1300 2672 1445 2713 publicanis
1461 2667 1486 2712 et
1500 2669 1676 2713 peccatoribus
1693 2667 1807 2694 mandu-

1015 2704 1326 2747 caretl;quandoquidem
1341 2709 1382 2734 lca:
1408 2704 1588 2747 {distinguebat
1614 2704 1682 2747 iuch
1703 2711 1808 2747 sqrrum

1015 2753 1039 2775 et
1055 2737 1214 2782 prbﬂtﬁihn:
1229 2737 1537 2782 ignorantcs,_Cltristunt
1566 2747 1645 2782 su'pra
1665 2737 1750 2779 legale
1762 2738 1809 2771 ju-

1016 2774 1114 2810 dic'imn
1128 2774 1419 2814 donassevbcnignitalis
1433 2777 1559 2814 gratiam.
1583 2774 1635 2814 Lex
1653 2775 1721 2814 quint
1752 2780 1808 2798 ma-

1018 2819 1083 2849 lum,
1100 2807 1494 2851 sertipeccatum"exsclndi’bat
1519 2810 1634 2851 {gratia
1713 2807 1809 2851 bonum

1128 2843 1211 2887 Cujus
1238 2851 1369 2887 rcirtestes
1390 2852 1450 2874 sunt
1473 2843 1598 2886 lac/titus
1612 2848 1635 2870 et
1653 2843 1806 2887 dfattltwus,

1018 2893 1042 2915 ct
1056 2880 1180 2924 quotquot
1199 2886 1257 2913 victi
1272 2886 1355 2912 denuo
1369 2886 1522 2919 pugnarunt
1534 2885 1556 2908 ct
1568 2880 1694 2907 vicerunt.
