2034 3153
254 195 306 230 7⁸11

886 204 1055 235 PlllLll‘PI
1079 204 1272 234 SOLITARII

1833 205 1883 237 7.52

288 254 372 283 Cano.
388 256 447 283 Non
465 257 541 285 vides
556 265 624 289 rem,
638 263 666 285 ut
682 263 770 293 potes,
787 268 840 286 non
858 261 954 289 vides:
969 262 1043 289 aliud
1062 269 1080 293 Α
1098 262 1246 289 clamorem
1270 261 1481 291 admirantibus.
1508 270 1561 288 non
1588 261 1660 288 volet
1684 262 1786 296 justam
1813 261 1883 290 ferre

253 302 327 330 enim
345 310 442 330 vereor
466 302 568 335 dicere.
589 312 623 331 ne
640 309 665 332 te
681 305 813 333 audacius
832 306 927 334 videar
950 316 1045 342 repre-

256 348 385 376 hendere.
406 349 580 376 Alacritatem
610 351 736 384 ostende,
763 351 845 379 fidem
867 353 979 385 adhibe,
994 361 1044 381 vo-

255 394 400 426 luntatem,
417 395 593 428 charitatem,
611 403 749 430 spemnon
765 397 888 430 dubiam,
902 399 1043 433 paululum

257 439 284 466 in
300 439 351 466 hac
376 439 430 466 vita
450 440 556 472 labora,
581 445 611 468 et
632 441 790 476 ingentibus
818 443 899 472 bonis
926 446 1043 479 potiere.

257 485 372 517 Desiste,
391 493 405 512 a
431 486 549 520 peccatis
576 488 723 520 prwteritis
740 489 848 524 longius
870 490 973 525 refugo.
991 492 1045 518 Re-

255 538 336 565 guunt
353 531 485 558 canorum
500 537 607 560 exstare
628 534 768 567 audivisti,
785 540 813 562 et
831 535 897 563 illud
916 537 969 571 pati
990 537 1044 565 vim

255 580 337 610 atque
351 577 506 611 ayiolentis
523 582 629 606 tantum
654 581 713 614 rapi
728 582 761 607 δ’.
777 581 862 609 Nemo
878 583 930 611 hoc
953 583 1046 618 ingre-

255 622 338 654 ditur,
353 631 435 650 nemo
460 624 590 657 salvetur,
606 625 634 652 ni
662 626 737 660 prius
759 635 821 654 cum
846 629 1045 657 tentationibus

257 667 385 700 luctatus,
399 668 426 695 ni
441 669 517 703 prius
532 670 672 698 molestias
689 671 853 706 doloresque
870 681 1019 707 perpessus
1035 684 1042 702 :

256 713 392 747 praecipue
408 713 430 740 si
447 713 540 740 illicita
561 715 730 748 perpetravit
747 735 754 742 .
770 715 828 743 Hoc
847 725 901 743 non
929 718 1046 752 ingredi-

257 762 302 784 tur
328 765 421 792 rapax,
443 766 498 785 non
515 758 644 793 injustus,
661 767 716 786 non
731 759 785 792 fur,
804 768 858 787 non
881 761 1043 794 maledicus,

254 810 309 829 non
322 802 457 836 ebriosus,
473 811 527 830 non
543 803 676 836 cinaedus,
700 811 756 831 non
775 813 877 840 corpus
889 814 968 833 suum
979 807 1043 834 libi—

255 848 317 875 dine
335 849 534 882 contaminatis,
553 857 609 876 non
627 850 727 882 mollis,
755 858 808 877 non
830 851 972 886 pestilens,
991 861 1043 880 non

255 894 439 921 masculorum
461 894 635 927 concubitor,
651 903 705 922 non
729 897 890 930 malevolus,
916 906 969 926 non
985 899 1044 926 ido-

1097 309 1272 339 scntcntiam,
1299 308 1345 334 scd
1369 308 1502 334 rationem
1525 307 1707 342 probabilem,
1723 312 1751 334 et
1768 315 1883 336 excusa-

1097 355 1199 382 tionem
1212 358 1325 390 quaeret,
1338 359 1368 381 ut
1384 355 1409 380 in
1421 354 1529 389 judicio
1548 359 1576 381 tu
1591 355 1696 386 vincas_
1714 354 1742 382 Si
1754 355 1838 388 igitur
1856 360 1882 383 tu

1096 408 1206 435 quoque
1222 404 1277 427 tum
1294 399 1396 434 aliquid
1411 400 1498 434 probe
1516 399 1616 427 factum
1629 400 1770 432 habueris,
1787 406 1834 427 aut
1852 402 1882 427 ti-

1097 447 1140 474 dei
1159 447 1241 481 (quod
1263 448 1430 482 praecipuum
1448 448 1500 481 est)
1515 453 1562 474 aut
1584 447 1701 474 actionis
1716 448 1839 482 optimae,
1854 453 1884 475 ut

1096 493 1227 527 quiddam
1243 493 1275 519 ad
1294 493 1481 520 defensionem
1498 496 1746 528 peropportunum,
1765 497 1794 520 et
1805 498 1883 527 opta-

1096 538 1151 565 bile
1172 538 1303 569 obtende.
1328 543 1355 565 et
1377 538 1411 565 ab
1438 539 1493 564 imo
1515 543 1624 572 pectore
1647 538 1769 565 exclama
1795 547 1802 564 :
1822 538 1884 566 hinc

1095 584 1169 610 enim
1183 584 1397 611 miscricordiam
1413 583 1582 619 impetrabis,
1597 588 1625 611 ct
1650 591 1712 611 cum
1731 585 1830 612 ovibus
1850 585 1882 612 ad

1096 629 1237 656 dexteram
1260 630 1452 661 collocaberis,
1473 630 1654 664 manibusque
1677 630 1883 658 sceleratissimi

1097 676 1255 710 impostoris
1271 677 1388 710 eripere.
1411 685 1421 702 (
1437 676 1495 703 Non
1528 676 1555 702 in
1588 684 1669 703 manu
1692 676 1799 710 potenti
1817 677 1850 707 “,
1872 687 1881 703 ι

1097 721 1144 748 sed
1161 722 1187 748 in
1209 722 1410 753 misericordia,
1432 727 1460 748 et
1480 722 1596 757 judicio.
1619 723 1707 756 Atque
1724 722 1789 749 hinc
1810 727 1838 750 et
1851 723 1882 749 ad

1093 767 1213 802 judiccm
1235 769 1321 802 major
1334 768 1436 794 redibit
1456 767 1553 802 gloria,
1572 771 1600 794 et
1623 767 1656 793 ad
1676 772 1701 794 te
1716 767 1787 799 laus,
1803 768 1825 794 si
1840 775 1881 795 sa-

1096 813 1180 840 lutem
1205 821 1388 848 consequere.
1416 813 1484 840 Dum
1515 817 1625 847 tempus
1643 817 1696 844 est,
1722 813 1881 840 contende:

1095 864 1203 894 tempus
1216 859 1259 886 hic
1271 863 1312 886 est
1324 859 1467 893 operandi.
1488 859 1556 886 Dum
1577 866 1606 886 es
1618 858 1645 884 in
1659 858 1711 888 via,
1726 858 1882 889 emendare,

1095 910 1123 933 et
1139 905 1289 932 salvabcre.
1303 905 1406 932 Exerce
1421 905 1563 935 talentum,
1579 912 1644 931 cave
1672 912 1706 931 ne
1719 904 1881 931 defodiatur.

254 939 343 966 lorum
360 940 459 972 cultor,
479 948 560 974 quem
581 949 654 968 mors
677 941 844 970 inevitabilis
861 945 1042 979 comprehen-
1061 937 1080 964 Β
1096 948 1261 976 Thesauriza
1271 948 1319 975 tibi
1329 948 1639 983 virtutes,utinjudicio
1648 948 1882 983 abstemalignum

253 991 313 1010 sum
335 985 464 1020 abripiet,
482 991 510 1013 et
523 985 550 1012 in
570 987 725 1014 recessibus
751 988 900 1016 inferorum
921 991 1042 1019 colloca—

253 1029 305 1060 bit,
320 1030 365 1057 ubi
389 1031 463 1057 nulla
480 1031 589 1065 penitus
605 1037 648 1059 est
665 1033 822 1062 confessio:
840 1035 865 1062 id
889 1036 962 1070 quod
984 1045 1043 1064 tua-

252 1085 324 1111 gnus
354 1077 425 1103 inter
452 1077 577 1106 videntes
603 1078 773 1114 (prophetas)
799 1089 909 1116 quoque
934 1083 1040 1111 scribit.

252 1122 396 1156 Abstergc,
411 1122 473 1150 clue
492 1123 657 1151 delictorum
686 1126 792 1154 sordes.
808 1127 950 1156 Annuntia
968 1136 1044 1156 com-

254 1167 348 1198 missa,
364 1175 398 1194 ne
409 1167 514 1195 diutius
542 1170 623 1197 tacita
651 1171 762 1204 habeto,
777 1177 804 1200 et.
827 1172 900 1208 luge,
917 1178 1041 1209 etgeme,

252 1217 279 1239 et
289 1211 418 1248 lacryma,
439 1219 467 1242 et
487 1215 574 1249 plora,
596 1221 786 1253 quantumque
802 1224 891 1254 potes,
910 1221 937 1248 in
956 1222 1042 1249 salute

251 1259 434 1292 comparanda
448 1260 567 1288 elabora.
581 1261 695 1290 Creator
706 1269 730 1292 te
748 1266 870 1299 paternis
883 1267 955 1294 ulnis
971 1268 1044 1295 exci-

251 1304 301 1339 pit.
319 1304 432 1338 Quoties
448 1307 592 1340 cecideris,
608 1315 709 1344 surge;
725 1311 824 1339 cadere
850 1313 924 1340 enitn
948 1314 1044 1341 huma—

252 1358 318 1377 num
334 1356 376 1378 est
387 1360 393 1378 :
405 1357 433 1378 et
446 1358 558 1387 propter
574 1361 744 1390 peccatores,
762 1365 816 1384 non
829 1364 942 1394 propter
954 1361 1043 1396 justus

251 1395 376 1425 Christus
399 1398 495 1426 venit:
513 1404 542 1426 ct
564 1399 637 1433 illos,
651 1409 706 1429 non
731 1403 783 1431 hos
797 1404 830 1432 ad
850 1395 1041 1440 paenitentiam

253 1446 331 1468 rocat
349 1443 368 1469 ”.

287 1487 454 1516 Velutlimis
470 1490 558 1518 oculis
570 1492 712 1526 aspexisti,
737 1494 813 1522 irrita
836 1495 935 1530 fecisti,
955 1502 1043 1526 trans—

251 1541 344 1568 gressa
358 1542 388 1563 es
405 1541 494 1570 pacta,
512 1539 614 1572 quibus
626 1540 737 1567 Christo
750 1542 776 1568 in
793 1549 887 1569 sancta
901 1543 1042 1572 ablutiouc

251 1579 370 1614 ascripta
391 1588 430 1613 es,
449 1587 477 1610 et
493 1582 611 1618 Satana‘,
625 1589 707 1620 atque
728 1587 833 1621 angelis
845 1589 904 1623 ejus
920 1589 1039 1616 servisti.

251 1624 369 1652 Proinde
382 1634 444 1654 cum
462 1627 592 1656 Dominus
611 1630 637 1656 in
649 1631 756 1665 judicio
770 1633 970 1665 sederit,draco
986 1635 1039 1661 im~

251 1671 442 1706 probissimus,
471 1681 502 1700 ac
525 1675 630 1709 primus
652 1682 786 1711 apostata,
815 1684 845 1705 ut
868 1680 987 1713 invidus,
1010 1686 1040 1708 ut

251 1715 424 1750 insatiabilis,
437 1725 465 1746 et
480 1721 600 1748 crudelis
615 1722 688 1749 dicet
701 1733 706 1749 :
726 1723 797 1756 llaec,
813 1725 936 1758 Domine,
948 1727 1040 1754 verbis

250 1763 384 1792 duntaxat
399 1773 441 1793 me
457 1768 575 1801 negavit,
594 1769 726 1803 operibus
737 1771 803 1804 ipsis
818 1779 877 1798 mea
892 1772 954 1805 fuit,
972 1773 1040 1800 mihi

250 1811 526 1846 servivitplurimum
542 1822 548 1840 :
563 1822 630 1841 mea:
652 1815 787 1843 voluntati
805 1818 929 1851 quamvis
949 1818 1040 1851 enixe,

249 1857 451 1893 diligenterque
467 1859 685 1894 obtemperavit:
698 1869 756 1889 mea
768 1863 940 1896 potissimum
954 1865 1041 1892 amica

249 1910 278 1933 et
296 1905 440 1934 familiaris
454 1913 504 1936 cst.
524 1909 597 1936 Nihil
617 1909 644 1936 in
663 1909 707 1936 illa
729 1915 804 1937 tuum
824 1915 876 1938 cst.
898 1911 967 1945 Quid
992 1913 1040 1940 tibi

249 1959 311 1979 cum
325 1954 373 1980 ea?
386 1953 446 1980 Non
459 1954 547 1982 latent
559 1956 619 1990 ejus
634 1957 756 1983 actiones
770 1965 777 1983 :
792 1961 882 1990 teneo,
899 1959 1000 1994 quibus
1013 1967 1041 1986 se

249 1999 390 2034 obligavit,
412 2000 539 2028 litteras:
562 2002 662 2028 coelum
684 2006 712 2029 et
726 2006 799 2029 terra
826 2004 961 2032 scelerum
983 2006 1042 2041 ejus

250 2049 333 2072 testes
353 2050 427 2072 sunt.
446 2046 497 2078 Tu,
512 2047 586 2081 juste
602 2047 698 2082 judex,
711 2049 849 2082 quomodo
868 2050 921 2078 ulla
936 2051 1042 2079 ratione

250 2090 350 2124 injuste
367 2092 471 2125 poteris
490 2091 601 2119 facere?
616 2092 683 2119 Tuis
694 2099 841 2122 contentus
857 2101 915 2123 esto
933 2105 939 2123 :
953 2097 1042 2125 aliena

249 2144 298 2162 cur
313 2137 417 2171 appetis
429 2138 470 2164 “‘t

284 2181 347 2209 ch
358 2182 443 2217 judex
456 2184 630 2219 iudicaturus
645 2187 771 2219 audiens,
785 2189 942 2216 astantibus
954 2189 1043 2217 virtu-

250 2227 332 2260 tibus,
342 2227 548 2255 ministratoriis
557 2230 671 2265 angelis,
681 2231 860 2267 arcltangelis,
872 2234 1043 2269 principibus

1094 1002 1179 1029 queas
1195 994 1344 1029 depellere,
1355 1001 1383 1022 et
1394 994 1495 1022 habeas
1505 1002 1555 1022 cur
1567 995 1682 1021 salvere.
1695 994 1744 1026 En,
1757 999 1884 1021 etexem-

1094 1041 1168 1075 ptum
1183 1041 1281 1067 adduxi
1298 1041 1358 1071 tibi,
1375 1046 1403 1068 et
1418 1047 1515 1068 czetera
1529 1048 1649 1075 quoque,
1663 1044 1744 1075 prout
1761 1040 1881 1071 voluisti,

1094 1088 1272 1118 etcensuisti,
1286 1087 1431 1122 explicavi,
1447 1087 1549 1114 auxilio
1560 1088 1642 1119 illius,
1657 1087 1703 1122 qui
1716 1087 1791 1114 solus
1807 1087 1884 1114 docet

1094 1133 1220 1160 homines
1230 1133 1383 1161 scientiam.
1391 1134 1467 1166 Quod
1481 1134 1503 1160 si
1514 1133 1580 1168 quid
1591 1141 1604 1159 ι
1616 1141 1659 1160 me
1673 1133 1739 1160 falso
1749 1133 1883 1168 prolatum

1094 1185 1184 1214 putas,
1192 1180 1307 1214 ideoque
1316 1188 1369 1207 non
1377 1180 1478 1210 credis.
1488 1187 1602 1207 occurre
1612 1184 1744 1212 quantum
1755 1180 1781 1206 in
1797 1184 1823 1207 te
1831 1183 1883 1211 est,

1094 1233 1260 1260 rursumque
1279 1225 1414 1260 interroga
1433 1235 1440 1252 :
1455 1234 1506 1260 ego
1523 1231 1576 1253 tua;
1588 1225 1754 1260 oppositioui
1772 1233 1884 1259 respon-

1094 1271 1175 1298 debo.
1191 1271 1268 1304 Quod
1287 1272 1309 1298 si
1324 1280 1338 1298 a
1354 1280 1397 1299 me
1415 1272 1487 1298 dicta
1511 1271 1561 1299 tibi
1579 1277 1653 1299 certa
1676 1271 1883 1305 indubitataque

1094 1317 1231 1349 videntur,
1248 1326 1282 1344 ne
1300 1318 1333 1345 de
1348 1323 1448 1345 cancro
1466 1323 1607 1349 cunctare,
1624 1326 1727 1352 quaeso,
1745 1325 1779 1344 ne
1795 1317 1882 1344 locum

1094 1362 1142 1390 des
1159 1363 1280 1390 desidiae.
1293 1363 1332 1390 Ad
1350 1371 1431 1398 opera
1448 1364 1629 1394 exsuscitare,
1642 1367 1670 1390 et
1684 1363 1729 1390 illa
1744 1369 1770 1389 te
1785 1362 1818 1389 ad
1839 1364 1882 1397 ju-

1093 1408 1195 1435 dicium
1207 1409 1364 1442 abeuntem,
1377 1413 1406 1436 ut.
1417 1409 1592 1436 commodum
1606 1408 1713 1435 itineris
1727 1407 1882 1435 adminicu-

1093 1454 1150 1481 lum
1174 1455 1360 1489 viaticumque
1376 1455 1591 1482 comitabuntur.
1611 1454 1659 1481 Sin
1684 1461 1767 1489 opera
1791 1453 1883 1488 negle-

1093 1501 1175 1533 xeris,
1193 1501 1266 1535 qnod
1285 1506 1310 1529 te
1328 1501 1504 1529 maledictum
1523 1505 1642 1533 maneat,
1659 1501 1753 1528 dicere
1772 1501 1847 1528 nolo.

1398 1585 1511 1613 CAPUT
1533 1584 1578 1612 IX.

1056 1614 1076 1641 Ο
1094 1629 1211 1656 Parvum
1231 1631 1417 1665 negligentia»:
1440 1638 1516 1665 atque
1542 1630 1689 1657 socordiam
1720 1638 1772 1665 non
1802 1637 1882 1665 parv_a

1129 1665 1200 1691 mula
1222 1663 1363 1700 generum,
1381 1663 1512 1692 ostensum
1537 1674 1567 1692 ea:
1592 1666 1702 1692 historia
1725 1664 1822 1690 Levita:
1852 1663 1882 1689 de

1129 1701 1196 1727 libro
1210 1701 1344 1727 Iudicum.

1127 1774 1223 1802 Arum.
1236 1775 1294 1802 Non
1307 1783 1429 1810 repugno
1445 1775 1494 1802 abs
1506 1778 1531 1801 te
1546 1774 1627 1801 dictis
1639 1773 1768 1808 amplius,
1783 1772 1882 1807 quibus

1092 1821 1238 1852 assentior,
1255 1821 1322 1847 etin
1340 1821 1504 1847 sententiam
1527 1824 1600 1846 tuam
1623 1824 1730 1846 transeo
1752 1819 1879 1845 maxime.

1093 1867 1134 1894 Tu
1152 1874 1217 1893 vero
1237 1866 1416 1901 jam_docere
1439 1873 1520 1900 perge
1544 1873 1550 1891 :
1575 1869 1685 1899 propter
1705 1863 1789 1894 istud,
1812 1861 1882 1896 quod

1093 1912 1173 1944 dicis,
1193 1913 1382 1944 tnalcdietutn,
1396 1912 1524 1946 quodque
1539 1911 1661 1938 animum
1679 1910 1798 1941 mordet,
1816 1908 1880 1943 quid

1095 1959 1204 1987 tandem
1218 1967 1251 1986 ex
1267 1958 1372 1987 desidia
1384 1958 1512 1994 gignatur
1530 1957 1594 1985 mali
1612 1967 1618 1984 :
1639 1957 1690 1983 hoc
1705 1955 1778 1982 enim
1801 1954 1882 1989 liqui-

1094 2004 1155 2032 dius
1178 2012 1259 2032 nosse
1276 2005 1413 2032 desidero.
1432 2003 1506 2031 lstud
1525 2003 1592 2030 mihi
1620 2002 1773 2029 cdissererc
1786 2008 1818 2027 ac
1836 2007 1882 2034 pa-

1096 2051 1212 2078 telacere
1228 2059 1262 2077 ne
1285 2050 1395 2077 differas
1414 2059 1420 2076 :
1444 2055 1472 2076 ut
1490 2058 1523 2077 ne
1544 2049 1608 2084 quid
1631 2056 1664 2076 ex
1687 2047 1794 2074 desidia
1815 2044 1880 2072 mihi

1094 2098 1235 2132 contingat
1253 2097 1327 2128 mali,
1349 2104 1446 2131 meque
1468 2101 1558 2123 tecum
1581 2094 1679 2129 perdas
1701 2103 1706 2120 :
1729 2098 1754 2119 te
1770 2097 1800 2118 ut
1821 2098 1880 2125 qua:

1095 2152 1149 2172 non
1166 2144 1317 2176 docueris;
1335 2151 1388 2174 me,
1404 2147 1434 2170 ut
1450 2150 1509 2177 quin
1520 2150 1574 2168 non
1590 2139 1745 2168 didicerim.

1128 2190 1212 2218 Cano.
1231 2190 1365 2223 Quoniam
1389 2190 1425 2216 ita
1448 2188 1536 2223 cupis,
1561 2194 1642 2214 aures
1665 2185 1789 2212 adverte.
1811 2181 1880 2210 Jussi

1096 2245 1191 2264 sutnus
1208 2244 1299 2268 orare,
1315 2235 1440 2271 vigilare,
1456 2234 1540 2262 sobrii
1558 2240 1627 2266 esse,
1660 2229 1880 2266 quandoquidem

250 2272 441 2306 sacerdotum,
459 2275 590 2306 'athletis,
607 2281 635 2303 et
662 2277 795 2312 religiosis
816 2279 953 2310 omnibus,
977 2285 1044 2314 quot
1057 2281 1083 2310 D
1097 2283 1307 2317 nescimus,qua
1323 2282 1390 2309 hora
1407 2281 1450 2308 fur
1465 2286 1608 2311 venturus,
1624 2283 1652 2305 et.
1664 2276 1784 2312 perfossa
1802 2274 1881 2302 domo

248 2319 361 2347 ordines
374 2328 468 2355 supra,
484 2323 685 2357 quotquejiulra
702 2330 775 2355 sunt.
787 2329 814 2352 et
825 2326 954 2353 audacem
966 2327 1039 2355 hunc

283 2398 306 2414 “
326 2398 421 2426 Matth.
443 2407 480 2432 xi,
511 2401 553 2428 12.
596 2402 619 2417 ⁸³
649 2402 720 2430 Psal.
737 2412 832 2437 cxxxv,
856 2405 894 2432 l2.

1092 2329 1219 2356 abiturus
1240 2329 1286 2356 sit.
1300 2328 1351 2361 Qui
1376 2327 1489 2363 vigilare
1509 2325 1639 2357 instituit,
1660 2322 1756 2351 oculos
1783 2320 1877 2356 vigiles

983 2474 1123 2506 Scholia.

311 2543 442 2585 Principio
472 2545 589 2579 pccranti
615 2555 704 2585 omnes
728 2548 902 2582 ignoscimus,
932 2554 1040 2585 propter

248 2580 480 2619 ittexperientia‘qt
489 2587 496 2605 :
520 2585 577 2619 post
604 2583 700 2619 multos
723 2580 811 2610 autem
832 2580 951 2611 recursus
975 2580 1039 2619 sup-

248 2615 412 2654 plaututum,
428 2615 565 2654 difﬁculter
581 2618 637 2654 quis
650 2619 725 2644 venirt
740 2619 942 2654 impertiendum
952 2615 1042 2647 existi-

250 2651 341 2688 mabit,
363 2655 390 2688 ut
412 2651 457 2688 qui
474 2658 505 2677 ea;
529 2653 688 2688 negligentia
717 2651 888 2688 socordiaque
909 2656 1040 2682 ceciderit.

252 2685 305 2712 Nrc
315 2686 386 2722 istud
396 2685 481 2712 solum
496 2690 532 2712 est
546 2685 694 2722 indignum,
708 2694 730 2714 ct
746 2685 879 2720 horribile,
892 2690 936 2717 sed
951 2692 1040 2722 etiam,

248 2721 427 2760 qu_od_mullis
445 2721 645 2760 scandali‘zrttis,
659 2728 683 2750 et
697 2732 767 2758 sa'pe
786 2725 964 2758 ignavioribns
980 2727 1041 2760 e/fc-

249 2757 307 2787 clis,
324 2757 377 2791 ipse
393 2762 521 2791 tanquam
536 2758 652 2784 criminis
669 2766 738 2791 retu,
749 2764 773 2786 et
788 2757 973 2787 inexcusabilis
982 2757 1043 2788 etin-

249 2793 304 2831 (ξω
321 2801 330 2815 ι
349 2792 414 2818 Cum
431 2796 518 2831 nutent
530 2793 653 2831 averterit
664 2802 690 2819 ac
703 2795 802 2828 justus,
820 2796 914 2828 inquit.
929 2805 945 2822 α
959 2796 1042 2831 justi-

250 2827 287 2853 tiu
311 2835 370 2865 sui}.
385 2831 415 2865 et
428 2827 515 2861 fecerit
538 2827 715 2865 iniquitatem,
740 2837 828 2856 omnes
848 2827 966 2864 justitim'
986 2831 1043 2865 ejus

250 2869 316 2900 qttus
342 2861 412 2900 fecit.
435 2870 486 2888 ron
509 2862 718 2900 recordabuntur
738 2861 862 2899 amplius.
883 2866 913 2892 In
931 2861 1043 2900 peccetis

250 2896 304 2922 suis
325 2897 458 2923 moriatur.
473 2901 496 2922 ct
514 2897 619 2931 justitia
640 2898 703 2931 iusti
715 2908 767 2926 ron
784 2896 907 2928 'libcrubit
928 2896 997 2934 cum,
1014 2902 1040 2928 in

1088 2559 1140 2586 qua
1155 2551 1195 2577 die
1212 2550 1339 2586 erraverit
1353 2548 1458 2579 (Επειδὴ.
1478 2556 1556 2586 xvut,
1571 2548 1631 2586 24)ἶ
1645 2557 1664 2586 γ)

1126 2589 1145 2597 ’⁵
1161 2586 1304 2621 Chrysosl.
1321 2585 1408 2621 Bonus
1422 2588 1459 2611 est
1475 2584 1554 2613 Deus.
1567 2584 1616 2621 sed
1623 2584 1691 2610 idem
1700 2583 1802 2621 justus.
1813 2582 1882 2621 Iusti

1090 2626 1178 2649 autem
1194 2619 1299 2652 mimus,
1314 2628 1361 2654 pro
1372 2620 1500 2654 dignitate
1514 2619 1658 2645 mercedem
1677 2619 1786 2654 reddere
1797 2626 1805 2654 ς
1817 2619 1882 2644 sicut

1089 2658 1214 2692 scriptum
1236 2660 1284 2689 est,
1307 2652 1319 2680 «⁷
1336 2652 1495 2692 misericors,
1519 2655 1565 2680 sed
1583 2658 1606 2680 et
1625 2654 1709 2688 judea:
1722 2652 1810 2692 (Psal.
1828 2661 1881 2683 cxt,

1090 2692 1128 2726 4).
1142 2688 1158 2717 ἰ
1178 2692 1213 2718 At:
1232 2692 1298 2718 Dens
1315 2690 1436 2728 quidem,
1454 2698 1607 2728 quenquam
1627 2697 1735 2722 regnum
1754 2688 1880 2728 colorum

1092 2723 1262 2761 promittens,
1277 2723 1328 2752 non
1344 2723 1463 2752 truditur.
1483 2724 1606 2761 Diabolus
1622 2732 1681 2750 vero
1697 2732 1756 2750 cum
1770 2723 1880 2750 homini-

1092 2756 1137 2788 bus
1151 2756 1296 2797 gehennam
1308 2765 1451 2799 co_n_tparetr
1470 2759 1623 2799 diligituret
1640 2763 1770 2799 amatur:
1789 2763 1880 2784 etcum

1092 2794 1313 2831 attte'gcheuuam
1334 2796 1375 2832 hie
1393 2796 1488 2830 probra
1504 2795 1674 2832 et‘lnflibrin,
1692 2794 1764 2820 mille
1778 2800 1880 2832 panos,

1092 2827 1229 2868 ipsamque
1243 2837 1351 2858 mortem
1364 2827 1496 2868 importth
1516 2829 1684 2856 nihilominus
1701 2834 1820 2864 prompte
1833 2827 1880 2854 sibi

1092 2865 1257 2904 obsequentes
1271 2876 1321 2894 non
1335 2874 1431 2902 paucos
1442 2865 1527 2892 Imbct.
