2034 3153
132 203 180 233 7.13

824 200 1001 232 DIOPTRA.

1695 204 1748 235 731

130 254 291 285 circumfert,
312 262 361 282 nec
384 255 485 283 dormit
500 261 528 283 ut
549 265 610 289 nos,
627 265 678 284 nec
698 257 837 285 rhonchos
855 263 911 285 tra-
928 260 949 288 Δ
964 260 1129 292 diversatus,
1147 265 1244 295 quarta
1265 261 1326 288 luce
1345 252 1424 288 mane
1445 268 1605 296 exsurgens,
1627 261 1750 293 domum.

130 300 239 329 hit:sed
255 300 407 334 lampadem
423 301 560 334 accendit,
573 307 611 335 et,
626 303 798 336 utprudcus,
810 304 836 330 in
849 311 913 331 vase

131 346 215 374 oleum
238 344 270 372 ad
295 345 410 372 salutem
434 346 528 379 habet,
554 348 626 382 quod
660 353 701 375 est
723 348 912 375 misericordia

131 400 189 427 erga
201 399 345 426 pauperes,
360 400 394 419 ex
406 392 540 420 charilatc
551 398 579 420 et
591 394 767 421 miseratione
780 394 913 422 adversus

131 446 184 468 eos,
206 443 233 464 ut
252 436 293 464 fas
308 442 361 469 est,
379 439 535 468 exsistens:
552 444 580 466 et.
599 444 710 473 paratus
725 445 777 472 est,
795 445 823 467 et
844 441 913 467 citra

131 483 347 511 dormitationem
370 485 476 520 vigilias
492 485 556 520 agit.
572 486 660 520 Atque
677 486 722 513 hic
744 487 839 513 beatus
852 494 911 513 ser-

131 535 179 554 vus
203 528 356 562 appellatur
376 529 410 556 “.
431 529 482 562 Qui
505 535 595 557 autem
621 531 815 565 procrastinat,
838 531 911 558 iridi-

129 582 194 609 gnus
212 579 263 606 est,
286 579 314 602 et
334 576 426 603 miser.
443 576 502 603 Vita
518 576 576 604 hac
597 577 625 604 in
642 577 757 612 actione
775 582 912 610 versatur,

140 625 263 655 tanquam
276 628 413 650 mercatus
426 623 538 658 quidam
558 624 579 655 ⁸,

163 673 228 707 Quia
247 675 332 709 igitur
345 680 483 703 mercatus
498 681 549 709 est,
571 678 647 705 lucra
663 682 709 705 tua
725 684 841 706 sectare.
858 678 911 706 Fu-

130 723 188 746 tura
212 721 266 747 vita
290 729 339 755 pro
364 722 470 749 meritis
489 724 599 757 praemia
629 724 746 759 singulis
765 724 911 759 persolvet.

130 765 166 791 lbi
185 765 325 800 voluptate
348 767 499 801 potientur,
520 772 656 803 quotquot
677 769 721 797 hic
742 769 857 804 vigilant
874 778 880 795 :
898 777 913 796 e

128 811 243 843 diverso,
261 813 412 846 punientur
422 819 558 849 quotquot
569 815 613 841 hic
623 815 728 843 inertiae
740 823 771 842 ac
788 815 913 850 languori

129 864 156 883 se
183 856 296 884 dedunt.
321 858 448 886 Excitare
467 860 594 894 proinde,
617 861 707 896 vigila,
733 868 844 888 semove
863 860 913 887 abs

130 907 153 929 te
173 903 337 930 socordiam.
350 903 504 939 Lugeamus
527 910 660 940 quantum
679 913 824 940 possumus
840 915 846 933 :
862 906 913 933 du-

128 955 218 976 camus
232 950 349 983 gemitus
365 938 400 978 ert
421 951 476 977 alto
494 938 614 985 pectore.
631 952 666 979 Et
679 938 809 989 quoniam
830 952 913 979 simul
930 938 949 966 Β

127 994 249 1026 vivimus,
273 996 362 1023 altera
383 997 498 1024 alteram
520 997 678 1029 iucitamus,
697 1002 724 1025 et
737 998 771 1025 ad
793 998 913 1032 opitula«

128 1039 226 1067 tionem
243 1046 366 1069 mutuam
383 1050 559 1070 exaeuamus.
576 1043 643 1070 Nam
658 1045 680 1070 si
698 1049 812 1078 repertae
828 1043 914 1078 fueri-

127 1093 185 1113 mus
196 1088 326 1120 remissse,
341 1093 369 1116 et
381 1089 414 1116 ad
432 1097 543 1116 cursum
554 1097 662 1124 segnes,
673 1089 830 1124 frustraque
841 1075 914 1117 diem

124 1140 156 1159 ex
170 1133 214 1160 die
234 1135 452 1166 transiverimus,
471 1143 505 1162 ex
522 1135 673 1169 improviso
691 1143 765 1162 mors
781 1142 810 1162 ut
826 1135 870 1162 leo
887 1136 914 1163 in

125 1186 174 1206 nos
189 1180 284 1210 irruet.
301 1182 441 1215 inopinata
458 1186 590 1215 sequetur
604 1181 760 1211 dissolutio,
771 1185 799 1208 et
818 1181 915 1215 copula

125 1230 220 1251 nostra
233 1225 418 1260 dirumpclur,
429 1227 585 1261 peribitque
598 1227 690 1254 mistio
704 1226 755 1253 ista
765 1226 915 1253 admirabi-

124 1270 169 1302 lis,
190 1275 218 1298 et
234 1279 287 1299 una
306 1281 368 1306 pars
392 1274 479 1300 nostri
498 1274 549 1300 sub
566 1279 649 1305 terra,
669 1278 700 1301 ut
714 1281 747 1300 ex
765 1278 836 1301 terra
854 1281 916 1307 pro-

123 1321 217 1343 creata
237 1318 431 1352 relinquetur:
451 1319 548 1351 altera,
570 1325 664 1353 utpote
680 1327 769 1351 mens,
792 1319 824 1346 ad
840 1327 918 1347 ruen-

126 1363 193 1389 tium
212 1367 338 1390 naturam
363 1369 529 1392 revertetur.
553 1365 774 1399 Timendumque
793 1372 828 1392 tle
850 1365 916 1399 quid

127 1408 212 1435 ambae
225 1410 361 1443 patiamur
376 1411 439 1441 tale,
451 1411 531 1445 quale
546 1411 611 1438 olim
624 1418 722 1445 passus
738 1415 779 1438 est
795 1411 915 1443 Levites,

128 1455 228 1482 malum
254 1456 469 1490 intolerandum,
488 1458 671 1492 insperatum.
687 1463 715 1485 et
729 1459 844 1485 omnino
862 1466 917 1485 non

127 1499 280 1534 terendum,
302 1510 364 1529 cum
382 1511 494 1530 uxorem
520 1508 608 1531 morte
634 1503 793 1538 turpissima
814 1504 916 1537 amisit,

127 1547 197 1574 sicut
212 1548 240 1574 in
252 1548 324 1575 libro
339 1549 467 1576 Judicum
484 1554 661 1577 memoratur.

965 306 1055 333 redire
1069 306 1164 333 voluit.
1183 306 1285 334 Socero
1300 311 1392 334 autem
1405 311 1515 341 rogante
1528 306 1610 339 ﬁlios,
1625 312 1653 334 ut
1668 307 1752 334 etiam

965 352 1012 379 illo
1027 352 1071 379 die
1097 360 1190 380 secum
1212 358 1366 383 manerent,
1393 353 1509 380 audiunt
1528 353 1623 384 illum.
1639 358 1751 380 manent

964 403 993 426 et
1008 406 1071 426 cum
1084 406 1117 425 eo
1131 406 1160 425 se
1175 398 1275 425 latitia:
1291 398 1405 425 dedunt.
1415 398 1517 430 Quinto
1528 398 1638 425 demum
1651 398 1695 425 die
1708 406 1755 432 gr-

964 452 1031 471 nero
1046 444 1097 471 iter
1120 447 1247 478 urgente,
1268 443 1398 478 nullaque
1410 444 1465 478 jam
1479 443 1611 470 dilatione
1631 443 1754 477 interpo-

964 490 1016 517 sita
1035 489 1068 516 ad
1084 489 1188 516 abitum
1206 489 1393 519 incumbente,
1409 497 1488 516 socer
1502 488 1526 515 ei
1546 488 1704 523 persuadet,
1719 496 1754 515 ne

961 537 1073 572 jejunus
1098 535 1241 562 discedere
1254 535 1330 562 velit.
1354 535 1494 562 Prandent
1512 542 1565 561 una
1584 541 1703 565 rursum,
1726 538 1755 560 et

964 583 1089 618 procedit
1107 582 1177 613 dies,
1202 582 1309 615 illisque
1333 582 1403 608 ultra
1424 581 1546 608 debitum
1570 580 1753 611 tardantibus,

964 629 1064 656 iterum
1079 636 1094 655 a
1109 632 1186 662 patre
1202 626 1429 661 liliidetinentur,
1445 630 1470 653 et
1484 626 1527 653 die
1541 626 1623 653 etiam
1638 626 1684 652 illo
1696 633 1755 652 ma-

964 683 1030 703 nere
1042 674 1257 709 compelluntur.
1270 672 1338 699 Cum
1355 673 1488 706 postridie
1504 680 1583 699 mane
1600 673 1627 698 in
1642 672 1712 698 viam
1725 679 1754 698 se

966 721 1090 750 conferre
1105 725 1242 756 pararent,
1264 720 1364 746 iterum
1381 726 1460 745 socer
1475 722 1504 744 ut
1525 723 1653 744 maneant
1668 717 1756 751 preci-

966 768 1019 795 bus
1035 767 1149 794 instare.
1166 765 1265 793 Verum
1282 765 1326 792 ille
1341 763 1516 794 detrectavit,
1534 766 1561 789 et
1578 762 1669 789 alieno
1686 765 1756 788 teru-

965 821 1031 849 pore
1057 820 1200 848 egressus,
1228 811 1274 838 vix
1296 810 1330 838 ad
1363 809 1494 844 oppidum
1515 808 1599 835 Jebus
1619 807 1755 842 pervertit.

964 860 1024 889 1am
1044 860 1085 887 sol
1117 859 1150 886 ad
1181 864 1326 891 vesperum
1345 862 1374 884 et
1398 863 1525 883 occasum
1545 854 1670 889 urgebat.
1694 860 1756 879 cum

965 913 1035 940 puer
1049 905 1194 932 consilium
1214 904 1299 936 dedit,
1315 903 1354 930 uti
1373 902 1437 929 illuc
1459 901 1641 928 divertercnt.
1654 899 1756 925 Verum

967 950 1076 977 Levites
1091 957 1124 977 eo
1140 949 1278 976 declinare
1296 947 1394 978 noluit,
1414 945 1488 980 quod
1504 945 1528 971 ei
1543 945 1570 971 in
1586 943 1689 974 Gabaa,
1708 950 1757 968 ur-

965 997 999 1024 be
1015 996 1119 1023 munita
1135 999 1164 1023 et
1183 994 1271 1021 tribus
1285 992 1484 1028 Bcnjamiticze,
1507 993 1669 1025 pernoctare
1689 988 1758 1015 deli-

966 1043 1091 1069 beratum
1109 1045 1193 1068 esset.
1214 1039 1395 1067 Transierunt
1418 1044 1483 1071 ergo
1494 1036 1589 1067 Jebus,
1612 1034 1758 1069 occubuit-

965 1096 1019 1123 que
1042 1088 1082 1115 eis
1098 1087 1137 1115 sol
1155 1088 1230 1121 juxta
1249 1086 1351 1117 Gabaa,
1367 1092 1422 1118 quo
1435 1082 1547 1116 hospitii
1565 1089 1647 1109 causa
1662 1089 1691 1107 se
1712 1088 1759 1106 re-

966 1138 1110 1170 ceperunt,
1141 1133 1167 1160 id
1187 1132 1260 1167 quod
1287 1131 1421 1159 malorum
1447 1128 1631 1156 maximorum
1656 1125 1759 1160 princi-

966 1182 1043 1217 pium
1067 1180 1128 1207 l'uit.
1157 1180 1243 1214 Igitur
1267 1185 1351 1206 senex
1371 1175 1482 1211 quidam
1505 1174 1592 1208 tribus
1617 1172 1758 1207 Ephraim,

967 1227 1071 1263 probus
1084 1226 1219 1256 moribus,
1234 1225 1280 1259 qui
1293 1230 1357 1251 tunc
1374 1222 1479 1250 advena
1496 1221 1551 1247 illic
1565 1218 1712 1248 incolebat,
1732 1217 1759 1244 in

967 1274 1079 1309 publico
1104 1271 1211 1299 sedenti
1241 1276 1404 1299 occurrens,
1430 1275 1493 1294 eum
1523 1266 1635 1295 salutat,
1662 1263 1762 1298 quaerit

967 1320 1041 1347 unde
1060 1319 1160 1346 veniat.
1179 1317 1257 1350 Quod
1277 1323 1338 1344 cum
1361 1322 1423 1341 mox
1435 1312 1588 1341 didicisset.
1607 1315 1635 1337 et
1654 1314 1684 1336 ut
1701 1313 1760 1335 erat

968 1366 1079 1401 ingenio
1103 1364 1241 1398 hospitali,
1261 1363 1323 1397 ejus
1348 1361 1477 1388 misertus
1498 1363 1583 1389 esset,
1609 1356 1704 1383 ambos
1732 1355 1759 1381 in

968 1413 1041 1440 aedes
1063 1419 1127 1439 suas
1152 1410 1259 1442 invitat,
1283 1407 1510 1440 introductosque
1528 1404 1646 1438 benigne
1667 1402 1759 1429 habet.

967 1459 1103 1486 Caeterum
1125 1456 1236 1492 quidam
1259 1454 1394 1489 indigenae
1409 1451 1550 1479 libidinosi
1571 1457 1604 1477 ac
1625 1447 1759 1483 protervi.

972 1505 1048 1532 hunc
1062 1503 1198 1538 hospitem
1215 1500 1326 1528 lascivis
1346 1499 1435 1526 oculis
1448 1497 1552 1528 intuiti,
1570 1496 1642 1522 facto
1658 1493 1762 1520 sodali-

969 1551 1018 1583 tio,
1039 1554 1069 1577 ut
1092 1549 1192 1577 rabiosi
1208 1555 1301 1578 canes,
1317 1546 1438 1581 pulsare,
1455 1548 1484 1571 et
1496 1542 1636 1576 impellere
1650 1541 1761 1575 januam

160 1606 255 1634 ANIIA.
268 1606 376 1640 Quaeso,
389 1607 462 1634 istud
475 1607 542 1634 mihi
558 1607 639 1635 latius
647 1608 767 1638 declara.
778 1608 912 1644 Equidem
929 1605 952 1636 C
969 1589 1468 1644 dive'wriivﬂnw(Pro‘ffcmuflati

127 1652 270 1679 historiam
297 1652 368 1680 hanc
394 1660 562 1688 cognoscere
586 1654 678 1688 cupio.
697 1654 744 1682 Sat
760 1655 829 1688 scio,
854 1663 916 1683 cum

128 1698 220 1729 nobis,
249 1703 309 1726 tum
335 1699 396 1726 aliis
421 1700 562 1734 proderit,
590 1701 800 1736 quibuscunque
826 1702 918 1729 studio

127 1744 179 1771 erit
195 1745 262 1772 hinc
277 1744 395 1772 fructum
416 1745 564 1780 colligere;
588 1751 617 1774 et
637 1746 659 1774 is
670 1754 760 1774 sermo
782 1747 815 1774 ad
832 1748 918 1776 disci-

126 1789 223 1824 plinam
240 1791 390 1818 conducet.

158 1844 237 1872 Cum.
255 1845 348 1880 Longa
369 1850 397 1873 et
424 1846 498 1873 varia
511 1851 553 1873 est
570 1847 700 1881 narratio,
718 1852 799 1883 atque
817 1848 918 1876 ideirco

127 1894 153 1917 et
167 1891 339 1927 cognitione,
354 1892 539 1920 etdisertiore
557 1893 650 1928 lingua
670 1894 704 1920 ad
725 1894 918 1928 explicandum

126 1941 194 1971 eget.
219 1939 336 1973 Astego
358 1942 475 1972 utroque
497 1938 641 1972 destituta,
661 1938 751 1967 facere
772 1940 855 1967 verba
875 1948 920 1968 ve-

127 1989 197 2010 I'COI‘.

160 2035 258 2064 Amm.
287 2036 450 2071 Quanquam
478 2046 524 2066 res
547 2044 590 2066 est
615 2039 743 2070 difﬁcilis,
770 2045 798 2067 tu
829 2045 918 2068 tamen

127 2082 189 2109 mihi
206 2083 295 2111 debes
319 2083 435 2119 obsequi
454 2084 480 2111 in
504 2085 643 2113 omnibus.
661 2085 833 2120 Quapropter
855 2086 918 2114 tolle

127 2136 223 2157 moras.

161 2184 241 2213 Cano.
258 2184 413 2220 Obsequer,
430 2185 503 2219 dico,
515 2191 543 2213 et
556 2187 619 2214 hinc
630 2187 831 2214 ducoinitium.
848 2188 917 2214 Olim

128 2230 168 2257 vir
194 2231 308 2267 quidam
336 2231 469 2264 Israelita,
486 2233 573 2260 tribus
587 2233 726 2265 Leviticas,
744 2233 870 2261 habitans
889 2234 916 2261 in

967 1646 1098 1676 expetere
1115 1649 1122 1667 :
1139 1646 1193 1666 non
1210 1638 1255 1673 jus
1272 1641 1299 1664 et
1312 1637 1361 1668 las,
1379 1643 1434 1662 non
1456 1633 1580 1668 hospitii,
1598 1639 1653 1659 non
1670 1631 1761 1665 legum

969 1688 1144 1715 sanctitatem
1165 1683 1296 1712 revereri.
1310 1681 1380 1714 Quid
1399 1682 1432 1707 ad
1446 1681 1503 1707 haec
1520 1686 1605 1706 senex
1619 1677 1720 1711 hospes
1734 1680 1762 1702 et

968 1731 1122 1760 honestus?
1135 1728 1306 1764 obstupescit
1319 1727 1403 1758 illico,
1413 1733 1467 1752 nou
1482 1732 1512 1752 se
1527 1723 1611 1758 capit,
1627 1722 1660 1748 ad
1677 1721 1762 1755 pedes

968 1779 1195 1807 detestandorum
1222 1776 1333 1802 illorum
1359 1771 1491 1808 procidit,
1514 1773 1647 1804 quantum
1670 1771 1762 1800 potest

968 1815 1113 1856 obnititur,
1134 1822 1291 1856 hospitique
1304 1826 1354 1846 suo
1372 1816 1527 1845 consultum
1541 1814 1647 1843 volens,
1666 1819 1762 1838 amen-

969 1876 1010 1898 tes
1024 1871 1086 1897 illos
1100 1873 1189 1903 rogat,
1201 1872 1230 1894 ut
1246 1867 1353 1894 minore
1368 1864 1439 1891 malo
1457 1863 1513 1889 sint
1528 1859 1661 1890 contenti,
1681 1858 1763 1884 relie-

969 1921 1052 1951 toque
1068 1916 1138 1946 viro,
1148 1921 1197 1941 sua
1213 1913 1267 1939 ﬁlia
1282 1911 1373 1938 adhuc
1385 1909 1502 1943 virgine,
1513 1911 1541 1933 et
1556 1912 1619 1932 cum
1632 1912 1663 1931 ea
1678 1910 1764 1930 uxore

969 1949 1086 1996 hospitis
1104 1967 1187 1994 quem
1200 1957 1371 1993 quarebant,
1388 1955 1422 1982 ad
1444 1961 1522 1981 suam
1534 1950 1677 1979 libidinem
1691 1949 1762 1976 abu-

972 1995 1078 2035 tantur.
1103 2006 1145 2033 llli
1173 2005 1220 2031 vix
1246 2003 1311 2031 huic
1330 2001 1405 2037 preci
1425 2003 1561 2029 annuum,
1586 1995 1764 2029 mulierisque

970 2052 1089 2081 castitati
1102 2051 1202 2078 mirum
1220 2051 1247 2077 in
1267 2049 1377 2076 modum
1394 2046 1523 2076 illudu'nt,
1542 2048 1652 2077 totaque
1669 2046 1761 2071 nocte,

968 2100 995 2126 vi
1009 2099 1133 2126 adhibita
1157 2105 1218 2125 eam
1233 2097 1385 2131 deturpant
1410 2102 1442 2121 ac
1470 2092 1620 2121 defmdant,
1642 2089 1762 2116 vicissim

969 2146 1073 2173 nefaria
1089 2143 1204 2171 libidine
1227 2150 1286 2170 sese
1307 2140 1481 2176 inquiuantcs
1504 2146 1510 2163 :
1532 2141 1562 2164 ut
1578 2136 1686 2162 oriente
1706 2133 1764 2160 sole

969 2193 1091 2223 dimissa,
1111 2195 1139 2217 et
1154 2189 1187 2217 ad
1200 2190 1313 2224 januam
1328 2187 1401 2214 senis
1425 2184 1548 2215 veniens,
1564 2187 1592 2209 ct
1613 2181 1670 2208 sive
1689 2180 1762 2206 cala-

969 2237 1074 2265 mitatis
1094 2235 1294 2271 magnitudine,
1318 2233 1375 2260 sive
1390 2231 1492 2258 doloris
1513 2228 1663 2256 acerbitate
1687 2225 1763 2252 humi

129 2277 212 2305 more
237 2279 340 2306 ωοηῑίε
355 2279 497 2314 ΕΡῙηὮίηι,
513 2287 625 2306 “xorem
641 2279 748 2315 θεοερίι
771 2280 915 2307 Βθιιιιθιιθ-
932 2280 952 2307 Ῑ)
968 2284 1069 2312 cadens
1097 2283 1123 2318 (ο
1140 2290 1196 2309 rem
1216 2279 1324 2315 novatn)
1341 2280 1431 2306 statim
1453 2278 1571 2304 animam
1602 2274 1702 2301 ibidem
1714 2280 1763 2298 ex-

131 2323 253 2351 mitidem
276 2332 310 2351 ex
330 2325 503 2360 Juda,quam
526 2325 555 2352 in
577 2333 655 2352 suam
671 2326 809 2360 regionem
822 2334 916 2354 secum

130 2369 217 2398 duxit.
231 2370 330 2398 Mulier
351 2372 491 2406 aliquanto
511 2376 572 2406 post
588 2372 640 2398 icta
653 2371 792 2399 desiderio
817 2380 917 2407 paren-

130 2419 185 2442 tum
211 2424 244 2443 ac
270 2418 373 2451 patriae,
390 2425 424 2444 eo
445 2418 559 2448 revenit,
588 2425 620 2444 ac
643 2418 742 2452 perdiu
771 2419 843 2453 apud
870 2425 919 2446 eos

129 2462 242 2493 mansit,
256 2461 353 2489 diebus
364 2468 474 2490 centum
492 2464 591 2498 viginti
609 2464 820 2492 videlicetJ’ost
832 2465 917 2491 mari-

129 2514 175 2535 tus
196 2515 365 2542 consurgens
385 2516 446 2535 cum
470 2510 578 2538 duobus
601 2512 697 2542 asinis,
722 2517 751 2539 et
775 2519 861 2546 put-ro
882 2511 916 2538 ad

129 2554 276 2589 conjugem
293 2553 475 2580 reducendam
494 2561 641 2593 properato
652 2557 718 2584 abit.
738 2557 822 2584 Socer
832 2565 918 2592 gene-

133 2608 192 2626 rum
222 2604 346 2626 amauter
358 2599 468 2634 recipit.
485 2602 563 2636 Apud
585 2611 665 2636 quem
690 2604 734 2630 ille
755 2608 812 2630 toto
828 2603 918 2631 triduo

167 2672 190 2687 ⁸⁵
215 2671 312 2699 Matth.
337 2671 467 2702 unum.
506 2672 528 2688 “
540 2673 719 2707 Judic.xrx,l
737 2683 816 2710 Seqq.

971 2331 1099 2365 spiraret.
1119 2329 1258 2355 Inventam
1283 2331 1345 2353 ante
1369 2326 1469 2352 ostium
1495 2326 1630 2357 iacentem
1653 2318 1763 2345 Levites

970 2376 1092 2402 dormire
1107 2374 1280 2401 existimans.
1290 2371 1337 2397 ubi
1350 2375 1485 2397 mortuam
1498 2366 1636 2402 cognovit,
1647 2370 1675 2391 ut
1690 2367 1760 2393 erat,

971 2427 1108 2449 mortuam
1129 2422 1254 2456 jumento
1268 2419 1407 2454 imposuit,
1431 2417 1597 2448 domumque
1613 2419 1684 2438 onus
1704 2416 1763 2436 om-

971 2469 1047 2495 nium
1066 2467 1274 2494 acerbissimum
1290 2465 1416 2500 portavit.
1440 2461 1616 2489 Postmodum
1632 2458 1657 2483 in
1673 2459 1765 2490 partes

974 2513 1122 2541 duodecim
1139 2513 1269 2544 divisum,
1284 2512 1317 2538 ad
1333 2514 1553 2543 unamquamque
1570 2505 1763 2532 tril.umuuam

973 2564 1077 2593 partem
1094 2558 1188 2587 mittit,
1198 2557 1295 2584 nuntio
1306 2555 1430 2590 apposito
1445 2554 1470 2580 in
1492 2553 1561 2579 hanc
1575 2548 1739 2577 sententiam
1753 2554 1762 2572 :

973 2605 1043 2631 Num
1062 2603 1201 2639 egregium
1218 2602 1319 2629 factum
1333 2602 1380 2633 sit,
1400 2607 1448 2626 vos
1467 2597 1517 2633 ipsi
1532 2594 1716 2624 considerate,
1733 2594 1766 2618 et

865 2744 1003 2775 Scholia.

171 2810 181 2822 “
195 2810 333 2845 Chrysost.
357 2810 426 2836 Nam
447 2815 470 2837 et
497 2809 630 2845 Imnu'cidar
640 2810 755 2843 quandiu
766 2810 792 2835 in
809 2810 850 2835 via
868 2813 916 2845 est.

136 2850 215 2879 potest
235 2844 335 2872 mutare
356 2846 485 2877 animum,
508 2850 531 2870 et
554 2844 709 2877 supplicium
734 2845 852 2878 effugere.
872 2844 919 2869 Ubi

137 2885 223 2906 autem
240 2881 336 2914 judicia
359 2881 496 2907 nrbilrium
512 2880 631 2908 subierit,
652 2880 766 2913 gladius.
788 2879 919 2912 carnifex,

137 2915 288 2942 burnt/trum
306 2916 344 2942 illi
358 2917 503 2943 imminent.
527 2915 570 2942 Sic
588 2914 666 2949 plane
686 2918 709 2939 cl
729 2922 784 2944 nos,
801 2914 917 2946 quamliu

972 2808 999 2834 in
1014 2808 1062 2833 hac
1073 2807 1124 2833 vita
1132 2812 1232 2836 sumus,
1243 2803 1349 2830 mittatis
1364 2799 1478 2836 moribus
1486 2798 1660 2836 sempiternas
1670 2803 1761 2836 prima,

974 2832 1082 2869 unum;
1097 2832 1243 2875 possumus.
1262 2839 1309 2865 Ubi
1329 2838 1388 2875 hinc
1408 2837 1434 2862 in
1448 2834 1503 2861 alia
1522 2833 1568 2860 illa
1587 2833 1645 2860 Iaca
1663 2832 1765 2868 migra,-

974 2873 1101 2907 twrimus,
1117 2876 1215 2910 {rustra
1229 2873 1443 2901 lmnenmbirnur.
