2034 3153
255 219 311 252 735
872 219 1044 248 l’lllLll’Pl
1064 218 1260 248 SOLlTARll
1834 213 1886 245 736

254 275 361 303 sinceIe
374 273 504 309 iudicate.
517 273 563 301 Sin
575 273 677 300 factum
694 273 746 300 hoc
760 277 855 299 contra
869 272 1040 304 Creatorem,
1057 277 1078 304 Α
1096 271 1149 299 Sed
1170 271 1299 306 quoniam
1317 270 1432 298 tribules
1444 269 1539 298 Galaat
1559 269 1641 296 simul
1660 269 1686 296 in
1706 268 1815 304 llasplia
1830 277 1885 297 non

253 324 282 348 et
295 319 492 348 exsecrandum
508 319 596 346 scelus
608 322 660 351 est,
675 318 702 345 in
717 326 789 349 reos,
805 323 835 344 ut
849 326 899 352 par
914 322 966 349 est,
984 317 1046 344 vin-

253 366 353 393 dicate.
373 365 412 392 Re
428 365 547 398 cognita,
567 365 625 392 zelo
641 364 770 392 lsraelitae
782 363 982 395 accenduntur,
998 371 1046 390 co-

253 413 313 447 pias
325 411 484 446 expediunt,
504 411 704 446 quadringenta
717 410 812 446 millia,
824 417 921 437 omnes
933 410 1045 437 omnino

255 457 355 489 tribus,
372 461 473 492 praater
495 457 670 491 Benjamitas,
691 464 807 490 quorum
829 456 1045 483 numerabantur

251 503 347 537 viginti
368 503 490 537 quinque
509 502 612 534 millia;
627 505 654 529 et
668 502 834 528 Gabaonitas
854 501 977 536 ejusdem
994 502 1044 528 tri-

253 549 304 575 bus
326 548 526 582 septingentos,
548 553 575 575 et
589 547 640 574 bos
655 555 750 574 omnes
769 547 916 575 bellatores
930 547 1044 582 peritos,

251 603 282 621 ac
297 594 461 621 funditores.
478 595 530 621 Pro
551 601 626 621 more
641 601 736 620 omnes
754 594 780 620 in
795 593 852 620 Silo
866 593 1044 626 conveniunt,

250 641 335 667 Deum
350 641 507 671 consulunt,
526 648 586 674 qua:
604 639 691 666 tribus
705 639 777 666 bello
792 647 919 674 prmesse,
936 644 964 667 et
975 647 1043 675 pra:-

251 687 335 713 liandi
349 686 457 713 initium
468 686 534 712 dare
554 685 672 712 debeat:
690 693 863 720 responsum,
877 686 976 713 Iudam
992 686 1042 716 de.-

250 731 317 758 bere
330 732 445 766 primam
470 731 678 765 impressionem
695 730 794 757 facere.
815 730 981 765 Gonlligunt,
996 738 1044 758 ca-

250 778 375 810 duntque
391 777 511 811 primum
537 781 635 810 praeter
650 784 726 810 spem
747 776 780 802 de
797 776 934 803 ultoribus
947 776 1043 811 viginti

250 823 306 849 duo
324 821 419 849 millia.
441 822 509 849 Tum
534 822 630 849 flentes
650 822 794 849 Conditori
812 822 976 857 supplicant.
996 823 1044 849 Al-

252 873 309 895 tera
329 876 399 903 puga
426 867 617 898 committitur,
642 867 797 902 iterumque
817 868 911 894 decem
933 873 961 895 et
982 872 1044 895 octo

255 913 338 939 millia
364 913 541 940 occumbunt.
562 913 656 939 Denuo
678 913 838 940 lamentatio
856 913 882 939 in
903 913 970 945 Silo,
994 914 1045 941 de-

251 966 306 986 nuo
325 959 499 993 supplicatio,
522 964 551 986 et
567 958 658 986 denuo
675 964 789 986 conatus
814 959 942 987 flectendi
959 960 1044 986 Deum

251 1012 301 1039 per
325 1004 460 1037 victimas,
489 1009 516 1031 et
538 1004 678 1031 fructuum
702 1005 816 1037 oblatio,
844 1009 872 1032 et
900 1006 1044 1038 sacrificia,

250 1054 278 1076 et
301 1049 454 1076 oblationes
467 1050 662 1084 acceptabiles.
680 1049 798 1077 Phinees
818 1050 890 1077 filius
907 1051 1042 1082 Eleazari,

250 1102 336 1128 nepos
360 1095 477 1122 Aaronis
500 1096 580 1130 primi
607 1096 769 1129 sacerdotis,
798 1104 874 1124 sacra
899 1105 1043 1132 peragens,

251 1140 406 1168 istiusmodi
430 1148 512 1169 voces
533 1141 712 1169 effundebat:
733 1151 742 1167 ι
762 1142 905 1175 Quomodo
914 1141 994 1169 nobis
1006 1142 1046 1169 sic

253 1188 339 1213 iratus
355 1186 406 1214 es?
428 1186 469 1214 En
495 1187 616 1215 secunda
641 1187 734 1215 clades
758 1188 845 1222 prima
861 1195 937 1223 paene
959 1188 1046 1222 major

251 1231 360 1259 accidit.
388 1232 455 1259 Nam
481 1240 543 1260 cum
573 1234 733 1261 arderemus
757 1233 852 1261 ulcisci
874 1234 983 1268 impios,
1012 1232 1045 1260 ab

252 1277 320 1310 illis,
348 1278 441 1305 nescio
460 1279 599 1312 quomodo
614 1279 714 1306 iterum
737 1279 800 1306 victi
822 1287 927 1306 sumus.
944 1279 1045 1307 Verum

252 1330 312 1357 age,
329 1331 401 1350 nunc
419 1324 494 1355 audi,
505 1329 533 1351 et
547 1324 640 1351 sulliee
653 1325 732 1352 nobis
745 1325 839 1351 robur.
854 1333 863 1350 ι
877 1324 1046 1359 Obsequitur

253 1375 350 1394 eorum
378 1369 511 1396 voluntati
537 1369 618 1401 Deus,
648 1373 676 1396 et
697 1369 840 1397 victoriam
865 1369 971 1402 tribuit,
998 1369 1046 1404 qui

257 1423 266 1438 ε
291 1413 459 1441 voluntatem
476 1414 631 1441 timentium
647 1422 675 1442 se
688 1414 754 1442 facit
769 1415 800 1442 “.
831 1424 840 1440 ›
859 1415 976 1443 Insidias
988 1416 1044 1443 cir-

252 1466 314 1485 rum
335 1458 430 1486 urbem
451 1459 554 1491 locant,
571 1460 703 1494 plurimos
720 1461 797 1495 ignes
808 1461 974 1493 accendunt,
989 1462 1047 1496 ple-

254 1503 467 1538 nis‘agminibus
491 1505 681 1538 procedentes,
704 1506 856 1541 oppidanos
878 1506 912 1534 ad
928 1515 1047 1542 pugnam

251 1549 333 1575 etiam
345 1549 456 1576 tertium
468 1549 592 1581 eliciunt,
618 1558 787 1586 manumque
796 1552 929 1578 acerrime
947 1559 1047 1580 conse-

252 1598 334 1626 runt;
356 1601 452 1621 omnes
479 1594 645 1630 Benjamitae,
668 1595 790 1630 quinque
814 1600 843 1623 et
867 1597 963 1632 viginti
985 1597 1047 1624 mil-

253 1636 301 1669 lia,
330 1641 358 1664 et
403 1643 513 1665 centum
548 1645 679 1674 praeterea
716 1639 790 1668 ferro
829 1640 1046 1670 conﬁciuntur'.

255 1680 387 1709 Undecim
403 1688 494 1711 autent
510 1684 633 1712 tribuum
653 1684 833 1720 quadraginta
849 1686 944 1714 millia.

290 1727 437 1763 Postquam
451 1734 541 1757 autem
567 1738 663 1757 omnes
677 1731 711 1758 de
729 1731 801 1758 tribu
815 1731 1001 1767 Benjamitica,
1018 1736 1049 1759 ut

253 1771 376 1800 breviter
403 1774 513 1807 dicam,
537 1783 599 1803 cum
624 1776 787 1811 conjugibus
812 1781 840 1805 et
856 1777 951 1805 liberis
975 1777 1047 1805 bello

253 1820 391 1854 absumpti
409 1826 483 1853 sunt,
504 1826 532 1848 et
549 1823 671 1850 sexcenti
693 1824 825 1851 duntaxat
837 1824 936 1856 relicti,
959 1824 986 1850 in
999 1832 1047 1858 pe-

255 1871 323 1893 tram
339 1866 484 1894 Rbemnon
501 1867 695 1903 confugerunt,
710 1869 802 1904 ibique
821 1874 893 1897 totos
906 1877 953 1897 sex
970 1878 1048 1897 mcn-

253 1921 298 1941 ses
323 1915 483 1942 commorati
505 1920 578 1950 sunt,
594 1917 723 1945 undecim
737 1918 826 1945 tribus
844 1918 872 1944 in
886 1917 997 1952 Maspha
1017 1925 1047 1945 se

253 1959 441 1994 conferentes,
466 1965 494 1989 et
518 1962 734 1990 internecionem
751 1964 861 1998 generis
884 1963 926 1991 sui
943 1971 1047 1999 magna:

252 2005 401 2034 calamitati
423 2007 567 2040 ducentes,
591 2009 710 2043 primum
734 2017 815 2036 unam
834 2010 935 2037 tribum
949 2009 1047 2045 Benja-

254 2052 374 2078 miticam
388 2053 504 2085 scilicet,
526 2061 559 2080 ex
575 2054 690 2081 aliarum
708 2062 823 2081 numero
837 2055 955 2082 deletam
972 2055 1049 2081 luxe-

254 2101 330 2124 runt.
345 2097 530 2125 Nihilominus
546 2099 635 2126 adhuc
651 2099 746 2126 iisdem
765 2099 828 2126 irati
846 2101 1005 2134 coniurant,
1020 2104 1048 2126 et

255 2141 329 2168 inter
344 2149 373 2168 se
392 2147 503 2176 pactum
521 2138 626 2175 ineunt,
642 2143 680 2170 uti
693 2144 832 2171 neminem
848 2144 1046 2179 flagitiosorum

255 2186 366 2213 illorum
391 2188 438 2221 qui
463 2189 490 2214 in
513 2188 655 2216 Rhemnon
681 2189 879 2224 confugissent,
910 2190 1046 2224 quispiam

258 2231 310 2258 sibi
324 2240 454 2266 generum
471 2233 561 2261 facere
572 2235 729 2262 sustineret.
743 2234 811 2262 Cum
827 2243 909 2270 porro
923 2235 1047 2264 solemne

1097 318 1289 350 ascenderant,
1306 317 1400 344 datum
1420 316 1551 343 adversus
1568 315 1734 350 Benjamitas
1745 315 1886 350 jusjuran-

1097 362 1161 390 dum
1174 363 1354 398 negligentes,
1368 362 1463 389 decem
1477 362 1560 389 millia
1571 366 1666 388 contra
1681 369 1728 388 eos
1743 361 1885 394 miserunt,

1097 412 1126 435 ut
1140 413 1267 443 tanquam
1292 408 1418 443 perjuros
1432 415 1527 434 omnes
1551 407 1730 434 occiderent:
1750 408 1822 434 solas
1837 415 1886 434 au-

1096 458 1150 481 tem
1171 455 1292 489 virgines
1311 457 1493 481 reservarem.
1508 453 1606 480 Editur
1636 453 1764 480 mandata
1789 454 1886 484 caedes,

1095 504 1123 527 ct
1142 501 1238 535 puella:
1252 500 1306 527 illis
1325 504 1479 532 servantur,
1503 507 1598 526 omnes
1623 506 1738 526 numero
1755 498 1888 532 quadrin-

1096 551 1194 581 getttm,
1221 554 1290 581 quas
1308 546 1411 573 findere
1431 547 1503 573 facto
1518 545 1676 580 Benjamitis
1693 550 1809 579 nuptum
1832 549 1887 571 tra‘

1095 592 1175 619 dunt.
1191 592 1259 625 Quia
1275 600 1339 619 vero
1355 592 1468 619 ducenti
1478 593 1537 619 sine
1552 592 1684 618 uxoribus
1699 591 1840 618 restabant
1855 591 1888 618 de

1096 639 1150 666 illis
1174 639 1360 665 ISraelitarum
1386 646 1401 665 a
1424 638 1575 673 majoribus
1601 642 1678 668 natu,
1700 636 1801 671 quibus
1824 644 1888 663 cura

1095 689 1154 711 erat
1176 685 1278 711 tribum
1295 684 1500 720 Benjamilicam
1517 684 1550 711 ad
1574 688 1687 711 caeteras
1711 690 1887 717 recuperare,

1097 731 1204 758 tametsi
1230 731 1390 765 iuraverant
1411 730 1506 765 generi
1529 730 1568 757 illi
1593 738 1646 756 non
1668 736 1809 764 parsuros,
1836 728 1887 754 alia

1096 777 1244 811 suscipitur
1267 777 1406 811 cogitatio.
1423 776 1569 804 lnveniunt
1586 775 1709 804 modum.
1725 782 1779 809 quo
1804 774 1887 801 etiam

1096 821 1123 848 hi
1143 829 1241 848 uxores
1259 821 1456 855 adipiscantur.
1480 821 1608 848 Mandant
1628 820 1744 854 proinde
1762 819 1826 851 illis,
1845 826 1888 845 so-

1096 867 1186 893 lemne
1203 867 1421 894 anniversarium
1435 866 1494 893 fore
1513 867 1540 893 in
1558 866 1625 896 Silo,
1643 873 1677 892 eo
1691 865 1887 896 accelerarent,

1095 916 1178 946 atque
1196 912 1267 938 intra
1287 917 1363 946 septa
1382 912 1523 940 vinearum
1545 911 1676 939 insidiose
1690 911 1818 941 latentes,
1835 910 1889 936 vir-

1096 960 1174 993 gines
1195 959 1338 995 indigenas
1357 959 1391 986 ad
1416 959 1516 986 choros
1541 959 1683 986 ducendos
1709 958 1890 993 procedentes

1097 1010 1236 1039 raperent,
1256 1012 1308 1032 nec
1335 1005 1438 1040 plures,
1458 1013 1539 1040 quam
1565 1013 1615 1039 pro
1641 1012 1757 1031 numero
1780 1012 1840 1036 suo,
1863 1004 1890 1032 id

1095 1055 1148 1082 est,
1173 1051 1318 1083 ducentas,
1345 1055 1491 1086 raptasque
1517 1051 1630 1078 domum
1653 1051 1799 1082 ducerent,
1817 1056 1845 1077 et
1862 1050 1889 1077 in

1096 1088 1272 1124 matrimonio
1287 1097 1339 1124 sibi
1356 1096 1499 1124 baberent.
1527 1097 1554 1124 Si
1571 1104 1667 1123 eorum
1688 1096 1826 1131 cognatio,
1843 1103 1890 1130 pa-

1097 1147 1161 1175 tres,
1178 1143 1287 1173 l‘ratres,
1300 1143 1447 1177 propinqui
1462 1147 1490 1170 et
1505 1143 1585 1170 amici
1598 1142 1673 1169 hunc
1685 1147 1792 1176 raptum
1808 1149 1890 1169 accu-

1096 1194 1186 1216 satum
1205 1190 1340 1222 venerint,
1362 1189 1486 1216 dicturos
1516 1197 1570 1215 non
1603 1188 1703 1216 habere
1720 1196 1750 1215 se
1768 1188 1834 1222 quid
1849 1187 1890 1214 fa-

1098 1234 1172 1261 ciant
1192 1242 1199 1260 2
1216 1242 1266 1261 cur
1303 1234 1462 1269 rogantibus
1485 1242 1538 1260 non
1570 1233 1718 1260 dederint?
1740 1233 1890 1267 legitimam

1097 1280 1278 1307 nihilominus
1313 1280 1494 1312 afﬁnitatem,
1526 1279 1689 1306 necessitate
1720 1278 1890 1313 probandam

1098 1333 1169 1353 esse.
1183 1326 1357 1353 Metuendnm
1374 1326 1459 1357 enim,
1472 1334 1506 1352 ne
1524 1325 1630 1357 miseri,
1648 1330 1755 1351 natum:
1770 1325 1890 1352 stimulis

1097 1371 1214 1402 subacti,
1247 1372 1357 1399 aliunde
1382 1371 1435 1398 sibi
1459 1379 1557 1398 uxores
1571 1392 1578 1403 ,
1596 1379 1629 1398 ex
1661 1371 1841 1406 alienigenis,
1863 1376 1892 1398 et

1098 1417 1299 1445 incircumcisis
1315 1417 1460 1451 qua-situm
1481 1423 1554 1444 eant.
1576 1417 1622 1444 llis
1650 1417 1732 1444 dictis
1752 1425 1767 1444 a
1783 1417 1887 1452 primo-

1098 1463 1179 1490 ribus
1206 1463 1317 1497 populi,
1342 1463 1425 1490 verba
1446 1463 1598 1490 secundum
1621 1464 1836 1499 przeceptinnem
1857 1464 1890 1491 ad

1099 1515 1156 1536 rem
1187 1508 1377 1542 conferuntur,
1406 1509 1571 1544 rapiuntque
1591 1509 1643 1536 sibi
1671 1518 1705 1536 ex
1735 1509 1794 1537 Silo
1826 1518 1891 1537 uxo-

1099 1562 1153 1586 res,
1179 1554 1258 1580 tertia
1276 1562 1350 1588 pars,
1367 1555 1491 1590 inquam,
1507 1563 1603 1582 eorum
1619 1556 1668 1590 qui
1687 1556 1770 1590 stragi
1795 1565 1892 1591 super-

1099 1599 1219 1630 fuerant,
1245 1602 1399 1635 iterumque
1417 1601 1626 1635 Benjamitieum
1651 1610 1739 1636 genus
1754 1602 1891 1630 instaura~

1100 1648 1168 1675 tum,
1183 1649 1212 1671 et
1225 1644 1258 1672 de
1273 1645 1379 1680 integro
1389 1653 1422 1673 ex
1436 1647 1573 1673 sexcentis
1587 1646 1640 1674 illis
1651 1651 1762 1674 auctum
1774 1652 1827 1679 est,
1843 1647 1888 1674 ubi

1099 1698 1198 1718 uxores
1212 1690 1315 1725 adepti,
1333 1697 1362 1718 ut
1376 1691 1479 1718 dictum
1502 1697 1554 1724 est,
1567 1691 1664 1720 liberis
1678 1700 1790 1727 operam
1807 1694 1889 1721 ilcde-

1100 1741 1176 1768 runt,
1197 1737 1335 1770 urbesque
1349 1741 1377 1763 et
1389 1738 1500 1765 castella
1512 1738 1596 1765 multa
1610 1743 1836 1766 construxerunt.

1135 1781 1201 1808 Rem
1219 1788 1322 1816 gestant
1339 1782 1388 1810 tibi
1406 1787 1489 1810 totam
1508 1785 1635 1818 exposui,
1655 1789 1683 1812 et
1695 1785 1889 1818 demonstravi,

1098 1831 1230 1861 quantum
1253 1828 1290 1854 sit
1305 1827 1331 1855 in
1347 1836 1380 1856 eo
1401 1830 1476 1862 mali,
1495 1830 1517 1857 si
1529 1831 1599 1865 {quis
1620 1831 1692 1865 quod
1716 1832 1743 1858 in
1766 1833 1890 1859 manibus

1099 1872 1192 1905 habet,
1218 1874 1338 1908 segniter
1359 1879 1465 1902 tractet.
1492 1875 1574 1904 Vides
1600 1877 1672 1904 enim
1692 1882 1734 1905 ter
1756 1878 1889 1905 infelicem

1099 1919 1175 1945 illum
1200 1919 1351 1951 viatorem,
1378 1920 1405 1947 iu
1429 1927 1498 1956 quot
1521 1922 1694 1950 incommoda
1719 1932 1753 1951 ex
1777 1924 1890 1959 segnitie

1099 1965 1261 1997 incurrerit,
1278 1966 1378 1994 amissa
1397 1974 1493 1999 uxore,
1515 1973 1603 1996 morte
1625 1969 1825 2004 indignissima,
1846 1978 1890 1997 cx-

1099 2010 1239 2046 citatoque
1254 2012 1326 2038 inter
1338 2012 1427 2039 tribus
1441 2012 1504 2040 belli
1518 2014 1646 2041 incendio
1661 2015 1778 2042 exitiali.
1790 2017 1811 2042 A
1823 2016 1890 2043 scin-

1100 2058 1156 2084 tilla
1178 2059 1271 2092 empit,
1291 2063 1318 2085 et
1334 2058 1361 2085 in
1387 2058 1474 2086 facem
1492 2061 1625 2093 excrevit,
1649 2066 1791 2096 totumque
1808 2071 1890 2097 genus

1099 2101 1175 2128 arsit.
1204 2101 1298 2129 Mutuo
1317 2104 1391 2130 enim
1413 2103 1441 2130 in
1462 2111 1491 2131 se
1520 2104 1705 2138 insanientes,
1730 2111 1759 2133 et
1782 2113 1892 2134 ruentes

1100 2150 1195 2173 mutuo
1222 2147 1404 2175 trucidarunt.
1432 2148 1485 2175 Sed
1513 2149 1566 2176 hoc
1597 2149 1704 2177 facinus
1732 2152 1760 2186 (0
1786 2152 1889 2178 cladem

1099 2191 1277 2226 insperatam)
1295 2193 1378 2221 unius
1399 2194 1520 2221 hominis
1534 2195 1640 2222 desidia
1655 2203 1686 2222 ac
1710 2196 1836 2223 remissio
1852 2198 1891 2223 in-

1102 2237 1184 2265 vexit.
1201 2237 1227 2264 Si
1244 2239 1317 2265 enim
1333 2239 1398 2266 hora
1418 2240 1497 2267 tertia
1510 2241 1641 2267 voluisset
1662 2241 1754 2268 itineri
1769 2250 1798 2269 se
1818 2242 1892 2273 dare,

255 2276 356 2304 festum
374 2278 400 2305 in
419 2279 475 2306 Silo
492 2279 659 2313 advenisset,
675 2282 708 2309 ad
722 2281 796 2316 quod
814 2289 910 2308 omnes
924 2282 1045 2316 undique
1064 2292 1085 2320 ο
1101 2288 1164 2310 ante
1199 2291 1342 2318 vesperam
1369 2285 1481 2312 domum
1515 2294 1592 2313 suam
1626 2287 1785 2314 revertisset
1810 2296 1816 2314 :
1844 2296 1893 2315 nec

255 2324 395 2351 ascensuri
414 2330 517 2358 essent,
543 2331 572 2353 et
591 2327 651 2362 lege
674 2327 759 2354 veteri
785 2327 942 2355 Judaeorum
964 2335 1046 2355 nemo

255 2369 352 2397 abesse
363 2370 397 2397 ab
411 2379 444 2398 ea
453 2372 610 2400 celebritate
623 2377 725 2408 posset,
738 2380 846 2401 rursum
857 2381 904 2401 eos
913 2375 960 2409 qui
971 2374 1047 2409 prius

255 2416 480 2451 conjuraverant,
498 2423 528 2445 ut
546 2426 608 2446 cum
626 2420 702 2447 nullo
720 2428 839 2455 unquam
857 2420 965 2447 illorum
986 2427 1047 2448 sex-

255 2469 399 2491 centorum
410 2465 570 2493 allinitatem
583 2467 781 2503 coniungerent
792 2466 935 2502 pwnitudo
950 2467 1046 2496 subiit.

243 2565 249 2579 1
293 2533 316 2550 ⁸·
329 2533 398 2562 Psal.
409 2542 498 2568 cxuv,
510 2535 551 2563 l9.

1103 2329 1227 2357 cedendo
1256 2331 1345 2358 soceri
1373 2332 1519 2366 precibus,
1542 2337 1570 2360 et
1585 2341 1693 2367 semper
1726 2335 1894 2362 remanendo

1102 2378 1207 2402 tantum
1226 2377 1333 2404 malum
1356 2383 1383 2405 et
1406 2386 1502 2412 passus
1522 2378 1630 2409 fuisset,
1644 2385 1672 2406 et
1689 2380 1751 2407 aliis
1770 2381 1890 2407 creavis-

1101 2426 1152 2454 set,
1169 2422 1220 2449 sibi
1244 2423 1374 2457 primum,
1391 2424 1508 2451 subinde
1532 2424 1670 2456 tribubus,
1687 2430 1715 2452 et
1730 2425 1887 2461 Benjamitis

1101 2472 1218 2497 maxime

992 2608 1131 2639 Scholia.

294 2667 442 2704 flsidorus.
461 2667 511 2700 Qui
523 2669 592 2695 enim
610 2670 773 2704 gravioribus
788 2674 863 2696 erant
877 2670 978 2696 ustrirti
989 2678 1045 2696 sce—

255 2703 362 2739 leribus,
373 2706 398 2729 et
418 2703 493 2737 longe
508 2705 651 2738 majoribus
667 2713 696 2730 eo
712 2705 780 2739 quod
793 2710 926 2739 patratum
937 2711 1005 2735 erat,
1019 2709 1046 2730 ut

255 2738 316 2766 auri
329 2746 360 2764 ac
375 2739 525 2765 innocentes
538 2739 572 2765 ud
586 2739 681 2765 tardem
697 2738 812 2773 fratrum
828 2749 935 2766 suormn
954 2748 1047 2766 ascen-

254 2773 351 2808 dcbqnt
367 2775 513 2800 unanimes.
529 2773 620 2800 Verum
631 2775 789 2808 experientia
802 2775 946 2801 tlidirertmt
962 2775 1046 2802 illud:

259 2815 268 2832 ε
293 2807 448 2842 Hypocrita,
472 2808 535 2842 cjire
557 2809 672 2841 primum
691 2809 791 2835 trabem
807 2810 838 2836 de
853 2810 927 2836 oculo
947 2815 1001 2841 tuo,
1024 2814 1048 2836 et

255 2845 318 2879 tunc
333 2844 473 2879 perspicies
488 2849 514 2869 ut
529 2845 622 2870 educas
634 2846 760 2878 festucam
775 2845 805 2870 llr
816 2845 891 2871 oculo
904 2846 994 2879 {rutris
1011 2846 1048 2871 lui

258 2875 367 2911 (Matii).
386 2875 434 2910 vlt,
453 2879 490 2911 5).
516 2888 524 2904 ι
552 2875 751 2906 Numitmlrcim
775 2881 857 2906 tribus
869 2875 929 2906 rnin
954 2889 968 2906 ιι
995 2880 1049 2906 Ι)θο

257 2910 434 2946 descivissent,
454 2918 545 2941 etcum
572 2914 649 2941 idolis
670 2914 808 2948 fornicata:
835 2919 928 2946 essent,
946 2918 976 2941 ab
995 2924 1048 2942 una

1101 2671 1168 2696 tribu
1180 2670 1365 2700 denictarsunt,
1376 2669 1507 2705 simulque
1519 2671 1628 2698 victores
1640 2671 1758 2705 funditus
1772 2676 1892 2701 exstincti

1101 2706 1245 2740 perierunt.

1137 2740 1318 2776 "rtjhrysost.
1345 2738 1446 2776 Prioris
1472 2741 1541 2776 enini
1568 2740 1709 2771 delictum,
1738 2745 1891 2776 posterioris

1102 2775 1190 2801 cautio
1205 2773 1246 2807 ﬁt,
1266 2774 1289 2800 si
1308 2774 1487 2812 attendamus.
1513 2774 1608 2812 Nonne
1627 2777 1698 2802 vides
1723 2773 1853 2812 quomodo
1867 2784 1891 2805 et

1101 2814 1210 2840 matres,
1235 2817 1293 2834 cum
1318 2808 1418 2845 ﬁliolus
1433 2810 1582 2840 prwcedens
1599 2811 1686 2845 lapsus
1699 2808 1789 2845 fuerit,
1799 2815 1822 2840 si
1833 2814 1892 2840 ετιΙμ

1102 2852 1210 2877 sequens
1226 2852 1328 2878 quoque
1346 2843 1463 2880 labatur,
1481 2845 1575 2871 durius
1593 2843 1653 2872 eunt
1668 2843 1816 2880 verberant,
1830 2849 1889 2875 sub-

1098 2880 1220 2914 jicientes
1237 2886 1306 2904 :mm
1324 2879 1428 2905 videbas
1441 2879 1516 2905 illum
1533 2884 1556 2905 te
1567 2881 1762 2908 antecedentem
1779 2883 1890 2910 rudere?

1102 2913 1230 2949 quomodo
1246 2919 1272 2940 tu
1286 2922 1388 2949 quoque
1404 2914 1535 2941 cecidisti?
1548 2923 1600 2942 non
1623 2916 1730 2943 vidisti?
1742 2926 1794 2944 non
1812 2918 1889 2945 habet:
