2034 3153
130 216 180 248 737

851 202 1030 235 DIOPTRA.

1703 198 1759 228 738

161 272 295 302 Numerus
303 269 427 297 omnium
438 267 466 294 in
474 266 528 294 hoe
536 265 610 293 bello
624 271 768 295 caesorum,
780 271 813 291 ex
825 263 912 290 unde-
925 263 951 293 Α
965 261 1025 296 γῆς,
1040 268 1057 287 a
1077 262 1208 286 terra:et
1224 262 1325 291 corpus
1351 255 1434 283 simul
1452 254 1538 290 magis
1557 255 1695 291 magisque
1718 256 1760 282 in.

130 321 180 347 cim
200 316 310 353 quidem
337 314 466 343 tribubus
487 312 668 348 quadraginta
693 309 789 341 millia,
813 312 915 343 pneter

130 366 201 393 viros
214 363 295 391 .labes
308 361 421 389 Galaad.
438 361 478 387 Ex
491 360 548 386 sola
565 362 657 385 autem
677 356 750 383 tribu
764 354 915 393 Benjamin,

131 411 190 440 mali
207 408 367 436 auctoribus
379 427 386 438 ,
402 405 525 440 exceptis
551 404 714 431 mulieribus
725 424 732 434 ,
747 392 872 433 a'ncillis,
889 405 918 428 et

131 455 238 492 pueris,
260 453 357 488 viginti
379 452 502 486 quinque
524 449 620 481 millia,
639 453 666 475 et
684 452 806 475 centum.
826 445 917 473 Usita-

133 490 185 530 iam
207 505 249 528 est
272 499 345 526 enim
368 497 495 533 inprimis
517 495 665 530 Scriptura:
694 493 802 522 Veteris
823 490 918 518 Testa-

132 547 224 578 menti,
247 546 276 573 in
293 543 505 573 enumeratione
528 541 637 577 generis
652 545 680 567 et
698 538 864 575 genealogis:
879 537 920 564 vi-

134 603 176 622 ros
189 591 391 622 tantummodo,
407 598 463 617 non
484 589 568 617 etiam
593 588 720 619 feminas,
739 594 794 612 non
819 591 920 620 pueros

133 646 178 666 seu
191 645 281 664 mares
294 644 341 663 seu
358 635 482 662 femellas
497 640 651 661 recensere.
664 632 745 659 Viros
760 631 843 666 igitur
859 630 921 656 illos

133 682 347 714 connumeravit,
361 682 408 716 qui
423 680 567 708 manifeste
584 679 612 706 in
629 679 696 706 viris
713 681 867 713 ponuntur.

133 786 258 817 Remisse,
275 789 300 812 et
322 785 348 811 in
371 784 484 818 peccatis
506 784 588 809 vitam
604 781 736 818 agitantes
753 779 856 818 {rebus
872 780 922 818 lm_—

170 815 257 847 manis
281 815 384 846 duriter
407 818 586 852 violenterque
605 815 738 843 ea'cctlere.
756 815 836 852 Secus
853 815 924 852 acci-

167 856 226 882 dere
248 856 292 886 iis,
318 855 362 888 qui
392 854 426 880 ad
454 850 570 886 superna
598 853 687 888 aninw
715 855 739 877 et
766 850 924 884 cogitatione

168 890 295 922 conversi,
308 886 409 916 vivendi
424 889 540 915 rationes
559 888 587 914 in
602 886 696 913 melius
711 889 888 912 commutant.

968 310 1145 333 curvescens,
1166 302 1194 329 in
1217 301 1332 328 senibus
1360 300 1469 327 termini
1497 299 1669 327 adventantis
1689 300 1762 327 indi-

968 350 1040 378 cium
1057 354 1110 377 est.
1126 349 1158 376 Et
1172 347 1283 382 quidem
1300 348 1327 373 in
1344 346 1459 373 humum
1476 346 1549 372 unde
1567 350 1762 380 processerunt

969 396 1170 431 proclinantur,
1195 401 1277 428 quam
1302 398 1330 420 et
1351 396 1480 427 tanquam
1499 392 1589 419 sinum
1607 397 1761 419 maternam

974 442 1067 469 subire
1091 440 1224 468 festinant
1240 448 1248 466 :
1263 443 1290 466 et
1311 439 1354 466 lcx
1372 438 1453 465 nobis
1475 438 1529 465 lata
1550 442 1648 468 exstat,
1670 443 1699 464 ut
1715 438 1763 472 qui

970 488 1004 515 de
1024 491 1097 514 terra
1118 491 1199 516 sunt.
1215 485 1242 511 in
1266 489 1366 512 terram
1391 483 1613 511 revertantur”.
1629 484 1763 510 Praeterea

972 533 1045 567 quod
1078 531 1199 558 senescit
1228 536 1257 557 et
1286 530 1477 561 inveterascit,
1509 538 1593 564 prope
1620 529 1763 556 iuteritutn

972 579 1049 605 aiunt
1063 584 1136 607 esse,
1157 575 1343 610 quodcunque
1361 575 1427 601 illud
1451 579 1503 601 est.
1519 574 1663 606 Quomodo
1681 574 1766 608 igitur

973 623 1056 651 etiam
1073 629 1158 649 senex
1181 620 1367 648 deterioribus
1384 619 1512 651 inhaeres,
1528 627 1619 654 neque
1643 619 1765 654 prophe-

974 674 1030 697 tam
1045 669 1122 695 illum
1139 668 1304 694 clamantem
1325 666 1405 693 audis
1421 675 1428 692 :
1445 676 1453 691 ι
1471 666 1516 693 Va:
1530 666 1577 700 qui
1591 666 1699 693 trahitis
1714 666 1766 692 ini-

974 715 1106 750 quitatem
1127 714 1153 740 in
1172 713 1303 740 funiculis
1320 712 1460 743 vanitatis,
1479 716 1506 738 et
1531 712 1609 746 quasi
1627 712 1766 738 vinculum

974 761 1088 796 plaustri
1102 763 1244 794 peccatum
1261 759 1294 785 ⁸⁸.
1308 757 1386 784 Eheu
1397 758 1435 783 ”!

1009 805 1038 832 In
1054 811 1198 840 quemnam
1213 803 1296 829 alium
1307 802 1410 837 politis,
1422 808 1503 836 quam
1518 800 1544 826 in
1556 807 1606 826 nos
1620 800 1691 826 istuc
1703 807 1766 826 con-

975 851 1067 879 venit?
1088 850 1167 883 Quod
1185 849 1208 876 si
1227 856 1357 884 peccans,
1379 851 1459 882 putas
1477 846 1593 873 fortasse
1618 850 1644 872 te
1659 845 1767 872 divinas

976 903 1085 927 manus,
1100 900 1129 922 et
1149 895 1241 922 faecem
1260 894 1309 920 ira:
1327 893 1388 927 ejus
1410 893 1437 918 in
1457 895 1582 918 extremo
1602 897 1681 924 posse
1696 889 1767 916 etfu-

169 947 352 981 Qnamobrcm
381 946 404 973 si
428 953 470 972 me
495 945 590 976 audis,
614 944 774 978 neutiquam
802 942 924 974 diﬂ‘eres,
939 933 964 963 Β
977 950 1053 978 gere,
1070 947 1098 968 et
1113 941 1148 968 ob
1170 940 1241 967 hanc
1256 946 1367 967 causam
1388 938 1484 972 ignava
1502 944 1532 964 es
1551 944 1582 963 ac
1601 940 1703 970 torpes,
1720 935 1767 969 qui

135 993 366 1028 quemadmodum
383 992 486 1023 Levila,
502 991 660 1025 neutiquam
678 990 724 1017 tali
741 989 925 1024 procrastina-

135 1040 208 1066 tione
226 1044 313 1066 utere.
332 1039 398 1066 Nam
415 1039 436 1065 si
452 1038 524 1065 diem
536 1045 570 1064 ex
584 1037 629 1064 die
643 1037 788 1068 ducamus,
804 1043 925 1069 semper-

136 1093 190 1120 que
207 1085 358 1112 crastinum
378 1084 479 1111 frustra
500 1088 709 1118 exspectemus;
729 1081 860 1116 quoniam
882 1080 926 1106 di-

133 1131 206 1158 versi
232 1139 312 1158 casus
334 1131 419 1157 vitam
445 1134 569 1156 nostram
598 1128 790 1160 circumstant,
814 1131 927 1161 repente

134 1177 242 1204 securis
263 1177 330 1203 lethi
351 1180 517 1210 apponetur,
530 1179 558 1202 et
578 1174 705 1201 arborem
722 1178 752 1200 ut
774 1172 928 1200 infructuo-

135 1229 195 1248 sam
213 1221 346 1247 radicitus
372 1219 543 1254 amputabit;
570 1223 748 1252 nostramque
771 1217 927 1253 colligatio-

136 1274 200 1293 nem
218 1270 281 1294 aute
304 1271 411 1301 tempus
426 1265 568 1297 dissolvet,
590 1269 619 1291 ut
638 1264 781 1300 conjugem
801 1271 816 1290 a
833 1263 928 1290 Levita

135 1311 282 1344 abstraxit,
298 1317 326 1338 et
341 1311 369 1338 in
387 1318 477 1346 pugna
499 1310 621 1337 tribuum
646 1314 686 1337 tot
704 1309 788 1336 millia
804 1313 928 1344 prostra-

135 1357 185 1385 vit.
202 1357 366 1392 Quanquam
388 1357 434 1383 illa
459 1363 606 1391 corporqu
632 1355 769 1390 separatio
791 1354 854 1387 fuit,
878 1361 928 1382 nec

136 1404 251 1440 spiritus
274 1404 406 1431 animaave
433 1402 587 1438 periculum
612 1401 718 1428 habuit.
741 1401 774 1428 Et
797 1401 927 1435 quoniam

137 1450 230 1477 anima
241 1449 309 1477 mori
323 1457 378 1476 non
392 1451 494 1484 potest,
508 1447 674 1482 supplicium
689 1446 844 1473 immortale
858 1447 927 1478 luet,

137 1496 159 1523 si
177 1504 233 1524 non
252 1503 306 1530 quo
322 1499 394 1522 statu
410 1494 492 1521 debet
509 1501 524 1521 e
540 1501 657 1529 corpore
674 1493 860 1528 emigraverit.
878 1492 929 1520 Ju-

137 1541 241 1568 dicimu
259 1541 370 1576 plenum
386 1545 429 1568 est
451 1540 586 1570 horroris.
602 1547 712 1575 ptenam
727 1539 790 1574 quis
807 1539 928 1566 sustine-

138 1586 178 1614 bit
196 1587 226 1614 't

174 1641 288 1670 Ultimis
298 1640 376 1668 boris
387 1641 534 1672 currimus.
551 1639 613 1668 finis
626 1644 669 1668 est
682 1640 710 1667 in
720 1640 838 1674 foribus,
854 1647 934 1670 testas

140 1687 229 1720 adest,
252 1687 323 1715 albae
340 1692 405 1715 sunt
420 1688 555 1723 regiones,
571 1687 625 1714 falx
650 1687 744 1721 instat,
762 1693 869 1723 tempus
891 1693 935 1716 est

141 1733 252 1760 messis.
268 1733 330 1761 Vita
353 1739 446 1760 nostra
469 1737 511 1760 est
547 1733 715 1765 miserrima,
733 1741 824 1760 mores
849 1734 935 1761 infru-

140 1778 241 1805 e:uosi.
262 1777 358 1806 Nescis
379 1786 462 1814 quam
489 1785 558 1805 vana
584 1778 640 1805 sint
661 1778 688 1805 in
710 1779 794 1806 rebus
808 1779 935 1806 humanis

140 1823 245 1851 omnia.
262 1823 389 1851 Nondum
406 1824 478 1851 nosti
493 1825 606 1853 bonum.
622 1825 666 1852 vel
680 1825 737 1860 ipsa
750 1825 935 1853 diuturnitate

146 1871 292 1906 temporis.
308 1870 436 1898 Nondum
453 1871 549 1898 satiata
571 1878 601 1898 es
623 1871 753 1899 videlicet
771 1879 864 1899 rerum
888 1880 937 1899 ca-

141 1913 278 1942 ducarum
299 1922 361 1942 usu.
377 1914 405 1941 Si
421 1914 485 1942 finis
500 1915 562 1942 vita:
577 1919 619 1942 est
635 1915 769 1949 incertus,
795 1916 822 1942 in
841 1916 937 1942 adole-

141 1961 286 1988 scentibus
307 1960 429 1988 incertus
453 1964 505 1993 est,
538 1960 565 1987 in
587 1960 700 1988 senibus
721 1961 883 1989 manifestus
909 1966 938 1989 et

142 2007 257 2034 minime
273 2006 442 2034 dubitabilis.
462 2005 579 2040 Sperant
601 2006 716 2041 iuvenes
738 2006 772 2033 ad
797 2012 936 2035 senectam

141 2059 170 2080 se
186 2056 391 2088 perventuros;
407 2059 487 2079 senes
501 2051 535 2078 de
553 2051 609 2078 vita
624 2051 749 2087 longiore
765 2052 912 2088 desperant
928 2063 936 2082 :

140 2097 194 2132 jam
215 2098 294 2125 enim
318 2103 420 2125 terram
445 2097 599 2129 intuentur,
614 2101 642 2123 et
661 2105 722 2131 quae
739 2102 848 2126 terrena
870 2106 936 2128 sunt

142 2143 263 2170 maxime
288 2142 443 2177 aSpiciunt;
467 2141 540 2168 unde
564 2145 592 2168 et
613 2141 701 2176 γῆρας
720 2146 856 2176 senectus,
879 2143 933 2170 ἀπδ

978 988 1087 1016 tandem
1105 994 1167 1014 cum
1193 986 1246 1013 ista
1271 984 1401 1019 opinione
1423 987 1468 1009 tua
1493 990 1547 1009 non
1564 989 1635 1008 caeca
1659 981 1706 1008 es?
1724 980 1768 1008 Va:

979 1034 1040 1066 tibi,
1054 1038 1084 1060 et
1107 1040 1190 1067 saepe,
1207 1031 1261 1058 nisi
1278 1029 1468 1065 paenitentiam
1488 1027 1556 1061 agis.
1572 1027 1697 1054 Divinam
1718 1026 1767 1052 be-

978 1079 1140 1114 nignitatem
1161 1085 1228 1104 cave
1249 1076 1306 1103 ullo
1327 1076 1409 1102 modo
1425 1072 1562 1107 despicias
1574 1082 1580 1099 :
1593 1072 1702 1099 divitias
1718 1071 1769 1098 bo—

979 1123 1073 1151 nitatis
1086 1123 1108 1138 "
1120 1122 1182 1156 ejus
1198 1120 1359 1154 neutiquam
1375 1117 1507 1152 negligas.
1523 1115 1571 1143 Est
1586 1115 1659 1142 enirn
1671 1115 1770 1150 longa-

979 1169 1071 1201 uimis,
1085 1167 1184 1194 etvult
1202 1170 1227 1193 te
1248 1163 1373 1191 converti

1016 1224 1059 1251 Tu
1078 1227 1170 1250 autem
1184 1229 1238 1248 non
1252 1218 1433 1249 converteris,
1445 1216 1585 1252 magisque
1601 1215 1690 1250 ipsum
1708 1213 1773 1241 irri-

982 1274 1033 1302 tas,
1057 1272 1086 1296 et
1108 1266 1278 1295 thesaurizas
1302 1264 1350 1291 tibi
1379 1263 1470 1290 futura
1495 1261 1640 1295 supplicia,
1666 1260 1768 1294 quibus

982 1313 1100 1341 rebelles
1112 1311 1217 1348 judicio
1236 1310 1283 1336 illo
1301 1308 1446 1335 damnatos
1462 1305 1630 1341 puniet

1017 1357 1169 1392 Resipisce,
1181 1355 1263 1390 vigila
1279 1358 1413 1389 quantum
1438 1356 1516 1386 potes
1546 1358 1552 1376 :
1576 1349 1676 1377 stultos
1697 1348 1774 1376 zelus

980 1405 1078 1440 igneus
1087 1405 1238 1437 eXspectat.
1248 1399 1322 1427 Nihil
1333 1398 1433 1426 mirum
1449 1400 1491 1424 est
1505 1403 1673 1430 quemquam
1684 1401 1773 1430 aegro-

981 1456 1058 1479 tare:
1073 1449 1122 1477 sed
1133 1448 1260 1476 morbum
1273 1445 1350 1473 ﬂocci
1363 1444 1483 1480 pendere

1021 1513 1031 1531 ε
1051 1504 1084 1531 Ει
1103 1503 1272 1530 horrendum
1298 1504 1341 1528 est
1363 1498 1485 1526 incidere
1508 1497 1535 1524 in
1551 1503 1650 1524 manus
1665 1495 1712 1523 Dei
1731 1495 1775 1523 vi-

982 1550 1076 1578 ventis
1092 1559 1101 1575 r
1120 1549 1154 1582 ⁵⁸,
1173 1548 1307 1583 juxtaque
1324 1546 1402 1572 vivos
1419 1552 1450 1571 ac
1467 1548 1591 1571 mortuos
1615 1543 1775 1577 incorrupte

944 1602 967 1634 ρ
982 1595 1144 1632 judicantis,
1159 1598 1187 1620 et
1200 1593 1300 1627 cuique
1316 1591 1426 1626 dignam
1445 1589 1525 1616 factis
1539 1587 1694 1615 mercedem
1711 1594 1776 1622 pcr-

983 1641 1126 1670 solventis.
1141 1639 1248 1667 Etenim
1263 1637 1332 1672 ignis
1349 1640 1391 1664 est
1407 1636 1478 1663 Deus
1494 1635 1528 1667 ",
1546 1635 1616 1669 ignis
1630 1641 1716 1661 urens
1747 1637 1776 1661 et

982 1689 1141 1717 illuminans
1165 1685 1352 1720 :insipientes
1376 1690 1473 1715 urens,
1502 1681 1653 1717 prudentes
1680 1684 1774 1708 autem

983 1736 1136 1762 illustrans.
1148 1732 1197 1759 Hic
1209 1730 1422 1766 appropinquat,
1439 1732 1470 1754 ut
1483 1727 1516 1754 de
1531 1727 1661 1754 omnibus
1672 1727 1775 1761 justam

981 1780 1077 1816 judicii
1095 1776 1261 1805 sententiam
1283 1775 1353 1801 ferat
1369 1782 1375 1801 ι
1394 1777 1423 1799 tu
1442 1779 1508 1798 vero
1525 1771 1669 1801 dormitas,
1686 1769 1775 1804 negli-

985 1825 1083 1862 gentia:
1103 1821 1279 1853 succumbis,
1297 1819 1403 1847 dormis
1422 1822 1448 1845 et
1481 1816 1676 1846 obdormiscis,
1696 1815 1779 1849 idque

986 1859 1093 1906 Sponso
1116 1868 1277 1901 neutiquam
1301 1869 1426 1892 morante
1447 1863 1482 1895 ",
1498 1867 1526 1890 et
1551 1865 1647 1897 parato
1671 1861 1719 1887 illo
1741 1859 1777 1886 ad

985 1917 1098 1952 nuptias
1112 1915 1156 1942 his
1168 1913 1215 1948 qui
1231 1911 1305 1946 digni
1323 1910 1437 1941 fuerint,
1453 1913 1482 1935 tu
1498 1915 1552 1934 non
1570 1907 1656 1933 habes
1671 1910 1776 1932 vestem

986 1964 1096 1999 dignam
1117 1962 1173 1989 ullo
1188 1959 1270 1987 modo
1285 1958 1308 1973 "
1323 1966 1330 1984 ι
1347 1955 1394 1983 sed
1410 1958 1465 1981 tota
1487 1953 1618 1980 sordibus
1643 1956 1671 1980 ct
1687 1959 1781 1979 macu-

985 1997 1114 2044 lisipleua
1127 2008 1212 2042 jaces,
1224 2012 1274 2032 nec
1288 2002 1362 2030 ablui
1379 1999 1545 2036 purgarique
1559 1998 1594 2026 ab
1606 1997 1650 2025 bis
1664 1997 1777 2032 quzeris.

986 2042 1089 2083 lterum
1110 2061 1142 2080 ac
1159 2051 1259 2086 sacpius
1277 2048 1325 2076 tibi
1342 2048 1415 2078 dico,
1431 2053 1466 2072 ne
1489 2049 1661 2075 contemnas,
1677 2051 1712 2070 ne
1725 2042 1778 2069 dif-

987 2099 1069 2131 feras,
1079 2107 1113 2126 ne
1130 2100 1241 2133 peccata
1254 2093 1381 2122 cumules

1024 2146 1113 2180 Prope
1132 2148 1173 2171 est
1191 2142 1239 2178 qui
1253 2140 1370 2177 judicat,
1387 2145 1437 2165 cur
1449 2136 1585 2172 judicrum
1605 2143 1660 2163 non
1681 2135 1778 2168 times?

176 2215 199 2231 ⁸⁷
212 2215 285 2251 Gen.
302 2215 415 2251 nt,l9,A
437 2214 460 2231 "
471 2214 616 2249 Isa.v,18.
654 2214 677 2230 δ’
687 2214 766 2242 Rom.
779 2202 848 2248 ",1.
885 2215 1042 2251 '°Hebr.x,
1065 2216 1110 2244 3L
1161 2215 1184 2231 "
1215 2209 1399 2244 Deut.tv,2l.
1431 2207 1454 2222 "
1469 2205 1640 2239 Mattb.xxv,
1664 2207 1674 2233 l
1697 2184 1777 2241 seqq.

145 2248 167 2266 "
182 2250 281 2279 Matth.
301 2258 368 2282 xxn,
387 2249 430 2277 Η.

893 2303 1031 2336 Scholia.

147 2370 259 2397 oculos?
274 2370 365 2404 itaque
378 2367 447 2403 quod
458 2366 511 2404 alii
519 2369 581 2404 ante
596 2372 643 2404 nos
658 2363 809 2404 ceciderint,
822 2371 874 2390 non
889 2373 935 2404 ιοἶ
947 2366 974 2396 Ῑ)

147 2405 202 2432 lum
221 2405 297 2431 venia
311 2399 357 2430 nos
372 2399 470 2438 primat.
490 2403 513 2428 si
528 2401 555 2428 in
572 2400 664 2427 eadem
680 2399 852 2426 inciderimua
869 2400 935 2427 :sed

147 2441 237 2474 etiunt
250 2439 406 2474 supplicium
425 2438 497 2474 nobis
513 2440 601 2474 anget.

186 2476 194 2484 '
217 2468 382 2507 Theologus.
402 2468 640 2507 Aliqttarulddolor
654 2469 784 2504 voluptati
796 2468 940 2507 praeferen-

147 2510 198 2536 dux
214 2513 263 2539 est,
281 2513 304 2534 et
325 2504 417 2534 'vultus
442 2504 569 2532 demissus
598 2513 629 2532 ac
651 2509 757 2531 maestus
781 2504 884 2539 pompis
910 2513 942 2530 ac

147 2543 307 2578 spectaculis
320 2563 326 2573 ,
343 2546 367 2568 et
383 2543 447 2568 risui
471 2542 606 2578 inhonesto
634 2539 761 2578 lacrymrgc
769 2539 942 2578 laudabiles:

153 2574 168 2606 ι’
181 2579 246 2612 Quis
260 2579 376 2612 sapiens,
387 2580 411 2602 et
419 2575 545 2609 intelliget
557 2575 630 2609 (Osee
646 2583 702 2612 xiv,
718 2574 758 2605 10)
769 2575 780 2600 ?
792 2583 801 2612 ῃ

188 2610 208 2625 ἶ·
229 2610 337 2640 Catenis
361 2612 430 2638 enim
456 2618 564 2637 suorum
587 2610 728 2636 criminum
753 2610 861 2644 quisque
879 2617 942 2636 con-

150 2650 303 2683 stringitur.

189 2678 377 2718 “:Chrysost.
407 2680 538 2718 Benigntts
549 2683 586 2706 est
606 2678 691 2711 Deus;
707 2678 765 2705 ideo
783 2687 835 2718 non
849 2680 939 2706 statim

151 2714 334 2754 delinquentes
347 2725 422 2754 plena
449 2715 555 2754 multat.
568 2722 657 2754 eorum
674 2714 940 2754 conversion-em‘ex-

151 2749 283 2790 spectans.
298 2749 373 2785 Quod
388 2753 410 2779 si
424 2749 558 2790 nonnullis
576 2749 681 2790 onptino
695 2749 736 2775 hic
754 2750 851 2784 parcit,
871 2749 941 2784 fulu-

153 2777 198 2817 r'iu
211 2777 414 2824 iisdem‘paenae
423 2787 564 2824 atrociores
575 2777 682 2819 inﬂigit.

190 2826 233 2837 ""
249 2818 380 2851 Isidorus.
390 2822 449 2850 Non
462 2827 495 2853 te,
510 2821 596 2851 homo,
605 2818 721 2852 regnum
732 2818 856 2845 caelorum
873 2820 940 2846 inci—

155 2864 194 2886 tat
205 2868 215 2887 :
232 2867 282 2886 non
295 2860 412 2894 geheuna
426 2860 516 2883 terret.
532 2855 591 2894 Non
603 2854 762 2894 advertimus
773 2862 818 2879 nos
831 2855 939 2882 bestiam

155 2889 358 2922 immansuetum
384 2893 502 2923 delinire,
527 2895 551 2917 et
577 2891 604 2917 in
632 2889 718 2924 [arma
738 2889 854 2916 humana
880 2897 939 2917 cum

155 2937 274 2964 perverso
287 2929 403 2957 dwmone
421 2926 568 2955 colluctari.

1022 2365 1076 2378 ⁴“⁹“
1085 2363 1303 2400 Chrysostomus.
1315 2364 1372 2392 Non
1381 2369 1417 2391 est
1426 2363 1540 2400 moleste
1547 2361 1682 2396 ferendum
1692 2368 1783 2400 quani-

987 2401 1059 2436 piam
1073 2397 1254 2436 male'ltaberer
1266 2408 1274 2426 :
1287 2400 1331 2436 sed
1344 2399 1485 2436 cumwmnle
1497 2398 1600 2436 habent,
1616 2403 1667 2422 non
1680 2397 1782 2436 curari.-

988 2431 1041 2462 Nec
1056 2434 1211 2469 simpliciter
1225 2435 1359 2461 ulceribus
1377 2435 1498 2469 a/fcctnm
1525 2432 1705 2469 lamentamur
1714 2431 1783 2469 Laeti

987 2471 1025 2497 sic
1042 2465 1139 2496 temere
1158 2469 1291 2504 jacentcm
1314 2469 1371 2495 sine
1392 2465 1553 2495 medicorum
1578 2466 1695 2504 auxiliis.
1712 2465 1784 2504 Eum

990 2513 1068 2540 porro
1088 2505 1133 2540 qiui
1146 2501 1261 2536 secatur,
1273 2508 1297 2530 et
1309 2505 1406 2535 uritur,
1418 2505 1452 2540 ait
1468 2504 1612 2530 sanitatem
1624 2501 1728 2526 tendere
1739 2501 1782 2526 di-

990 2538 1083 2566 cimus.
1096 2538 1139 2566 Ita
1155 2547 1256 2574 quoque
1269 2540 1338 2573 quod
1350 2539 1385 2564 nd
1398 2539 1516 2564 animant
1529 2538 1633 2574 attinet,
1645 2543 1690 2574 nos
1702 2543 1781 2570 gera-

991 2583 1050 2601 mus
1070 2571 1172 2601 censeo.
1188 2571 1247 2601 Non
1266 2571 1307 2600 eos
1323 2574 1368 2608 qui
1386 2578 1538 2608 tentantur,
1547 2571 1591 2598 sed
1606 2571 1653 2608 qui
1675 2571 1783 2608 impune

990 2614 1097 2645 peccant
1113 2609 1202 2643 lugere
1217 2617 1252 2645 ac
1272 2605 1366 2645 deﬂere
1385 2612 1498 2645 oportet.
1513 2607 1582 2634 Nam
1603 2605 1782 2645 improborum

993 2640 1345 2678 animadversiojustos'ad
1359 2643 1470 2678 oﬂicium
1487 2645 1638 2669 attenuaret;
1653 2640 1728 2674 facit.

1029 2680 1094 2692 “""
1109 2677 1333 2715 Chrysdstomus.
1350 2678 1475 2715 Fatentur
1486 2677 1600 2715 quid__en_l~
1615 2683 1661 2715 ῐι⁰⁵
1675 2683 1784 2709 νεθηυπι

995 2714 1042 2741 Dei
1054 2710 1215 2745 desiderare,
1230 2713 1275 2740 sed
1292 2721 1339 2748 per
1355 2721 1414 2748 quae
1433 2710 1500 2739 illud
1513 2710 1624 2772 adiBixci
1643 2717 1782 2743 queamus,

995 2750 1066 2772 nobis
1076 2749 1247 2772 sollicitudini
1265 2757 1317 2772 non
1332 2753 1404 2772 sunt.
1419 2747 1493 2772 Quod
1510 2748 1532 2772 si
1580 2753 1624 2770 eus
1633 2745 1782 2772 inﬂamma-

993 2750 1066 2777 nobis
1076 2749 1247 2776 sollicitudini
1265 2745 1317 2775 non
1332 2745 1404 2775 sunt.
1419 2747 1493 2780 Quod
1510 2748 1532 2772 si
1553 2745 1784 2780 Deusinﬂarnma-

994 2790 1050 2811 tum
1071 2785 1191 2811 animum
1212 2788 1305 2813 tuum.
1328 2778 1470 2810 excitatam
1490 2781 1653 2809 voluntatem
1679 2778 1783 2811 riderit,

992 2820 1048 2854 ipse
1068 2824 1093 2846 te
1117 2819 1151 2845 ad
1168 2819 1353 2854 perﬁciendum
1369 2818 1486 2852 juvabit.
1516 2818 1559 2854 ΛηΔ
1577 2823 1629 2854 non
1652 2814 1784 2840 dicentem

993 2850 1118 2881 a'udivisti
1133 2862 1142 2881 :
1157 2850 1219 2881 (ιη’
1235 2854 1333 2880 mundo
1349 2850 1500 2887 pl‘cssumm
1515 2850 1653 2887 habebitis,
1668 2853 1691 2875 et
1704 2857 1783 2875 mun-

991 2889 1183 2951 ggsvgaudcbil,
1209 2897 1251 2916 vos
1270 2885 1359 2916 autem
1382 2887 1600 2914 contristabimiui
1626 2885 1784 2921 (Joan.xvl,

1010 2933 1051 2951 Di.
1068 2934 1077 2950 Ι

1010 2933 1077 2959 ομ»
