2034 3153
269 204 322 236 733

897 205 1069 234 PHILIPPI
1090 205 1286 238 SOLITARII
1844 225 1896 256 τω

270 264 382 295 repente
394 259 580 294 superveniet,
595 259 661 294 quid
679 264 787 295 tempus
799 260 902 288 frustra
918 262 1058 289 conteris?
1071 264 1094 293 Α
1108 269 1150 292 est
1167 266 1233 293 utile
1245 267 1316 302 judii
1324 273 1362 302 at,
1381 270 1578 309 hominumque
1594 276 1677 305 vitam
1692 280 1894 314 sapientissime

269 304 372 331 Memor
391 309 451 331 esto
466 312 562 331 eorum
581 312 641 339 qua‘
663 306 826 340 patraveris,
842 312 870 334 et
885 307 1013 339 emenda,
1027 313 1057 335 et

268 352 329 376 esto
341 349 386 375 vix
401 349 440 376 lui
458 357 573 380 memor,
585 354 613 376 et
633 353 659 376 lc
674 357 753 384 geras
766 351 889 385 provide.
906 351 1057 387 Cognoscis

269 393 425 424 veritatem,
439 393 513 420 nosti
532 393 598 428 quid
618 393 724 426 deccat,
749 395 771 421 si
795 399 885 423 tamen
905 396 1057 424 aﬂectioni-

268 439 319 466 bus
346 439 468 465 animum
488 439 677 466 turbulentum
699 447 754 466 non
780 439 876 469 habes.
896 441 1055 476 Cognoscis,

269 484 503 518 quemadmodum
535 490 678 519 peccatum
711 486 830 513 adducat
861 488 1053 522 supplicium:

269 529 364 556 virtuti
390 535 482 557 autem
512 529 636 556 deditum
666 528 747 562 esse,'
766 535 860 557 contra
887 532 1054 565 voluptatem

267 579 417 609 comparet.
438 574 478 600 Tu
495 582 576 602 secus
594 575 684 609 egisti,
701 574 784 609 idque
800 576 971 610 insipienter.
989 577 1054 603 Pec-

267 620 336 646 catis
355 620 448 647 dedita
463 627 503 651 es,
520 621 630 647 virtutis
646 621 768 648 studium
784 621 863 656 fugis.
881 622 914 648 Et
930 622 1055 649 deterio-

268 666 345 692 ribus
360 666 472 700 gaudes,
485 666 567 693 bonis
579 666 711 697 abstines,
725 674 813 701 neque
828 667 1054 694 cohabitatricem

270 715 344 737 tuam
363 711 396 736 ad
414 711 509 737 eadem
529 715 620 737 tecum
639 711 786 745 pertrahis.
804 712 868 738 Falx
886 713 988 740 aestatis
1005 713 1055 740 ad-

268 755 353 786 volat,
369 755 468 782 messis
483 756 578 787 instat,
597 756 672 790 regio
697 757 771 783 albet
796 756 922 784 maxime.
937 758 970 784 Et
985 765 1054 793 quo~

268 801 350 827 modo
363 809 455 827 coram
467 801 565 828 Judice
574 803 732 836 apparebis,
747 810 808 837 qua:
821 803 956 830 fructibus
966 811 1053 836 cares,

267 855 329 878 Cum
348 854 433 881 opera
451 848 521 874 mala
538 853 601 875 ante
621 853 646 875 te
660 849 732 876 nuda
747 849 875 877 stabunt?
888 858 948 885 qua:
963 852 1054 878 omnia

267 893 448 925 e\bibebunt,
474 898 501 920 ct
523 894 765 926 denionstrabunt,
789 903 961 930 quaecunque
979 897 1052 924 clan-

267 938 384 970 destine,
409 946 582 974 quaecunque
606 940 694 974 palam
709 941 869 976 designasti,
888 942 988 976 quibus
1005 942 1054 969 de-
1073 935 1092 961 Β

267 984 368 1010 teriora
392 992 472 1011 nemo
495 985 562 1012 fecit
583 985 617 1012 ab
635 986 703 1013 orbe
721 987 851 1014 condito?
865 987 984 1022 Tempus
1005 989 1053 1016 tibi

268 1035 353 1056 restat
372 1030 578 1063 brevissimum,
595 1035 625 1058 ut
640 1040 673 1058 ex
693 1037 808 1067 aspectu
825 1033 995 1061 tabernaculi
1014 1036 1054 1062 tui

267 1081 352 1110 patet.
370 1077 476 1103 Etenim
505 1078 686 1108 eonsenuisti,
706 1083 733 1105 et
757 1078 790 1105 ad
814 1084 915 1106 metam
940 1080 1052 1108 tendis:

269 1131 278 1147 α
296 1122 448 1149 Memorare
474 1124 624 1150 novissima
652 1131 708 1155 tua,
725 1129 752 1151 et
768 1131 824 1152 non
846 1126 974 1159 peccabis
988 1127 1022 1154 ⁵⁸.
1041 1137 1050 1153 ι

267 1167 353 1200 Rogo,
370 1168 464 1202 ignava
480 1176 514 1195 ne
530 1169 579 1196 sis.
594 1169 683 1197 Nosce
698 1170 832 1198 Fictorem
847 1175 937 1204 tuum,
953 1173 1055 1207 etquis

268 1217 293 1239 te
310 1219 426 1242 mecum,
444 1212 568 1244 domina,
584 1214 767 1248 copulaverit,
783 1220 812 1243 et
832 1223 893 1250 qua:
911 1216 984 1244 inter
1003 1225 1055 1245 nos

266 1257 377 1289 mistio,
398 1261 426 1283 et
453 1259 535 1292 quale
557 1259 629 1286 istud
655 1264 913 1295 temperamentum.
938 1262 972 1288 Et
991 1263 1054 1297 quis

266 1303 404 1335 conditor,
429 1305 491 1339 quis
518 1305 614 1339 jndex,
637 1309 665 1332 et
693 1306 852 1334 mercedum
877 1307 1052 1336 distributor.

266 1350 333 1382 Quis
353 1359 443 1384 renes,
462 1353 653 1387 cogitationes,
670 1357 700 1380 et
716 1353 799 1381 corda
818 1354 960 1382 intueatur
973 1355 1006 1389 ",
1027 1360 1054 1383 et

266 1397 328 1430 quis
359 1405 374 1424 a
399 1398 527 1425 sordibus
552 1403 726 1433 peccatorum
751 1400 884 1427 mundare
911 1401 997 1434 possit
1011 1401 1054 1428 ⁵⁵⁸2

266 1442 388 1476 Tempus
404 1448 446 1470 est
461 1443 592 1470 abluendi
611 1448 645 1474 te.
661 1444 694 1470 ad
710 1444 763 1471 hoc
776 1445 850 1472 enim
867 1445 987 1480 spatium
1003 1446 1052 1473 tibi

265 1496 427 1516 concessum
440 1494 492 1517 est.
502 1489 563 1516 Noli
577 1490 665 1517 celare
678 1491 796 1526 amplius
809 1500 816 1517 :
829 1491 873 1518 dic
886 1496 913 1519 tu
931 1493 1049 1527 primum

265 1539 378 1567 peccata
398 1539 455 1567 tua,
479 1540 508 1562 ct
532 1535 640 1563 occulta
669 1541 697 1562 ct
714 1541 822 1571 aperta,
839 1545 887 1564 seu
904 1538 986 1565 verbo
1005 1546 1054 1566 seu

264 1585 347 1611 Opere
361 1581 519 1612 commissa,
533 1580 635 1614 quibus
653 1588 696 1607 me
709 1580 838 1608 miseram
857 1586 947 1608 tecum
961 1583 1052 1617 quoti-

1109 315 1188 349 regit.
1205 316 1349 348 Quomodo
1367 318 1450 353 igitur
1467 321 1602 350 insontem
1619 329 1647 351 tu
1665 333 1706 353 me
1722 331 1776 354 tam
1792 330 1892 358 audac—

1108 365 1149 412 ter
1170 368 1295 395 accusas,
1309 368 1337 391 et
1352 367 1554 399 separationem
1576 376 1591 395 a
1606 374 1632 398 te
1649 373 1718 399 male
1734 375 1801 402 mihi
1822 377 1894 412 obji-

1106 406 1165 433 cis?

1141 453 1224 481 Cano.
1247 455 1356 483 Rationi
1379 464 1583 495 consentanea,
1607 468 1636 490 et
1654 472 1717 492 vera
1744 467 1892 497 admodum

1107 498 1237 534 loqueris.
1256 501 1416 530 Terminum
1433 505 1494 533 vitae
1510 507 1583 535 alius
1599 510 1729 538 omnibus
1744 515 1893 546 emetitur;

1106 545 1176 573 alius
1194 546 1275 574 tinem
1301 548 1383 584 hujus
1396 550 1468 579 lucis
1494 559 1666 590 mortemque
1688 557 1842 587 distribuit.
1861 545 1894 588 Et

1106 592 1167 620 aliis
1181 593 1293 628 quidem
1316 603 1403 624 annos
1426 599 1549 632 apponit,
1568 601 1603 628 ab
1624 602 1687 630 aliis
1703 611 1812 632 rursum
1836 614 1894 633 am-

1107 645 1194 674 putat,
1211 642 1316 669 utfecit
1330 643 1454 672 Ezechia:
1470 647 1525 681 regi
1541 647 1574 680 δ’,
1590 654 1618 675 et
1636 650 1761 684 improbo
1783 653 1893 680 Baltim-

1106 693 1151 713 sar
1161 687 1193 714 ‘°.
1205 688 1260 723 Ego
1274 696 1340 716 vero
1351 691 1484 724 plurimos
1496 693 1571 722 novi.
1596 695 1643 729 qui
1658 703 1770 731 repente
1780 706 1893 726 corrue-

1107 739 1171 762 runt
1188 735 1213 761 in
1235 735 1304 770 lege,
1319 741 1348 763 et
1366 741 1430 764 ante
1447 738 1550 773 legem;
1566 748 1730 776 rursumque
1753 749 1814 777 post
1831 753 1894 778 gra-

1105 781 1182 811 tiam,
1193 781 1296 815 quibus
1307 789 1421 815 peccare
1432 783 1559 818 contigit,
1574 792 1625 812 nec
1638 785 1664 812 in
1681 786 1751 813 viain
1768 788 1891 820 rediisse,

1106 831 1136 853 ut
1156 826 1183 853 in
1203 826 1363 854 barathrum
1381 833 1408 856 et
1432 830 1597 863 profundum
1622 832 1788 866 perditionis
1811 834 1892 860 cade-

1105 878 1182 905 rent;
1209 874 1348 909 vitamque
1371 875 1484 910 probam
1507 881 1534 903 et
1560 877 1701 905 honestam
1727 880 1893 907 omnimodis

1106 920 1268 954 neglexisse,
1292 926 1319 947 et
1348 928 1397 955 pro
1425 928 1456 947 ea
1485 922 1654 950 luxuriosam
1682 929 1709 951 et
1737 925 1891 959 improbam

1105 973 1221 992 amasse.
1238 966 1271 992 Et
1298 966 1355 993 inec
1382 972 1502 994 tremens
1527 968 1609 995 David
1633 969 1758 1004 impense
1780 972 1892 1006 rogabat

1106 1012 1243 1039 clamans:
1261 1022 1269 1037 ι
1283 1013 1322 1040 Ne
1336 1021 1448 1040 revoces
1464 1022 1506 1040 me
1521 1014 1547 1040 in
1561 1015 1675 1042 dimidio
1694 1016 1804 1043 dierum
1817 1026 1890 1044 nico-

1107 1067 1166 1086 rnm
1183 1060 1216 1087 ⁵¹.
1230 1070 1238 1085 ι
1250 1059 1283 1086 Et
1298 1060 1370 1087 lilius
1384 1061 1444 1095 ejus
1460 1061 1587 1088 Salomon
1606 1070 1612 1089 :
1627 1072 1635 1087 ‹
1649 1062 1698 1093 Ne.
1716 1063 1816 1098 inquit,
1834 1069 1891 1091 esto

1109 1105 1208 1133 similis
1223 1106 1330 1141 impiis,
1350 1111 1377 1133 et
1393 1107 1506 1142 iniquis,
1527 1115 1578 1134 nec
1602 1108 1680 1135 duris
1696 1109 1790 1141 corde,
1805 1113 1833 1137 ct
1849 1110 1891 1136 in-

1105 1152 1362 1186 cumpatientibns.»
1376 1153 1409 1180 Et
1421 1153 1482 1180 mali
1496 1159 1622 1188 pereunt,
1635 1154 1747 1190 insuper
1757 1155 1891 1182 mortibus

1106 1197 1281 1231 immanibus,
1304 1204 1330 1225 et
1345 1203 1493 1234 tempestas
1515 1200 1607 1227 veniet
1623 1200 1655 1227 ad
1670 1201 1824 1236 perniciem
1842 1201 1891 1228 im-

1104 1243 1213 1278 piorum
1228 1248 1247 1272 ‘.

1140 1290 1218 1323 Quod
1241 1290 1263 1317 si
1291 1291 1344 1317 vim
1371 1291 1519 1318 verborum
1538 1291 1653 1319 istorum
1679 1299 1761 1320 nosse
1776 1293 1830 1326 vis,
1848 1301 1891 1321 res

1105 1336 1172 1363 milii
1184 1336 1339 1369 considera,
1354 1337 1585 1370 quemadmodum
1602 1345 1665 1365 cum
1677 1338 1768 1366 verbis
1782 1339 1891 1374 conspi-

1105 1387 1178 1410 rent.
1195 1383 1311 1418 Respice
1327 1384 1499 1418 superiorum
1518 1389 1672 1418 temporum
1692 1384 1830 1418 homines,
1842 1383 1889 1421 qui

1105 1430 1205 1457 saeculo
1214 1430 1271 1457 Noe
1283 1430 1411 1457 vixerunt
1427 1439 1432 1456 :
1451 1435 1479 1457 et
1495 1438 1604 1457 rursum
1619 1431 1785 1464 Sodomitas,
1803 1436 1831 1459 et
1841 1431 1886 1466 qui

1105 1474 1189 1502 humo
1200 1474 1321 1509 absorpli
1336 1480 1400 1502 sunt
1417 1483 1479 1502 cum
1497 1475 1597 1508 Chore,
1612 1476 1717 1503 Dathan
1729 1482 1758 1504 et
1773 1477 1888 1510 Abiron,

1105 1527 1216 1549 centum
1239 1522 1456 1557 quinquaginta;
1473 1523 1575 1557 quique
1600 1523 1627 1550 in
1648 1522 1798 1550 solitudine
1817 1523 1888 1550 inte-

1106 1569 1223 1599 rieruut,
1253 1572 1292 1596 tot
1310 1569 1455 1603 myriades.
1484 1569 1543 1597 Heli
1571 1570 1640 1597 [ilios
1668 1570 1734 1597 mihi
1761 1570 1807 1597 hic
1825 1578 1889 1597 cou-

265 1608 310 1649 αξη
327 1624 496 1659 corrumpis.
511 1608 581 1658 'Ql‘lid
598 1626 621 1652 Si
644 1625 768 1659 “maris,
786 1626 808 1653 si
823 1626 875 1654 hoc
898 1608 978 1654 ne“:
1065 1608 1087 1636 ὗ
1104 1614 1203 1647 sidera,
1224 1615 1341 1642 Phinecs
1359 1618 1387 1641 et
1407 1613 1497 1650 Ophui
1521 1615 1759 1644 sceleratissimos.
1783 1615 1831 1643 His
1858 1621 1886 1643 et

265 1669 337 1696 varis
350 1675 497 1705 antequam
512 1676 686 1704 convcrtare,
697 1676 726 1699 et
736 1680 752 1698 a
765 1671 889 1707 principe
903 1673 1052 1707 latronum,

265 1718 295 1740 ut
311 1714 406 1741 infelix
424 1715 592 1750 mancipium
620 1716 770 1749 abducare,
787 1721 898 1744 tuorum
916 1719 1052 1746 scelerum

265 1759 371 1786 catenis
385 1760 533 1795 impedita?
552 1761 596 1788 Va:
613 1761 674 1794 tibi,
689 1767 822 1797 quantum
840 1767 905 1790 tunc
924 1763 1053 1798 ingemis-

265 1804 406 1832 cat-Cum
420 1806 524 1833 dictum
541 1807 578 1834 sit
597 1816 604 1834 ε
622 1816 632 1833 ι
649 1807 723 1840 Quos
739 1808 810 1836 Deus
827 1809 982 1844 conjunxit,
1001 1809 1053 1836 ho-

263 1858 308 1877 mo
320 1859 375 1878 non
398 1858 508 1888 separet
518 1853 551 1885 ⁵⁷,
566 1863 575 1878 ι
594 1861 662 1880 neve
677 1855 788 1888 penitus
801 1855 944 1890 quisquam
960 1855 987 1883 id
1004 1863 1053 1883 au-

263 1896 336 1928 deat,
353 1898 418 1932 qnid
437 1898 476 1925 illi
496 1898 552 1932 liet,
566 1899 612 1934 qui
641 1900 761 1927 animam
778 1908 793 1927 a
809 1901 986 1928 tabernaculo
1001 1909 1052 1929 suo

262 1950 376 1976 prorsus
404 1944 580 1971 distraxerit?
603 1945 742 1979 quomodo
766 1953 820 1972 non
846 1945 1000 1980 suppliciis,
1024 1950 1052 1974 et

263 1988 375 2022 quidem
390 1990 521 2016 extremis
529 1990 682 2018 allicietur?
694 1991 715 2018 si
732 1991 827 2026 igitur,
840 1995 869 2018 ut
880 1992 1050 2026 dicebamus,

264 2033 406 2067 repentina
418 2034 498 2061 nobis
509 2035 647 2069 separatio
661 2036 745 2070 (quod
761 2036 864 2062 utinam
880 2044 914 2063 ne
928 2036 986 2072 ﬁat)
1002 2045 1047 2064 ac-

262 2077 371 2109 ciderit,
395 2083 423 2105 et
452 2078 515 2105 ﬁnis
538 2079 713 2113 improvisus,
729 2080 868 2114 quomodo
890 2080 991 2108 Levitae
1016 2089 1051 2109 ex

262 2124 355 2150 animo
382 2131 479 2158 parum
507 2129 611 2151 attento
639 2125 741 2152 factum
765 2130 819 2158 est,
835 2133 916 2160 quam
942 2126 1051 2154 veniam

264 2168 454 2202 consequaris,
470 2168 520 2195 abs
541 2172 566 2196 te
588 2169 699 2204 pendet.

298 2212 395 2239 Amm.
427 2212 550 2246 Quonam
578 2219 658 2249 pacto
693 2222 743 2250 ego
765 2216 824 2243 sola
848 2215 946 2243 horum
968 2224 1049 2245 causa

1104 1660 1230 1694 plurimis
1243 1660 1313 1693 aliis,
1328 1668 1446 1695 quorum
1463 1661 1574 1688 nomina
1587 1662 1668 1689 edere
1680 1662 1824 1693 erubesco,
1836 1662 1888 1689 im-

1104 1706 1216 1740 proviso
1229 1711 1257 1733 et
1277 1712 1380 1741 puncto
1404 1707 1534 1742 temporis
1557 1708 1644 1734 emori
1661 1707 1784 1743 contigit.
1799 1708 1851 1740 Tu,
1865 1707 1886 1735 si

1104 1752 1235 1784 volueris,
1252 1752 1364 1780 omnino
1380 1753 1472 1787 plures
1493 1753 1623 1788 reperies,
1641 1757 1669 1781 et
1685 1761 1739 1788 quo
1755 1758 1845 1788 pacto,
1859 1758 1886 1780 et

1104 1806 1156 1832 qua
1171 1806 1204 1825 ex
1218 1805 1300 1825 causa
1315 1799 1483 1826 interierint.
1500 1799 1692 1827 Verumtamen
1707 1807 1793 1827 unum
1805 1800 1886 1835 quid-

1103 1845 1165 1872 dam
1179 1845 1278 1879 solum,
1294 1845 1368 1880 quod
1384 1846 1468 1872 etiam
1487 1845 1589 1873 Christi
1606 1851 1657 1878 est,
1671 1846 1720 1873 tibi
1738 1846 1840 1874 dicam.
1856 1846 1884 1873 In

1103 1891 1177 1919 Siloe
1201 1891 1254 1918 (ine
1278 1891 1428 1927 iinpmviso
1451 1892 1532 1919 deleti
1558 1897 1622 1919 sunt
1646 1892 1697 1919 viri
1715 1893 1884 1927 pestilentes,

1103 1937 1310 1972 improbissimi,
1329 1942 1354 1965 et
1373 1938 1496 1965 moribus
1513 1938 1677 1971 detestandi,
1697 1943 1725 1965 et
1739 1938 1815 1973 digni
1833 1939 1883 1970 bis,

1102 1992 1162 2019 quae
1174 1985 1229 2020 jam
1245 1983 1468 2019 signiﬁcavimus.
1484 1984 1529 2011 Sic
1548 1984 1628 2012 docet
1646 1985 1766 2012 Verbum
1782 1985 1808 2011 in
1825 1992 1884 2012 ser-

1102 2031 1231 2058 monibus
1245 2030 1280 2058 de
1298 2030 1459 2065 poenitentia
1479 2030 1512 2057 de
1529 2031 1563 2057 iis
1579 2031 1626 2065 qui
1644 2031 1721 2065 lapsu
1739 2032 1825 2059 turris
1838 2039 1885 2058 cx-

1102 2076 1194 2104 stincti
1212 2080 1286 2108 sunt,
1298 2084 1398 2111 genere
1408 2076 1536 2103 Israelita:
1551 2076 1645 2104 decem
1661 2082 1689 2104 et
1705 2081 1784 2110 octo;
1803 2077 1884 2112 idque

1101 2128 1214 2158 propter
1244 2128 1354 2158 peccata
1372 2127 1399 2150 et
1421 2122 1531 2155 delicta,
1547 2123 1648 2158 quibus
1663 2123 1775 2151 obnoxii
1791 2131 1885 2158 pcenas

1101 2168 1214 2196 oniniuo
1229 2168 1374 2196 dederunt.

1136 2215 1171 2242 Et
1187 2203 1239 2243 Hoc
1263 2215 1361 2242 addit:
1383 2223 1392 2240 ‹
1411 2214 1441 2241 Si
1468 2215 1658 2250 paenitentiam
1681 2222 1737 2242 non
1759 2215 1882 2250 egeritis,

263 2257 344 2283 sum?
357 2262 383 2284 et
396 2258 536 2292 quomodo
551 2266 565 2286 a
579 2266 622 2286 me
635 2259 770 2294 proﬁcisci
785 2260 916 2288 delictum
929 2269 1050 2295 pronun-
1066 2274 1088 2302 ι)
1102 2268 1198 2289 omnes
1213 2261 1340 2288 similiter
1360 2260 1485 2295 peribitis
1500 2262 1518 2271 "
1537 2261 1571 2288 δ’.
1594 2270 1604 2287 ›

264 2301 332 2328 tias?
356 2302 427 2329 alius
453 2307 496 2330 est
521 2304 643 2331 omnium
671 2305 814 2338 Dominus,
835 2305 906 2333 alius
926 2307 1049 2334 omnium

261 2347 414 2382 Conditor;
435 2349 481 2376 ille
496 2350 646 2385 colligavit,
665 2350 711 2378 ille
734 2355 859 2386 separat;
883 2356 911 2379 et
927 2351 972 2379 ille
989 2353 1051 2380 vitae

260 2400 293 2421 ac
305 2395 400 2422 mortis
414 2394 561 2430 imperium
572 2396 655 2424 habet
663 2396 701 2430 ‘5;
717 2401 746 2424 et
759 2397 824 2424 huic
838 2396 949 2432 quidem
962 2399 1048 2431 addit,

262 2439 337 2466 alteri
354 2441 460 2474 aufert,
478 2446 505 2468 et
520 2441 594 2477 quod
609 2443 707 2470 melius
725 2447 768 2470 cst
784 2442 916 2478 disponit,
929 2447 958 2470 et
975 2445 1048 2478 quod

306 2496 328 2511 “
354 2497 438 2525 Eccli.
468 2506 517 2530 vu,
539 2499 584 2527 40.

259 2530 282 2546 ‘9
297 2531 350 2558 lsa.
369 2541 481 2566 xxxvm,
506 2535 515 2561 ι
537 2542 615 2570 seqq.

645 2499 667 2515 ⁵⁸
692 2499 794 2527 Jerem.
819 2507 856 2532 xl,
879 2500 924 2528 20.

661 2535 683 2550 ⁶⁰
706 2535 775 2562 Dan.
803 2543 830 2568 v,
847 2535 858 2561 1
878 2542 954 2570 seqq.

984 2500 1007 2515 ⁸⁸
1022 2500 1159 2534 lsa.xun,
1182 2501 1226 2528 25.

1011 2536 1031 2551 ⁶¹
1049 2536 1120 2563 Psal.
1136 2544 1170 2563 Cl.
1183 2536 1226 2563 25.

1070 2544 1120 2563 sat.
1136 2544 1170 2568 Cl,
1183 2544 1228 2563 Ζο-

1135 2307 1207 2334 ΑιὶΙιί
1222 2307 1244 2322 ⁸³
1261 2314 1356 2334 rursus
1371 2307 1513 2341 discipulis
1532 2307 1648 2342 loquens
1664 2306 1785 2334 Verbum
1797 2315 1828 2335 se
1842 2308 1883 2334 vi-

1102 2358 1166 2385 tcm,
1182 2352 1243 2379 illos
1256 2352 1392 2386 palmites,
1407 2353 1572 2387 Patremque
1587 2360 1678 2386 suum,
1698 2353 1801 2387 alioqui
1818 2360 1882 2380 con-

1099 2398 1228 2430 ditorem,
1240 2398 1384 2433 agricolam
1403 2398 1564 2425 nominavit.
1578 2399 1685 2426 Palmcs
1697 2398 1817 2426 fructum
1828 2406 1883 2426 non

1099 2444 1204 2477 ferens,
1222 2443 1364 2471 mortifera
1384 2444 1507 2472 sectione
1529 2445 1718 2478 exscindilur,
1742 2444 1771 2471 in
1792 2445 1881 2480 ignem

1283 2501 1304 2516 ⁵⁷
1331 2501 1426 2528 Matth.
1449 2509 1504 2534 XIX,
1527 2501 1554 2529 6.
1614 2501 1637 2517 ⁵⁵
1663 2501 1748 2529 Hebr.
1771 2510 1801 2536 ιι,
1839 2502 1882 2530 Η.

1277 2536 1298 2551 ⁸⁵
1320 2536 1388 2564 Luc.
1403 2544 1460 2569 xui,
1477 2538 1505 2563 5.
1549 2537 1571 2553 ⁵³
1587 2537 1667 2564 Joan.
1680 2538 1754 2570 xv,l.

1000 2583 1137 2619 Scholia,

298 2631 304 2640 '
325 2628 376 2662 Qui
391 2630 493 2667 oblique
513 2631 548 2657 ad
565 2631 646 2658 Deum
662 2632 772 2663 accedit,
788 2631 894 2667 ejusque
913 2633 1047 2659 nmudatis

258 2664 427 2697 adversatur,
442 2664 476 2692 (id
501 2675 559 2692 eum
583 2667 695 2693 vicissim
714 2667 758 2693 ille
774 2664 877 2699 oblique
900 2668 992 2693 ueniet.
1011 2668 1047 2694 Et

259 2701 362 2761 "milito.
388 2700 426 2726 Ne
451 2701 536 2734 [avius
561 2701 644 2733 mala,
665 2708 688 2728 et
709 2710 760 2728 non
788 2706 811 2728 te
827 2702 1046 2737 comprehendent

259 2742 301 2760 mu
316 2744 342 2761 ll.

259 2742 342 2761 muta.

294 2770 436 2805 tlhrysost.
452 2769 504 2802 Qui
523 2770 552 2796 ob
572 2771 706 2804 prazterita
726 2776 833 2804 peccata
855 2779 944 2805 pwuas
962 2772 1042 2805 deiiil,

258 2804 385 2840 senioque
401 2806 525 2839 dignatus
537 2810 584 2836 est,
601 2806 623 2832 si
639 2814 743 2832 rursum
756 2807 881 2840 peccarit,
896 2807 982 2840 majus
995 2808 1042 2834 sibi

256 2838 384 2872 judicium
398 2838 444 2866 ine
468 2840 671 2874 parat.Quanto
690 2838 760 2867 enim
770 2841 857 2875 majus
875 2846 913 2867 est
932 2838 1039 2874 (ianum,

259 2876 333 2910 linito
349 2879 483 2910 peccaturi:
496 2876 580 2901 minus
598 2876 780 2910 ignoscendum
796 2877 944 2910 judicatur.
955 2877 1040 2904 Iudex

259 2908 339 2939 enim,
351 2911 372 2936 .si
386 2908 514 2936 latronem
525 2915 548 2935 cl
561 2908 643 2944 [ιιι-ἕνη
658 2908 890 2945 rotnpi‘i'lieitdcrit,
903 2913 1038 2946 punitum-

1097 2643 1145 2669 que
1157 2635 1294 2670 dimiserit,
1306 2635 1329 2662 si
1339 2640 1428 2670 postea
1442 2636 1533 2662 eadem
1550 2635 1650 2662 scelera
1662 2635 1798 2662 admisisse
1809 2636 1880 2662 iuve-

1096 2672 1174 2702 ucrit,
1198 2669 1274 2704 longe
1293 2671 1412 2697 acerbius
1437 2671 1536 2706 punit:
1556 2671 1769 2706 quandoquidem
1793 2672 1880 2705 priore

1095 2706 1170 2732 venia
1191 2705 1283 2732 melior
1293 2714 1344 2732 non
1362 2708 1452 2733 evasit.

1134 2742 1152 2750 "
1169 2740 1310 2767 Maximus.
1329 2741 1401 2767 Mqu
1426 2741 1589 2775 voluntaria,
1604 2741 1785 2769 involuntaria
1798 2749 1878 2776 gene-

1094 2779 1153 2812 rant
1166 2783 1175 2801 .'
1191 2783 1244 2812 non
1261 2776 1330 2802 enim
1346 2781 1439 2811 potest,
1461 2778 1505 2811 qui
1522 2779 1646 2812 peccavit.
1660 2777 1779 2811 futurum
1801 2777 1877 2812 judi-

1093 2811 1160 2836 cium
1174 2811 1229 2847 sine
1244 2815 1290 2837 aut
1303 2817 1394 2847 sponte
1415 2821 1463 2838 sua
1481 2813 1521 2838 hic
1534 2813 1732 2847 susceptis,raut
1747 2811 1876 2839 extrinse-

1093 2853 1137 2871 cus
1159 2845 1240 2882 iilatis
1268 2845 1447 2882 afﬂictionibus
1470 2848 1581 2882 e/fugcre
1601 2845 1613 2874 ι’
1638 2857 1646 2873 ι
1669 2846 1745 2873 Iram
1773 2848 1876 2875 Domini

1091 2880 1211 2914 portabo,
1224 2880 1348 2916 quoniam
1363 2883 1467 2916 per‘cut‘i
1485 2880 1507 2909 Ei
1522 2880 1616 2917 (.iliclt.
1634 2891 1683 2914 vn,
1700 2882 1738 2912 9).
1756 2893 1765 2908 ›
