2034 3153
140 174 188 209 741

858 175 1031 207 DZOPTRA.

1709 183 1760 213 ἨΞ

137 233 289 269 conjicitur.
308 236 335 259 et
355 231 444 265 ardet,
460 235 487 259 et
510 232 591 267 perit.
613 231 806 260 Consentanea
829 232 871 260 his
893 238 921 260 et
935 235 958 264 Α
975 239 1028 262 tem
1046 234 1166 270 primum
1184 241 1316 269 perquam
1333 234 1443 262 dilliciie
1464 239 1506 262 cst
1525 234 1583 262 luce
1607 234 1634 261 in
1657 242 1757 262 nicum-

137 278 329 312 conscquentia
345 278 443 305 scribit
465 278 547 304 David
563 287 569 305 :
589 287 597 303 t
620 278 676 305 Nisi
695 279 820 306 conversi
835 279 920 306 fueri-

138 333 182 358 tis,
198 324 316 360 gladium
331 331 412 351 suum
430 323 558 355 vibravit,
575 331 668 350 arcum
693 331 772 351 suum
793 326 919 357 tetendit,

138 376 164 399 et
181 371 286 406 paravit
300 370 327 396 in
340 378 374 397 eo
386 378 450 396 vasa
463 369 560 396 mortis
571 369 603 395 “.
622 379 630 395 ι
644 369 752 402 Cernis,
765 378 818 398 non
833 372 921 406 pomi-

139 421 236 448 tentcs,
256 423 346 450 neque
369 416 512 448 conversi,
534 420 561 442 et
583 417 758 450 contpuncti,
783 417 922 451 quomodo

138 463 203 491 male
225 467 352 497 pereunt,
369 466 397 488 et
419 461 532 495 insuper
557 461 723 488 damnantur
741 462 851 489 interitu
876 471 921 490 re~

138 509 259 544 pentino,
284 512 314 534 ut
338 507 521 542 liquidissima
550 507 731 534 ostendimus.
757 507 807 540 Qui
829 512 920 534 autem

138 554 257 581 studiose
282 558 346 580 ante
370 553 476 580 obitum
501 553 585 580 vitam
611 561 700 586 suam,
727 561 872 588 moresque
893 554 921 581 in

139 600 234 627 tutelius
262 600 461 632 formaverunt,
485 604 513 626 et
537 607 600 626 cum
621 599 749 635 iaerymis
778 608 810 626 ac
833 600 923 635 pretiis

138 645 299 671 voluntariis
324 645 514 678 pauxilentiam
541 650 677 680 egerunt,
703 645 922 672 misericordiam

139 690 285 724 impetrant
297 690 485 723 misericordis
497 691 604 718 Domini
616 700 622 717 :
634 691 660 718 id
672 692 745 726 quod
756 699 818 719 cum
830 699 845 719 e
857 693 923 720 mul-

139 737 181 766 tis,
198 741 255 763 tum
280 744 294 764 e
309 736 440 763 Ninivitis
466 737 639 770 potissimum
653 742 782 772 apparet:
795 738 841 772 qui
858 746 922 765 cum

139 783 163 809 in
183 783 277 810 cinere
298 787 417 809 etsaeco
437 783 647 817 pwnituissent,
666 784 749 810 vitam
774 792 922 811 conserva-

139 834 219 861 runt;
247 834 274 855 et
289 836 304 855 e
329 828 464 858 Manasse.
486 829 532 862 qui
551 837 601 863 per
621 828 715 856 ﬂetum
735 835 762 856 et
782 836 922 858 correctos

138 882 227 901 mores
241 875 362 901 saltatus
379 878 430 901 est.
447 874 485 900 Ex
506 875 664 909 publicano,
688 883 722 902 ex
746 875 864 909 latrone,
888 885 921 904 ex

975 281 1041 307 riam
1063 287 1202 307 revocare.
1222 280 1325 307 Deinde
1340 280 1432 312 timor,
1451 280 1549 315 pudor,
1564 280 1713 312 dubitatio,
1733 287 1761 308 et

972 334 1058 362 angor
1077 335 1120 354 me
1138 326 1302 361 impediunt,
1325 327 1474 360 quominus
1498 327 1569 353 serie
1593 326 1721 361 quadam,
1734 330 1762 354 et

972 374 1069 401 ordine
1084 373 1188 405 omnia,
1199 373 1429 408 quemadmodum
1443 381 1457 399 a
1470 381 1513 400 me
1527 373 1672 400 commissa
1686 378 1760 405 sunt,

973 419 1107 447 confitear
1120 427 1127 447 :
1140 427 1200 454 quae
1217 427 1327 446 arenam
1340 419 1436 450 maris,
1455 424 1546 454 guttas
1559 419 1631 446 roris
1644 426 1762 446 numero

973 466 1100 497 vincunt,
1117 471 1144 493 et
1162 471 1286 496 manent,
1305 470 1333 493 et
1349 466 1469 492 animant
1491 470 1613 493 versant.
1633 465 1711 498 Quod
1739 466 1762 493 si

972 512 1044 539 forte
1057 512 1083 538 in
1098 512 1257 539 memoriam
1277 512 1399 539 omnium
1412 512 1533 544 rediero,
1545 516 1573 539 et
1586 511 1679 539 animo
1694 512 1763 538 mul-

974 558 1119 584 titudinem
1138 558 1298 591 complexus
1314 557 1406 589 fuero,
1421 565 1530 583 rursum
1551 562 1650 588 aestuo,
1664 562 1691 583 et
1707 562 1763 583 tre-

974 610 1034 630 mor
1049 611 1080 629 ac
1093 603 1182 637 pudor
1198 610 1241 629 me
1254 603 1418 636 corripiunt.
1435 602 1630 629 Confessnram
1647 602 1760 636 turpitu-

974 649 1048 676 dinis
1066 657 1160 684 opera,
1185 649 1267 675 timor
1292 656 1335 675 me
1357 648 1472 679 invadit,
1488 653 1515 675 et
1541 648 1642 675 horror
1666 648 1763 675 exani-

974 700 1040 723 mat.
1062 695 1132 722 llinc
1149 694 1271 729 impense
1288 702 1374 728 angor
1392 694 1424 720 ad
1445 694 1659 722 declarationem
1673 696 1764 722 occul-

976 746 1064 768 tarum
1089 740 1219 775 pestium,
1242 747 1311 774 quas
1332 739 1520 766 infclicissime
1544 740 1641 767 tacitas
1660 741 1762 767 habui:

974 795 1043 822 quas
1066 786 1174 818 diebus,
1193 785 1386 820 noctibusque,
1402 793 1472 820 quas
1492 786 1588 812 volens
1605 790 1633 813 et
1658 786 1763 812 delibe-

975 838 1045 865 rate,
1069 840 1138 867 quas
1160 831 1254 858 verbis
1281 831 1455 863 voluntariis,
1473 839 1541 866 quas
1566 836 1671 866 aperte,
1695 839 1764 866 quas

975 880 1056 912 clam,
1074 886 1140 913 quas
1160 879 1319 912 ignoranler
1341 878 1422 904 etiam
1440 877 1608 912 perpetrari.
1624 877 1693 910 Quis
1707 878 1764 904 haec

138 920 293 951 meretrice,
305 928 338 946 ex
350 919 405 946 lilio
423 920 547 955 prodigo,
563 924 593 947 ut
608 921 751 954 Davidem,
767 926 795 948 et
811 922 921 950 Petrum
940 922 961 951 Β
976 925 1068 952 omnia
1083 924 1200 952 dixerit?
1216 923 1279 958 quis
1296 932 1346 958 per
1358 924 1463 957 species
1485 924 1655 950 cunmerarit
1672 923 1712 948 "?

138 973 250 1001 magnos
266 967 327 993 illos
347 973 461 998 taceam,
474 971 503 994 et
520 967 565 1002 (ne
581 967 699 994 verbosa
712 967 818 1003 videar)
832 969 926 1003 plures

137 1013 344 1046 pnetermittam
362 1014 380 1038 ‘.

172 1057 243 1084 Num
259 1057 340 1084 aliam
355 1061 487 1092 praeterea
503 1057 768 1085 demonstrationem
793 1059 924 1093 requiris,

136 1110 171 1130 an
187 1111 203 1130 a
218 1111 262 1130 me
276 1103 358 1130 dictis
368 1107 499 1130 contenta
510 1110 550 1135 es,
562 1111 595 1130 an
611 1103 752 1130 incredula
766 1111 808 1136 es,
818 1109 845 1131 ct
855 1112 926 1140 aegre

136 1148 192 1176 fers
215 1149 367 1182 pertinacia
383 1148 507 1183 quaedam
525 1148 679 1175 chraica?

171 1194 272 1221 Amas.
289 1194 406 1221 Prorsus
431 1193 524 1221 verbis
551 1193 606 1220 tuis
631 1194 713 1221 fidem
731 1194 830 1222 habeo.
847 1195 926 1223 Absit

136 1239 211 1265 enim
225 1246 241 1265 a
255 1247 308 1269 me.
324 1245 354 1266 ut
369 1244 424 1266 tam
441 1247 506 1267 vere
520 1239 602 1267 dictis
626 1239 707 1267 ﬁdem
730 1249 839 1275 negem.
851 1242 926 1274 Quo-

136 1284 222 1311 modo
239 1283 313 1311 enim
327 1285 463 1319 quispiam
479 1284 570 1312 adhuc
590 1285 735 1318 haesitarit,
759 1291 787 1313 et
812 1288 926 1315 credere

136 1330 317 1357 dctrectarit?
327 1330 398 1363 Quin
410 1330 652 1358 vehementissime
668 1331 749 1359 dictis
760 1332 820 1360 istis
831 1332 926 1360 obstu-

137 1376 183 1410 pui
197 1379 227 1402 et
239 1375 383 1406 cohorrui,
403 1379 432 1402 et
460 1376 552 1402 omnia
569 1381 679 1411 peccata
697 1384 729 1404 ac
746 1377 845 1404 delicta
864 1385 925 1406 mea

137 1425 246 1455 reputo.
256 1420 364 1456 Reputo
379 1425 409 1448 ut
421 1420 470 1448 abs
484 1425 511 1448 te
526 1421 630 1451 audivi,
640 1421 831 1456 iudiciumque
847 1428 924 1450 tuum

136 1467 297 1500 amplector.
315 1466 412 1493 Dixisti
426 1466 499 1494 enim
513 1465 586 1500 quod
601 1467 749 1500 conducat,
762 1473 790 1496 et
805 1469 832 1496 in
847 1476 925 1496 com-

97 1526 99 1529 -
137 1520 220 1539 mune
237 1512 332 1547 prosit.

440 1571 553 1599 CAPUT
573 1570 620 1598 XI.

135 1630 186 1662 Qui
205 1629 247 1656 hic
265 1633 371 1663 peccata
393 1637 441 1656 sua
460 1629 592 1664 confessus
607 1637 659 1655 non
680 1628 770 1663 fuerit,
791 1636 849 1656 eum
869 1629 925 1656 alia

169 1666 209 1691 via
227 1665 331 1691 saluari
342 1672 395 1690 non
406 1672 479 1698 posse
496 1665 546 1698 (4).
558 1664 611 1690 Cur
622 1664 700 1690 Petro
711 1669 772 1690 ante
788 1664 853 1690 alios
868 1664 924 1691 cla-

167 1709 209 1726 ves
228 1700 348 1726 trudittr.
366 1699 433 1731 Quid
447 1700 480 1725 sit
496 1700 659 1731 pauitantia.
671 1699 793 1726 Notanda
812 1708 924 1734 magno-

168 1743 229 1769 pere
246 1742 305 1770 qua:
315 1735 356 1761 ltic
368 1735 398 1760 de
411 1734 570 1769 confessione
579 1742 657 1761 sacra
672 1735 843 1761 disserentur.

168 1792 259 1819 Porro
275 1799 318 1818 me
334 1796 434 1825 praeter
455 1791 508 1818 alia
534 1791 665 1823 hortaris,
683 1795 713 1818 ut
729 1795 839 1826 peccata
862 1798 923 1818 mea

133 1837 328 1872 spiritualibus
349 1836 476 1864 Patribus
491 1837 664 1870 annuntiem,
677 1837 777 1872 quibus
797 1844 839 1863 me
855 1842 883 1864 et
898 1841 924 1863 te

133 1884 247 1917 foedavi,
266 1887 294 1910 et
310 1890 360 1918 pro
382 1883 557 1911 absolutione
579 1891 611 1910 ca
633 1883 775 1910 confitear.
793 1882 858 1909 Mihi
874 1890 924 1910 au-

172 1942 194 1957 “
211 1941 288 1968 Psal.
305 1949 352 1974 vit,
371 1940 414 1967 15.

1012 971 1045 998 Et
1077 971 1172 998 tertius
1202 970 1284 997 timor
1311 978 1354 996 mc
1380 971 1503 1001 incessit,
1529 978 1563 996 ne
1584 977 1645 996 cum
1671 972 1758 995 totum

976 1019 1083 1049 dixero,
1114 1017 1176 1044 aliis
1197 1017 1230 1043 ad
1253 1016 1404 1051 perniciem
1426 1020 1452 1043 et
1481 1015 1640 1043 scandalum
1661 1015 1762 1046 dicam,

977 1064 1131 1098 iterumque
1148 1062 1285 1098 judicium
1312 1062 1389 1089 velut
1411 1069 1425 1088 a
1446 1061 1526 1088 nobis
1547 1061 1676 1095 incipiat:
1704 1067 1764 1086 ma-

976 1110 1088 1144 lumque
1103 1113 1258 1141 revertens,
1276 1108 1304 1135 in
1319 1112 1401 1142 caput
1418 1114 1508 1134 meum
1526 1106 1640 1134 recidat.
1653 1106 1762 1134 Etenim

977 1156 999 1183 si
1020 1155 1081 1190 quis
1105 1162 1120 1181 e
1143 1154 1225 1188 vulgo
1252 1153 1384 1180 abcrrans
1411 1152 1577 1187 peccaverit,
1608 1152 1641 1179 ad
1672 1151 1761 1186 ipsum

976 1201 1065 1228 solum
1091 1199 1222 1226 damnum
1249 1198 1396 1229 redundat,
1419 1198 1549 1233 quoniam
1567 1198 1613 1232 qui
1630 1197 1763 1232 peccavit,

977 1247 1004 1273 in
1020 1245 1159 1272 communi
1178 1245 1264 1272 latere
1282 1249 1382 1279 potest.
1407 1244 1441 1271 At
1465 1244 1488 1271 si
1505 1243 1568 1278 quis
1585 1248 1657 1270 statu
1675 1243 1762 1269 subii-

976 1293 1056 1324 mior,
1079 1296 1108 1318 et
1131 1291 1260 1318 sacerdos
1291 1289 1450 1324 deliquerit,
1479 1290 1580 1316 malum
1605 1288 1639 1315 ad
1667 1295 1764 1316 omnes

975 1336 1160 1365 communiter
1184 1336 1313 1370 pertinet.
1339 1335 1456 1369 Insuper
1486 1334 1580 1366 timeo,
1607 1338 1635 1360 et
1663 1332 1763 1367 pudori

976 1383 1043 1412 mihi
1057 1387 1099 1410 est
1114 1382 1187 1417 apud
1201 1386 1329 1409 sanctum
1342 1382 1432 1408 virum
1445 1384 1540 1416 aperte
1551 1379 1662 1407 edicere
1673 1379 1764 1414 turpia

976 1429 1090 1465 ﬂagitia.

1009 1474 1092 1503 Cano.
1116 1474 1189 1502 Nihil
1217 1478 1259 1501 est
1281 1474 1404 1509 penitus,
1429 1481 1480 1500 cur
1501 1472 1643 1500 formides.
1669 1471 1765 1504 Quan—

975 1529 1057 1556 quam
1074 1521 1146 1548 enim
1160 1524 1239 1554 pater
1253 1524 1307 1551 est,
1323 1520 1489 1553 cuipcccata
1503 1518 1653 1550 confiteris,
1671 1521 1762 1543 tamen

976 1571 1003 1594 et
1019 1567 1076 1601 ipse
1091 1570 1189 1593 natura
1209 1566 1291 1592 homo
1306 1569 1358 1596 est,
1378 1565 1484 1599 tibique
1504 1571 1597 1596 carne,
1614 1568 1642 1590 et
1662 1562 1762 1597 spiritu

977 1612 1077 1640 similis
1091 1620 1097 1638 :
1111 1611 1163 1638 etsi
1180 1611 1283 1644 alioqui
1303 1611 1367 1638 vita:
1384 1610 1550 1642 rationibus,
1574 1608 1762 1636 familiaritate

976 1667 1038 1686 cum
1057 1659 1122 1690 Deo,
1146 1662 1176 1685 ut
1196 1658 1307 1685 virtutis
1330 1657 1431 1689 cultor,
1456 1656 1541 1683 distet
1556 1656 1605 1682 abs
1629 1659 1655 1682 te
1678 1653 1764 1688 pluri-

977 1713 1063 1733 mum.
1082 1705 1112 1732 In
1134 1704 1301 1735 humilitate,
1320 1704 1348 1730 in
1375 1703 1541 1730 contritione
1561 1701 1653 1729 cordis
1674 1704 1701 1726 te
1729 1698 1763 1725 ad

977 1750 1061 1784 pedes
1087 1749 1147 1784 ejus
1169 1749 1268 1784 abjice,
1287 1749 1322 1776 ab
1347 1749 1403 1775 imo
1429 1752 1541 1782 pectore
1564 1746 1662 1778 clama,
1685 1746 1763 1778 inge-

978 1794 1075 1826 misce,
1092 1799 1282 1828 quantumque
1298 1797 1377 1828 potes
1396 1799 1508 1819 recense
1523 1790 1627 1818 omnia.
1645 1789 1684 1816 Ne
1698 1795 1763 1815 con-

979 1840 1107 1872 fundare,
1122 1847 1156 1867 ne
1171 1840 1346 1874 perturbere,
1362 1846 1397 1866 ne
1410 1838 1580 1865 concutiare.
1593 1836 1658 1870 Qua:
1670 1835 1764 1862 clausa

979 1886 1075 1917 habes,
1088 1886 1247 1920 patefacito,
1266 1891 1294 1914 et
1309 1886 1415 1913 diutius
1431 1890 1523 1911 tacere
1539 1883 1606 1910 noli.
1619 1882 1707 1916 Opera
1722 1885 1765 1907 te-

759 1986 868 2018 .lacobi
887 1988 1027 2020 Gretseri
1047 1994 1140 2021 nolle.

167 2052 204 2087 (4)
224 2052 319 2078 Locus
332 2049 448 2087 illustris
463 2048 705 2087 pro_c_o_t_\_lessione
716 2049 876 2087 auriculari,
892 2051 926 2079 dc

132 2094 183 2120 qua
196 2084 279 2121 longe
292 2085 390 2112 melius
400 2085 508 2121 disserit
519 2084 670 2121 Philippus,
690 2084 805 2120 Dioptrw
815 2094 925 2120 parens,

133 2119 212 2154 quam
229 2119 364 2149 Ji-remias
381 2120 535 2154 patriarcha
555 2119 875 2155 Constantinopolitanus
898 2123 925 2149 in

134 2164 181 2184 sua
197 2157 322 2184 Censura
338 2164 399 2189 cap.
418 2155 459 2187 ll,
475 2155 520 2182 ubi
541 2156 579 2181 ait
598 2154 680 2187 :Quw
689 2154 777 2182 autem
794 2157 926 2190 (peccata)

135 2200 179 2225 per
192 2192 363 2224 oblivionem,
384 2191 424 2217 vel
439 2191 522 2217 animi
545 2189 671 2225 pudorem
691 2189 811 2225 conﬁteri
827 2189 927 2226 (paeni-

137 2232 236 2262 tentes)
260 2227 404 2254 omiserint.
430 2233 568 2262 precamur
595 2226 665 2259 piunt
687 2231 709 2252 ct
734 2227 930 2262 misericordem‘

137 2259 230 2290 Deum;
252 2266 278 2287 nt
293 2267 315 2287 ot
330 2262 383 2288 Iuro
396 2259 451 2290 iusti
469 2259 548 2286 simul
563 2268 622 2286 cum
639 2263 737 2287 caeteris
754 2261 805 2287 illis
827 2263 922 2288 condo-

975 2054 1152 2090 prrepeditus,
1179 2055 1296 2082 ondttat.
1323 2053 1503 2090 Probationes
1524 2058 1586 2090 qua:
1609 2050 1766 2090 aﬂ‘e_ru_nt_ur

974 2085 1006 2116 es
1023 2085 1110 2117 Veteri
1123 2085 1307 2120 Testamento.
1332 2089 1453 2116 rationes
1467 2085 1591 2122 quietiam
1612 2085 1767 2122 probabiles

973 2129 1047 2161 sunt.
1069 2125 1163 2159 quales
1179 2126 1308 2152 nimirum
1320 2133 1352 2152 ex
1367 2120 1544 2161 ﬁgurisgdu’ci
1569 2122 1669 2161 solent.
1685 2120 1765 2161 liege

974 2159 1007 2196 de
1029 2156 1084 2187 hoc
1103 2165 1328 2195 argumentorum
1349 2156 1451 2196 genere
1467 2158 1661 2196 Bellarminum
1683 2156 1723 2196 lib
1742 2163 1765 2196 In

975 2194 1012 2220 De
1024 2190 1186 2229 pmniteuiia,
1199 2204 1259 2230 cap.
1278 2196 1304 2223 ὅ.
1331 2190 1375 2222 Sic
1392 2201 1420 2222 et
1443 2193 1541 2230 Isidori
1571 2191 1707 2230 sententia
1722 2190 1766 2230 ‘de

974 2228 1146 2257 confessione
1162 2228 1336 2265 peccatorum
1355 2230 1490 2264 baptismo
1505 2228 1620 2256 Joannis
1636 2228 1765 2265 pnetnitli

976 2270 1106 2291 consueta
1119 2262 1179 2299 plus
1191 2274 1240 2292 nec
1251 2267 1362 2297 evincit,
1380 2262 1430 2292 nec
1445 2265 1574 2291 evincere
1585 2262 1669 2296 cttpit,
1683 2269 1764 2299 quam

135 2305 200 2334 nare
226 2297 299 2327 velit,
325 2296 530 2334 ron/illimujque
547 2303 596 2334 _e_os
615 2295 709 2334 talium
731 2297 811 2334 etiam
833 2305 848 2334 tt
871 2297 925 2323 Deo
942 2298 963 2324 D
979 2295 1178 2327 confessionem
1194 2301 1266 2327 illam
1280 2295 1364 2327 fuisse
1381 2299 1526 2334 quamdam
1545 2302 1639 2334 typum
1659 2295 1766 2334 confes-

134 2333 239 2358 eeniam
254 2335 443 2357 consecuturos.
461 2331 493 2358 Et
507 2330 618 2365 quidem
630 2331 704 2365 quod
716 2332 748 2357 azl
758 2331 923 2358 oblivionem

135 2368 246 2397 attinet,
265 2374 345 2393 nemo
360 2366 384 2392 id
411 2366 559 2393 inticiatur.
583 2365 618 2392 lle
634 2365 748 2400 pudore.
777 2366 829 2393 alia
857 2367 925 2392 ratio

134 2407 197 2427 est:
214 2401 278 2435 quia
303 2400 437 2427 confessio
458 2401 539 2428 debet
566 2408 626 2428 esse
657 2401 773 2435 integra,
799 2406 830 2428 ut
853 2407 925 2428 recte

133 2437 219 2462 etiam
243 2436 350 2469 ltioptra
366 2435 551 2468 demonstrat;
569 2436 673 2470 integra
690 2442 781 2462 autem
798 2444 852 2462 non
873 2441 926 2468 est,

135 2473 156 2498 δί
179 2471 244 2505 quis
270 2475 379 2504 peccata
402 2478 519 2504 quorum
544 2479 649 2497 metitur
666 2475 718 2503 est,
737 2471 795 2497 solo
821 2471 926 2505 pudore

979 2334 1064 2360 sionis
1082 2339 1181 2361 nostra:
1203 2331 1420 2366 saeramcntalis,
1441 2339 1471 2360 ut
1494 2331 1767 2369 idcancllariuinns

979 2369 1118 2404 copiosius
1134 2371 1263 2403 ostendit,
1279 2371 1324 2404 qui
1343 2371 1400 2396 fere
1415 2377 1510 2396 omnes
1532 2369 1606 2394 iocos
1626 2365 1766 2404 eit_Veteri

979 2401 1153 2430 Testamento
1178 2413 1227 2439 pro
1253 2401 1423 2432 confessione
1447 2412 1462 2431 a
1489 2403 1599 2436 Dioptra
1623 2401 1766 2430 adtlucwsi

978 2440 1085 2473 egregie
1098 2440 1132 2466 ab
1153 2440 1342 2467 hzrrcticorum
1360 2439 1438 2474 nugis
1453 2439 1560 2466 asserit.

885 2529 1019 2560 Scholia.

174 2581 180 2589 '
206 2578 317 2605 Virtutis
339 2578 419 2610 enim,
437 2583 460 2604 ct
482 2579 606 2606 bonitatis
631 2580 737 2607 comites
763 2584 824 2606 sunt
853 2580 929 2606 volu-

137 2620 195 2648 ptus
218 2615 318 2642 animi.
341 2618 365 2639 et
395 2613 548 2648 gaudium:
573 2616 629 2640 vitii
665 2620 754 2642 autem
779 2620 802 2641 et
828 2617 928 2649 peccati

136 2657 270 2680 wrumna,
284 2648 399 2684 aﬂlietio.
416 2648 536 2683 ploratus
545 2669 552 2681 ,
564 2651 707 2683 cruciatus,
720 2648 854 2676 ntmstitia.

172 2688 189 2695 "
208 2684 436 2716 Quemadmodum
454 2684 486 2720 ini
500 2685 571 2720 naui,
587 2686 609 2711 si
621 2690 702 2712 nauta
714 2685 858 2720 offenderit,
871 2693 929 2711 vec-

137 2721 237 2746 toribus
253 2727 348 2754 parum
359 2724 449 2752 uocet;
464 2719 487 2745 si
502 2719 672 2753 gubernator,
687 2719 825 2746 commune
842 2722 928 2747 omni-

137 2756 182 2781 bus
203 2756 312 2781 exitium
334 2755 410 2790 aﬂ'ert
424 2763 434 2782 :
454 2755 492 2790 ita
505 2755 668 2781 subditorum
681 2755 780 2789 lapsus,
797 2763 849 2781 non
869 2761 924 2782 tum

137 2791 280 2821 communi,
292 2798 373 2824 quam
387 2789 513 2824 privatim
533 2797 610 2816 suum
627 2790 718 2824 tuique
737 2791 923 2816 detrimentum

138 2825 260 2859 afferunt.
271 2825 442 2851 Sacerdotum
455 2832 516 2850 vero
531 2825 565 2850 ad
581 2833 670 2852 omnes
681 2826 843 2859 perveniunt,
859 2825 925 2851 mul-

138 2864 215 2893 toque
237 2860 342 2886 illorum
373 2869 453 2895 quant
476 2861 652 2894 profanorum
688 2860 783 2886 delicta
809 2861 924 2886 severius

139 2895 295 2922 vinttirutur.

1016 2582 1052 2608 De
1065 2583 1213 2608 trnrtandis
1235 2586 1322 2608 autem
1345 2581 1525 2616 peccatoribus
1539 2581 1575 2606 sic
1591 2580 1716 2614 scriptum
1730 2584 1766 2606 est

979 2617 1011 2644 ab
1031 2618 1151 2644 Isidoro:
1174 2627 1182 2642 ι
1201 2617 1293 2643 Medici
1306 2616 1525 2646 excellentissimi,
1547 2617 1766 2649 cuntqaempiant

979 2654 1050 2679 nacti
1067 2653 1166 2687 fuerint
1182 2652 1314 2687 oppletum
1336 2651 1502 2682 cultioribus,
1522 2656 1624 2687 tantum
1647 2650 1671 2676 ei
1686 2659 1766 2687 ettra-

978 2688 1056 2714 tionis
1082 2692 1105 2713 et
1129 2689 1263 2714 ntetliciutv
1288 2687 1420 2719 adhibent,
1446 2692 1573 2721 quantum
1593 2686 1660 2712 vires
1682 2686 1768 2720 affecti

977 2724 1127 2756 patiuntur,
1147 2732 1187 2754 ne,
1205 2723 1266 2749 dum
1282 2722 1392 2749 uulnera
1407 2730 1504 2748 sanare
1519 2721 1619 2752 volunt,
1632 2725 1762 2755 a'grolun-

978 2762 1030 2784 tem
1048 2760 1170 2793 perdant.
1197 2757 1325 2792 Magnum
1340 2765 1429 2784 revera
1454 2762 1491 2783 est
1508 2757 1616 2790 aliquod
1630 2756 1766 2785 delictum,

978 2798 1001 2820 et
1017 2795 1174 2825 impunitate
1188 2794 1274 2827 majus
1291 2801 1299 2819 :
1316 2793 1372 2818 ideo
1386 2793 1530 2826 increpatio
1553 2792 1708 2817 adhibentur
1722 2799 1770 2825 pro

978 2828 1107 2862 supplicio
1122 2836 1130 2853 :
1146 2829 1222 2854 reniti
1243 2833 1330 2854 anteiit
1356 2828 1432 2853 tlt’lttt‘
1459 2828 1588 2858 celeriter,
1611 2831 1637 2852 ut
1664 2828 1770 2852 morbus

980 2864 1013 2890 ad
1027 2865 1168 2889 sanitatem
1180 2865 1312 2896 prorctlnt.
