2034 3153
272 189 325 222 Ήῖι

892 189 1066 220 PHILIPPI
1084 188 1284 220 SOLITARII

1847 190 1898 222 744

273 244 423 272 ltebrarum
438 243 465 271 in
482 243 572 271 lucem
588 243 692 279 profer,
709 249 739 272 ut
752 244 787 273 de
808 249 907 273 ca‘tero
929 246 957 273 in
982 250 1060 273 tene—
1073 249 1099 279 Α
1112 245 1164 274 sibi
1181 245 1405 281 obsequentium,
1428 246 1476 274 sed
1492 247 1574 274 Petro
1591 246 1775 281 potissimum.
1791 248 1840 283 qui
1858 253 1899 276 ter

272 289 331 316 bris
345 292 521 324 peccatorum
537 296 570 316 ne
583 289 717 316 ambules.
731 289 851 322 Etenim,
867 290 919 317 etsi
932 295 1058 317 naturam

271 335 422 362 humanam
437 336 564 370 gesserit,
581 335 815 370 quemadmodum
831 336 903 371 gerit
926 337 949 364 is
969 337 1014 363 cui
1031 342 1059 364 tu

272 381 453 416 cogitationes
479 386 539 409 tuas
561 381 690 409 cnuntias
713 389 742 409 et
770 383 940 414 committis,
969 387 1060 410 tamen

272 427 406 454 Dominus
419 431 485 455 tunc
501 427 691 463 inaspectabili
702 429 784 456 modo
797 437 927 464 praesens,
940 429 1060 461 veniam,

271 478 299 501 et
315 474 516 501 absolutionem
533 474 657 509 impertit
668 476 687 502 '.

309 519 420 546 Imitare
439 525 613 547 mansuetum
629 520 771 551 Davidcm,
791 528 881 556 regem
897 525 925 547 et
940 521 1063 556 prophe-

271 569 325 591 tam
344 574 350 592 :
370 575 379 591 ι
397 566 511 593 Peccavi
527 566 644 593 Domino
663 576 671 592 ι
689 567 788 594 clamat
804 575 837 594 ex
851 567 905 594 imo
919 567 1013 595 corde.
1029 567 1063 595 Et

272 619 335 638 mox
361 612 460 645 audit;
489 622 497 638 ‹
531 612 566 640 Et
589 613 723 639 Dominus
755 613 893 640 transtulit
921 618 1062 648 peccatum

273 663 349 685 tuum
370 659 404 690 ⁸⁵,
439 668 448 684 ι
478 658 603 686 Nathane
627 659 722 685 divino
749 659 901 693 prudenter
930 659 995 686 huic
1023 660 1061 686 rei

274 705 478 732 subservicnte.
509 705 649 739 Scriptum
681 710 725 732 est
751 713 788 731 ς(
822 705 871 732 Dic
887 710 916 732 tu
942 706 1062 739 primum

275 749 438 783 iniquitates
461 754 533 784 tuas,
555 754 585 777 ut
608 750 769 786 justiﬁceris
790 751 823 777 ⁸³.
842 761 852 776 υ
873 751 914 778 An
936 752 1009 778 enim
1039 752 1062 779 si

274 799 303 821 tu
323 795 415 822 dicere
443 795 533 827 nolis,
556 797 689 824 Dominus
710 804 757 824 eas
774 805 828 824 non
851 797 944 824 videt?
966 799 998 824 Et
1015 798 1062 833 qui

271 840 394 872 tandem,
408 841 454 875 qui
472 841 555 874 videt,
574 847 601 869 et
616 843 763 876 praenoscit
782 843 895 870 omnia?
906 843 957 876 Qui
971 848 1063 871 tamen

273 893 328 916 non
351 886 453 921 absque
483 887 587 921 pudore
614 888 781 922 tcmporario
805 894 831 915 te
858 897 872 915 a
897 888 991 916 futuro
1011 897 1062 923 ρας

1111 300 1175 319 eum
1189 296 1348 328 negaverat,
1361 293 1453 320 claves
1472 293 1531 320 illas
1545 293 1673 321 caelestes
1685 293 1762 320 dedit
1774 302 1781 320 :
1796 298 1827 320 ut
1842 294 1898 327 ille,

1113 339 1134 366 si
1159 339 1228 366 alios
1254 339 1386 374 deinceps
1410 339 1553 373 cecidisse,
1583 344 1610 367 et
1633 347 1682 375 per
1709 340 1899 375 paenitentiam

1112 385 1297 420 pulcherrime
1330 393 1484 421 resurgere,
1510 386 1691 421 lacrymisque
1712 387 1835 414 maculas
1853 387 1900 414 ab-

1113 431 1201 463 luere,
1216 436 1244 459 et
1259 432 1395 459 violenter
1417 440 1530 467 regnum
1556 440 1705 468 supernum
1731 440 1828 467 rapere
1853 441 1900 460 au-

1113 477 1195 509 diret,
1212 478 1359 505 verborum
1373 478 1482 505 Domini
1504 477 1537 505 ad
1556 486 1595 510 se,
1608 483 1635 506 et
1652 478 1897 513 quomodd‘statim

1113 525 1271 556 cecidisset,
1293 525 1431 552 cribratus
1442 529 1473 552 ut
1487 525 1619 558 triticum,
1636 533 1753 559 memor,
1770 530 1798 553 et
1809 533 1901 553 exem-

1114 571 1159 605 plo
1173 570 1205 597 ad
1221 571 1440 605 compassionem
1455 572 1619 606 promptior,
1635 573 1720 608 lapsis
1746 574 1900 608 iterumque

1113 623 1142 643 se
1160 616 1342 651 erigentibus,
1370 617 1429 644 sine
1455 617 1592 652 molestia,
1615 627 1648 647 ac
1668 625 1795 654 prompte
1817 621 1899 648 coale-

1114 667 1182 690 stem
1197 663 1309 697 januam
1328 665 1517 691 reseraret‘“.

1149 709 1248 735 Amm.
1265 708 1359 736 Gloria
1379 709 1435 736 Deo
1450 717 1523 742 meo,
1534 710 1621 745 gloria
1637 712 1749 740 Christo
1763 721 1836 746 meo,
1853 723 1899 742 ουν

1112 755 1156 790 jus
1185 756 1332 783 clementia
1360 760 1389 783 et
1415 756 1547 791 patientia
1573 759 1695 786 nondum
1731 760 1809 789 adest
1842 762 1900 791 ﬁnis

1114 803 1239 830 ultimus.

1150 849 1234 876 Cano.
1256 849 1392 882 Quoniam
1417 850 1502 885 igitur
1522 851 1603 886 plene
1617 852 1751 886 didicisti,
1770 862 1852 889 quam
1867 854 1901 882 ob

1115 901 1225 921 causam
1256 894 1385 921 Christus
1409 895 1520 922 Petrum
1549 897 1690 924 tradendis
1726 899 1752 926 ei
1779 899 1902 927 clavibus

273 930 342 958 dore
365 931 477 959 liberari
504 933 572 960 vult.
598 932 700 961 Fidelis
723 939 766 961 est
784 934 918 962 Dominus
935 943 942 961 :
962 935 984 962 si
1003 939 1064 962 tan-
1082 939 1101 966 Β
1117 940 1229 975 majoris
1240 940 1393 971 aestimarit,
1411 942 1437 968 in
1451 949 1539 976 eoque
1557 942 1626 970 alios
1644 950 1740 971 omnes
1752 944 1902 980 discipulos

273 977 415 1005 tummodo
439 978 567 1006 enunties
596 983 709 1014 peccata
738 983 797 1012 tua,
830 987 911 1007 omne
939 980 1062 1008 debitum

271 1024 392 1051 dimittet
408 1025 470 1057 tibi,
483 1025 555 1052 sicut
571 1024 640 1052 dixit
657 1034 663 1052 :
683 1034 745 1053 nam
763 1026 835 1061 quod
859 1026 1062 1060 manilcstatur,

271 1070 353 1097 etiam
369 1071 414 1098 lux
434 1075 476 1098 est
492 1071 655 1099 manifeste:
676 1081 684 1097 ι
703 1072 880 1100 Conﬁtemini
898 1073 1062 1101 alterutrum

270 1121 383 1150 peccata
410 1121 512 1148 vestra,
542 1120 570 1144 et
586 1122 665 1145 orate
685 1126 737 1153 pro
762 1118 892 1151 invicem,
918 1123 948 1146 ut
974 1119 1064 1147 salve-

271 1160 338 1188 mini
405 1171 414 1188 I

310 1215 319 1231 ί
337 1206 435 1234 Adhuc
452 1211 478 1234 te
500 1207 647 1240 clamante,
666 1216 730 1237 ecce
746 1209 844 1238 adsum
864 1209 898 1243 "‘,
919 1219 928 1236 ι
947 1210 987 1237 ait
1000 1210 1062 1243 tibi,

270 1255 300 1278 et
316 1253 460 1287 pratvenit.
474 1252 603 1281 Christus
616 1254 688 1282 Deus
700 1255 903 1290 appropinquat
918 1255 952 1283 iis
965 1256 1062 1291 magis,

271 1297 319 1330 qui
334 1297 360 1324 ei
374 1298 488 1325 student
507 1307 568 1326 esse
593 1300 722 1334 proximi.
743 1300 846 1328 Fidelis
862 1307 904 1329 est
928 1301 1062 1329 Dominus

272 1340 300 1367 in
316 1341 410 1369 verbis
436 1347 465 1369 et
487 1343 513 1370 in
529 1344 661 1378 operibus
680 1345 748 1372 suis.
765 1345 825 1372 Alia
841 1346 884 1372 via
901 1346 968 1373 mihi
984 1346 1062 1373 beni-

271 1387 403 1422 gnitatem
428 1388 538 1415 Domini
562 1390 720 1424 considera,
746 1399 799 1426 qua
821 1392 1002 1426 peccantibus
1018 1393 1061 1428 ja-

271 1440 354 1459 uuam
379 1433 467 1468 aperit
493 1443 500 1461 :
530 1442 585 1461 non
605 1435 679 1462 enim
704 1437 782 1471 regni
814 1437 947 1465 caelorum
975 1438 1063 1465 claves

271 1478 352 1505 alteri
383 1479 509 1513 tradidit,
536 1488 620 1515 quam
647 1481 752 1510 Simoni
777 1482 871 1516 Petro,
899 1484 948 1519 qui
973 1485 1062 1520 ipsum

271 1531 338 1559 pern
342 1532 425 1560 egave
429 1534 457 1552 ra
462 1529 481 1553 t.

306 1571 404 1598 ANIIA.
417 1571 475 1605 Quo
489 1573 604 1608 judicio,
626 1573 727 1609 quibus
750 1575 905 1604 rationibus
927 1577 1063 1605 adductus

272 1620 327 1648 est,
343 1621 373 1643 ut
390 1616 416 1643 id
433 1618 537 1645 faceret
550 1638 557 1650 ,
582 1624 610 1645 et
626 1627 675 1646 cur
693 1627 749 1647 non
770 1628 816 1648 eas
836 1620 948 1654 dilecto,
964 1630 996 1649 ac
1009 1623 1060 1649 vir-

272 1661 342 1695 gini,
359 1669 409 1689 cur
431 1671 485 1690 non
509 1664 595 1691 charo
608 1664 687 1692 fratri
715 1665 838 1698 tradidit,
863 1667 967 1695 Jacobo
987 1668 1062 1696 vide-

271 1705 347 1737 licet,
363 1711 412 1733 aut
425 1708 484 1743 ejus
500 1709 675 1744 cognomini?
696 1710 789 1744 Petro,
809 1712 855 1747 qui
869 1712 959 1747 ipsunt
975 1721 1057 1749 nega-

277 1757 365 1784 verat,
379 1760 426 1780 eas
437 1755 596 1782 committit.

307 1809 390 1837 Caro.
410 1810 488 1838 Disce
505 1811 588 1847 igitur
613 1814 748 1841 rationem
765 1814 826 1849 ejus
843 1815 918 1850 quod
948 1816 1065 1844 interro-

270 1865 327 1893 gas.
342 1857 377 1885 Et
391 1865 425 1886 ex
441 1866 475 1886 eo
490 1867 600 1886 rursum
622 1860 705 1887 Verbi
725 1852 938 1896 propensionem
957 1862 991 1889 ad
1007 1862 1060 1889 mi-

270 1902 461 1935 sericordiam,
493 1903 669 1932 clementiam
700 1905 880 1938 inctIabilem,
908 1907 1062 1934 miseratio-

271 1957 337 1976 num
355 1949 574 1983 multitudinem,
591 1951 694 1986 quibus
709 1959 773 1987 erga
787 1953 880 1987 lapsos
899 1953 998 1985 utitur,
1015 1953 1062 1988 qui

269 2000 312 2022 cst
333 2001 431 2023 natura
455 1996 739 2030 misericordissimus,
757 2006 903 2033 cognosce.
930 1999 964 2027 Ut
978 1999 1055 2027 enim

272 2040 363 2075 lapsos
377 2042 536 2075 lapsurosve
554 2043 703 2077 aliquando
716 2044 849 2071 liberaret
874 2049 904 2072 et
925 2045 958 2072 ad
972 2046 1061 2080 potni-

274 2086 388 2114 tentiam
412 2095 445 2114 ex
471 2087 580 2120 timore,
606 2089 776 2121 turbatione,
792 2097 820 2118 et
843 2095 961 2119 tremore
976 2099 1008 2119 ac
1028 2093 1063 2119 ti-

272 2131 398 2160 miditate
426 2133 609 2162 animosiores
637 2135 777 2168 redd‘emt,
800 2144 855 2163 non
881 2137 960 2164 alteri
979 2137 1062 2166 alicui

312 2186 335 2202 "
359 2187 576 2224 llilcg.xn,l3.
623 2191 796 2226 “lsa.:tuu,
813 2194 840 2222 9.
871 2194 1052 2228 "’Jac.v,‘l6.

1113 987 1288 1022 praeterierit,
1312 988 1432 1015 viriliter
1451 995 1510 1023 age,
1535 997 1571 1016 ne
1599 990 1681 1018 cadas
1704 991 1808 1019 animo.
1829 992 1902 1019 Petri

1113 1034 1268 1068 exemplum
1290 1034 1339 1061 tibi
1365 1042 1500 1070 propone,
1529 1036 1575 1070 qui
1606 1036 1675 1063 nihil
1701 1037 1836 1073 neglexit,
1853 1046 1903 1066 nec

1114 1077 1248 1106 dissolute
1259 1079 1316 1114 egit
1329 1099 1336 1112 ,
1354 1087 1406 1107 nec
1420 1088 1478 1107 rem
1500 1081 1656 1109 cunctando
1670 1083 1884 1116 procrastin'avit
1894 1103 1901 1115 ,

1114 1131 1205 1159 neque
1232 1130 1345 1159 propter
1371 1125 1501 1153 delictum
1535 1127 1669 1155 socordiae
1697 1128 1830 1162 indulsit,
1855 1137 1904 1157 nec

1115 1170 1240 1198 dolorem
1266 1171 1437 1206 posthabuit,
1459 1180 1515 1206 quo
1545 1173 1634 1200 multo
1655 1179 1715 1201 erat
1731 1182 1803 1209 opus
1825 1174 1861 1202 ob
1878 1175 1902 1202 id

1115 1218 1195 1252 cujus
1207 1217 1295 1252 gratia
1311 1225 1325 1244 a
1340 1217 1442 1245 divinis
1456 1218 1554 1253 septis,
1570 1224 1599 1247 et
1616 1227 1630 1246 a
1645 1224 1723 1254 parte
1738 1220 1842 1248 Christi
1859 1221 1902 1248 illa

1114 1263 1294 1290 desiderabili
1307 1264 1431 1298 abjectus
1446 1269 1516 1292 erat.
1532 1265 1584 1293 Sed
1597 1266 1741 1294 celerrime
1754 1267 1788 1294 ad
1800 1267 1903 1295 sanita-

1115 1313 1170 1336 tem
1188 1317 1328 1341 reversus,
1346 1314 1374 1337 et
1388 1311 1490 1338 malum
1502 1319 1582 1339 suum
1600 1319 1780 1348 cognoscens,
1798 1317 1830 1340 ut
1844 1321 1905 1341 COI"

1117 1354 1209 1386 datus,
1232 1359 1263 1381 ut
1286 1359 1426 1388 constans,
1446 1361 1476 1383 ut
1496 1356 1583 1384 ﬁdens
1604 1357 1689 1385 animi
1715 1358 1804 1389 miles,
1830 1358 1903 1386 lucta

1118 1400 1297 1428 instauranda
1321 1401 1456 1429 victorem
1468 1411 1549 1430 suum
1560 1403 1645 1432 vicit:
1662 1408 1691 1432 et
1706 1404 1753 1439 qui
1771 1405 1903 1433 adversus

1114 1453 1143 1473 se
1167 1446 1365 1479 insurrexerat,
1383 1455 1447 1475 eum
1469 1450 1617 1483 prostravit
1636 1457 1643 1476 :
1662 1457 1725 1477 nam
1744 1458 1799 1485 qua
1820 1456 1901 1478 nocte

1114 1492 1224 1525 cecidit,
1239 1493 1335 1520 eadem
1347 1495 1499 1522 resurrexit
1510 1495 1565 1522 “".

1148 1537 1189 1565 Ne
1207 1538 1324 1572 proinde
1339 1543 1481 1571 cunctare,
1496 1539 1544 1567 sed
1557 1547 1639 1574 quam
1650 1540 1735 1568 habes
1747 1540 1901 1576 inconspe-

1114 1590 1159 1612 ctu
1176 1585 1261 1616 viam,
1278 1586 1434 1621 ingredere.
1452 1586 1526 1614 Vade
1544 1587 1627 1620 viam,
1646 1595 1707 1622 quae
1722 1593 1748 1615 te
1765 1588 1799 1615 ad
1814 1589 1902 1623 paeni-

1116 1632 1208 1659 tentias
1221 1632 1396 1659 altitudinem
1419 1632 1505 1661 ducit.
1521 1633 1563 1664 Et.
1580 1633 1604 1660 si
1619 1633 1705 1666 cadis,
1727 1641 1860 1670 rcsurge;
1878 1635 1898 1662 si

1114 1678 1232 1709 dormis,
1256 1678 1458 1713 expergiscere,
1478 1679 1708 1714 propositumque
1724 1687 1757 1706 ac
1779 1681 1904 1707 volunta-

1115 1728 1170 1751 tem
1186 1728 1262 1751 muta
1284 1724 1309 1751 in
1327 1724 1436 1755 melius,
1456 1730 1484 1752 et
1500 1725 1610 1752 veniam
1631 1726 1795 1760 adipiscere,
1813 1734 1902 1761 quan-

1115 1769 1263 1805 doquidcm
1284 1778 1369 1804 penes
1397 1774 1422 1798 te
1441 1772 1499 1804 (aut
1523 1778 1608 1805 penes
1630 1779 1711 1805 quem
1735 1771 1836 1804 alium,
1863 1776 1903 1798 est

1115 1816 1254 1844 Creatoris
1271 1816 1363 1849 venia,
1381 1817 1427 1851 qui
1442 1817 1516 1844 solus
1531 1817 1614 1844 habet
1627 1822 1793 1852 potestatem
1810 1817 1898 1845 dimit-

1111 1863 1186 1890 tendi
1211 1867 1332 1897 peccata.
1352 1862 1403 1890 llic
1422 1862 1496 1889 enim
1512 1862 1560 1890 abs
1584 1867 1611 1890 te
1639 1864 1860 1896 committuntur,
1875 1867 1902 1890 et

1112 1915 1222 1936 rursum
1248 1908 1298 1935 abs
1322 1912 1347 1935 te
1370 1908 1548 1935 omittuntur.
1579 1908 1630 1935 llic
1649 1909 1852 1941 remissionem,
1876 1913 1902 1935 et

1112 1955 1313 1982 absolutionem
1329 1954 1470 1989 accipiunt
1487 1963 1493 1981 :
1515 1961 1577 1981 nam
1593 1962 1655 1989 quae
1678 1955 1815 1982 confessio
1831 1954 1900 1989 apml

1113 2001 1233 2028 inferos?
1258 2000 1307 2028 Hic
1326 2001 1518 2036 paenitentiam
1546 2001 1648 2035 arripe,
1675 2004 1703 2028 et
1733 2003 1826 2028 omnia
1852 1999 1900 2027 tibi

1114 2047 1318 2081 condonantur,
1343 2052 1370 2075 et
1399 2052 1465 2075 tunc
1491 2047 1612 2083 claviger
1641 2047 1690 2075 tibi
1716 2048 1829 2083 januam
1857 2055 1900 2074 rc-

1115 2093 1228 2121 serabit.

1149 2139 1246 2166 ANIMA.
1265 2138 1352 2172 Quam
1369 2146 1454 2174 supra
1468 2142 1496 2166 et
1516 2138 1599 2171 infra,
1617 2146 1650 2166 ac
1671 2139 1752 2167 toties
1770 2138 1901 2174 praedicas

1096 2196 1118 2212 ⁸⁸
1134 2196 1185 2224 lsa.
1194 2205 1268 2230 Lvttt,
1276 2196 1303 2224 9.

1030 2253 1168 2285 Scholia.

307 2306 316 2316 ’
335 2306 467 2350 Chrysost
504 2318 513 2334 ί
535 2308 597 2350 ρίέὶε
619 2309 894 2350 gloriabiturtastum
916 2321 943 2340 se
962 2315 1058 2350 habere
1074 2319 1096 2347 ι)
1111 2316 1201 2343 luntas
1217 2316 1282 2342 satis
1305 2319 1354 2348 est,
1376 2323 1429 2350 qua
1447 2314 1536 2341 omnia
1559 2314 1678 2348 expedite
1695 2316 1791 2340 etcum
1808 2314 1903 2340 virtute

271 2349 316 2384 for
327 2350 336 2368 :
353 2346 398 2384 agt
413 2343 471 2377 quis
491 2343 663 2384 mundum‘se
682 2354 698 2372 a
717 2348 836 2384 sordibus
855 2348 932 2376 libere
945 2349 1055 2384 proﬁte-

270 2377 341 2417 bitur
352 2376 445 2419 .(.Prov.
461 2387 504 2411 xx,
518 2380 552 2412 9;
569 2379 617 2419 Job
634 2389 689 2412 xlv,
703 2383 748 2413 4)?
764 2392 772 2409 ι
791 2376 974 2419 Omnesigititr
983 2376 1060 2411 mise-

271 2412 385 2438 ricordia
397 2421 512 2454 "egetnus
525 2423 534 2442 :
549 2415 595 2441 sed
613 2424 665 2442 non
682 2412 771 2454 omnes
790 2412 968 2446 misericordia
987 2420 1060 2454 digni

271 2455 373 2486 suptus.
393 2448 496 2486 Etenim
513 2458 666 2485 quanquam
676 2453 851 2480 misericordia
863 2463 915 2481 non
927 2448 1062 2486 deestﬁti-

270 2482 413 2522 ttiloiniltus
429 2482 537 2522 dignum
554 2482 817 2522 sejpostutatdnxtn
834 2489 900 2515 illud
913 2498 921 2516 :
934 2499 942 2514 ι
958 2482 1065 2516 Misere-

271 2519 318 2544 bar
337 2519 412 2557 cujus
438 2521 559 2557 misertus
579 2519 676 2555 fuero:
696 2527 719 2548 el
737 2519 850 2551 clemens
872 2532 926 2557 ero,
947 2524 989 2550 cui
1012 2524 1064 2550 cle-

271 2527 318 2544 aar
337 2527 367 2544 cu
382 2527 412 2545 us
438 2527 559 2547 imscrtus
579 2527 676 2555 luero:
696 2527 719 2548 et
737 2527 760 2549 cl

271 2561 343 2592 mena
357 2527 430 2592 fiterg
445 2555 543 2587 (Exod.
560 2564 656 2585 xxxm.
676 2558 729 2592 i9).
751 2568 760 2583 ι

310 2588 395 2615 Idem.
413 2589 520 2617 Peccato
542 2591 607 2618 nihil
624 2588 758 2620 exitiosius
772 2595 938 2621 accusatione
960 2598 984 2621 et
1003 2602 1066 2621 con—

270 2623 449 2664 demnatique.
467 2623 565 2653 Demus
582 2635 692 2661 operam
708 2636 740 2654 ne
756 2637 901 2663 peccemus.
928 2629 956 2657 Si
970 2638 1064 2664 pecca-

270 2659 400 2696 verimus,
419 2668 450 2686 ne
472 2669 517 2695 per
535 2659 703 2696 negationem
725 2659 761 2689 ρι’
775 2659 978 2692 occultationem
995 2665 1065 2691 male

269 2695 402 2734 commissi
419 2695 686 2734 nobisjpsis’pwnam
703 2706 902 2734 exaggeratius.

308 2730 325 2738 "
335 2728 479 2770 Chrysost:
489 2728 606 2765 Corpora
616 2734 684 2770 enim
695 2728 783 2761 mort'io
791 2735 883 2770 affecta
892 2744 997 2769 curare,
1009 2746 1062 2765 non

271 2766 398 2806 est‘cuivis
414 2765 507 2799 facile:
519 2773 546 2792 at
563 2775 621 2793 uere
633 2769 751 2806 animam
766 2765 937 2806 afgrotantem
950 2765 1059 2806 sanare,

271 2799 355 2842 quivis
371 2802 427 2842 sine
443 2809 538 2834 ntugno
552 2804 654 2842 negotio
667 2809 759 2837 potest.
777 2799 855 2842 Εξλαα
874 2809 988 2841 corporis
1002 2799 1060 2842 qui:

272 2834 330 2859 dem
347 2836 495 2874 adversam
526 2834 702 2874 ualetudinem
734 2834 925 2874 depellendam.
947 2834 1061 2870 medica-

272 2871 365 2912 mentis
388 2874 412 2896 et
438 2873 547 2912 pe‘c'nniu
569 2881 634 2905 opus
651 2878 714 2908 esti:
729 2871 843 2912 animai
862 2881 950 2903 autem
978 2887 1060 2912 parvo

270 2906 366 2936 pretio,
381 2910 405 2931 et
428 2906 502 2932 nulla
517 2914 623 2934 summa
639 2906 806 2938 conualestit.
825 2911 888 2939 Sola
905 2906 1000 2945 quiane
1015 2922 1059 2940 vo-

1110 2351 1294 2384 conﬁciuntur.
1310 2349 1519 2384 Nam'confcuio
1540 2350 1572 2376 iis
1590 2349 1634 2383 qui
1646 2352 1829 2383 peccaverunt,
1847 2356 1903 2383 pe:-

1111 2392 1236 2423 catorum
1249 2386 1278 2423 [it
1296 2385 1414 2423 abolitio.
1630 2418 1636 2423 ι
1799 2419 1804 2423 Ι
1823 2419 1828 2423 _

1147 2423 1179 2433 '"
1204 2418 1336 2448 Isidorus.
1359 2420 1391 2447 In
1413 2424 1547 2455 peccatum
1576 2418 1700 2455 prolapso
1729 2419 1901 2453 perniciosum

1113 2460 1150 2483 est
1165 2464 1218 2482 non
1233 2457 1368 2491 poenitere,
1385 2454 1557 2490 perniciosius
1579 2454 1722 2491 desperare
1735 2460 1749 2491 ί
1760 2461 1823 2479 nam
1844 2461 1902 2491 cu_m

1115 2491 1184 2528 ittud
1209 2488 1241 2517 at}
1253 2488 1437 2528 Aignaviafhoc
1459 2499 1474 2517 α
1489 2495 1597 2528 stupore
1614 2493 1638 2528 et
1661 2489 1807 2528 stoliditate
1819 2488 1901 2528 profi-

1118 2526 1233 2552 ciscitur.
1247 2524 1351 2558 Quanto
1365 2530 1453 2553 autent
1472 2525 1603 2552 stoliditas
1616 2524 1721 2558 ignavia
1734 2528 1771 2550 est
1791 2524 1904 2558 calami:

1121 2562 1212 2593 tosior,
1228 2557 1301 2588 tanto
1316 2562 1464 2596 desperatio
1485 2561 1590 2595 ignavia
1607 2557 1643 2585 est
1664 2559 1809 2596 nocentior.
1833 2557 1904 2596 Illud

1115 2597 1210 2631 quippe
1222 2597 1323 2623 malum
1335 2594 1372 2623 est
1388 2594 1598 2623 immedicabile:
1614 2596 1662 2621 hoc
1675 2595 1842 2631 curationem
1853 2594 1902 2631 qd—

1115 2628 1205 2658 r'nit'tit.
1221 2631 1354 2666 Siquidem
1369 2631 1436 2658 illud
1449 2631 1544 2665 judicii
1557 2635 1595 2657 est
1614 2630 1731 2666 corrupti
1742 2630 1815 2666 {ilice
1829 2628 1902 2666 [atare

1114 2663 1335 2693 ratiocinationis.
1350 2666 1417 2694 Sunt
1440 2663 1528 2693 autem
1540 2665 1647 2701 ignauia
1665 2669 1688 2690 et
1703 2663 1836 2690 stoliditas
1851 2663 1901 2689 duo

1111 2702 1379 2740 inlitisliqﬂtﬂmiﬂ.‘
1441 2738 1445 2740 ἓ
1497 2738 1500 2740 ἓ
1577 2737 1617 2740 ‘_
1725 2735 1730 2740 η

1151 2737 1193 2747 ""
1211 2737 1344 2764 Isidorus.
1360 2737 1617 2771 Quoniamiquwsisti
1629 2744 1675 2771 per
1689 2734 1903 2774 ςῃίδιοζηγηηᾳιιο

1115 2776 1139 2810 t_e
1150 2777 1274 2804 verteres,
1295 2781 1344 2807 quo
1361 2774 1422 2804 ires,
1437 2769 1579 2810 respondeo
1594 2769 1648 2806 ego,
1663 2769 1901 2810 pq‘nitcntiam.

1115 2807 1176 2842 Ipsa
1196 2809 1265 2834 enim
1281 2804 1330 2834 ora:
1344 2809 1389 2835 tibi
1404 2809 1453 2834 erit
1464 2804 1576 2839 eiectae,
1594 2804 1617 2833 et
1634 2804 1763 2845 sublimis,
1782 2809 1805 2831 et
1822 2804 1902 2845 inuris

1114 2839 1370 2878 inexpugnabilibus.
1392 2848 1471 2878 atque
1489 2844 1517 2873 in
1542 2844 1648 2870 modum
1673 2841 1789 2867 turrium
1805 2839 1902 2867 altissi-

1115 2879 1164 2905 mis
1187 2880 1302 2913 undique
1316 2880 1490 2905 circumdata.
