2034 3153
172 187 226 218 745

894 175 1072 206 DIOPTRA.

1754 176 1808 207 ’743

169 238 372 277 pmniicntiam,
396 237 464 264 doce
484 243 527 263 me
551 241 676 270 quamam
702 233 751 266 sit;
773 237 801 260 et
820 231 960 268 quomodo
977 234 1000 262 Α
1015 230 1107 265 doque
1122 229 1269 257 concidere
1283 238 1289 256 :
1304 229 1352 256 sed
1366 237 1524 263 occurrere,
1537 234 1564 258 et
1579 230 1711 265 rationes,
1721 239 1809 267 quan-

171 286 245 314 salus
267 292 326 311 mea
343 284 370 311 in
386 284 437 310 hac
454 282 511 309 sola
530 282 581 309 sita
602 280 650 313 sit,
664 287 768 315 perque
784 286 844 306 eam
861 277 961 309 solam,

170 339 226 361 non
240 339 290 366 per
307 330 381 357 aliud
400 329 572 363 acquiratur.

205 377 290 406 Cano.
303 374 471 403 Pamitentia
490 382 505 401 a
526 381 569 401 me
583 373 698 403 dicitur,
716 376 745 399 et
757 375 810 403 est,
823 378 838 398 a
855 369 965 397 diabolo

172 425 205 453 ad
229 423 378 451 Dominum
392 430 441 457 per
457 421 575 449 sudores
593 424 621 447 et
633 419 744 446 labores
756 416 965 445 exercitationis

172 470 290 505 alicujus
306 468 442 496 reversio.
455 467 497 494 Ad
515 467 619 494 bonum
636 465 665 492 in
679 464 846 492 abstinentia
862 472 877 490 a
894 463 964 490 malo

171 515 327 548 conversio,
347 522 410 542 cum
432 514 505 549 quis,
526 512 660 541 discussis
684 510 804 539 tenebris
828 509 964 545 pessimis,

171 562 274 597 quibus
295 561 434 588 obnoxius
463 559 618 595 omnigenis
641 557 817 594 passionibus
840 556 964 588 servivit,

174 608 327 636 recurrerit
343 607 377 635 ad
396 607 496 638 Deum,
515 606 550 633 ab
573 606 617 633 his
641 612 702 640 quae
717 608 782 632 sunt
800 608 900 638 praeter
917 610 967 629 na-

173 660 278 688 turam,
302 659 333 681 ut
350 653 482 688 prudens,
498 659 626 679 reversus
640 651 675 678 ad
691 658 723 678 ea
740 658 800 686 qum
813 648 966 677 secundum

172 706 302 728 naturam
327 705 403 728 sunt.
427 699 489 726 lltec
506 704 548 726 est
571 703 667 734 aperta
685 698 802 725 mutatio
822 696 923 724 mentis
939 701 967 723 et

173 746 358 781 pmuitentia;
378 745 527 778 revocatio,
546 744 711 772 re5urrectio
726 752 742 771 a
760 747 873 779 peccato
885 763 893 775 ,
915 749 965 769 seu

173 797 286 826 paetum
306 800 367 818 cum
382 793 438 818 Deo
456 791 519 818 vita:
533 790 665 817 melioris.
682 789 778 817 Seruio
791 794 882 816 autem
900 795 966 822 pro-

172 837 263 871 pheta:
277 841 329 868 est,
346 837 400 863 imo
414 835 573 863 Salvatoris.
586 836 709 862 Postulat
720 834 793 862 enim
805 833 966 861 conversio-

173 891 249 916 nem,
269 888 298 909 ut
315 887 505 914 convertatur,
521 886 643 908 nostram
662 888 726 916 erga
744 880 844 916 ipsum,
862 884 890 906 et
907 879 966 915 ejus

173 929 208 956 ad
240 937 301 956 nos.
328 928 498 959 Misericors,
521 927 613 962 inquit
636 927 670 959 “,
696 934 768 958 sum,
796 930 824 954 ct
850 926 968 960 diligens

173 975 392 1002 misericordiam
414 981 526 1006 natura,
538 973 715 1009 longanimis,
733 973 851 1008 diligens
862 973 967 999 viscera

173 1020 385 1052 misericordite,
410 1020 557 1054 benignus,
584 1018 704 1046 filiorum
725 1026 831 1049 amans,
855 1022 969 1052 paratus

173 1066 300 1094 converti
328 1071 441 1101 propter
470 1065 606 1092 humanas
637 1064 786 1099 nequitias.
813 1063 877 1090 Haec
911 1063 968 1097 ipsa

173 1113 258 1140 etiam
285 1113 370 1140 David
398 1112 626 1147 psalmographus
653 1111 769 1138 scribit:
790 1119 798 1136 ι
817 1109 929 1138 Declina
954 1117 969 1136 a

149 1149 154 1159 ’
174 1159 261 1190 male,
279 1163 309 1186 et
323 1159 365 1185 fac
383 1158 486 1185 bonum
502 1158 525 1174 7°
541 1158 560 1185 “.
582 1167 591 1182 ι

212 1205 312 1231 Fertne
325 1205 421 1232 eadem
436 1204 538 1232 Paulus
550 1203 584 1230 ad
601 1204 741 1231 Romanos
753 1203 878 1231 scribens
894 1211 969 1230 man-

175 1251 254 1277 davit
268 1251 302 1277 “.
320 1250 442 1278 Membra
458 1255 549 1278 vestra
564 1250 730 1277 exliibuistis
741 1250 774 1277 ad
791 1250 970 1278 serviendum

175 1296 310 1330 peccatis,
338 1296 471 1329 membra,
500 1297 624 1331 inquam,
651 1296 754 1324 Christi
785 1296 883 1332 capitis
909 1304 969 1324 om-

176 1342 269 1368 nium.
286 1342 388 1369 Verum
405 1350 465 1377 age,
475 1347 568 1377 aptate
581 1351 612 1370 ea
624 1342 659 1369 ad
676 1342 853 1370 serviendum
867 1342 968 1369 Verbo.

175 1386 433 1421 Quomodocunque
448 1391 476 1413 et
496 1387 562 1414 huic
580 1388 703 1414 serviant
726 1388 860 1415 membra.
884 1388 969 1415 Porro

176 1432 220 1458 vir
236 1431 348 1466 quidam
373 1432 535 1467 spiritualis,
556 1432 648 1459 animo
672 1433 800 1466 ferventi,
821 1433 855 1461 ad
876 1434 969 1461 Duriti-

176 1485 244 1503 num
263 1485 361 1504 rursus
384 1477 422 1504 ita
440 1477 558 1505 clamare
574 1486 658 1505 ausus
672 1483 734 1506 est:
754 1488 763 1504 ι
781 1478 900 1514 Dignare
915 1487 969 1512 me,

176 1521 345 1551 hominm-et
370 1526 396 1549 te
413 1522 532 1557 quodam
554 1522 636 1550 modo
651 1523 764 1558 diligere
781 1524 853 1551 sicut
870 1531 966 1558 pecca-

178 1571 236 1594 tum
253 1567 350 1600 dilexi,
365 1568 417 1595 heu
440 1567 521 1594 mihi!
534 1572 562 1595 et
574 1568 624 1595 tibi
637 1568 741 1596 servire
758 1576 828 1603 puro
848 1568 966 1596 Domino
980 1584 1001 1612 ο

176 1617 306 1648 prompto
321 1614 414 1641 animo
431 1621 463 1641 ac
479 1614 584 1646 studio,
605 1614 676 1641 sicut
691 1615 812 1649 peccatis
825 1615 937 1643 servivi.
954 1624 964 1641 i

177 1660 205 1687 Si
219 1659 284 1695 quis
295 1659 336 1686 ita
359 1667 389 1687 se
405 1664 573 1687 convertens
588 1660 717 1687 alacriter
734 1667 764 1687 se
785 1659 965 1692 converterit,

175 1706 278 1733 merito
292 1706 401 1733 dicetur
416 1706 606 1741 pcenitcmiam
615 1714 707 1741 agere.
718 1705 796 1739 Quod
810 1706 832 1733 si
848 1713 926 1734 mens
939 1710 968 1733 ut

176 1753 348 1788 mancipium
372 1753 400 1780 in
416 1753 513 1780 habitu
545 1759 678 1780 consueto
703 1752 919 1780 dominationem
940 1756 968 1780 et

177 1798 356 1834 tyrannidem
384 1799 515 1834 patiatur,
535 1806 598 1827 eum
624 1799 838 1834 cogitationibus
857 1803 886 1826 et
906 1799 968 1833 opi-

175 1845 312 1872 nionibus
324 1853 378 1872 non
396 1845 487 1878 bonis.
503 1845 680 1881 impulsibus,
694 1850 722 1873 et
738 1845 831 1877 luetis,
851 1845 968 1880 quibus-

174 1899 240 1918 cum
267 1891 466 1919 commercium
492 1891 608 1924 habens,
633 1891 822 1926 voluptatibus
838 1891 970 1925 inquina-

176 1942 230 1969 tur,
252 1941 280 1964 et
296 1937 360 1964 inde
380 1937 407 1964 in
429 1937 514 1965 corde
535 1937 678 1972 passiones
699 1937 893 1968 morabuntur,
917 1943 970 1964 nec

174 1984 270 2010 virtus
287 1983 326 2010 ibi
342 1988 385 2011 est
401 1983 465 2010 inde
479 1982 639 2018 emergendi
657 1981 892 2017 (quandoquidem
908 1989 970 2017 pas-

176 2029 307 2056 sionibus
338 2029 476 2063 impedita:
500 2029 681 2063 cogitationes
711 2035 771 2055 eam
793 2035 847 2055 una
874 2035 969 2056 secum

177 2076 238 2103 trah
247 2075 319 2111 unt),
335 2083 386 2102 nec
396 2079 438 2102 est
450 2075 597 2107 revocatio,
611 2079 658 2101 aut
672 2074 804 2101 memoria
813 2075 969 2102 conversio-

176 2124 229 2151 nis.
250 2123 302 2156 Qui
317 2123 392 2150 enim
407 2126 490 2154 esset,
507 2129 569 2149 cum
587 2125 662 2148 tanta
685 2120 868 2148 absurdorum
889 2121 969 2149 turba

177 2177 312 2205 oppressa
329 2173 454 2197 teneatur
469 2167 508 2194 “?

214 2216 271 2243 Sed
288 2224 322 2243 ne
333 2216 376 2243 sic
388 2215 501 2250 quidem
518 2215 689 2242 consternari
706 2214 801 2247 debes,
817 2215 970 2249 desperan-

208 2286 231 2301 “
247 2284 450 2316 Ezech.xxxvi,
472 2284 482 2310 l
500 2291 576 2318 seqq.
623 2284 645 2300 ⁷⁰
660 2283 730 2311 Psal.
762 2292 854 2316 xxxvr,
877 2284 922 2312 27.
968 2285 991 2300 ⁷⁸

180 2330 259 2359 ϐ-Ιο.

1019 281 1076 304 tum
1091 280 1181 311 potes,
1203 283 1348 311 reponere,
1369 280 1399 303 ut
1415 285 1450 304 ne
1469 277 1541 304 illam
1558 278 1584 304 in
1600 278 1710 305 ultimas
1729 283 1806 305 tene-

1017 321 1082 348 bras
1100 321 1208 348 devolvi
1230 321 1346 355 patiarc.
1366 321 1417 355 Qui
1443 322 1516 349 enim
1543 323 1698 352 minoribus
1720 324 1809 351 victus

1016 367 1100 399 cadit,
1112 367 1171 402 eius
1186 374 1276 394 mores
1286 367 1368 394 etiam
1382 367 1409 394 in
1420 368 1571 403 majoribus
1583 374 1808 405 corrumpuntur.

1019 413 1070 446 Qui
1088 421 1155 440 vero
1169 413 1323 441 levioribus
1339 414 1456 446 resistit,
1472 415 1554 442 etiam
1574 415 1748 450 gravioribus
1763 417 1808 444 ad-

1018 459 1188 487 versabitur.
1203 459 1272 486 Nam
1294 460 1316 487 si
1334 468 1418 494 parva
1435 460 1626 495 debellaveris,
1643 463 1746 498 majora
1763 465 1810 498 qui

1019 510 1044 533 te
1056 505 1207 541 appetent?

1054 552 1153 579 Amm.
1177 552 1314 584 Docuisti,
1334 552 1417 588 idque
1442 553 1519 587 satis,
1540 554 1733 589 spiritualibus
1758 556 1811 583 Pa-

1020 597 1110 626 tribus
1124 603 1237 633 peccata
1251 599 1408 627 confitenda
1424 608 1497 633 esse,
1515 601 1693 637 cogitatione,
1714 603 1809 631 verbo.

1019 652 1103 680 opere
1115 645 1273 678 commissa,
1290 645 1362 680 quod
1377 646 1488 680 quidem
1506 647 1538 673 ad
1551 647 1667 674 salutem
1681 648 1811 675 conducit

1019 691 1212 724 vehementer,
1241 691 1455 726 faciendumque
1481 698 1523 720 est
1545 694 1683 726 onmibus,
1709 695 1811 729 quibus

1019 744 1067 764 sua
1082 736 1156 764 salus
1171 744 1244 764 curre
1267 740 1319 764 est.
1343 737 1400 772 Ego
1416 745 1500 772 porro
1521 745 1602 766 nosse
1619 739 1748 767 desidero
1765 740 1809 767 ubi

1019 783 1070 810 hac
1085 783 1118 810 de
1141 791 1170 810 re
1185 783 1319 819 scriptum
1334 784 1389 817 sit;
1406 792 1471 811 num
1494 785 1537 812 lex
1555 785 1589 812 de
1607 794 1640 812 eo
1658 791 1747 818 vetus,
1763 791 1812 813 aut

1018 837 1089 856 nova
1106 834 1206 861 exstet,
1228 838 1290 865 qua:
1312 838 1363 857 nos
1385 830 1453 857 viris
1474 832 1667 865 spiritualibus
1684 833 1812 860 hortetur

1019 883 1157 911 exponere
1178 876 1245 911 quid
1268 881 1351 903 noctu
1367 881 1394 904 et
1412 877 1531 904 interdiu
1548 879 1695 913 egerimus.
1711 880 1809 907 Audivi

1020 922 1094 949 enim
1109 931 1245 958 nusquam
1262 923 1289 950 in
1308 922 1409 950 litteris
1431 924 1591 951 mandatum
1607 926 1720 959 reperiri
1735 935 1741 952 :
1760 934 1811 953 nec

1020 977 1090 1003 opus
1112 977 1185 1002 esse,
1207 968 1368 996 hominibus
1383 969 1501 1004 cogitata
1519 971 1681 1006 enuntiare,
1695 972 1743 999 sed
1759 973 1810 1000 soli

1019 1023 1090 1049 puro
1102 1015 1230 1043 Domino.

1054 1061 1139 1088 Cano.
1164 1062 1314 1098 Negligens
1337 1069 1365 1091 et
1380 1063 1454 1092 iners
1480 1065 1547 1092 milii
1575 1066 1688 1099 videris,
1722 1074 1811 1101 neque

1020 1107 1139 1134 scrutari
1163 1107 1369 1143 Seripturarum
1397 1111 1519 1138 oracula.
1552 1111 1631 1144 Quod
1667 1112 1689 1139 si
1716 1112 1812 1140 Patres

1021 1157 1094 1186 tuos,
1112 1157 1142 1180 ut
1153 1154 1286 1188 scriptum
1303 1161 1344 1182 est
1358 1156 1391 1189 7',
1410 1157 1605 1192 interrogares,
1622 1159 1688 1193 ipsis
1703 1167 1811 1186 annun—

1022 1199 1156 1227 tiantibus
1175 1208 1232 1227 rem
1250 1205 1334 1228 totam
1351 1202 1391 1229 uti
1403 1211 1433 1230 sc
1448 1203 1560 1231 haberet
1575 1211 1767 1239 cognosceres,
1784 1211 1812 1232 et

1020 1253 1096 1272 nunc
1111 1245 1184 1272 haud
1205 1246 1332 1281 imperita
1348 1251 1375 1274 et
1396 1248 1506 1276 indocta
1522 1257 1680 1285 appareres.
1697 1250 1774 1284 Quod
1789 1251 1812 1278 si

1021 1294 1048 1317 et
1067 1290 1121 1318 hoc
1142 1295 1167 1317 tc
1190 1291 1268 1324 latet,
1285 1300 1335 1326 ego
1353 1292 1402 1319 tibi
1424 1294 1554 1328 pandam.
1580 1295 1811 1327 Pentateuclium,

1022 1336 1048 1363 id
1067 1343 1120 1369 est,
1137 1337 1260 1372 quinque
1274 1338 1361 1366 |.liros
1374 1339 1462 1368 Moses
1475 1341 1521 1368 ille
1539 1342 1587 1369 Dei
1602 1346 1741 1378 spectator
1758 1343 1812 1371 lle-

1022 1382 1103 1410 brmis
1125 1383 1301 1418 conscripsit,
1327 1384 1458 1416 Genesin,
1489 1385 1625 1418 Exodum,
1645 1387 1812 1422 Levitieum,

1022 1428 1167 1461 Numeros,
1179 1429 1434 1457 Deuteronomium.
1448 1431 1477 1458 ln
1490 1431 1618 1460 Numeris
1633 1433 1716 1468 igitur
1727 1435 1810 1462 etiam

1022 1474 1074 1502 hoc
1090 1480 1193 1509 praeter
1207 1475 1259 1503 alia
1275 1476 1387 1510 posuit:
1407 1486 1415 1502 I
1436 1477 1558 1506 Locutus
1571 1483 1614 1506 est
1630 1479 1763 1508 Dominus
1777 1481 1810 1508 ad

1022 1519 1143 1555 Moysen,
1159 1520 1269 1548 dicens:
1288 1521 1412 1556 Loquere
1431 1522 1495 1550 filiis
1506 1522 1590 1551 lsrael
1603 1533 1609 1550 :
1622 1523 1667 1551 Vir
1680 1525 1738 1552 sive
1752 1533 1812 1552 mu-

1021 1565 1073 1593 lier
1092 1575 1155 1593 cum
1171 1567 1287 1594 fecerint
1301 1576 1333 1594 ex
1346 1569 1475 1596 omnibus
1495 1571 1626 1604 peccatis,
1645 1578 1707 1606 qua:
1722 1572 1812 1599 solent

1019 1612 1180 1640 hominibus
1191 1613 1330 1646 accidere,
1341 1619 1368 1642 et
1379 1622 1429 1648 per
1440 1615 1635 1650 negligentiam
1648 1618 1812 1652 transgressi

1019 1658 1124 1686 fuerint
1136 1659 1297 1687 mandatum
1312 1660 1431 1692 Domini,
1450 1667 1533 1696 atque
1549 1662 1730 1698 deliquerint,
1747 1671 1812 1691 con-

1021 1705 1174 1732 fitebuntur
1199 1711 1342 1739 peccatum
1360 1714 1452 1739 suum,
1476 1711 1504 1734 et
1518 1707 1636 1735 reddent
1653 1709 1745 1744 ipsum
1769 1717 1812 1737 ca-

1020 1756 1080 1786 put,
1099 1752 1280 1788 quintamque
1296 1757 1402 1788 partem
1418 1753 1536 1788 desuper
1548 1754 1584 1788 ei,
1600 1754 1627 1782 in
1646 1763 1727 1791 quem
1746 1764 1812 1791 pec-

1020 1798 1157 1825 caverint.
1190 1797 1238 1825 Sin
1273 1804 1366 1825 autem
1397 1806 1452 1826 non
1485 1799 1570 1826 fuerit
1602 1801 1649 1835 qui
1684 1802 1810 1836 recipiat,

1021 1843 1129 1871 dabunt
1146 1844 1273 1876 Domino,
1289 1849 1317 1871 et
1331 1844 1384 1871 erit
1404 1845 1566 1872 sacerdotis.
1578 1845 1615 1872 Et
1632 1846 1685 1874 hoc
1700 1847 1810 1882 quidem

1023 1890 1051 1917 in
1063 1889 1135 1917 libro
1151 1889 1335 1917 Numerorum
1354 1890 1386 1900 ‘“
1404 1890 1438 1917 ⁷⁸.
1461 1900 1470 1916 ›

1057 1935 1136 1968 Quod
1154 1936 1176 1963 si
1192 1936 1272 1970 plura
1291 1935 1449 1964 testimonia
1473 1936 1626 1970 desideras,
1649 1938 1760 1966 Davidis
1776 1939 1812 1966 li-

1021 1982 1115 2015 brum,
1139 1981 1306 2015 Salomonis,
1329 1982 1507 2018 omniumque
1530 1982 1646 2010 aliorum
1659 1984 1811 2020 propheta-

1022 2037 1084 2055 rum
1101 2033 1206 2056 attente
1223 2028 1343 2063 perlege.
1362 2027 1496 2056 Omnibus
1518 2029 1592 2056 enim
1616 2030 1746 2065 quiddam
1763 2039 1812 2059 su-

1022 2084 1071 2111 per
1088 2076 1141 2103 hoc
1164 2076 1297 2104 insertum
1324 2081 1376 2109 est,
1402 2081 1531 2112 oportere
1552 2085 1649 2105 omnes
1666 2078 1810 2114 utriusque

1021 2130 1104 2150 sexus
1118 2122 1301 2150 admissurum
1315 2123 1518 2150 confessionem
1535 2123 1622 2156 abire,
1637 2129 1663 2151 et
1676 2123 1810 2160 quantum

1020 2174 1137 2204 possunt
1151 2177 1184 2196 eo
1194 2169 1263 2197 alios
1276 2169 1425 2197 adducere.
1441 2169 1497 2197 Nec
1511 2170 1594 2198 verba
1613 2171 1694 2199 Verbi
1710 2178 1742 2199 ac
1756 2172 1810 2199 Do-

1022 2215 1089 2242 mini
1115 2215 1228 2248 audisti,
1244 2215 1292 2250 qui
1314 2216 1394 2251 longe
1410 2215 1564 2244 clarissime
1580 2217 1613 2244 de
1629 2216 1682 2244 hoc
1701 2218 1812 2245 sanxit?

1019 2285 1100 2312 Rom.
1132 2293 1169 2317 vi,
1188 2286 1196 2312 l
1215 2292 1291 2320 seqq.
1336 2286 1357 2301 ⁷⁸
1373 2285 1454 2313 Deut.
1468 2293 1553 2318 xxx",
1569 2286 1596 2313 7.
1639 2286 1663 2303 ⁷³
1687 2286 1767 2315 Num.
1782 2297 1810 2322 v,

949 2389 1088 2421 Scholia.

223 2450 231 2458 '
245 2448 384 2482 Chrysost.
399 2455 406 2474 :
429 2446 492 2487 Non
506 2448 572 2487 idem
589 2451 626 2474 cst
642 2447 969 2487 ᾳ.ρςεςᾳιιὶειάεῇίηενεηει
987 2453 1008 2481 D
1022 2449 1181 2487 ρᾳριίειηαγη
1205 2450 1353 2486 requirebat
1376 2452 1403 2478 in
1416 2451 1519 2487 {iisrqui
1536 2452 1571 2480 ad
1592 2459 1620 2478 se
1632 2453 1809 2487 conﬂuebant.

182 2486 287 2520 justum
303 2481 371 2520 esse,
394 2482 438 2520 sed
456 2482 530 2520 aliud
552 2485 610 2520 hoc,
629 2482 703 2520 aliud
725 2482 809 2520 illud.»
822 2481 883 2509 Non
899 2483 969 2520 enim

186 2517 252 2546 satis
277 2521 315 2544 cst
340 2517 471 2543 discedere
493 2517 524 2543 ab
549 2517 727 2551 improbitate,
754 2523 781 2544 ut
796 2518 884 2550 justus
905 2517 968 2551 ﬁas.

185 2556 230 2583 Ait
245 2559 369 2587 namque,
387 2561 396 2576 ι
413 2551 523 2578 Declina
543 2561 558 2578 α
571 2552 652 2583 malo,
671 2556 696 2578 et
711 2553 753 2587 [ac
768 2553 874 2583 bonum.
899 2561 908 2578 ›
927 2553 971 2579 ubi

185 2591 238 2621 illi,
255 2599 264 2614 ι
286 2587 405 2617 Declina,
426 2596 435 2612 ι
449 2588 538 2612 statim
559 2587 690 2620 ebenum,
711 2597 720 2612 ι
738 2595 784 2614 seu
803 2588 904 2622 fructus
917 2589 971 2614 vir—

187 2630 273 2653 tutum
283 2622 428 2657 subjungit.

222 2659 356 2686 Basilius:
375 2656 561 2684 Pwnitentibus
573 2656 690 2683 recedere
706 2661 809 2684 tantum
822 2666 837 2684 τι
849 2659 972 2692 peccatis,

187 2696 223 2722 ad
234 2695 348 2722 salutem
363 2692 471 2719 minimc
480 2692 570 2725 suﬁicit
579 2700 588 2718 .'
603 2692 700 2719 sedeas
712 2693 791 2719 etiam
804 2692 901 2726 {ructus
916 2701 971 2727 pre-

190 2731 308 2757 nitmtia:
323 2728 414 2763 dignos
428 2727 513 2761 facere
526 2735 626 2753 necesse
637 2731 684 2753 est.
697 2727 755 2754 Non
774 2728 843 2753 enim
856 2730 900 2763 qui
909 2731 972 2755 bene

190 2767 290 2799 incipit,
314 2771 392 2798 seque
408 2762 478 2799 bene
502 2767 614 2799 emerccl,
639 2763 678 2788 hic
698 2762 826 2798 perfectus
841 2769 864 2789 et
882 2765 971 2799 ueritus

189 2805 228 2828 est
239 2795 249 2827 Ξ
260 2799 304 2826 sed
320 2795 437 2834 quibene
454 2795 553 2834 claudit
570 2799 648 2834 vitam
665 2795 752 2829 suam,
767 2802 791 2834 et
812 2799 849 2824 ita
868 2803 896 2824 ut
918 2798 971 2834 Deo

192 2835 286 2871 piacct,
303 2832 337 2860 ad
352 2833 430 2867 ﬁnem
444 2833 571 2866 perducit.
586 2832 646 2858 llaec
662 2840 720 2858 cum
734 2833 861 2866 sciamus,
876 2834 903 2859 in
918 2833 971 2866 ﬁne

193 2879 225 2898 nc
238 2876 444 2903 corruntpamus.

229 2907 246 2915 ”
262 2901 399 2931 Isidorus:
416 2902 517 2929 Idcirco
535 2907 559 2929 ct
575 2901 689 2928 Joannes
709 2902 894 2937 professionem
910 2907 970 2929 ante

355 2952 487 2982 ΡΑτιωι..
512 2953 569 2982 Gn.
588 2950 732 2982 CXXVII.

1022 2485 1079 2512 Non
1093 2486 1161 2519 quod
1180 2494 1211 2512 ea
1227 2486 1368 2520 indigeret,
1378 2486 1423 2512 sed
1434 2486 1469 2512 ad
1479 2485 1508 2513 se
1523 2485 1722 2514 adventantium
1734 2489 1810 2516 salu-

1021 2524 1073 2546 tem
1087 2522 1125 2548 ita
1142 2521 1241 2559 efficere
1253 2521 1383 2559 studebat:
1401 2520 1483 2548 Nemo
1495 2523 1575 2552 enim.
1591 2527 1734 2557 antequam
1750 2533 1810 2559 pce-

1020 2560 1080 2582 cata
1095 2565 1144 2583 sua
1156 2555 1323 2589 conﬁteatur.
1337 2555 1449 2582 salutem
1467 2561 1548 2591 potest
1561 2555 1758 2592 conseqiu'dtoc'
1773 2561 1810 2587 si-

1022 2591 1127 2626 quidem
1140 2599 1231 2619 revera
1246 2591 1423 2618 humilitatem
1439 2592 1531 2626 gignit.

1099 2626 1291 2664 Theodoretus
1305 2626 1398 2652 :Jubet
1409 2628 1477 2664 enim
1492 2635 1551 2664 eum
1562 2628 1606 2662 qui
1617 2629 1695 2656 atteri
1706 2637 1734 2655 re
1742 2638 1811 2664 qua-

1023 2662 1096 2698 piam
1115 2664 1215 2698 nocuit,
1237 2662 1352 2696 primum
1377 2661 1498 2698 conﬁteri
1532 2661 1685 2698 peccatum;
1718 2661 1811 2690 deinde

1026 2697 1109 2723 eidem
1125 2697 1244 2733 ablatum
1256 2698 1400 2722 restituere.
1413 2696 1489 2728 Quod
1500 2698 1522 2724 si
1533 2696 1683 2733 contigerit,
1700 2707 1758 2725 cum
1770 2700 1811 2726 uti

1025 2732 1103 2759 illata
1125 2737 1164 2759 est
1186 2732 1297 2766 injuria,
1321 2735 1383 2758 ante
1405 2732 1458 2758 vita
1480 2732 1698 2767 deliutgi,'quam
1718 2735 1810 2761 noxius

1025 2769 1206 2802 paruitentium
1223 2768 1313 2802 egerit.
1331 2766 1357 2793 id
1377 2769 1533 2801 cognatione
1550 2766 1668 2802 proximo
1690 2769 1808 2796 reddere.

1025 2801 1102 2834 Quod
1117 2803 1139 2828 si
1155 2801 1243 2829 nullus
1257 2803 1346 2836 luerit,
1365 2809 1411 2827 nec
1426 2801 1575 2830 inveniatur
1598 2808 1734 2838 cognatus,
1758 2804 1809 2831 Deo

1024 2838 1121 2872 o/ferri.
1139 2838 1213 2869 Quod
1230 2843 1318 2864 autent
1335 2844 1382 2872 pro
1397 2843 1503 2872 peccato
1525 2837 1653 2871 redditur,
1677 2839 1767 2866 cedere
1781 2839 1808 2866 in

1024 2880 1070 2898 usu
1075 2881 1098 2899 nt
1115 2873 1265 2900 sacerdotis.

1606 2951 1643 2982 24
