2034 3153
232 199 292 232 ἯιἺ

859 202 1029 232 ΡΙΠΙᾸΡΡῘ
1055 202 1251 234 ΞιῖἰῙΛΤᾹΡιΗ

1817 210 1866 242 'i-iS

239 257 296 285 Nec
311 265 372 292 qua:
388 257 488 285 hortati
507 261 581 290 sunt,
596 262 623 284 et
637 256 948 292 scripseruntapostoli,
962 266 1030 292 pra:-
1046 263 1067 290 Α
1083 259 1120 286 Ita
1136 259 1255 287 disseras
1281 260 1372 294 velim,
1394 265 1424 288 ut
1440 261 1522 289 etiam
1541 266 1602 297 apte
1618 264 1866 301 convenienterque

238 311 323 331 coues
338 303 436 335 Verbi;
453 310 503 330 nec
522 310 583 338 qua:
599 302 732 336 magistri.
756 307 784 330 ct
800 303 881 337 primi
898 303 1029 330 Patrum?

237 352 273 380 Ut
293 351 388 387 paucis
411 351 512 384 dicam,
544 358 642 377 omnes
666 350 822 383 hortantur,
847 350 976 383 clamant,
1001 356 1029 378 et

239 402 384 427 universos
402 400 436 427 ad
456 399 646 427 annuntianda
663 399 786 434 ipsorum
805 400 932 435 cogitata,
955 400 1027 428 dicta

237 451 266 474 et
288 454 371 481 opera
393 446 523 472 invitant.
539 445 598 472 Non
611 449 653 472 est
668 446 741 472 enim
754 445 840 476 aliud,
856 450 884 472 ut
896 445 1027 478 diximus,

236 493 405 528 principium
428 491 612 527 pwnitentiae,
634 492 688 519 nisi
714 493 806 520 oculta
835 492 1028 526 spirituulibus

235 539 305 566 viris
326 539 472 573 delegere,
497 537 570 565 sicut
585 541 612 565 et
626 537 760 565 Dominus
776 537 810 564 ad
832 538 925 566 Mosen
946 538 1026 566 dixit.

236 585 278 611 En
295 584 377 611 docui
395 591 456 618 qua:
477 584 588 610 dicatur
614 583 787 618 pmuitentia,
805 588 833 610 et
856 592 917 618 qua:
937 584 982 614 sit,
999 589 1028 611 et

235 630 321 657 unde.
340 629 367 657 Si
385 637 452 664 ergo
468 629 520 661 vis,
546 629 659 661 accede,
683 629 818 664 poenitere
837 628 936 664 incipe.
953 629 1027 656 Nihil

234 681 278 704 est
299 676 373 711 quod
390 674 534 710 impediat,
557 674 628 702 nihil
650 674 723 709 quod
740 674 897 709 prohibeat.
923 675 1025 702 Verum

234 723 311 755 audi,
332 727 361 750 et
380 726 535 749 extremum
555 720 691 748 sermonis
715 720 768 747 mei
792 727 936 755 pernosce.
955 721 1026 748 Ver-

232 770 300 797 bum
314 773 357 796 est
376 768 479 795 Christi
494 776 500 793 :
521 777 530 793 ι
550 766 579 794 Si
592 774 647 793 non
660 767 807 799 venissem,
827 767 927 801 inquit,
943 772 970 794 et
984 767 1026 795 eis

234 814 345 841 locutus
355 820 409 839 non
424 811 550 844 fuissem,
565 817 709 847 peccatum
721 819 777 838 non
790 812 935 839 haberent.
945 812 1025 840 Nune

234 863 326 885 autem
339 857 546 885 excusationem
556 865 611 884 non
626 857 729 885 habent
740 858 772 885 de
782 863 896 892 peccato
905 866 955 886 suo
964 858 998 886 ⁷⁸.
1012 868 1021 884 )

234 904 312 937 Quod
326 903 429 931 dictum
443 903 475 930 ad
490 908 516 931 te
530 903 624 938 tuique
637 903 740 931 similes
758 904 878 939 pertinet
893 907 912 931 ⁸.

1082 306 1240 333 exordiare.

1110 351 1198 380 Cano.
1222 353 1340 386 Quinam
1361 362 1404 382 me
1427 356 1557 383 liimnlam
1581 357 1656 392 loqui
1680 357 1785 389 deceat,
1806 364 1866 387 ante

1081 398 1222 426 dominam
1243 399 1424 427 clarissimatu
1445 402 1584 437 multoque
1596 403 1867 432 excellentissimam?

1081 445 1185 473 γει-εον
1201 454 1234 473 ne
1253 446 1279 473 id
1293 447 1442 475 temeritati
1460 449 1550 483 potius
1564 451 1732 478 ascribatur.

1116 492 1214 519 Amm.
1235 492 1284 520 Ast
1298 501 1348 528 ego
1362 494 1457 529 jubeo.
1479 496 1652 530 obtempera,
1673 503 1702 525 et
1716 499 1776 526 sine
1795 508 1865 527 mora

1079 537 1157 572 prior
1181 538 1276 566 dicito.
1305 539 1372 567 Nam
1388 549 1438 576 pro
1461 542 1647 571 instrumento
1666 544 1733 572 mihi
1746 553 1786 578 es,
1801 551 1828 573 et
1842 551 1866 573 te

1080 584 1163 612 verba
1178 585 1271 613 facere
1286 592 1406 622 oportet,
1430 589 1553 624 mihique
1572 591 1695 626 linguam
1714 593 1749 619 ad
1765 600 1867 620 sermo-

1078 638 1139 658 nem
1155 632 1340 665 commodare,
1353 633 1420 661 citra
1434 642 1515 669 quam
1530 643 1581 664 nec
1592 634 1740 673 quidquam
1758 639 1866 667 onmino

1078 677 1216 712 proloqui,
1235 686 1286 706 nec
1299 679 1397 714 Deum,
1412 685 1442 707 ut
1453 681 1544 714 decet,
1559 687 1680 717 cantare,
1694 692 1726 712 ac
1741 684 1866 713 laudibus

1078 723 1219 751 celebrare
1234 732 1318 760 queo.

1112 767 1195 796 Cano.
1212 769 1348 802 Quoniam
1367 772 1505 808 pracipis.
1527 773 1679 810 obsequor:
1714 780 1744 803 tu
1773 776 1814 804 l'ac
1829 781 1866 804 at-

1076 814 1184 842 tendas.
1212 815 1250 842 Ex
1274 817 1376 845 virtute
1404 824 1533 854 tanquam
1550 828 1652 855 genere
1677 822 1796 856 quodam
1813 824 1866 851 duo

1076 860 1223 887 oriuntur:
1239 869 1356 896 quorum
1377 864 1450 891 aliud
1471 865 1570 900 πρᾶξις
1584 866 1642 893 sive
1674 867 1757 900 actio,
1796 868 1865 896 aliud

1076 904 1189 939 θεωρία,
1215 905 1273 933 sive
1300 909 1495 943 contemplatio
1523 911 1692 943 nominatur,
1730 920 1781 947 per
1801 921 1866 947 quas

269 951 367 978 Amm.
385 949 493 985 Optime
508 951 591 978 doces
613 950 716 983 omnia,
738 958 844 986 egoque.
859 952 976 979 admitto
999 956 1026 979 ct
1042 950 1063 979 Β
1078 951 1139 984 quis
1152 951 1184 978 ad
1199 952 1311 980 virtutis
1327 955 1556 983 exercitationem
1576 956 1710 989 elevatur,
1729 962 1757 985 et
1771 958 1805 985 ad
1825 959 1865 985 in-

233 998 397 1032 amplector,
421 1005 452 1024 ac
468 997 502 1025 de
522 1002 622 1025 caetero
631 997 752 1030 sociam,
772 1001 800 1024 et
820 999 1024 1033 opitulatricem

233 1045 297 1071 vitae
315 1043 438 1078 agendae,
455 1047 483 1071 et
496 1043 694 1076 consiliariam,
708 1047 737 1070 et
752 1043 982 1071 contubernalem
999 1048 1025 1071 te

233 1089 360 1117 asciseo:
390 1093 496 1116 tantum
508 1097 570 1124 qua:
591 1089 720 1116 convenit
743 1089 860 1121 dissere,
884 1094 913 1117 ut.
938 1091 1025 1118 amba:

232 1144 384 1172 purgentur
401 1144 416 1163 a
431 1135 574 1168 sordibus,
589 1141 615 1163 ct
631 1143 680 1171 pro
695 1135 803 1164 viribus
817 1136 854 1163 ad
876 1136 1023 1164 Dominum

231 1183 259 1210 in
280 1190 400 1217 superna
416 1189 572 1215 curramus,
599 1190 650 1209 nec
669 1182 698 1209 in
722 1186 863 1216 posterum
887 1187 918 1209 ut
933 1183 1024 1218 pullus

232 1229 358 1261 inlrenis,
374 1232 421 1255 aut
435 1228 544 1255 rabiosa
561 1227 660 1263 Scylla,
682 1227 731 1254 tibi
746 1227 883 1254 resistam.
905 1228 984 1261 Quod
1000 1228 1022 1255 si

232 1275 321 1302 amba:
338 1274 365 1300 in
387 1274 478 1301 scelus
493 1280 618 1306 ruemus,
641 1277 669 1300 et
685 1279 736 1308 ego
763 1278 854 1300 tecum
873 1273 981 1307 puniar,
996 1279 1024 1300 et

233 1327 261 1349 tu
278 1329 332 1348 una
346 1320 521 1347 multaberis.
549 1319 779 1354 Quandoquidem
792 1327 843 1346 nos
861 1327 946 1346 unum
962 1327 1023 1347 esse

232 1366 334 1394 animal
347 1367 459 1402 planum
480 1370 532 1398 est,
550 1373 566 1393 e
584 1372 666 1392 carne
689 1369 717 1392 et
741 1365 841 1400 spiritu
862 1364 1022 1399 conﬂatum,

234 1423 243 1438 ε
262 1421 324 1448 qua:
339 1412 393 1440 sibi
405 1412 524 1439 invicem
540 1411 723 1439 adversantur
736 1411 770 1437 ⁷³.
793 1420 802 1437 ι
827 1411 1022 1439 Verumtamen

228 1468 285 1489 Lna
300 1465 342 1487 est
357 1459 423 1493 vita,
439 1463 466 1487 et
479 1458 552 1486 actio
570 1465 624 1485 una
646 1457 768 1493 penitus,
794 1462 821 1485 et
839 1457 1022 1491 judicium,et

231 1507 381 1539 damnatio,
405 1510 434 1533 et
460 1504 626 1540 supplicium
652 1512 747 1531 unum.
762 1503 830 1531 Cum
848 1508 939 1531 autem
957 1504 1022 1531 hinc

231 1553 448 1584 discesserimus,
462 1551 575 1579 tolletur
586 1549 670 1583 actio,
685 1549 810 1585 nihilque
825 1549 867 1577 vel
888 1550 963 1583 boni,
979 1549 1021 1577 vel

232 1599 295 1626 muli
317 1597 494 1632 operabimur

268 1644 351 1672 Cano.
376 1643 412 1670 Ut
425 1650 469 1671 me
492 1650 623 1677 occupas,
650 1645 678 1669 et
706 1641 792 1669 trahis
818 1648 873 1677 quo
889 1640 947 1668 vis?
967 1639 1022 1668 Nec

230 1697 343 1724 possum
359 1689 409 1716 tibi
424 1693 454 1716 ut
468 1688 571 1716 famula
585 1695 640 1715 non
657 1687 783 1723 obsequi.
800 1688 867 1723 Age,
897 1691 927 1713 ut
942 1687 1020 1720 libet,

230 1744 286 1764 non
305 1743 347 1763 me
365 1743 478 1763 excuso.

265 1783 364 1810 ANIMA.
381 1782 440 1809 Duc
457 1789 502 1809 me
516 1781 550 1808 ad
567 1781 695 1813 meliora,
714 1784 742 1808 et
754 1780 853 1816 adjuva
872 1788 924 1808 me.

263 1829 346 1856 Cano.
361 1828 422 1856 Fias
439 1828 507 1855 bene
533 1827 654 1862 placens,
672 1830 701 1853 et
725 1827 838 1861 probata
854 1825 996 1853 Conditori
1010 1833 1018 1858 ;

228 1877 256 1899 et
270 1880 320 1907 ego
337 1880 420 1907 opera
435 1877 526 1899 tecum
543 1875 668 1906 prompte
687 1878 841 1906 capessam.

267 1919 363 1945 Amm.
384 1917 475 1945 Pudor
489 1921 518 1944 et
538 1916 619 1944 timor
637 1919 794 1944 tuturarum
818 1923 962 1951 poenarum
977 1923 1020 1943 me

229 1969 315 1995 tenet,
333 1972 348 1991 a
366 1964 468 1999 quibus
481 1962 595 1991 liberari
611 1970 776 1999 magnopere
789 1963 882 1998 cupio.

263 2011 346 2038 Cano.
367 2009 408 2037 Tu
424 2017 507 2044 opera
528 2009 621 2036 verbis
644 2009 824 2044 congruentia
847 2009 1017 2038 demonstra.

264 2057 361 2084 AM)“.
378 2055 466 2083 Unum
485 2059 566 2082 antea
587 2063 696 2082 versum
711 2055 814 2089 profari
840 2063 948 2090 aaquum
966 2061 1018 2082 est.

273 2116 297 2131 '”
312 2115 393 2143 Joan.
414 2122 457 2146 xv,
473 2113 520 2140 22.
559 2114 581 2130 ’⁷⁵
596 2114 685 2141 Galat.
703 2121 731 2146 v,
751 2114 794 2140 i7.

833 2114 856 2129 "
867 2113 935 2141 Luc.
951 2122 1028 2147 xvnt,
1043 2114 1087 2142 10.

1078 996 1170 1023 limam
1183 998 1264 1025 Verbi
1278 999 1426 1027 amicitiam
1442 1002 1614 1036 provehitur.
1633 1003 1674 1030 Ad
1699 1004 1795 1038 praxin
1817 1005 1864 1039 igi-

1077 1045 1122 1068 tur
1137 1041 1185 1069 tibi
1205 1043 1375 1078 auxiliabor;
1400 1053 1462 1072 nam
1483 1046 1589 1074 theoria
1606 1052 1650 1075 tua
1666 1048 1751 1076 solius
1770 1051 1863 1076 est

1109 1087 1207 1115 ANIMA.
1221 1088 1313 1124 Incipe
1327 1090 1421 1125 igitur,
1441 1096 1471 1118 ut
1486 1097 1574 1127 potes,
1600 1101 1614 1120 a
1641 1094 1731 1128 praxi,
1760 1095 1863 1123 tametsi

1074 1133 1172 1167 praxin
1190 1134 1295 1160 theoria
1308 1135 1457 1163 antecedit.

1109 1179 1191 1206 Cano.
1213 1179 1269 1206 Nec
1295 1181 1368 1207 enim
1384 1181 1528 1216 quisquam
1555 1182 1588 1209 ad
1613 1182 1749 1210 theoriam
1773 1184 1864 1212 venire

1073 1228 1175 1260 potest,
1191 1225 1244 1252 nisi
1259 1227 1337 1261 prius
1353 1226 1387 1253 ad
1412 1226 1493 1254 linem
1508 1229 1634 1262 practice
1648 1230 1765 1258 venerit.
1799 1231 1864 1257 inci-

1073 1270 1204 1306 piendum
1222 1271 1307 1307 igitur
1323 1272 1385 1305 tibi,
1401 1278 1428 1300 et
1447 1273 1615 1301 studendum
1636 1275 1663 1302 in
1675 1276 1772 1310 primis
1789 1277 1861 1308 huic,

1073 1317 1316 1353 laborandumquc
1337 1319 1364 1346 in
1376 1319 1536 1354 gemitibus,
1550 1321 1576 1348 in
1590 1321 1728 1355 lamentis,
1747 1323 1773 1350 in
1786 1324 1864 1350 lueti-

1074 1363 1136 1396 bus,
1147 1363 1174 1390 in
1185 1364 1442 1398 lamentationibus,
1456 1366 1483 1393 in
1501 1366 1612 1394 ﬂuentis
1625 1368 1820 1404 lacrymarum,
1838 1371 1862 1397 in

1073 1409 1198 1436 oratione
1212 1411 1360 1442 constanti,
1372 1410 1399 1437 in
1413 1411 1560 1446 psalmo-'Iia
1573 1413 1675 1447 stabili,
1694 1415 1720 1441 in
1735 1416 1864 1443 chameu-

1073 1455 1119 1481 nia
1137 1455 1246 1488 humili,
1264 1456 1291 1482 in
1312 1457 1504 1497 maceratione
1522 1461 1690 1493 carunculae,
1709 1461 1736 1488 in
1758 1463 1861 1490 contri-

1074 1501 1148 1527 tione
1163 1508 1238 1533 vera,
1257 1501 1284 1528 in
1296 1502 1401 1538 jejunio
1417 1511 1525 1537 severo,
1537 1505 1563 1532 in
1575 1505 1693 1534 lectione
1707 1507 1862 1543 Scriptura-

1075 1554 1147 1579 rum,
1166 1547 1192 1574 in
1221 1555 1315 1575 earum
1339 1549 1517 1577 meditatione
1532 1555 1559 1577 et
1575 1552 1682 1584 notitia,
1701 1552 1726 1579 iu
1743 1555 1862 1589 pervigi-

1073 1593 1177 1620 latione
1194 1593 1335 1626 continua,
1352 1593 1379 1621 in
1407 1602 1491 1630 opere
1509 1604 1651 1628 manuum,
1679 1597 1706 1624 in
1734 1606 1860 1626 manuum

1073 1638 1237 1670 elevatione,
1264 1640 1291 1666 in
1307 1647 1425 1675 genuum
1444 1641 1631 1674 inclinatione,
1662 1643 1688 1670 in
1711 1643 1798 1672 forma
1823 1646 1863 1672 di-

1074 1685 1137 1711 vina
1154 1690 1255 1713 sancta!
1275 1686 1367 1713 crucis
1391 1687 1579 1722 exprimenda.
1613 1688 1712 1716 Pectus
1745 1690 1862 1718 libenter

1071 1737 1196 1766 percute,
1217 1736 1245 1758 ut
1268 1733 1403 1767 percussit
1432 1734 1597 1768 publicanus
1613 1736 1645 1762 '“.
1664 1736 1805 1765 Distribue
1822 1739 1860 1765 fa-

1071 1778 1187 1805 cultates
1205 1778 1385 1813 pauperibus,
1408 1785 1438 1807 ut
1453 1780 1586 1815 scriptum
1609 1788 1651 1809 est
1666 1783 1700 1814 ",
1729 1789 1757 1811 et
1781 1792 1861 1812 omne

1071 1822 1173 1850 bonum
1189 1831 1259 1858 opus
1272 1825 1345 1858 quod
1362 1826 1476 1860 poteris,
1490 1826 1542 1853 hoc
1554 1826 1636 1854 facito

1105 1871 1204 1897 ANlltA.
1235 1869 1366 1898 Oratione
1393 1875 1439 1898 tua
1472 1873 1499 1899 in
1532 1881 1576 1900 me
1607 1873 1728 1902 olllciosa
1748 1877 1861 1904 candite

1070 1914 1158 1943 fuisti.
1177 1916 1254 1949 Quod
1268 1917 1289 1943 si
1304 1920 1332 1944 et
1346 1917 1479 1952 operibus
1496 1926 1540 1946 me
1564 1919 1701 1948 delectare
1730 1922 1859 1955 volucris,

1072 1968 1128 1990 tum
1148 1970 1242 1990 revera
1262 1966 1289 1990 et
1302 1963 1420 1998 adjutrix
1433 1971 1492 1992 mea
1506 1966 1649 1993 vocabere.

1105 2009 1188 2036 Cano.
1206 2009 1304 2037 Fidere
1321 2011 1513 2038 tantummodo
1524 2016 1550 2038 te
1570 2017 1689 2047 oportet,
1708 2013 1801 2046 fidere,
1819 2014 1860 2041 in-

1071 2062 1164 2089 quam.
1180 2055 1306 2082 Moveare
1316 2055 1350 2082 ad
1363 2055 1510 2083 Dominum
1522 2061 1597 2084 motu
1613 2065 1738 2093 operum,
1753 2060 1786 2086 ad
1798 2067 1858 2087 eum

1126 2115 1147 2130 ⁷⁷
1170 2114 1242 2142 Psal.
1260 2123 1299 2148 Ill,
1313 2115 1346 2148 9;
1363 2115 1385 2142 ll
1401 2115 1464 2143 Cor.
1482 2124 1519 2149 ix,
1531 2116 1558 2144 9.

985 2174 1121 2205 Scholia.

267 2229 273 2237 ⁵
288 2225 420 2253 Isidorus.
440 2224 491 2257 Qui
507 2232 559 2251 non
578 2228 653 2258 paret
672 2224 766 2250 rectori
784 2231 831 2250 suo
847 2224 952 2257 chorus,
968 2225 1017 2251 ab-

227 2262 306 2288 surde
325 2265 349 2287 et
375 2261 529 2287 inconcinne
539 2260 608 2285 canit
617 2268 625 2286 ς
635 2263 658 2285 et
668 2263 791 2294 mgrotus,
804 2260 848 2293 qui
859 2267 910 2285 non
921 2261 1018 2287 obtem-

228 2302 303 2331 perat
320 2296 430 2327 medico,
447 2296 543 2331 "miser
564 2299 612 2320 est.
636 2294 729 2320 Ilertar
750 2298 848 2331 autem_
861 2299 885 2331 et
903 2296 1016 2322 "reditus
1035 2304 1054 2331 ο

228 2328 304 2364 culpa
318 2335 423 2358 rotant.
440 2330 511 2357 Nam
525 2334 548 2355 et
565 2330 618 2364 ipse
629 2330 746 2356 Christus
758 2337 817 2355 cum
832 2328 948 2362 Judwas,
959 2335 1015 2358 tum

225 2368 325 2394 Jutlam
345 2367 460 2392 crebrius
479 2365 553 2399 ofﬁcii
574 2365 692 2391 monuit:
711 2369 799 2390 tamen
822 2372 873 2400 non
897 2366 932 2392 eis
956 2374 1016 2400 prr-

226 2403 321 2429 sumit.
346 2401 562 2428 I’ersnadeuntur
583 2401 657 2426 enim
674 2407 754 2426 necne
776 2399 921 2431 auditores,
943 2401 1015 2435 ipso-

227 2446 285 2464 rum
299 2437 371 2464 debet
387 2445 441 2462 esse
456 2436 603 2470 potestatis,
618 2440 726 2470 propter
743 2435 847 2461 arbitrii
866 2434 1014 2462 libertatem

226 2473 356 2500 ridclicct.
372 2469 495 2498 Doreiitis
511 2478 604 2497 munus
623 2469 672 2500 (si,
692 2469 757 2496 nillil
775 2471 910 2504 pra‘tcrire
923 2479 1014 2498 eorum

226 2516 283 2543 qua:
295 2509 330 2534 ad
339 2507 496 2543 gignendum
508 2506 706 2543 persuasionem
719 2505 823 2543 ualent;
838 2506 1013 2536 audientium,

225 2536 390 2578 persuaderi.
413 2536 519 2569 Ειιιιιίιὴ
541 2541 585 2576 qui
603 2541 686 2578 docet,
708 2540 858 2578 dictionem,
885 2545 1013 2578 nonritcm

226 2576 423 2613 persuasionem
440 2579 465 2603 in
482 2580 610 2613 potestate
624 2576 710 2613 l1u_b_et.
729 2577 769 2613 .-l_n
785 2576 866 2609 igitur
881 2576 1014 2603 Christum

226 2611 416 2642 accumbimus,
432 2613 493 2646 quin
513 2611 592 2638 Juda:
611 2615 634 2636 et
656 2611 773 2637 Hebrwis
800 2618 850 2636 non
871 2612 1011 2644 persuasit,

226 2657 272 2675 nec
286 2657 327 2675 eos
338 2649 474 2685 saluauit?
484 2646 654 2685 Neritiquupt.
690 2681 695 2685 _
770 2680 779 2685 Α
843 2680 847 2685 Ι

262 2686 281 2694 ¹⁹
296 2684 423 2711 Basilius.
440 2680 574 2717 Dupliceni
595 2682 634 2707 ait
650 2681 746 2717 animm
765 2680 926 2713 {unctionem
945 2687 1011 2713 esse,

225 2726 306 2746 unum
321 2720 426 2754 quidem
436 2715 543 2744 rit/item
559 2716 676 2754 corporis
689 2723 698 2754 :_
719 2715 834 2741 alterum
847 2723 936 2754 reruni
951 2723 1013 2741 con-

226 2750 429 2787 tt'mplairicem,
451 2761 531 2787 quam
554 2756 577 2777 et
605 2751 809 2787 ratiocinantem
834 2750 1010 2785 appellamus.

225 2785 381 2816 Sal‘uitulis
406 2785 477 2814 illius
502 2789 584 2813 virtus
615 2795 630 2812 ιι
655 2785 789 2812 voluntate
810 2793 861 2811 non
884 2787 1010 2819 procedit.

227 2823 296 2850 Num
310 2823 537 2858 quemadmodum
548 2821 602 2848 sole
618 2821 782 2858 illucescente
798 2828 850 2858 non
865 2825 947 2855 potest
959 2829 1011 2847 non

224 2856 383 2887 illuminari,
398 2859 424 2884 in
437 2861 505 2892 quoi
520 2856 664 2892 illcrradios
680 2864 739 2881 anas
758 2856 882 2889 projicit:
900 2857 939 2882 ita
958 2863 1009 2882 non

227 2896 310 2926 potus!
330 2894 421 2919 animo
438 2901 488 2918 non
511 2891 643 2924 viriﬁcure
663 2898 756 2923 corpus
771 2891 846 2921 illud,
871 2892 912 2917 cui
931 2891 1011 2917 insita

228 2928 315 2960 luerit.
331 2927 540 2961 Contemplotrix
557 2935 615 2953 vero
630 2935 645 2952 ιι
657 2927 792 2952 voluntate
809 2926 858 2951 rint
874 2933 949 2952 suum
966 2934 1009 2952 ac-

1071 2227 1142 2260 cipit.
1166 2226 1326 2261 Improbitaa
1341 2233 1430 2255 autem
1448 2228 1522 2255 aliud
1541 2228 1607 2256 nihil
1621 2233 1668 2261 est,
1686 2230 1739 2256 nisi
1757 2230 1857 2258 uirtutis

1071 2260 1234 2293 interclusio_
1253 2267 1277 2288 et
1292 2261 1420 2289 absentia.

1109 2296 1191 2323 Isaac.
1206 2296 1278 2334 Sicut
1291 2305 1349 2324 cum
1361 2298 1440 2333 primi
1453 2299 1569 2326 homines
1584 2298 1759 2334 ﬁngermtur,
1773 2301 1855 2332 prima

1069 2331 1118 2364 fuit
1128 2333 1244 2366 corporis
1253 2332 1333 2365 ﬁctio,
1344 2331 1437 2359 deinde
1446 2340 1564 2361 secutum
1575 2339 1611 2360 est
1624 2331 1788 2368 Spirarulum
1799 2344 1808 2362 :
1821 2337 1856 2362 sic

1065 2374 1160 2405 opera,
1171 2375 1214 2405 seu
1235 2368 1349 2394 actiones
1366 2376 1508 2403 corporeae,
1522 2370 1635 2396 actiones
1648 2371 1744 2396 anima:
1760 2379 1855 2405 pra’ce-

1065 2402 1126 2427 dere
1143 2402 1245 2427 debent.

1101 2436 1258 2474 "'_§ognitio
1269 2437 1518 2474 indjgetuctionemt
1534 2440 1603 2466 actio
1617 2440 1772 2474 cognitione.
1786 2440 1855 2466 (huic

1066 2471 1103 2496 uit
1126 2471 1262 2510 lionlinus,
1284 2471 1350 2503 «Qui
1367 2473 1467 2510 fecerit,
1483 2471 1655 2510 etndoaterit;
1681 2476 1721 2501 llic
1746 2484 1854 2510 magnus

1064 2507 1197 2544 vocabitur
1213 2507 1338 2544 ini-rgno
1356 2507 1479 2544 (telorum
1493 2508 1601 2543 (ΜαηΙι.
1616 2518 1641 2540 v,
1655 2510 1726 2544 19).»
1747 2510 1775 2536 Si
1788 2507 1855 2536 Enim

1063 2542 1204 2576 stt/fecisset
1218 2542 1251 2580 ad
1267 2542 1451 2580 perfectionrrn
1470 2542 1556 2577 facere
1570 2549 1673 2571 tantum
1690 2542 1788 2580 absque
1809 2546 1855 2570 do-

1064 2584 1132 2604 cere,
1150 2581 1197 2602 aut
1209 2577 1301 2602 docere
1322 2576 1409 2603 solum
1428 2576 1485 2604 sine
1508 2580 1602 2610 facere,
1629 2588 1680 2606 non
1699 2576 1776 2606 (mneo
1793 2588 1853 2606 con—

1059 2611 1202 2648 jnnmisset,
1216 2612 1254 2648 liis
1268 2612 1363 2648 uerbis,
1381 2612 1548 2648 ionicunque
1564 2615 1661 2648 fecerit,
1675 2621 1698 2641 et
1711 2616 1851 2641 docuerit.»

1063 2647 1105 2684 Ait
1125 2648 1198 2684 enini
1215 2646 1353 2681 Scriptura
1378 2656 1384 2674 :
1407 2646 1593 2684 «Jerus'ca’pit
1616 2651 1701 2684 [acere
1714 2654 1738 2676 et
1765 2651 1855 2676 docere

1064 2681 1133 2715 (Art.
1155 2683 1242 2715 ι,1).›

1076 2698 1133 2708 ιιιι.
1155 2698 1160 2708 Ι
1191 2698 1198 2708 Ι
1219 2701 1225 2708 l
1234 2698 1242 2705 '

1064 2698 1072 2715 λ
1100 2698 1280 2754 "_"_C’hrlysost
1305 2716 1442 2754 Noncnim
1453 2726 1484 2744 ex
1496 2719 1583 2754 gratia
1597 2723 1710 2752 tantum,
1722 2719 1768 2746 sed
1775 2721 1853 2746 etiam

1062 2758 1092 2776 ρει
1107 2751 1169 2785 [Μιῖί
1192 2757 1214 2777 et
1229 2752 1331 2778 virtutis
1351 2760 1399 2778 usu
1412 2753 1486 2780 salus
1496 2751 1678 2789 comparanda
1690 2760 1737 2781 est.
1751 2755 1852 2781 Etenim

1063 2791 1090 2824 ut
1109 2788 1175 2821 ignis
1193 2788 1328 2824 proprimn
1347 2793 1384 2813 cst
1400 2788 1556 2824 calefacere,
1582 2796 1604 2815 et
1621 2790 1683 2816 solis
1699 2790 1852 2820 illustrare;

1062 2822 1111 2859 sic
1126 2828 1170 2847 L‘L‘l
1187 2822 1346 2856 bcnrfurere,
1366 2829 1390 2848 et
1405 2824 1486 2850 mit/ta
1501 2825 1654 2859 plusquam
1674 2833 1719 2851 nos
1735 2825 1850 2851 velimus.

1064 2855 1111 2882 Ubi
1125 2858 1203 2882 etiam
1217 2859 1305 2891 gratia
1317 2863 1374 2894 rost,
1394 2867 1472 2894 opera
1491 2855 1543 2886 non
1563 2855 1633 2889 situt,
1651 2865 1675 2886 et
1693 2861 1736 2886 ubi
1762 2868 1850 2894 opera.

1061 2897 1148 2925 gratia
1175 2900 1225 2917 non
1245 2899 1291 2919 est.
1313 2893 1360 2920 Ubi
1376 2899 1462 2920 autem
1478 2896 1566 2929 gratia
1581 2901 1628 2927 est,
1647 2893 1782 2930 superbire
1801 2903 1850 2921 non

1062 2932 1174 2961 oportrt.
