2034 3153
186 214 238 246 7H

913 203 1093 235 DIOPTRA.

1759 203 1812 234 130

187 277 294 300 sursum
316 267 478 304 respiciens.
494 271 523 294 et
537 265 649 294 omnino
664 264 722 300 ipse
737 263 824 292 dabit.
842 263 875 290 Et
892 269 971 289 acce-

1032 263 1167 294 ,antopere
1184 264 1323 293 peccasse,
1341 257 1503 293 divinaeque
1516 257 1588 293 leges
1614 262 1812 294 transgressum

186 317 229 349 de,
248 319 276 343 et
287 314 340 342 ﬁde
356 321 411 340 non
430 311 629 348 procrastinata
650 311 684 337 ad
705 308 819 343 vestigia
837 306 971 335 Condito-

186 361 223 388 iis
239 360 275 387 lui
287 358 447 395 procumbe,
463 358 585 385 clamans
599 363 661 383 cum
678 354 807 390 lacrymis
820 361 827 380 :
846 352 897 385 Tu,
912 350 971 379 Sal-

185 411 275 439 vator,
294 404 427 433 incll‘abili
446 408 492 431 tua
515 402 702 430 cxinanitione
730 398 900 430 instaurasti,
932 402 971 429 tu,

186 453 311 485 Domine,
325 450 436 480 salvasti
452 454 579 477 naturam
591 448 735 475 hominum
751 454 766 473 e
779 445 906 472 manibus
920 443 973 470 ini-

187 499 261 532 mici,
276 502 304 526 et
315 506 349 526 ex
368 497 511 525 servitute.
538 495 578 522 'l‘u
596 494 669 521 salva
689 500 732 520 me
755 499 863 519 rursum
886 489 972 526 gratia

187 550 255 573 tua:
272 552 302 572 es
321 543 394 571 enim
418 543 491 571 Deus
505 542 612 570 salutis.
640 540 667 568 Si
690 540 763 568 enim
789 546 822 566 ex
843 536 975 572 operibus

186 598 230 618 me
241 588 402 621 salvaveris,
418 588 474 615 erit
497 587 549 615 ista
573 584 772 620 compensatio,
793 590 847 610 non
875 581 972 617 gratia,

187 635 389 669 manifestaque
403 633 563 661 retributio.
581 631 647 659 Mihi
662 634 753 663 autem
769 629 873 657 nullum
896 626 975 655 adest

186 689 257 717 opus
273 681 389 708 bonum.
404 680 466 715 Ipse
479 680 554 707 solus
566 679 666 712 bonus,
684 677 742 712 ipse
756 681 853 703 natura
865 674 974 702 miseri-

187 735 260 759 cors,
275 731 304 755 et
316 731 424 754 tantum
438 725 518 753 ﬁdem
532 724 662 760 requiris,
676 728 705 751 et
724 726 830 750 tantum
856 721 974 749 cbarita-

187 779 242 801 tem
261 773 312 800 vis.
337 773 366 800 Si
382 772 450 800 ﬁdes
472 776 577 799 tantum
600 769 756 804 redemptio
770 771 822 800 est,
837 767 919 794 etiam
935 766 976 801 ip-

186 821 224 847 sis
245 819 409 854 desperatis,
436 817 517 844 ﬁdem
546 816 646 848 habeo,
667 815 742 842 salva
763 820 822 854 me,
841 819 872 840 es
902 811 975 840 enim

187 865 258 892 Deus
276 865 310 892 ad
332 864 505 893 salvandum.
524 862 605 890 Fides
619 865 661 889 est
676 860 743 888 mihi
760 867 810 894 pro
830 866 924 894 opere,
943 857 977 884 li-

187 911 249 937 dcm
266 918 316 946 pro
330 918 413 945 opere
434 908 555 944 suscipe.
580 906 701 934 Suﬁiciat
727 906 776 934 tibi
796 904 874 937 ﬁdes,
894 911 976 939 quam

1023 312 1095 337 esse,
1116 308 1146 331 ut
1163 303 1309 332 adversum
1333 303 1380 331 Dei
1403 303 1517 339 gloriam
1546 304 1629 331 etiam
1651 303 1812 332 detestanda

1024 351 1095 379 idola
1106 350 1289 378 constitueret
1304 359 1310 377 :
1332 358 1386 386 qua
1399 350 1432 377 de
1446 358 1529 378 causa
1543 359 1630 386 genus
1643 351 1811 384 Iudaeorum,

1024 398 1052 425 in
1065 397 1193 425 lamentis
1208 397 1349 430 videlicet,
1371 396 1533 432 ploratibus,
1558 401 1586 424 et
1613 397 1813 432 supplicatione

1023 443 1195 480 jejuniorum
1218 443 1253 471 ad
1273 443 1422 471 Dominum
1437 443 1585 471 clamabat.
1600 443 1661 471 Non
1675 447 1767 471 tamen
1779 443 1813 471 il~

1024 490 1115 518 lorum
1133 491 1253 518 lamenta
1282 496 1360 524 tunc,
1381 490 1429 518 sed
1445 494 1540 526 postea
1557 489 1708 523 exaudivit,
1729 494 1756 518 et
1786 489 1815 517 in

1025 537 1192 565 contritione
1203 535 1306 569 cordis,
1329 536 1358 563 in
1370 536 1561 564 humiliatione
1571 535 1669 563 anima:
1684 535 1815 562 humilia-

1026 588 1054 611 to
1071 583 1205 616 Manasse,
1232 583 1427 610 contritionem
1448 582 1522 610 illam
1540 581 1654 610 minime
1664 586 1707 609 est
1721 589 1816 616 asper-

1025 631 1117 654 natus.
1137 626 1209 660 Quin
1232 627 1318 654 etiam
1346 627 1508 654 idololatria
1521 627 1621 659 scelus,
1643 627 1716 661 quod
1731 627 1817 654 maxi-

1026 680 1101 700 mum
1117 677 1145 700 et
1160 672 1309 708 pessimum
1330 676 1390 700 erat
1409 673 1544 705 omnium,
1560 673 1585 700 ei
1602 672 1708 699 dimisit
1721 674 1741 682 “
1757 673 1777 699 ‘.

1062 719 1090 746 Si
1106 718 1273 753 placuissent
1290 717 1341 745 tibi
1361 717 1480 746 victimae
1496 727 1502 745 :
1523 728 1532 744 ε
1547 719 1570 746 si
1589 719 1756 746 sacriﬁcium
1770 726 1819 746 vo-

1026 764 1135 797 luisses,
1152 763 1288 792 dedissem
1310 764 1406 799 utique
1420 763 1473 798 "i,
1499 764 1599 792 clamat
1614 764 1648 792 ad
1670 765 1818 792 Dominum

1026 810 1131 839 David:
1154 815 1183 838 at
1200 818 1255 837 non
1271 810 1315 838 his
1329 810 1486 843 oblectaris,
1503 817 1555 838 nec
1567 810 1669 845 gaudes
1683 810 1738 838 ullo
1758 818 1818 838 mo-

1028 855 1064 883 do
1079 864 1085 883 :
1104 855 1152 882 sed
1169 855 1284 890 spiritus
1302 855 1517 888 contribulatus,
1533 860 1560 882 et
1573 854 1817 891 humiliatus,'pl:i-

1028 903 1100 930 citus
1116 905 1144 929 ct
1156 906 1251 937 gratus
1264 906 1306 929 est
1322 901 1382 929 tibi.
1398 901 1464 935 Quae
1481 906 1646 936 sequuntur,
1666 902 1819 930 rectissime

187 961 216 984 et
228 942 316 983 solam
333 942 490 983 ti-bioll‘ero.
504 942 533 982 Si
546 954 621 982 enim
637 959 749 989 quoquo
764 951 846 979 modo
869 950 976 978 abstra-
993 942 1012 968 Β
1026 953 1055 976 et
1076 947 1225 983 praesertim
1245 948 1318 983 apud
1342 948 1493 983 prudentes
1512 948 1584 976 dicta
1602 953 1678 976 sunt.
1700 949 1818 978 Rursum

187 1003 255 1030 hcre
268 1008 311 1029 me
325 1001 359 1029 ab
375 999 557 1035 omnipotenti
573 999 697 1034 potentia
715 1002 762 1024 tua
782 996 919 1031 pessimus
935 1000 976 1030 ty-

187 1056 293 1076 rannus
306 1047 389 1075 Belial
401 1046 521 1082 potuerit
535 1045 615 1080 (proh
630 1043 789 1071 audaciam!
805 1041 874 1077 proh
888 1041 978 1075 impu-

188 1096 309 1123 dentiam
317 1094 337 1129 ι)
347 1093 490 1125 eﬁ'eretur,
499 1097 528 1119 et
546 1089 710 1126 gloriabitur
726 1089 915 1122 vehementer.
924 1086 978 1114 Seu

189 1141 274 1176 igitur
287 1141 412 1171 voluero,
426 1145 474 1166 seu
491 1145 544 1164 non
560 1137 684 1167 voluero,
705 1135 779 1162 salva
797 1140 859 1166 me;
886 1141 895 1158 ι
924 1131 979 1159 cito

163 1184 165 1186 ’
188 1184 342 1219 anticipent
356 1191 399 1210 me
413 1181 610 1210 misericordia:
626 1185 679 1208 tua:
691 1179 725 1206 ⁷⁸.
745 1188 754 1204 ι
779 1178 819 1205 Τυ
850 1185 880 1206 es
908 1177 980 1204 Deus

189 1236 271 1256 meus
284 1229 319 1256 ab
332 1233 429 1260 utero;
445 1232 474 1255 tu
489 1231 595 1259 custos,
612 1230 639 1253 tu
654 1225 783 1253 Servator
799 1231 885 1250 meus.
919 1223 980 1250 lim:

190 1273 214 1300 si
227 1278 393 1309 compuncta
407 1273 518 1306 dixeris,
548 1273 570 1300 si
593 1280 608 1299 e
627 1270 771 1306 profundis
805 1268 976 1299 clamaveris.

190 1320 214 1347 si
233 1328 265 1347 ex
286 1320 378 1347 animo
391 1320 510 1347 lamenta
527 1324 555 1347 et
569 1319 703 1354 lacrymas
727 1321 755 1344 et
771 1316 888 1352 gemitus
902 1315 981 1343 lude-

191 1364 242 1396 ris,
263 1363 358 1390 audiet
375 1367 413 1396 te,
425 1368 453 1390 et
472 1368 577 1398 parcet,
590 1367 618 1389 et
636 1361 762 1393 salvabit,
779 1365 807 1388 et
833 1360 980 1393 liberabit;

192 1417 256 1438 nam
271 1410 404 1437 liberator
412 1414 454 1437 est
468 1409 666 1442 Dominusm",
679 1413 708 1436 ct
723 1409 878 1436 animorum
887 1408 982 1436 Salva-

193 1458 238 1481 tor
253 1454 340 1482 solus.
358 1453 433 1481 Habe
446 1461 507 1488 spes
525 1453 622 1487 bonas,
640 1457 668 1481 et
687 1457 814 1487 exspecta
829 1452 942 1488 optima.

499 1521 611 1550 CAPUT
628 1521 685 1548 XII.

225 1578 357 1614 Exempla
379 1578 508 1606 Manassis
536 1583 560 1605 et
584 1578 692 1605 Dauidis
716 1578 907 1612 ptenitentium,
924 1582 948 1604 et

420 1614 534 1641 salutem
548 1618 755 1640 consecutorum.

228 1683 330 1710 Amm.
345 1682 446 1709 Verum
462 1688 512 1715 ego
529 1688 625 1708 omnes
641 1681 770 1708 mortales
785 1680 926 1716 peccando
940 1688 987 1709 su-

193 1728 316 1764 peravi:
347 1734 443 1755 omnes
470 1726 593 1761 peccatis
619 1727 773 1762 omnigenis
794 1731 987 1763 praetergressa

192 1783 277 1808 sum;
295 1773 381 1801 ﬁlium
399 1773 553 1808 prodigum,
583 1772 735 1808 principem
766 1772 910 1805 latronem,
930 1781 989 1800 mc-

192 1820 322 1852 retriccs,
341 1823 368 1846 et
381 1819 552 1854 publicanos,
571 1819 726 1847 Sodomitas
745 1819 868 1853 insuper,
884 1823 914 1846 et
942 1818 990 1846 Ni-

192 1866 310 1894 nivitas.
333 1865 435 1892 Omnes
461 1865 507 1899 qui
524 1864 694 1899 temporibus
723 1864 780 1892 Noe
802 1864 941 1896 vixerunt,
962 1867 991 1890 et

193 1912 246 1947 qui
262 1911 326 1939 inde
338 1911 371 1938 ab
387 1911 490 1938 Adamo
501 1910 591 1945 primo
603 1911 745 1944 hucusque
763 1908 900 1944 procreati
915 1913 989 1936 sunt.

194 1959 231 1986 Et
252 1964 354 1989 metuo,
373 1965 407 1985 ne
421 1958 550 1984 seductor
565 1964 608 1983 me
626 1955 748 1983 devoret.

231 2004 318 2031 Cano.
344 2003 384 2031 Ne
416 2002 485 2030 adeo
495 2002 621 2036 ‘timeas,
644 2008 679 2028 ue
706 2008 789 2035 supra
805 2000 917 2027 modum
935 2007 994 2027 me-

195 2055 272 2078 tuas.
287 2050 354 2076 Nam
368 2049 447 2076 dolor
461 2048 624 2075 immodicus
636 2051 755 2074 mentem
768 2047 874 2075 evertit.
892 2047 926 2074 Et
938 2046 993 2074 l'or-

195 2095 371 2127 midandum,
401 2102 434 2121 ne
453 2094 527 2128 quod
555 2094 652 2122 animae
683 2093 813 2121 damnum
836 2093 900 2120 hinc
921 2092 994 2120 acci-

195 2142 270 2176 pias.
284 2141 354 2168 etin
378 2141 463 2167 imum
485 2140 600 2168 exitium
624 2139 810 2175 praecipites‘.
830 2139 884 2166 Sed
899 2143 995 2174 patere

197 2193 225 2215 te
249 2187 411 2214 censoiari:
437 2187 532 2214 audies
554 2186 628 2213 enim
651 2185 732 2212 verba
752 2192 766 2212 a
790 2185 849 2212 viro
873 2185 993 2219 quodam

197 2232 338 2268 spirituali
366 2232 481 2268 prolata,
520 2235 548 2259 et
578 2230 612 2258 ad
646 2229 698 2257 hoc
728 2230 762 2258 de
799 2237 854 2265 quo
888 2231 995 2266 agimus

1029 994 1126 1028 David,
1154 994 1218 1022 alibi
1247 994 1364 1022 duorum
1394 999 1571 1029 peccatorum
1600 1002 1667 1022 reus
1691 1000 1820 1029 peractus

1030 1041 1103 1075 (nam
1118 1040 1146 1067 in
1164 1040 1262 1068 eodem
1279 1041 1362 1068 simul
1391 1040 1558 1068 adulterium
1588 1045 1617 1068 et
1639 1041 1821 1069 homicidium

1029 1086 1228 1122 commiserat),
1256 1086 1320 1121 quia
1341 1090 1494 1121 prostratus
1508 1086 1638 1121 paenituit
1653 1094 1746 1114 coram
1767 1087 1821 1114 Do-

1030 1131 1123 1165 mino,
1140 1132 1205 1167 quia
1223 1131 1370 1166 procidens
1384 1131 1549 1159 exclamavit
1573 1141 1579 1159 :
1599 1141 1611 1158 ‹
1627 1132 1740 1159 Peccavi
1767 1132 1822 1159 Do-

1031 1178 1117 1209 mino,
1136 1186 1145 1203 ν
1164 1181 1192 1204 et
1208 1177 1279 1204 hanc
1294 1183 1389 1204 vocem
1407 1176 1486 1204 dedit
1503 1184 1567 1204 cum
1584 1177 1757 1212 poenitentia,
1773 1185 1823 1204 au-

1031 1223 1073 1250 dit
1100 1223 1233 1255 vicissim,
1248 1225 1276 1250 et
1291 1222 1383 1250 statim
1395 1229 1410 1249 a
1424 1221 1550 1250 Nathaue
1565 1222 1700 1258 propheta
1717 1231 1724 1249 :
1743 1231 1753 1248 ί
1771 1223 1824 1250 Do-

1032 1269 1124 1297 minus
1149 1276 1259 1304 quoquc
1287 1269 1426 1296 transtulit
1446 1273 1591 1304 peccatum
1619 1274 1696 1296 tuum
1717 1269 1751 1296 ⁷⁹.
1767 1278 1776 1295 ι
1795 1268 1824 1296 Si

1034 1319 1140 1342 tantum
1167 1319 1257 1349 potest
1279 1314 1420 1342 humilitas
1443 1314 1477 1342 ad
1505 1315 1633 1347 salutem,
1652 1314 1824 1349 obtempera.

1032 1360 1151 1393 conﬁde,
1169 1364 1197 1387 ct
1210 1360 1395 1388 humilitatem
1411 1360 1523 1394 adhibe,
1547 1360 1631 1388 veluti
1655 1360 1824 1396 pharmacon

1035 1405 1174 1441 quoddam
1186 1406 1321 1434 adversus
1334 1406 1471 1442 viperam,
1492 1414 1552 1442 quae
1564 1407 1745 1442 intelligentia
1763 1415 1827 1443 pcr-

1035 1453 1148 1488 cipitur,
1166 1456 1195 1480 et
1210 1452 1316 1480 animas
1329 1452 1451 1488 peccatis
1465 1453 1557 1488 perdit
1575 1454 1824 1488 pmstantissimas.

1036 1498 1226 1526 Perniciosum
1247 1502 1289 1526 est
1303 1498 1352 1526 tibi
1372 1499 1484 1534 (iterum
1507 1499 1662 1535 iterumque
1676 1499 1788 1535 dicam),
1801 1500 1826 1543 εἰ

1036 1545 1245 1573 immoderatius
1262 1544 1395 1572 dolueris.

1327 1611 1441 1639 CAPUT
1461 1611 1531 1639 XIII.

1100 1669 1138 1697 De
1150 1669 1323 1704 concipienda
1346 1677 1391 1703 spe
1408 1668 1502 1696 divinae
1525 1668 1722 1704 misericordiw,
1736 1676 1768 1696 ea:

1243 1705 1397 1739 paenitentia
1412 1708 1438 1729 et
1462 1703 1623 1732 humilitate.

1077 1781 1086 1798 ε
1104 1772 1204 1804 Petito,
1220 1776 1248 1799 et
1262 1771 1372 1799 dabitur
1381 1771 1459 1799 vobis
1473 1772 1507 1806 ιθ,
1521 1781 1531 1798 ι
1545 1771 1661 1799 verbum
1679 1777 1722 1800 est
1739 1772 1831 1801 \‘erln.

1039 1817 1068 1846 Si
1086 1817 1250 1852 pulsaveris,
1271 1817 1421 1852 aperietur,
1436 1821 1463 1844 et
1474 1817 1497 1845 si
1510 1817 1680 1852 quaesiveris,
1695 1817 1830 1846 invenies.

1043 1863 1151 1896 Quaere,
1167 1864 1258 1898 pulsa,
1274 1867 1346 1898 pete,
1370 1872 1405 1890 ne
1435 1863 1479 1890 bis
1509 1863 1641 1891 faciendis
1669 1863 1832 1898 defatigcre,

1043 1910 1132 1938 donec
1149 1910 1289 1945 aperiatur
1313 1914 1341 1937 et
1359 1910 1441 1937 detur
1469 1909 1529 1937 tibi.
1553 1909 1581 1937 Si
1608 1910 1691 1944 judex
1721 1909 1834 1944 iniquus

1042 1956 1185 1983 exaudivit
1212 1955 1321 1983 viduam
1343 1955 1503 1988 instantem,
1527 1955 1683 1989 importune
1712 1955 1834 1982 claman-

1044 2006 1100 2029 tem
1128 2005 1156 2029 et
1170 2005 1346 2029 accusantem
1374 2002 1409 2035 “,
1427 2001 1474 2036 qui
1498 2001 1604 2036 iudicat
1628 2001 1723 2028 orbem
1744 2004 1833 2027 terra-

1044 2054 1105 2073 rum
1115 2046 1190 2081 justo
1205 2046 1311 2082 judicio
1325 2046 1347 2062 "'
1363 2046 1507 2082 (quoniam
1520 2046 1627 2082 justum
1645 2050 1689 2074 est
1700 2046 1833 2082 judicium

1045 2098 1134 2124 tuum,
1155 2092 1270 2120 Domine
1285 2092 1318 2128 ”)
1338 2092 1477 2128 quomodo
1500 2100 1556 2120 non
1577 2093 1632 2120 cito
1649 2092 1794 2128 iudicabit,
1811 2093 1834 2120 si

1047 2143 1154 2167 tantum
1181 2139 1296 2172 urseris,
1314 2144 1342 2166 et
1358 2139 1455 2167 sedulo
1472 2139 1663 2175 pctivcris‘“?

1081 2185 1177 2213 Amas.
1193 2185 1284 2213 Gloria
1296 2185 1412 2213 Domino
1437 2193 1510 2218 meo,
1526 2185 1612 2220 gloria
1629 2185 1738 2213 Christo
1761 2193 1833 2219 meo,

1046 2232 1094 2267 qui
1109 2232 1328 2260 misericorditer
1353 2232 1421 2264 vult,
1447 2236 1475 2259 et
1490 2231 1605 2267 judicat,
1623 2236 1651 2259 et
1665 2232 1761 2259 salvat.

197 2278 355 2314 Spectanlia
381 2287 388 2305 :
413 2277 525 2305 luvenio
535 2298 543 2311 ,
581 2277 691 2312 inquit,
720 2277 869 2304 Mannssem
903 2285 994 2312 regem
1011 2279 1034 2307 D
1082 2277 1166 2306 Cano.
1178 2278 1258 2305 Aliud
1272 2278 1403 2313 quiddam
1416 2279 1514 2314 majus,
1526 2283 1554 2305 et
1568 2278 1720 2313 elegantius
1729 2278 1834 2312 accipe.

239 2347 262 2363 ’⁸
279 2348 349 2376 Psal.
374 2355 484 2380 Lxxvru,
504 2347 532 2375 8.
577 2348 623 2364 ⁵⁵⁸⁷
645 2347 713 2374 Dan.
736 2354 776 2378 vi,
793 2347 839 2373 27.

202 2391 280 2416 xviii,
292 2384 325 2410 57
342 2392 418 2418 seqq.
459 2387 481 2400 "
496 2383 566 2410 l'sal.
587 2390 649 2416 xcv,
674 2383 715 2409 15.

880 2347 904 2362 ⁷⁵
920 2347 992 2374 Psal.
1007 2348 1091 2380 L,18.
1119 2348 1143 2364 "
1156 2347 1178 2374 ll
1200 2349 1267 2383 Reg.
1291 2355 1340 2380 xtl,
1360 2348 1403 2376 l5.
1438 2348 1461 2364 °°
1479 2348 1576 2376 Matth.
1596 2355 1642 2381 vu,
1668 2348 1692 2375 'l.

759 2382 782 2397 "
808 2381 878 2409 Psal.
903 2390 995 2415 cxvm,
1019 2383 1080 2410 157.

1732 2349 1752 2364 ⁸⁸
1769 2348 1835 2375 Luc.

951 2439 1090 2470 Scholia.

242 2502 251 2510 ‘
262 2498 394 2535 Quomodo
411 2500 513 2533 penitus
528 2508 579 2527 non
593 2500 680 2527 dolare
695 2504 801 2535 propter
813 2501 929 2527 admissa
941 2501 994 2527 cri-

205 2535 280 2562 mina
297 2533 467 2570 perniciosum
483 2540 531 2565 est,
550 2540 573 2561 et
590 2533 699 2562 extremi
713 2533 849 2569 cujusdam
861 2537 975 2570 stuporis
986 2544 995 2562 :

203 2571 245 2597 ita
263 2569 379 2599 assiduo,
400 2573 423 2594 et
439 2570 549 2595 nimium
567 2570 666 2602 dolere,
691 2572 808 2596 omnibus
820 2576 855 2597 est
876 2569 995 2598 noxium.

203 2604 277 2632 Nam
302 2611 387 2636 angor
403 2607 426 2629 et
450 2605 556 2630 tristitia
587 2613 687 2639 semper
716 2606 804 2633 animo
835 2606 995 2637 inrumbeus,

205 2641 304 2675 sa'pius
324 2642 410 2664 mente
426 2646 441 2664 a
461 2647 509 2665 sua
528 2640 587 2665 sede
610 2641 710 2666 dimota
725 2641 758 2665 ad
773 2641 906 2667 inszmiam
930 2641 997 2668 redi-

205 2683 267 2710 gere
285 2674 429 2705 consuevit,
446 2678 470 2700 et
484 2675 519 2700 ad
532 2675 619 2701 omnia
637 2676 702 2701 bona
719 2676 878 2710 honestat/ue
893 2676 998 2702 inutiles

206 2711 316 2745 emtam.

246 2746 264 2755 ·¹
275 2743 467 2771 'l‘hcodorclus
477 2743 621 2777 episcopus
638 2743 786 2771 [lerat-lore.
803 2744 1000 2772 Misericordia:

210 2779 317 2807 Domini
330 2787 388 2806 cum
405 2778 571 2813 implorasset
586 2778 682 2809 David,
702 2785 724 2805 et
747 2782 871 2807 munduri
897 2782 928 2807 ab
950 2781 1000 2807 ini—

210 2817 321 2849 quitate,
337 2816 391 2841 sive
413 2823 429 2840 a
448 2818 552 2850 peccato
573 2813 724 2850 sitppliritcr
744 2816 878 2848 oruriaacl,
899 2823 944 2850 per
953 2816 999 2850 Ity.

211 2850 336 2884 ρει-ὑαιοη
353 2848 451 2883 infert,
462 2848 510 2875 tUt
532 2849 734 2884 justiﬁcgrisrin
750 2848 911 2876 sermonibus
928 2848 1000 2878 tuis:

210 2883 235 2910 et
265 2885 354 2911 vincas
388 2892 447 2911 cum
469 2884 600 2918 judicaris
623 2883 709 2916 (Psal.
723 2892 748 2914 1.,
763 2886 817 2914 6).»
847 2887 910 2911 (.‘um
931 2886 999 2912 enim

212 2919 283 2945 Dcus
309 2919 489 2955 penitentiam
504 2918 712 2946 convertcttttbus
729 2927 755 2945 se
777 2920 802 2946 iu
825 2922 1000 2947 remissionem

1044 2506 1211 2537 peccatorum
1237 2505 1320 2528 vertat
1345 2501 1422 2536 (sicut
1440 2506 1463 2527 et
1482 2501 1638 2536 juramenlo
1662 2501 1838 2535 conﬁrmauit,

1049 2547 1058 2562 ι
1069 2536 1145 2564 Nolle
1156 2544 1183 2563 se
1200 2542 1310 2563 mortem
1324 2537 1532 2571 peccatoris,scd
1545 2536 1628 2570 magis
1637 2541 1839 2564 utconveitutur

1047 2576 1071 2599 et
1086 2573 1155 2598 vivat
1170 2571 1276 2606 (Ezech.
1291 2579 1368 2602 xvtu,
1381 2571 1425 2605 5‘2)
1440 2581 1448 2596 ι
1462 2571 1676 2606 perspicuevcrba
1688 2571 1736 2597 illa
1751 2573 1838 2600 attulit

1048 2607 1082 2633 ad
1096 2606 1272 2641 probandum,
1296 2606 1373 2641 quasi
1397 2607 1493 2632 diceret
1519 2616 1528 2633 :
1555 2606 1585 2633 Si
1617 2607 1679 2632 mihi
1707 2607 1840 2639 prruitcnti

1048 2640 1189 2676 igttott'erls,
1211 2646 1234 2667 ct
1254 2640 1375 2668 (onrcrw
1391 2642 1519 2676 propitius
1534 2641 1796 2675 [ueria,justiﬁcutus
1814 2651 1839 2670 es

1048 2678 1076 2703 in
1090 2676 1253 2702 sernwnibus
1276 2677 1338 2706 tuis.
1357 2681 1380 2702 et
1396 2684 1470 2702 rarus
1493 2678 1520 2703 in
1546 2676 1760 2712 promissionibus
1789 2678 1839 2704 luis

1050 2718 1167 2746 tempore
1185 2711 1363 2737 retributione
1388 2712 1542 2739 ostenderis.
1566 2711 1606 2737 Me
1634 2712 1702 2737 enim
1732 2717 1840 2746 propter

1049 2747 1230 2781 pauitantia";
1248 2747 1455 2773 ntiseticordium
1472 2751 1637 2773 ronsctutum
1655 2754 1713 2772 cum
1734 2748 1761 2772 in
1786 2755 1839 2773 me-

1049 2786 1122 2808 dium
1143 2782 1308 2816 produxeris,
1325 2782 1417 2808 merio
1429 2782 1560 2816 jtulit‘abis
1583 2789 1634 2812 eos,
1654 2781 1697 2815 qui
1713 2782 1840 2814 pa’nitcn-

1049 2817 1115 2842 tium
1134 2824 1185 2842 non
1206 2820 1323 2850 egerunt,
1340 2817 1384 2843 ml
1404 2824 1487 2852 usque
1503 2817 1537 2843 ull
1553 2817 1651 2842 exitum
1671 2816 1729 2842 vita:
1745 2824 1839 2850 pecca-

1050 2853 1083 2877 tis
1095 2851 1268 2877 inltaaseruul.

1126 2886 1268 2922 Chrysost.
1284 2885 1510 2913 Perseverandum
1520 2894 1539 2912 c.
1549 2892 1557 2912 t
1567 2887 1592 2912 in
1602 2887 1712 2914 assiduis
1722 2887 1839 2922 precibus

1049 2925 1072 2947 et
1087 2921 1192 2956 vigiliis,
1208 2922 1245 2947 sic
1259 2922 1328 2949 enim
1344 2922 1511 2950 claudimur.
1529 2922 1649 2949 Primum
1673 2921 1777 2958 quidem
1806 2929 1839 2950 ex
