2034 3153
212 215 263 250 751

827 209 999 241 PlllLIPPI
1018 208 1212 239 SOLITARII

1786 208 1834 238 752

212 281 266 307 quo
282 276 310 299 et
330 271 458 305 majorem
476 267 588 295 omnino
607 265 729 293 laetitiam
755 265 877 296 haurias,
902 265 1001 292 doeea-
1018 270 1038 295 Α
1056 264 1129 296 tatis,
1146 267 1175 290 ιιι
1192 263 1259 294 dixi,
1292 261 1338 289 sed
1354 261 1508 289 affectionis
1533 260 1664 288 ferventis
1685 268 1711 288 et
1731 261 1838 296 alacris,

211 320 321 354 risque,
341 322 368 344 et
388 316 414 344 in
431 315 549 351 puritate
563 312 735 340 conﬁrmeris
751 320 757 338 :
775 319 856 346 quam
871 311 906 338 ob
933 319 1000 338 catt-

211 373 268 392 sam
282 369 422 390 sermones
445 361 525 388 utiles
541 358 638 386 audire
653 357 773 385 voluisti.
791 357 905 390 Quando
925 357 999 383 enim

211 411 297 438 verbo
312 414 338 436 et
356 407 471 442 imperio
490 406 628 432 deﬁnimus
640 403 768 438 eiiciebat
783 410 797 430 a
820 402 999 434 daemoniaco,

211 456 342 492 rogabant
364 454 402 480 illi
424 451 569 479 Dominum
588 450 775 485 impudenter,
791 457 825 476 ne
850 450 878 475 in
889 448 1000 476 crucia-

212 509 268 530 tum
281 501 478 529 mitterentur:
497 497 543 525 sed
560 498 587 524 in
603 504 703 532 porcos
727 496 855 528 maxime,
870 495 917 530 qui
936 499 1001 521 tunc

211 547 407 584 pascebantur,
432 544 537 578 ingredi
561 542 736 577 juberentur.
765 542 800 568 Et
822 540 1001 568 obtinuerunt

211 594 284 629 quod
300 591 506 622 desiderabant,
524 589 714 625 processitque
730 587 880 622 negotium,
896 591 924 614 et
936 586 1000 614 hinc

210 642 236 668 in
252 648 284 667 ea
306 639 428 674 regione,
445 644 563 672 quorum
580 640 659 663 erant
673 634 748 669 porci
766 634 793 660 in
818 641 893 660 mare
923 640 1001 660 sum-

210 686 304 718 mersi,
326 685 492 712 detritnento
517 686 582 709 sunt.
607 681 745 708 allecti“.
763 680 833 707 Num
855 679 938 714 igitur
956 678 1001 705 ille

210 741 266 760 non
286 729 483 767 prmcognovit,
513 728 559 763 qui
585 726 730 762 praenoscit
754 725 856 756 omnia.
887 732 1001 759 scopum

210 787 270 807 esse
284 779 451 808 dtemonum,
471 779 500 802 ut
516 781 614 810 porcos
633 771 868 807 summergerent?
893 771 1001 798 Nihilo-

211 825 302 851 minus
319 823 360 850 eis
377 825 469 856 optata
484 818 621 847 concessit
635 827 641 843 :
661 817 708 852 qui
724 816 933 852 appellabantur
962 815 1002 842 le-

211 870 266 905 gio,
285 869 336 895 hoc
355 871 407 898 est,
435 866 531 899 ingens
545 863 701 890 multitudo.
721 863 807 890 Tuam
824 867 914 889 autem
930 861 1001 896 peti.

213 917 328 947 tionem,
354 913 398 940 cui
428 910 567 947 proposita
597 914 640 937 est
664 908 769 936 utilitas
798 913 854 940 tua,
883 916 918 934 an
945 914 1000 934 non

213 959 407 995 multomagis,
429 963 456 986 et
479 956 689 984 benevolentius
708 954 848 991 (gaudium
868 953 942 981 enim
960 957 1002 980 est
1019 939 1038 968 Β

213 1009 240 1036 in
256 1007 336 1038 c0310,
355 1009 386 1033 ut
396 1004 531 1039 scriptum
545 1006 598 1035 est,
613 1010 697 1037 super
709 1009 765 1028 uno
780 1005 923 1036 peccatore
945 1006 1003 1034 po:-

212 1052 356 1081 nitentiam
371 1055 469 1086 agente
483 1050 517 1086 3’)
532 1049 674 1084 suscipiet,
692 1052 720 1075 et
735 1047 831 1082 procul
850 1046 939 1073 adhuc
952 1045 1000 1072 tibi

211 1104 342 1134 paternas
354 1098 434 1125 ulnas
450 1096 483 1123 ad
500 1095 673 1130 complexum
695 1092 847 1128 expandet?
861 1091 931 1119 Sane
945 1098 1003 1118 ma-

209 1146 251 1181 gis
266 1151 291 1173 te
314 1143 440 1179 accipiet,
458 1142 543 1177 magis
562 1140 697 1172 admittet,
724 1138 772 1173 qui
796 1142 883 1165 totum
907 1138 1001 1165 orbem

208 1191 313 1227 judicio
331 1190 493 1224 incorrupto
514 1187 630 1224 iudicat.
660 1186 770 1220 Alioqui
796 1185 901 1220 iustitia
927 1189 1002 1212 tanta

210 1238 319 1266 Domini
336 1237 382 1264 ubi
410 1235 531 1267 tandem,
546 1238 575 1261 et
596 1232 706 1268 quando
727 1231 880 1267 apparebit,
897 1230 920 1258 si
947 1238 1002 1257 non

211 1288 277 1310 tunc
290 1281 451 1317 apparebit?
469 1280 502 1306 Et
519 1279 542 1306 si
559 1278 622 1313 quis
639 1277 731 1304 audiat
745 1276 882 1302 daemonas
896 1275 1003 1302 auditos

210 1329 307 1361 fuisse,
331 1335 381 1355 nos
393 1334 459 1354 vero
474 1333 529 1353 non
545 1323 646 1357 audiri,
661 1322 762 1358 judieis
780 1322 936 1356 aequitatem
953 1321 1001 1348 de-

212 1372 355 1402 siderabit.
382 1372 417 1399 Et
440 1371 578 1398 insontem
606 1367 745 1403 quomodo
769 1372 876 1394 sontem
901 1366 1003 1393 facies?

210 1420 348 1453 Quocirca
364 1418 466 1445 iterum
483 1416 624 1446 misertus,
650 1418 678 1440 ut
699 1413 866 1444 misericors,
893 1412 1003 1447 petitio.

210 1473 274 1492 nem
291 1469 439 1499 uttequam
454 1461 613 1489 humaniter
630 1459 764 1495 implebit.
790 1458 818 1486 Si
841 1462 931 1486 tamen
958 1458 1001 1485 in-

211 1511 351 1542 ﬂexibilis,
369 1513 397 1536 et
415 1509 523 1543 ignava,
544 1511 572 1534 et
590 1505 714 1538 remissa,
730 1509 758 1532 et
770 1504 871 1540 segnis,
895 1508 922 1530 et
939 1511 999 1530 ace-

212 1558 255 1584 dia
271 1557 350 1591 plena
367 1563 421 1581 non
439 1553 521 1588 petis,
538 1561 592 1580 non
609 1551 720 1587 quaeris,
740 1558 794 1578 non
817 1551 919 1585 pulsas,
946 1557 1002 1577 non

212 1602 302 1634 audis,
324 1602 463 1636 quomodo
486 1600 569 1635 janua
593 1598 699 1633 aperiet
723 1597 772 1624 tibi
795 1597 1002 1624 miserationum
1016 1610 1037 1641 ρ

209 1647 340 1684 januam?
365 1650 413 1673 aut
437 1645 576 1681 quomodo
601 1644 725 1672 invenies
743 1643 816 1678 quod
844 1642 1003 1670 desideras?

213 1693 353 1730 quomodo
371 1692 491 1727 accipies
506 1691 578 1727 quod
595 1690 719 1726 appetis?
733 1690 793 1717 Non
807 1689 897 1717 lavisti
911 1689 1001 1725 laery—

213 1741 266 1768 mis
279 1740 371 1776 pedes
392 1739 552 1770 Salvatoris,
575 1743 603 1765 et
622 1736 761 1772 quomodo
778 1735 1001 1763 amabilissimum

211 1795 308 1814 vocem
333 1787 407 1814 illam
435 1784 547 1817 audies,
572 1793 581 1810 ε
604 1783 793 1811 Remittuntur
814 1782 862 1810 tibi
888 1787 1001 1816 peccata

214 1839 259 1861 tua
267 1834 310 1860 “‘3
322 1842 330 1859 ι
345 1836 393 1860 aut
404 1831 541 1867 quomodo
552 1830 648 1858 sordes
664 1833 838 1865 peccatorum
855 1828 968 1856 clues"?

249 1880 342 1906 Dicam
366 1878 470 1913 paucis,
491 1877 605 1904 invitam
621 1880 647 1903 te
661 1870 767 1902 salvare
795 1882 850 1902 non
866 1874 935 1907 vult,
950 1881 1003 1901 nec

212 1933 260 1952 stta
279 1925 312 1952 ad
336 1925 389 1952 hoc
408 1923 448 1951 uti
466 1923 601 1958 potentia.
620 1921 676 1949 Nec
690 1920 765 1948 enim
785 1919 946 1956 mysterium
960 1927 1004 1947 sa-

211 1970 278 1998 lutis
294 1973 392 1996 nostra;
406 1968 536 1996 violentia
561 1971 589 1995 et
611 1971 709 1994 coactu
732 1966 882 2001 peragitur.
899 1965 1004 1993 Volun-

213 2021 295 2043 tatem
321 2015 390 2042 vult.
409 2014 504 2041 Nescit
516 2013 608 2040 virtus
631 2011 784 2039 dominum.
802 2011 880 2044 Quod
910 2015 1001 2038 autetn

215 2061 361 2092 violenter,
378 2064 426 2086 aut
442 2060 584 2086 voluntate
605 2057 746 2093 tyrannica
756 2057 799 2089 ﬁt,
814 2063 870 2083 non
885 2060 938 2089 est,
952 2063 1004 2083 nec

213 2107 316 2134 dicitur
335 2105 444 2140 proprie
460 2104 558 2131 virtus.
570 2103 654 2136 Quod
673 2107 770 2130 natura
786 2102 931 2129 honestum
947 2106 999 2134 est,

212 2150 402 2178 voluntarium
420 2153 472 2180 est,
485 2152 515 2175 et
529 2147 649 2179 arbitrii,
664 2155 722 2174 non
744 2151 864 2173 externa:
878 2146 999 2174 necessi-

263 2219 287 2234 “
317 2218 401 2245 Marc.
432 2225 458 2250 v,
475 2217 501 2243 7.
535 2215 557 2232 ⁸⁵
575 2216 642 2243 Luc.
658 2223 702 2242 xv.
716 2215 742 2242 7.
785 2215 809 2231 ⁸⁸
824 2215 919 2243 Matth.
938 2224 973 2249 ιχ,
989 2216 1016 2243 2.

1052 318 1105 344 qua
1122 310 1184 345 quis
1199 313 1287 336 semet
1315 308 1442 335 mandata
1467 316 1577 335 servare
1605 307 1690 342 cogit.
1714 307 1792 340 Quod
1817 310 1838 336 si

1051 355 1141 382 solutn
1159 354 1349 389 compunctio,
1379 359 1406 380 ct
1429 354 1558 380 contritio
1583 354 1676 381 cordis
1707 355 1838 382 voluntati

1053 401 1169 427 maxime
1193 399 1277 427 alacri
1293 404 1448 430 succurrat,
1475 403 1504 426 et
1530 399 1666 433 lacrymze,
1697 399 1779 434 idque
1807 408 1838 427 ex

1054 445 1136 473 corde
1152 453 1256 478 amaro,
1281 453 1314 472 ex
1341 444 1447 472 fervore
1470 450 1498 472 et
1513 445 1678 477 humilitate,
1690 445 1723 472 ad
1735 446 1839 474 vincula

1051 494 1192 526 solvenda,
1210 499 1238 521 et
1254 493 1443 521 remissionem
1459 501 1541 528 quam
1554 494 1687 529 consequi
1701 494 1840 522 desideras

1052 539 1152 567 suilieit

1088 586 1147 613 Non
1163 586 1270 621 indiges
1285 591 1408 621 sumptu,
1427 594 1481 614 non
1504 587 1610 620 labore,
1626 595 1677 615 nec
1700 588 1755 615 alio
1772 596 1839 623 quo-

1052 632 1135 667 piam,
1154 633 1226 660 unde
1250 633 1299 660 tibi
1320 641 1368 667 per
1388 633 1588 666 continentem,
1611 642 1661 669 per
1678 642 1765 666 mare,
1795 642 1840 669 per

1052 678 1111 705 vias
1126 677 1252 706 diﬂieilcs
1273 679 1426 713 periculum
1442 679 1564 714 aliquod,
1588 684 1636 706 aut
1652 680 1778 708 molestia
1793 688 1839 715 pa-

1054 723 1149 751 riatur.
1172 723 1226 750 Sed
1245 724 1272 751 in
1285 724 1387 756 anima,
1403 724 1431 752 in
1451 725 1551 752 tabulis
1564 725 1656 753 cordis
1677 726 1839 761 inscriptum

1053 770 1136 805 geris,
1160 770 1234 804 quod
1264 774 1291 797 te
1319 771 1457 798 volentem
1476 771 1551 798 nullo
1570 772 1681 806 negotio
1696 771 1839 798 meliorum

1053 816 1218 843 admoneat:
1235 816 1257 843 si
1282 817 1364 844 modo
1386 817 1468 844 etiam
1487 817 1556 845 lides
1571 818 1644 845 haud
1660 819 1743 846 dubia
1766 819 1841 846 insit.

1053 862 1120 889 Cum
1143 867 1170 888 tu
1196 864 1385 898 purgationem
1409 864 1555 897 obtuleris,
1586 869 1707 900 paratam
1733 873 1841 900 quoque

1054 910 1245 937 remissionem
1269 911 1382 945 accipis,
1399 916 1429 938 ut
1445 911 1512 938 dixi.
1535 911 1612 944 Quod
1632 911 1654 938 si
1681 917 1709 938 tu
1733 911 1760 938 in
1784 912 1843 938 aliis

1053 954 1217 989 quibusdam
1242 956 1435 983 excusationes
1455 963 1596 990 ,excusas,
1620 957 1793 990 plurimaque
1816 961 1842 982 et

1053 1001 1172 1033 diversa,
1189 1007 1216 1029 et
1231 1010 1302 1036 saepe
1319 1002 1477 1037 przetendis,
1496 1002 1524 1029 in
1544 1003 1588 1030 his
1604 1003 1676 1038 quod
1690 1003 1843 1038 prmtendus

1053 1047 1126 1074 ltaud
1141 1047 1275 1080 invenies,
1292 1056 1354 1075 cum
1371 1047 1506 1082 prietendi
1521 1048 1590 1075 nihil
1601 1048 1697 1083 possit.
1712 1049 1735 1075 A
1750 1048 1843 1074 multis

1052 1093 1234 1129 prudentibus
1267 1101 1457 1128 sa‘penumero
1496 1094 1601 1127 audivi,
1631 1101 1683 1121 nec
1707 1094 1841 1129 jejunium

1052 1139 1296 1173 frequentandum,
1311 1147 1361 1166 nec
1378 1139 1485 1174 vigilias
1498 1139 1627 1174 amplius,
1644 1146 1694 1166 nec
1709 1139 1786 1166 humi
1797 1147 1842 1166 cu-

1052 1184 1186 1212 bandum.
1205 1184 1277 1212 Nihil
1297 1186 1398 1220 quippe
1412 1186 1511 1213 horum
1531 1190 1635 1213 tantum
1650 1193 1732 1221 posse
1747 1185 1780 1212 ad
1799 1193 1841 1212 sa-

1053 1231 1150 1264 lutem,
1181 1236 1314 1266 quantum
1341 1232 1419 1264 illud,
1449 1233 1523 1267 quod
1551 1233 1638 1268 magis
1663 1232 1842 1260 celebratur:

1057 1287 1065 1303 t
1084 1277 1251 1304 Humiliatus
1262 1285 1333 1311 sum,
1352 1278 1451 1312 inquit,
1469 1283 1496 1306 et
1509 1278 1638 1306 liberavit
1652 1286 1695 1305 me
1709 1280 1739 1289 "'
1751 1279 1786 1305 ⁸⁷.

1087 1323 1165 1350 Sicut
1184 1324 1349 1358 publicanus
1364 1323 1520 1351 humilitate
1535 1324 1627 1352 cordis
1642 1325 1763 1352 salvatus
1790 1331 1841 1357 est,

1054 1380 1107 1399 non
1131 1373 1194 1407 quia
1230 1373 1372 1400 laboribus
1405 1373 1532 1401 asceticis
1556 1380 1584 1400 se
1611 1372 1772 1405 delassavit,
1793 1380 1843 1400 nec

1054 1418 1117 1452 quia
1148 1419 1288 1446 insudavit
1317 1419 1548 1454 occupationibus
1565 1419 1756 1453 spiritualibus
1771 1427 1777 1445 :
1795 1418 1841 1445 sed

1054 1464 1117 1498 quia
1133 1464 1295 1492 humiliatus
1309 1470 1361 1497 est,
1380 1465 1544 1497 humilitate,
1561 1473 1642 1500 quam
1657 1465 1804 1500 perfectam
1815 1469 1842 1492 et

1053 1510 1184 1544 optimam
1201 1519 1234 1538 ex
1253 1519 1374 1546 superna
1398 1511 1486 1546 gratia
1507 1511 1622 1539 sortitus
1635 1515 1688 1538 est.

1351 1578 1463 1606 CAPUT
1479 1579 1548 1606 XIV.

1162 1634 1308 1670 Descriptio
1333 1635 1489 1662 humilitatis
1508 1643 1539 1662 ex
1555 1635 1649 1671 c/fectis
1669 1637 1737 1670 ejus.

1093 1692 1165 1726 Quid
1191 1697 1283 1720 autem
1303 1692 1338 1720 sit
1359 1692 1512 1725 humilitas,
1542 1692 1664 1720 breviter
1688 1701 1763 1720 nunc
1794 1693 1841 1721 tibi

1058 1739 1215 1767 declarabo.
1234 1739 1263 1767 Si
1277 1739 1408 1770 senseris,
1425 1745 1451 1766 et
1466 1739 1568 1766 dixeris
1585 1744 1611 1766 te
1635 1740 1758 1767 omnium
1780 1740 1844 1767 ulti-

1056 1792 1128 1812 mam
1143 1793 1150 1812 :
1166 1788 1192 1812 te
1203 1785 1342 1819 peccando
1359 1784 1457 1811 vicisse
1468 1791 1574 1815 omnes,
1589 1789 1617 1811 et
1633 1791 1714 1811 omne
1737 1784 1842 1812 [acinus

1055 1831 1203 1862 nefarium.
1222 1835 1250 1858 et
1272 1838 1354 1858 omne
1374 1838 1461 1866 genus
1480 1831 1601 1863 sceleris,
1630 1831 1652 1858 si
1679 1831 1742 1866 quis
1774 1832 1842 1859 alius

1055 1875 1148 1908 homo,
1172 1875 1252 1902 novis
1266 1875 1356 1902 modis
1371 1881 1554 1910 perpetrasse.
1571 1876 1598 1903 Si
1614 1876 1679 1911 quid
1695 1876 1842 1911 aliquando

1052 1920 1214 1956 deliqueris,
1239 1920 1266 1948 id
1287 1926 1366 1949 tuum
1388 1921 1600 1949 existimaveris.
1625 1921 1653 1949 Si
1675 1922 1741 1957 quid
1769 1927 1841 1950 recte

1053 1964 1162 1998 feceris,
1179 1965 1205 1992 id
1236 1965 1287 1992 Dei
1314 1966 1408 2000 gratiae
1441 1965 1624 2000 ascripseris:
1651 1966 1673 1992 si
1705 1968 1840 1994 neminem

1052 2011 1154 2044 oderis,
1176 2011 1314 2039 neminem
1329 2012 1467 2043 amiseris,
1486 2012 1622 2039 neminem
1637 2012 1840 2040 scandalizave-

1054 2058 1103 2085 ris.
1129 2067 1137 2083 ι
1153 2057 1205 2091 Qui
1222 2058 1458 2092 _scandalizaverit
1483 2066 1568 2085 unutn
1586 2058 1620 2086 de
1642 2059 1748 2094 pusillis
1771 2059 1839 2091 istis,

1055 2103 1168 2137 expedit
1188 2103 1225 2136 ei,
1243 2107 1273 2130 ut
1284 2105 1468 2139 suspendantur
1490 2104 1562 2131 mola
1585 2105 1705 2132 asinaria
1723 2105 1751 2132 in
1771 2105 1840 2133 collo

1055 2150 1126 2185 ejus,
1139 2154 1167 2176 et
1178 2149 1353 2185 demergatur
1367 2150 1393 2177 in
1410 2150 1548 2186 profundo
1565 2151 1648 2179 maris
1660 2151 1702 2178 '7‘.
1721 2161 1731 2178 ›

1060 2217 1081 2233 ⁸⁷
1097 2218 1167 2246 Psul.
1187 2226 1259 2252 cxtv,
1279 2219 1306 2246 6.
1335 2219 1370 2235 ⁸⁷⁸
1387 2219 1480 2247 Matth.
1496 2220 1602 2253 xvnt,(i.

953 2275 1092 2307 Scholia.

211 2352 240 2371 eo
256 2342 323 2380 quod
345 2341 419 2380 digiti
433 2348 535 2380 sumus,
551 2340 596 2372 qui
613 2339 791 2380 impetremus.
804 2338 923 2380 Peinde’;
937 2339 999 2380 quia
1014 2340 1040 2370 D
1054 2341 1232 2380 manifestum
1240 2343 1416 2380 est‘omnibus.
1430 2342 1581 2380 tRVegnum
1593 2343 1718 2371 cwlarum
1728 2345 1780 2372 vim
1794 2353 1840 2380 pa.

208 2373 352 2407 secundum
368 2373 449 2412 l'cgem
466 2385 482 2403 a
501 2375 554 2402 Deo
568 2375 754 2412 praescriptam
768 2374 888 2412 petimus.
900 2373 1000 2412 _Tc_rtio,

210 2415 273 2450 quia
287 2415 343 2440 sine
358 2409 700 2450 intermissione.'Quu‘rto,
710 2410 772 2444 quia
788 2409 852 2450 nihil
870 2409 904 2450 uti
919 2409 1000 2449 vitam

208 2443 288 2477 istam
320 2453 442 2483 spectans
473 2446 596 2483 petimus.
616 2443 729 2483 Quinto,
749 2444 999 2483 quiq_condu_ccptia

209 2485 310 2512 orando
327 2478 481 2518 oua-rimus:
502 2480 583 2518 Quod
595 2480 644 2507 nisi
659 2481 707 2506 has
731 2478 891 2518 tunditiones
906 2478 1000 2518 habeat

208 2521 305 2552 oratio,
324 2513 471 2549 tiudicmus,
490 2516 609 2546 «Petilia,
626 2519 649 2541 et
665 2523 716 2542 non
735 2515 863 2552 accipitis,
882 2522 911 2540 eo
931 2513 1000 2549 quod

209 2555 279 2590 male
293 2550 389 2590 petatis
403 2552 470 2590 (1356.
484 2552 590 2590 vt,_5),i
609 2554 633 2576 et
642 2558 725 2590 supra
737 2558 817 2590 quam
829 2550 909 2576 decet.

244 2583 491 2624 'Clirysostfb'um
512 2583 581 2624 Deus
603 2583 691 2612 oculos
707 2583 896 2624 nobis_tantt_tm
909 2583 1001 2624 «cluvi-

207 2618 447 2658 dcndum'largitus
464 2627 502 2649 est
514 2622 527 2648 ἓν
543 2621 619 2648 Hunc
632 2629 709 2658 usum
723 2625 750 2658 et
760 2620 805 2658 __in
817 2618 996 2658 animantibus

207 2664 310 2687 ratione
323 2653 471 2686 care-ritibus
486 2658 624 2684 cernimus.
642 2656 688 2687 Et,
706 2656 728 2682 si
748 2655 887 2690 diligenter
907 2653 997 2688 explo-

199 2695 260 2727 'res,
273 2695 394 2731 quwtlant
409 2693 486 2720 bruta
498 2692 570 2731 nobis
584 2691 687 2731 acutius
700 2691 800 2731 vitiant,
813 2690 867 2717 Tibi
875 2697 934 2731 vero
943 2696 995 2715 non

206 2723 293 2757 solum
309 2730 343 2756 ad
353 2730 446 2758 visum,
457 2727 502 2754 sed
519 2728 600 2754 etiam
618 2726 652 2752 ad
667 2726 847 2760 ptrnitenliam
860 2723 929 2751 oculi
943 2731 998 2750 ser-

206 2768 290 2793 viunt.
307 2765 446 2792 Commove
461 2763 641 2797 lacrymarttm
653 2761 759 2795 fontem.
770 2760 997 2797 rHabesqpute‘ttm;

208 2809 238 2826 rx
254 2803 306 2827 imo
321 2801 415 2832 cordis,
441 2793 612 2834 proportione
632 2793 775 2831 perpetrati
793 2793 909 2822 criminis
929 2793 998 2820 hau—

207 2837 262 2862 rius
276 2836 342 2861 licet.

246 2873 265 2879 “
280 2869 403 2896 Basilius.
426 2868 489 2900 Qum
514 2867 678 2898 necessitate,
700 2870 745 2892 aut
763 2867 786 2892 vi
812 2867 902 2901 aliqua
918 2866 997 2900 ﬁunt,

209 2906 280 2939 apud
305 2904 386 2930 [trum
404 2912 450 2938 pro
467 2903 560 2929 virtute
578 2910 628 2939 non
652 2906 818 2939 rrputuntur.
842 2901 998 2939 Quempiam

209 2937 296 2967 uitium
324 2937 414 2974 sponte
443 2946 470 2964 se
488 2939 521 2964 ad
543 2937 669 2963 mandata
685 2938 815 2963 seri-unda
833 2937 998 2971 contoellcre,

1049 2379 1125 2414 titur,
1140 2381 1164 2403 ct
1180 2377 1285 2414 violenti
1301 2379 1409 2414 rapiunt
1427 2377 1507 2405 illud:
1523 2379 1628 2414 (Matth.
1643 2387 1680 2411 XI,
1699 2380 1743 2414 Η)
1757 2390 1766 2405 ι

1083 2412 1224 2447 Chrysost.
1248 2412 1383 2449 Medicina:
1409 2412 1532 2448 corporis
1551 2415 1696 2449 peregrina:
1716 2412 1788 2448 sunt,
1814 2421 1838 2443 et

1049 2452 1208 2486 extranece:
1226 2448 1323 2473 animo:
1348 2452 1437 2474 autent
1463 2448 1653 2486 medicamenta
1668 2458 1700 2476 ea:
1716 2451 1838 2486 ipsumet.

1048 2487 1073 2510 et
1091 2483 1204 2517 propriis
1224 2487 1328 2508 παίω-ιε
1343 2485 1526 2517 pra‘rogativis
1546 2485 1681 2512 habemus.

1083 2518 1234 2554 Sciendum,
1259 2525 1306 2543 nos
1330 2518 1438 2552 ferventi
1460 2523 1483 2545 et
1502 2520 1671 2554 inﬂammata
1690 2521 1792 2552 anima,
1814 2526 1837 2548 et

1049 2552 1153 2580 ardenti
1166 2553 1228 2584 ﬁde,
1245 2557 1273 2578 ut
1287 2554 1448 2580 meretricem
1466 2552 1552 2584 illurn.
1570 2555 1604 2580 ad
1616 2553 1750 2581 Christum
1764 2565 1836 2583 occe-

1049 2590 1110 2615 dere
1123 2593 1252 2625 oportere,
1268 2593 1291 2613 et
1303 2592 1470 2625 peccatorum
1484 2590 1661 2616 remissionem
1671 2591 1804 2625 ﬂagitare.

1085 2622 1280 2660 “'_Cliptacus.
1299 2621 1327 2648 Si
1341 2623 1436 2660 iit/lata
1451 2625 1482 2650 de
1496 2633 1524 2651 se
1544 2625 1632 2659 opinio
1655 2621 1783 2660 quosdam
1808 2634 1838 2652 ex

1051 2657 1152 2692 angelis
1166 2657 1297 2683 dit-mones
1308 2658 1377 2692 fecit,
1394 2658 1472 2692 plane
1485 2657 1622 2687 humilitas
1633 2657 1666 2686 ei
1677 2660 1837 2687 daemonibus

1051 2693 1158 2730 angelos
1192 2692 1278 2730 facere
1302 2697 1408 2730 potest;
1423 2699 1592 2728 quamobrem
1617 2696 1662 2730 qui
1688 2697 1836 2725 cecidimus,

1050 2728 1116 2764 bono
1131 2728 1211 2754 simus
1223 2728 1321 2754 animo.
1340 2727 1369 2754 Si
1389 2727 1530 2761 Cherubin,
1548 2730 1578 2756 ob
1592 2727 1677 2757 solum
1691 2731 1837 2764 superbiant

1050 2763 1113 2800 coelo
1136 2764 1236 2789 extrusi
1250 2767 1321 2794 sunt,
1339 2764 1488 2800 t-itltmdum.
1514 2773 1546 2791 ne
1564 2765 1631 2800 forte
1647 2763 1727 2791 etiarn
1743 2766 1838 2800 absque

1050 2798 1105 2824 alia
1121 2799 1226 2830 virtute,
1251 2802 1276 2824 et
1298 2806 1329 2825 ea:
1350 2799 1407 2825 salu
1424 2798 1576 2826 humilitate
1587 2801 1613 2827 in
1634 2801 1726 2826 cwlum
1749 2798 1836 2827 ascen-

1049 2833 1110 2859 tlcrc
1128 2833 1319 2870 Iicqgt_._Dolor
1341 2834 1434 2868 quippe
1447 2836 1530 2861 cordis
1546 2839 1570 2860 et
1586 2835 1669 2862 animi
1692 2844 1747 2870 pra'
1768 2836 1837 2861 omni

1050 2868 1181 2905 (ovporuli
1196 2868 1284 2905 labore
1303 2870 1368 2895 satis
1384 2873 1431 2898 est,
1446 2879 1454 2894 ε
1471 2872 1595 2903 quoniam
1612 2868 1742 2905 prope'cst
1768 2871 1836 2896 Deus

1050 2904 1092 2940 Itis,
1104 2903 1148 2937 qui
1163 2903 1288 2940 tribuluto
1303 2910 1362 2930 sunt
1377 2905 1462 2933 Cortle,
1490 2910 1512 2931 ct
1531 2905 1641 2932 humiles
1659 2903 1753 2940 Spiritu
1780 2906 1834 2932 sul-

1052 2939 1190 2964 rabuntur.
1205 2938 1290 2974 (l‘sal.
1304 2947 1397 2973 .vvxm,
1421 2940 1472 2974 lit).
1490 2949 1498 2965 ι
