2034 3153
201 231 253 261 7.33

919 228 1099 258 DlOPTRA.

1781 228 1831 259 ται

235 286 263 314 Si
287 285 425 312 neminem
451 283 582 316 irriseris,
604 283 744 311 neminem
762 283 926 317 turbaveris,
945 293 991 312 ne-
1005 287 1027 314 Α
1044 288 1074 310 ut
1090 283 1263 320 labyrinthus
1280 294 1286 312 :
1302 284 1413 320 insuper
1429 285 1498 313 nihil
1517 285 1599 313 rebus
1623 286 1656 313 ad
1683 293 1783 320 corpus
1802 291 1830 313 ct

205 331 306 358 minem
319 330 497 366 iudicaveris,
522 329 629 364 injurize
644 337 699 356 non
718 329 876 357 memineris
889 331 908 356 '.

236 378 264 404 Si
279 377 415 404 nemiuem
431 383 479 411 per
494 376 660 403 calumniam
681 375 738 402 ullo
749 375 829 402 modo
841 376 989 403 accusaris.

203 422 231 451 Si
248 423 407 457 neutiquam
432 423 466 450 de
485 423 539 450 alio
553 422 718 453 detraxeris.
733 422 838 449 nullum
861 422 925 449 odio
943 422 991 449 ha-

204 470 307 497 bueris.
325 469 353 497 Si
368 470 427 496 haec
444 469 495 496 rite
510 469 681 503 praestiteris,
697 468 838 503 acquisisti
853 468 992 495 humilita-

204 521 278 543 tem:
294 515 438 549 acquisisti
461 514 590 546 salutem,
618 513 690 541 haud
706 514 789 542 dubie
814 514 873 542 sine
889 514 993 542 labori-

203 561 266 593 bus,
282 561 342 588 sine
354 568 488 592 erumna,
511 560 570 588 sine
592 559 769 592 fossionibus,
793 559 850 587 sola
873 559 907 587 ad
934 559 992 587 haec

203 606 344 633 voluntate
357 605 508 633 sulliciente

238 650 318 684 Quod
337 650 359 677 si
374 654 402 678 et
427 650 547 684 linguam
564 649 703 684 loquendo
717 657 779 684 quae
803 649 991 677 decentexer-

202 696 305 727 cueris,
319 696 388 723 scito
401 701 427 723 te
441 700 526 722 totum
543 695 706 730 Decalogum
717 695 803 730 probe
820 695 991 723 observasse.

205 742 233 769 Si
257 741 319 777 quis
340 746 431 769 autem
451 749 481 769 se
506 741 705 773 humiliaverit,
732 740 937 776 piaculumque.
964 744 993 767 et

202 788 415 819 exsecrabilem.
429 791 458 815 et
478 787 630 815 ludibrium
650 786 793 814 hominum
809 786 930 818 duxerit,
944 785 992 821 qui

205 835 316 862 tandem
337 835 452 862 verbum
486 835 599 870 aliquod
627 835 735 867 inutile,
762 838 810 862 aut
834 835 991 870 profanum,

204 885 253 907 aut
282 880 375 912 inane,
405 885 454 907 aut
476 879 626 915 gloriosum
655 879 825 914 profuderit?
847 879 991 913 Nunquam

206 926 281 953 enim
295 933 378 961 super
395 925 567 954 contribules
584 933 614 954 se
626 926 725 961 eriget,
743 925 879 960 despiciet
895 925 993 952 fratres

204 977 232 999 et
243 972 358 1004 amicos,
381 979 431 999 nec
443 971 583 999 deridebit
595 972 622 999 in
637 972 731 1006 aliquo
747 971 903 1006 proximum
921 979 928 997 :
943 970 991 997 sed
1008 955 1030 982 Β

204 1026 314 1045 servum
335 1025 365 1046 se
382 1018 592 1045 inutilissimum
610 1018 759 1052 reputabit,
774 1022 802 1045 et
819 1022 876 1044 tum
895 1016 928 1044 ad
952 1016 990 1044 fe-

205 1064 284 1091 licem
294 1063 454 1094 terminum,
464 1063 492 1090 in
504 1062 647 1097 Scriptura
656 1070 818 1098 expressum
829 1061 988 1097 perveniet:

209 1119 218 1134 ι
232 1109 284 1142 Qui
302 1116 331 1137 se
347 1108 485 1141 humiliat,
503 1108 671 1136 exaltabitur
685 1116 693 1135 ξ
713 1112 821 1140 contra,
835 1107 881 1142 qui
894 1113 923 1134 se
941 1113 991 1134 ex-

205 1156 342 1188 altaverit,
361 1155 604 1184 bumiliabitur'“.
613 1165 622 1181 ι

507 1211 620 1242 CAPUT
634 1210 693 1241 XV.

207 1258 347 1294 Epilogus,
371 1268 429 1288 cum
457 1262 605 1323 gralq'larttm
620 1261 723 1287 actione
738 1260 773 1286 ad
797 1258 993 1286 sanctissimam

537 1296 684 1323 rinitatem.

537 1296 684 1323 rinitatem.

212 1363 215 1366 .
242 1343 280 1370 En
300 1342 348 1370 tibi
368 1342 465 1370 salutis
480 1341 563 1373 viam,
580 1347 695 1375 eamque
708 1339 866 1367 lacillimam
878 1339 991 1367 demon-

205 1389 302 1421 stravi,
329 1389 401 1416 viam
417 1396 478 1423 qua:
494 1387 659 1422 compendio
687 1387 721 1414 ad
746 1387 874 1421 princeps
897 1386 991 1413 lumen

205 1435 343 1470 perducit.
366 1434 439 1462 Nihil
451 1434 528 1462 enim
553 1433 637 1461 habet
652 1433 832 1466 laboriosum,
851 1440 940 1467 neque
955 1433 990 1460 ad

202 1481 406 1517 dispiciendum
419 1480 540 1515 difﬁcile,
554 1480 621 1508 nihil
631 1481 747 1513 acelive,
758 1487 810 1507 nec
821 1484 986 1511 tortuosum,

1045 339 1089 358 res
1101 331 1219 359 caducas
1244 331 1467 366 pertinentibus:
1493 340 1546 359 non
1562 333 1721 360 divitiarum
1741 332 1831 359 ahuu-

1042 376 1148 409 dantia,
1171 384 1223 404 nec
1247 381 1357 412 sumptu
1388 377 1492 412 aliquo,
1522 379 1711 405 tantummodo
1735 379 1832 405 humili

1043 423 1202 458 precatione
1221 428 1249 450 et
1271 423 1369 451 timore
1385 424 1432 451 Dei
1451 432 1521 458 opus
1535 425 1627 452 habet.
1641 425 1832 460 Complectere

1044 469 1238 502 humilitatem,
1259 469 1280 496 si
1304 469 1402 496 salvari
1420 469 1573 501 desideras,
1598 473 1626 496 et
1644 474 1682 501 tu,
1710 475 1738 497 et
1762 470 1834 497 alius

1043 514 1159 549 quilibet
1183 514 1232 549 qui
1251 514 1334 548 sapit,
1358 519 1532 549 mentemque
1557 514 1690 542 humilem
1707 519 1779 542 amat
1805 520 1834 543 et

1043 558 1173 590 honorat,
1191 559 1318 586 utetiam
1344 559 1377 586 ad
1396 559 1542 586 Dominum
1561 567 1642 594 quem
1659 560 1834 595 concupiscis

1043 603 1177 631 ascendas
1196 612 1203 630 :
1220 604 1424 639 appropinquat
1444 605 1519 632 enim
1542 604 1595 632 sibi
1620 604 1648 632 in
1677 605 1833 633 humilitate

1043 649 1338 684 appropinquantibus.

1078 695 1177 722 Astus.
1193 695 1358 724 Rectissime
1373 695 1407 724 de
1425 696 1477 724 hoe
1493 697 1576 725 etiam
1593 705 1637 725 me
1653 697 1833 725 admonuisti.

1043 740 1136 774 Qualis
1150 741 1186 769 sit
1197 741 1340 770 humilitas
1358 742 1555 770 demonstrasti
1571 748 1599 770 et
1615 743 1781 778 explanasti.

1080 787 1162 815 Cano.
1191 787 1244 815 Sed
1270 796 1330 824 age.
1358 788 1404 816 hic
1428 796 1584 817 sermonem
1613 789 1750 822 ﬁniamus,
1782 789 1834 824 ipsi

1045 833 1134 862 Verbo
1147 833 1294 861 verborum
1310 834 1433 870 largitori
1451 835 1553 870 gratias
1568 839 1689 870 agentes.

1079 879 1173 908 Gloria
1187 879 1269 915 igitur
1281 880 1342 912 tibi,
1357 888 1374 908 ο
1386 880 1520 912 Trinitas,
1537 881 1609 909 Deus
1625 881 1749 908 omnium
1762 881 1836 908 Con-

1045 925 1127 952 ditor.
1151 924 1273 952 Trinitas
1296 925 1323 952 in
1349 926 1554 962 hypostasibus,
1579 927 1607 954 in
1628 927 1722 955 divina
1742 932 1834 954 autem

1044 974 1142 997 natura
1165 970 1257 998 unitas
1346 970 1423 999 Unus
1452 972 1525 1000 Deus
1550 972 1655 1000 ratione
1679 972 1834 1000 inconfusa.

1044 1015 1206 1050 Opinionem
1241 1016 1402 1051 gentilium,
1433 1022 1462 1045 et
1491 1017 1669 1051 Judaorum,
1705 1022 1834 1054 tanquam

1044 1061 1158 1096 hydram
1180 1061 1384 1097 multicipitem,
1404 1066 1453 1090 aut
1474 1069 1661 1091 monstrosum
1682 1064 1835 1099 Typhoeum

1044 1106 1239 1133 declinamus:
1257 1106 1433 1135 Hebraeorum
1454 1116 1565 1144 quoque
1590 1113 1704 1144 propter
1726 1117 1836 1137 monar-

1044 1153 1145 1182 chiam.
1176 1155 1232 1182 Nos
1264 1155 1338 1183 enim
1367 1157 1554 1184 monarebiam
1580 1157 1703 1193 quidem.
1729 1159 1777 1185 sed
1809 1159 1835 1185 in

1046 1199 1134 1228 tribus
1163 1201 1292 1236 personis
1320 1201 1377 1230 sive
1399 1197 1594 1238 hypostasibus
1618 1203 1761 1231 ineonl‘use
1783 1204 1835 1230 lio-

1044 1255 1184 1279 noramus.
1208 1252 1334 1276 naturam
1358 1257 1452 1280 unam.
1475 1253 1503 1276 et
1522 1249 1695 1277 identitatem
1721 1250 1834 1285 glorim;

1044 1301 1058 1320 a
1071 1300 1124 1328 qua
1140 1293 1244 1321 utinam
1266 1302 1280 1322 a
1299 1295 1418 1330 peccatis
1436 1295 1465 1322 in
1489 1296 1543 1323 hac
1565 1295 1621 1323 vita
1636 1297 1784 1324 contractis
1802 1297 1836 1324 Ιί-

1044 1340 1182 1367 beremur.
1199 1340 1286 1372 Quam
1302 1340 1383 1368 decet.
1403 1341 1499 1376 gloria.
1520 1341 1620 1374 honor,
1644 1342 1780 1374 adoratio,
1807 1347 1836 1370 et

1043 1385 1200 1421 imperium,
1221 1394 1238 1413 ο
1261 1386 1353 1418 Pater,
1375 1390 1404 1414 et
1418 1387 1515 1415 eodem
1531 1387 1631 1415 throno
1656 1389 1694 1415 illi
1711 1389 1837 1416 assiden-

1043 1437 1095 1466 tes,
1111 1433 1161 1460 Fili
1176 1438 1204 1461 et
1227 1433 1346 1469 Spiritus
1360 1438 1464 1469 sancte,
1480 1443 1555 1463 nunc
1570 1440 1597 1464 et
1616 1443 1736 1471 semper,
1759 1441 1787 1465 et
1809 1437 1837 1464 in

1042 1486 1138 1507 omnes
1152 1480 1351 1515 generationes.

241 1550 248 1586 ξ
265 1549 396 1577 Isidorus.
415 1549 641 1582 Quemadmodum
665 1550 718 1577 ueri
746 1553 771 1576 et
803 1550 895 1584 fervidi
918 1549 995 1586 purii-
1007 1549 1030 1581 C
1047 1549 1193 1586 cumfertur
1207 1558 1223 1577 α
1237 1550 1338 1581 multis,
1349 1558 1408 1577 cum
1422 1550 1519 1586 veritas
1534 1551 1591 1585 ejus
1602 1559 1730 1585 nusquam
1760 1559 1834 1586 repe-

201 1585 273 1611 citicc
287 1589 418 1612 amatores
440 1593 471 1612 ea:
495 1594 545 1612 sua
564 1586 680 1620 ipsorum
692 1586 814 1611 castitate
829 1586 908 1611 etiam
925 1584 994 1610 alio-

200 1627 264 1646 rum
281 1621 392 1650 animos.
408 1628 561 1654 quanquam
587 1620 652 1646 tales
673 1628 724 1646 non
741 1621 804 1650 sint,
824 1628 892 1654 swpe
915 1627 993 1653 puros

202 1662 261 1680 esse
281 1659 395 1686 censent,
416 1657 596 1690 neminemque
621 1655 787 1682 libidinosum
806 1655 904 1682 ducunt
921 1663 929 1681 :
948 1655 993 1690 sic

201 1693 297 1716 contra
322 1694 450 1724 protervm
466 1690 580 1717 libidinis
598 1694 675 1717 a'stro
698 1691 801 1722 perciti,
828 1691 908 1716 etiam
932 1689 993 1716 illos

203 1725 250 1757 qui
267 1724 417 1759 hujusmodi
431 1726 494 1752 vitio
512 1730 612 1756 carent,
631 1726 678 1752 sibi
693 1725 791 1752 similes
814 1725 989 1752 arbitrantur.

202 1759 319 1791 Quilibet
332 1761 402 1786 enim
415 1768 446 1786 ea:
463 1768 490 1786 se
504 1760 571 1787 alios
585 1758 672 1787 metiri
692 1761 836 1791 consuevit.

242 1796 260 1805 "
273 1794 411 1830 Chrysost.
423 1795 512 1822 Etiam
523 1795 675 1827 hoddivinw
685 1794 852 1830 benignitatis
863 1803 927 1830 opus
941 1800 990 1826 est,

203 1830 276 1861 quod
292 1830 426 1865 prmeipua
438 1830 485 1856 Dei
510 1831 649 1862 mandata,
675 1835 698 1857 et
716 1831 808 1865 quibus
821 1831 876 1857 vita
901 1837 992 1857 nostra

203 1865 364 1895 continetur,
388 1865 420 1892 ab
446 1865 626 1892 imbecillitate
654 1866 771 1901 corporis
808 1865 875 1892 nihil
907 1866 992 1900 impc-

203 1901 326 1926 diuntur.

243 1936 272 1945 "'
287 1935 453 1963 Humilitatis
464 1936 552 1970 imago
563 1939 587 1962 et
601 1936 698 1970 species
709 1935 830 1970 frequens
841 1939 890 1968 est,
908 1940 932 1961 et
946 1936 994 1962 cir-

1046 1585 1143 1611 riatur.
1158 1584 1217 1612 Non
1235 1587 1280 1620 qui
1295 1587 1410 1619 seipsum
1422 1585 1523 1619 objicit,
1538 1584 1578 1612 hic
1589 1584 1699 1613 humilis
1717 1591 1754 1613 est
1769 1595 1778 1613 .'
1789 1584 1837 1615 sed

1044 1621 1089 1653 qui
1105 1621 1269 1654 cumgaudio
1285 1630 1300 1648 a
1313 1621 1439 1654 proximis
1454 1621 1626 1648 contumelias
1647 1623 1837 1656 ignominiam-

1044 1663 1093 1689 que
1109 1657 1229 1682 sustinet.
1246 1655 1390 1683 Humilitas
1412 1664 1492 1690 porro
1513 1661 1536 1684 et
1555 1657 1635 1683 timor
1655 1656 1702 1684 Dei
1717 1657 1836 1684 omnibus

1043 1690 1181 1717 virtutibus
1195 1691 1368 1719 antecellunt.

1139 1726 1291 1763 Gregorius
1306 1726 1470 1763 Theologus.
1490 1727 1521 1754 In
1535 1732 1628 1754 sancta
1640 1727 1772 1754 Triuitatc
1785 1732 1837 1755 tres

1063 1761 1150 1787 uident
1163 1761 1334 1793 substantias,
1356 1768 1379 1788 et
1397 1767 1450 1789 tres
1464 1771 1601 1798 personas,
1619 1767 1746 1790 naturam
1759 1768 1782 1789 et
1792 1771 1837 1789 vo-

1058 1800 1177 1822 uutatem
1199 1805 1281 1824 uitam
1296 1805 1351 1823 esse
1369 1798 1490 1824 dicimus.
1506 1797 1539 1824 In
1565 1797 1669 1825 Christo
1683 1806 1743 1824 vero
1755 1806 1837 1824 unam

1047 1831 1152 1867 quidem
1167 1832 1331 1866 hypostusin.
1357 1836 1381 1858 et
1398 1841 1477 1859 unam
1493 1841 1634 1867 personant
1645 1841 1653 1864 ;
1666 1833 1733 1859 duas
1748 1837 1836 1859 autem

1048 1865 1207 1902 voluntates,
1228 1867 1293 1892 duas
1309 1871 1431 1895 naturas.
1454 1865 1520 1893 duas
1542 1869 1708 1902 operationos
1727 1876 1736 1893 :
1751 1869 1789 1894 ita
1807 1871 1835 1893 ut

1048 1901 1136 1926 carnis
1148 1900 1268 1927 uoluntas
1284 1901 1378 1928 divina:
1387 1902 1516 1929 uoluntati
1525 1900 1641 1936 subjecta
1651 1903 1695 1929 sit.

584 2111 868 2157 DIOP'I‘B/E
906 2111 1082 2155 LIBER
1121 2110 1448 2155 SECUNDUS.

463 2296 577 2325 CAPUT
596 2297 739 2326 PRIMUM.

205 2357 302 2386 Carnis
320 2357 459 2385 vitiositas,
471 2360 494 2382 et
510 2355 677 2382 contumacia
689 2355 770 2390 ipsius
788 2355 819 2381 ab
838 2355 928 2382 anima
946 2362 993 2381 ea:-

240 2393 393 2427 probratur.
412 2392 536 2427 Animam
553 2399 583 2417 ea:
599 2392 639 2417 his
652 2398 711 2427 qua:
730 2398 775 2423 per
786 2398 879 2425 corpus
894 2390 950 2425 agit
969 2393 994 2416 et

240 2426 376 2462 operatur,
398 2426 483 2462 qualis
495 2430 647 2461 quantaque
663 2426 696 2452 sit
716 2426 846 2460 cognosci.

241 2481 339 2510 Amm.
374 2482 497 2509 Alterum
531 2482 579 2509 tibi
611 2481 721 2517 ζήτημα
757 2482 993 2517 quzestioncmque

205 2536 340 2565 propono.
370 2528 436 2561 Qum
459 2529 532 2556 enim
560 2537 690 2556 sermone
710 2535 881 2564 antegresso,
903 2534 931 2556 et
946 2530 994 2557 he-

204 2579 300 2604 sterno
312 2573 357 2601 die
372 2581 405 2600 ex
421 2577 448 2600 te
464 2569 534 2601 seire
552 2575 637 2607 volui,
650 2583 682 2603 ea
696 2580 724 2603 tu
740 2575 808 2602 mihi
827 2575 929 2607 omnia,
944 2583 993 2610 pro

205 2629 239 2649 eo
254 2629 286 2648 ac
301 2627 344 2647 res
354 2619 702 2655 postulavit,cxposuisti‘.
715 2621 794 2648 Nunc
808 2629 887 2648 nosse
901 2621 992 2653 velim,

205 2666 338 2694 dissoluta
357 2668 468 2695 natura,
483 2665 509 2691 in
526 2673 595 2700 quas
609 2673 672 2694 oras
695 2666 809 2700 spiritus
829 2666 886 2693 sive
903 2667 993 2694 anima

205 2712 271 2740 hinc
297 2710 501 2747 proficiscatur.
523 2710 551 2738 Si
577 2711 663 2744 dicas,
684 2713 717 2739 ad
738 2712 851 2744 inferos,
881 2712 992 2740 ubinam

1011 2298 1032 2325 D
1050 2301 1116 2325 sunt
1144 2297 1248 2324 inferi?
1272 2297 1329 2325 lloc
1358 2302 1384 2325 te
1400 2305 1452 2333 pro
1468 2299 1540 2326 virili
1565 2303 1610 2327 tua
1637 2300 1776 2335 explicare
1802 2311 1836 2331 ne

1046 2343 1148 2378 pigeat.

1083 2387 1166 2416 Csno.
1194 2388 1317 2416 Laboras
1334 2393 1362 2416 tu
1394 2388 1571 2424 negligentia,
1587 2395 1618 2418 ut
1641 2391 1708 2419 mihi
1725 2393 1836 2427 quidem

1047 2435 1167 2462 videtur.
1189 2435 1217 2462 Si
1240 2435 1314 2462 enim
1341 2435 1466 2462 animum
1490 2443 1601 2471 quoque
1622 2436 1655 2463 ad
1679 2437 1838 2473 Scripturas

1046 2481 1215 2514 attenderes,
1240 2481 1355 2516 perinde
1377 2486 1408 2508 ut
1432 2489 1480 2509 eas
1504 2481 1573 2517 legis
1599 2483 1735 2517 (quotidie
1761 2486 1835 2512 enim

1046 2525 1151 2562 psallis,
1170 2531 1198 2554 et
1215 2527 1332 2562 hymnos
1347 2527 1470 2563 recitas),
1486 2527 1578 2555 omnia
1597 2534 1661 2556 nota
1681 2536 1709 2557 ct
1723 2537 1836 2566 experta

1046 2573 1095 2599 tibi
1109 2573 1184 2600 intus
1200 2572 1291 2600 forent
1307 2582 1314 2600 :
1337 2581 1523 2608 sermoneque
1540 2579 1567 2602 et
1581 2575 1706 2603 doctrina
1721 2582 1834 2605 externa

1047 2621 1160 2648 minime
1184 2620 1334 2655 indigeres.
1357 2620 1437 2648 Nunc
1454 2625 1482 2648 et
1496 2621 1650 2656 ignorantia
1662 2625 1739 2658 quasi
1757 2630 1834 2652 tene-

1045 2667 1103 2694 bris
1116 2666 1268 2694 oll‘underis
1291 2676 1297 2694 :
1324 2672 1352 2695 et
1368 2675 1411 2695 me
1431 2668 1559 2696 miserant
1585 2669 1776 2706 abjectamque
1793 2671 1836 2699 fa-

1047 2713 1150 2740 mulam
1166 2717 1240 2741 tuam
1260 2713 1424 2749 interrogas.

949 2782 1084 2814 Scholia.

243 2855 250 2864 ‘
263 2853 393 2891 lsidorus.
419 2852 459 2891 Sir
472 2855 556 2891 enim
574 2854 718 2887 quwsieris,
739 2856 854 2891 invenies
869 2865 989 2891 :queeres

207 2892 305 2925 autem,
318 2889 339 2915 si
352 2892 376 2914 te
390 2890 505 2915 nondum
520 2889 586 2915 scire
612 2891 754 2924 putaveris.
771 2890 839 2917 Nam
854 2889 948 2925 putare
963 2900 991 2918 se

215 2922 269 2958 iAam
283 2924 359 2954 scire,
376 2928 403 2949 ut
413 2932 458 2950 nec
472 2922 619 2958 qutt'ratur,
636 2932 682 2951 nec
696 2926 796 2951 sciatur
814 2926 841 2951 in
851 2922 930 2953 causa
942 2933 990 2953 est.

217 2956 288 2985 Tunc
297 2966 406 2994 namque
413 2956 534 2994 sciemus,
542 2959 648 2995 quando
655 2968 701 2987 nos
715 2960 873 2988 arbitrantes
883 2962 990 2995 nescire,

1044 2858 1185 2891 magistros
1203 2865 1218 2883 a
1237 2858 1330 2892 quibus
1362 2858 1519 2884 crudiamur
1537 2858 1760 2891 requisiverimus.
1784 2858 1819 2885 I‘It

1045 2892 1114 2918 enim
1126 2893 1231 2926 opinari
1247 2901 1274 2919 sc
1290 2894 1367 2924 scire,
1383 2901 1430 2919 nos
1449 2893 1484 2919 ad
1498 2893 1632 2920 sricmlum
1651 2893 1788 2928 proﬁcere,
1808 2897 1832 2920 et

1046 2935 1173 2961 qua'rere,
1189 2932 1212 2954 et
1233 2929 1348 2956 invenire
1363 2937 1414 2955 non
1430 2929 1504 2956 sinit.
