2034 3153
177 227 228 259 75'!

906 231 1083 264 DlOi'TllA.

1747 236 1801 267 753

207 286 291 316 Cano.
324 287 506 320 Quamobrem
534 296 599 316 vero
623 290 749 317 taccam?
777 290 1039 324 QuamobremAin
1074 290 1221 324 lucemque
1255 291 1415 325 protuleris,
1445 291 1617 326 obscuraque
1640 297 1667 320 ct
1692 294 1801 321 occulta

175 333 316 360 desinam?
329 332 391 361 Seio
402 341 447 361 me
461 333 510 361 tibi
523 331 694 364 famulamet
707 344 813 364 servam
830 337 959 365 traditam

175 383 202 405 et
218 378 376 414 adjunctam
393 386 465 406 esse.
489 379 554 407 Ideo
577 385 668 408 tamen
684 381 803 417 elinguis
817 382 888 410 facta
905 391 959 411 non

175 431 245 454 sum,
274 431 326 450 nec
349 423 465 459 desipio.
489 424 541 458 Qui
560 430 704 461 utramque
721 432 844 455 nostrum
870 429 958 462 tinxit,

175 469 300 503 spiritum
315 469 383 496 mihi
397 470 508 502 indidit,
524 476 552 498 et
568 476 595 499 tu
608 480 662 500 non
673 474 749 508 prior
763 481 806 502 me
818 480 908 502 t-rcata
917 483 957 502 es.

174 514 228 542 Nec
245 521 288 542 me
312 514 412 550 figulus
427 515 548 550 quidam,
577 522 602 544 te
617 523 708 546 autem
726 518 798 548 Deus
817 519 956 554 prtmnisit.

174 560 240 588 Sine
257 568 299 588 me
317 565 486 596 contempta.
500 567 528 590 et
542 563 662 597 deserta,
679 570 707 592 et
722 565 790 592 nihil
812 572 852 593 cs.
879 565 959 593 luco-

173 607 248 642 gnita
271 615 311 640 es,
341 609 459 643 spectari
485 610 592 644 nequis,
616 611 715 645 otiosa,
742 617 769 640 et
785 612 868 640 iners.
892 612 960 646 Quis

173 651 245 678 enim
266 656 292 679 te
310 653 396 685 novit,
411 653 474 688 quis
487 655 631 688 spectavit,
650 657 712 691 quis
735 661 761 684 te
776 657 816 684 vel
832 657 959 692 aliquan-

174 702 230 724 tum
253 698 406 733 cognoscit,
425 707 492 727 nqu
517 701 642 736 pulchra,
669 711 735 730 num
768 704 898 732 deformis
922 705 960 732 sis

172 747 282 775 natura,
309 751 374 771 num
404 744 535 778 prudens,
553 755 618 774 num
640 747 796 779 laudabilis,
823 757 856 776 an
879 749 960 784 plane

171 796 253 816 secus
270 798 277 816 :
296 798 362 817 num
379 791 532 826 ingeniosa,
559 801 624 820 num
657 794 761 829 inepta,
782 800 810 823 et
832 796 959 831 imperita

171 837 304 870 prorsus?

205 881 303 908 ANIMA.
320 881 407 914 Quam
419 882 455 910 ob
467 891 578 912 causam
596 889 624 912 tu
639 885 706 914 mihi
724 886 776 915 ista
795 889 958 924 cxprobres,

170 925 274 960 etquid
289 926 337 954 tibi
355 927 434 961 velis,
451 930 577 958 ostende.

204 970 286 999 Cano.
305 973 345 999 En
362 974 504 1002 veritatem
513 977 659 1011 perspicue
670 978 718 1005 tibi
739 979 866 1012 pandam.
888 981 957 1010 Tota

171 1017 229 1045 haec
239 1019 413 1053 universitas,
424 1022 520 1056 partim
532 1030 625 1057 sensu,
635 1025 732 1059 partim
743 1026 881 1055 intellectu
895 1036 958 1062 per-

171 1065 272 1099 cipitur
284 1075 290 1092 :
302 1067 483 1103 intelligibilia
501 1068 729 1105 intelligibilibus.
742 1073 880 1101 sensibilia
897 1082 960 1103 sen-

170 1109 309 1139 sibilibus.
322 1112 475 1148 Utrumque
486 1120 583 1143 natura
598 1121 690 1144 nostra
702 1126 752 1153 pro
761 1120 886 1154 portione
898 1129 959 1149 sor-

172 1155 222 1182 tita
235 1162 287 1184 est.
304 1157 370 1190 Quae
393 1160 514 1194 subjecta
538 1166 603 1189 sunt
616 1163 752 1197 sensibus,
767 1173 816 1200 per
827 1175 958 1196 sensuum

171 1202 355 1231 instrumenta
365 1207 520 1240 cognoscit:
530 1207 742 1244 intelligibilium
751 1214 960 1247 comprehensio

171 1256 227 1275 non
282 1250 324 1277 bis
334 1250 410 1286 ipsis,
420 1252 468 1279 sed
477 1260 509 1280 ex
519 1254 576 1281 sola
584 1262 714 1284 sensuum
725 1257 864 1287 [unctione
871 1261 960 1296 gigni-

172 1297 229 1322 tur.
241 1294 384 1324 llocnmdo
394 1303 421 1324 tu
431 1299 520 1333 qualis
527 1299 575 1331 sis,
588 1304 768 1336 eosnosceris.
778 1304 815 1331 Ex
825 1294 958 1335 illlsﬁenim

170 1347 233 1374 qua:
250 1342 318 1377 agis,
333 1347 396 1370 nota
408 1344 511 1372 evadis.
530 1346 564 1373 Et
576 1347 706 1375 Dominus
715 1354 903 1379 creaturarum
918 1353 960 1381 his

170 1385 238 1412 solis
250 1387 503 1421 comprehenditur.
514 1389 581 1423 Quis
593 1392 666 1419 enim
677 1399 737 1428 post
745 1395 871 1424 homines
882 1403 960 1427 natos

170 1430 257 1458 Deum
271 1432 359 1459 vidit?
375 1433 483 1461 Etenim
509 1441 609 1464 natura
632 1444 674 1466 cst
703 1440 919 1478 inaspeclabilis,
931 1450 960 1473 et

170 1485 281 1505 omnem
307 1480 456 1507 essentiam
478 1481 565 1510 vineit
582 1492 589 1510 :
609 1484 657 1511 sed
674 1492 707 1512 ex
732 1486 798 1521 ipsis
824 1491 959 1520 creaturis

171 1526 353 1559 proportione
373 1527 502 1556 videtur:
520 1537 530 1555 ι
563 1529 714 1560 lnvisibilia
741 1533 816 1561 enim
844 1536 903 1570 Dei,
928 1542 959 1565 ut

170 1578 287 1616 magnus
310 1571 354 1598 ille
367 1572 469 1601 Paulus
481 1574 588 1606 scribit.
603 1582 637 1603 ex
651 1577 693 1604 his
708 1586 769 1613 quae
795 1579 866 1609 facta
883 1587 958 1616 sunt,

170 1615 309 1662 intellecta
321 1617 531 1652 conspiciuntur
539 1620 572 1652 ⁸⁵,
580 1631 589 1647 ι
601 1626 629 1649 et
638 1629 671 1649 ex
683 1623 818 1657 sapientia
829 1615 959 1662 atnplitu;

169 1661 291 1698 dineque
301 1671 354 1698 qua
366 1665 498 1699 producta
509 1671 583 1700 sunt,
595 1667 740 1703 Conditor,
749 1661 891 1700 utdictum
904 1680 958 1708 est,

167 1709 356 1744 cognoscitur.
373 1710 478 1739 Deinde
491 1717 626 1748 quotquot
640 1722 723 1750 opera
739 1718 863 1752 quotidie
878 1719 958 1754 ﬁunt,

168 1755 260 1783 instar
284 1764 445 1790 praeconum
477 1759 606 1787 omnibus
629 1761 774 1790 Dominum
797 1765 959 1798 praedicant.

167 1801 207 1830 Ex
232 1803 420 1837 magnitudine
442 1805 527 1838 enim,
553 1810 581 1833 et
596 1807 803 1842 pulchritudine
819 1816 960 1840 creatura-

169 1855 245 1880 rum,
269 1848 371 1884 inquit,
393 1857 489 1877 earum
506 1859 609 1886 parens
621 1857 650 1881 et
669 1859 761 1882 rector
781 1857 958 1892 perspicitur.

167 1893 227 1930 Ego
241 1899 347 1922 motum
362 1896 472 1924 vitalem
488 1897 537 1926 abs
551 1902 576 1926 te
598 1899 715 1935 accipio,
734 1905 762 1928 tu
778 1902 900 1931 vicissim
921 1906 959 1933 tul

170 1941 426 1971 manifestationem
444 1951 459 1971 a
476 1953 518 1972 me
544 1947 657 1982 accipis,
680 1956 729 1982 per
750 1956 843 1983 quam,
865 1955 895 1978 ut
911 1959 961 1986 per

168 1987 388 2016 instrumentum
410 1991 543 2025 operaris.
562 1991 619 2027 Ego
643 1994 716 2020 enim
733 1999 808 2022 tuum
828 1996 960 2025 indicium

168 2039 197 2061 et
209 2037 289 2066 nota,
309 2041 360 2061 nec
378 2034 539 2071 imprudens
551 2045 651 2072 praeco,
668 2044 696 2066 et
713 2041 792 2068 testis
811 2041 961 2071 incircum-

168 2081 276 2114 scripta
301 2088 363 2108 sum
377 2089 494 2116 operum
517 2088 546 2110 et
563 2091 734 2119 sermonum,
755 2095 817 2122 quae
844 2094 873 2116 ct
892 2097 961 2125 quos

169 2132 221 2159 per
241 2133 344 2160 organa
362 2135 421 2167 mea
433 2128 539 2163 prodis,
551 2134 579 2157 et
597 2138 646 2165 per
664 2131 749 2166 ipses,
766 2137 794 2160 et
810 2141 872 2161 cum
894 2136 960 2171 ipsis

170 2174 308 2199 terrarum
325 2173 421 2200 orbem
439 2180 579 2209 peragras.
596 2175 630 2203 Et
645 2177 717 2211 apud
737 2186 781 2206 me
802 2181 959 2214 occultaris,

170 2222 198 2245 et
225 2218 278 2245 sub
299 2219 394 2246 umbra
422 2226 482 2248 mea
505 2222 585 2254 lates,
615 2227 645 2250 ut
659 2229 758 2251 natura
781 2225 960 2262 intelligentia

171 2267 314 2295 constans,
329 2268 358 2291 et
373 2269 518 2299 aspectum
535 2266 654 2301 fugiens.
671 2268 706 2295 Et
717 2269 809 2298 omnis
827 2274 873 2298 tua
887 2272 962 2307 cogi-
980 2264 1000 2291 Ι)

172 2307 252 2339 tatio.
274 2309 431 2343 quaesitum,
449 2310 580 2344 placitum
596 2319 651 2338 non
669 2313 736 2345 exit,
759 2322 814 2342 non
836 2316 962 2350 en‘ertur,

172 2353 246 2388 apud
260 2357 284 2381 te
298 2360 431 2382 remanet.
444 2355 504 2383 Non
518 2362 622 2390 orator,
635 2365 690 2385 non
704 2360 898 2396 philosophus,
908 2371 962 2391 non

173 2405 327 2435 geometra,
350 2408 406 2429 non
439 2408 524 2436 vates.
542 2412 597 2432 non
636 2413 732 2441 magus
768 2407 878 2443 aliquis,
907 2417 963 2437 non

175 2446 251 2473 ullus
269 2445 340 2474 alius
365 2455 397 2475 ea
414 2451 566 2484 cognoscit,
585 2450 674 2479 donec
691 2459 706 2479 a
732 2460 775 2480 me
795 2461 837 2486 os,
858 2455 885 2482 id
909 2461 962 2489 est,

175 2499 225 2520 sex
246 2492 324 2526 quasi
339 2493 466 2526 chordas,
484 2495 668 2524 instrumenta
684 2498 789 2526 scilicet
807 2500 841 2527 ad
865 2509 962 2529 sonum

175 2537 255 2565 vocis
278 2537 416 2566 edendum
440 2540 511 2568 inter
537 2550 566 2569 se
586 2545 766 2579 congruentia
788 2547 962 2581 sumpseris:

177 2588 287 2620 guttur,
301 2583 403 2617 fauces,
423 2587 533 2620 collum,
550 2587 681 2623 linguam,
699 2590 787 2624 labra,
806 2592 921 2626 dentes;
937 2598 965 2621 ct

176 2630 222 2658 bis
239 2637 350 2657 sensum
364 2635 440 2658 tuum
458 2632 615 2665 declararis.
629 2639 657 2662 ct
671 2635 754 2664 dubia
764 2631 966 2672 cxplanaverisl,

232 2688 255 2704 "
270 2688 436 2720 Rom.t,20.
478 2688 500 2704 "
524 2689 638 2724 l.uc.xn,
663 2692 706 2720 54.

1011 335 1142 363 omni-bus
1169 336 1342 372 patefeceris.
1358 337 1495 372 Prospicis
1520 343 1612 366 autem
1637 346 1684 373 per
1706 339 1802 367 oculos

1011 389 1098 413 meos,
1113 387 1142 409 et
1159 382 1277 411 intueris
1298 391 1360 419 qua:
1377 385 1428 411 vis.
1453 384 1585 419 Loqueris
1602 392 1651 419 per
1679 385 1799 420 linguam

1011 435 1100 455 meam
1117 437 1124 455 :
1145 436 1194 460 per
1205 437 1287 457 aures
1310 429 1408 463 audis;
1427 438 1475 465 per
1491 430 1636 458 odoratum
1652 431 1797 463 odoraris;

1011 481 1061 509 per
1073 482 1171 503 manus
1183 483 1259 504 meas
1272 477 1407 511 operaria.
1422 482 1450 504 et
1460 485 1556 504 omnes
1570 482 1643 504 artes
1656 477 1800 504 scientias-

1010 529 1075 556 que,
1091 529 1106 549 a
1125 522 1281 551 trivialibus
1301 528 1329 551 ct
1357 521 1472 551 minutis
1494 532 1581 559 usque
1614 524 1648 551 ad
1667 524 1800 551 maximas

1010 574 1060 602 per
1075 574 1118 594 me
1133 575 1259 596 exerces.
1285 569 1358 597 Nihil
1373 570 1432 597 sine
1450 560 1501 598 bac
1519 570 1628 602 ancilla,
1647 570 1724 601 nihil,
1741 571 1799 597 sive

1010 613 1038 640 id
1057 613 1091 640 ad
1104 613 1323 650 intelligentiam,
1342 617 1401 643 sive
1417 615 1450 643 ad
1466 624 1577 644 sensum
1590 621 1707 651 spectet.
1728 624 1796 651 prae-

1010 664 1083 687 stare
1105 660 1190 688 vales.
1211 661 1269 696 Ego
1296 665 1322 689 te
1351 662 1507 693 manifesto,
1532 670 1583 697 ego
1605 663 1656 690 tihi
1683 663 1797 697 gloriam

1009 706 1107 734 δεδι-ο,
1120 707 1226 735 Alienis
1241 715 1275 736 ne
1290 709 1419 744 gloriare,
1431 709 1591 737 adventitiis
1607 717 1640 736 nc
1652 709 1798 737 insolesce.

1315 764 1428 793 CAPUT
1447 765 1479 792 ll.

1011 810 1069 838 Nisi
1080 815 1154 838 artus
1183 815 1208 838 et
1232 811 1347 838 membra
1376 811 1492 846 corporis
1517 810 1689 840 accreverint,
1704 811 1798 837 anima:

1048 846 1194 880 {unctiones
1210 855 1262 873 non
1273 855 1422 880 apparere;
1436 851 1471 877 et,
1486 847 1508 873 si
1524 847 1670 872 membrum
1687 846 1796 880 aliquod

1046 882 1153 916 perierit
1186 887 1232 909 aut
1246 883 1367 909 vitiatum
1392 881 1481 915 fuerit.
1497 881 1640 909 secundum
1659 880 1725 907 illud
1738 881 1800 907 rmi—

1046 925 1117 944 mam
1128 916 1194 944 nihil
1212 925 1299 952 agere.
1329 918 1386 949 Qua
1407 918 1434 943 in
1450 921 1524 951 parte
1543 917 1659 950 corporis
1679 917 1800 952 animum

1043 959 1090 978 seu
1119 951 1366 978 ntentcm’habitare
1389 952 1648 978 existimaudumsil.
1674 951 1800 978 Animam

1047 991 1072 1013 at
1089 995 1181 1022 corpus
1195 987 1245 1014 sibi
1259 991 1350 1014 mutuo
1360 992 1450 1014 creata
1471 994 1535 1013 esse.

1045 1031 1122 1065 Quod
1135 1033 1157 1060 si
1172 1037 1258 1060 totum
1275 1033 1355 1068 plene
1370 1032 1450 1068 cupis
1468 1032 1588 1063 discere,
1613 1031 1726 1059 attende
1753 1031 1799 1058 hic

1011 1078 1079 1105 mihi
1087 1078 1223 1111 animum,
1233 1084 1261 1106 et
1271 1079 1392 1106 dilucide
1405 1078 1551 1113 percipies.
1561 1078 1630 1105 Nota
1641 1084 1671 1105 es
1681 1077 1788 1104 utmaxi
1797 1092 1804 1095 ‹

1010 1132 1055 1152 ma
1069 1125 1304 1160 pulchrorumquc
1314 1125 1509 1161 pulcherrima.
1518 1125 1560 1152 Ab
1569 1124 1676 1160 origine
1685 1129 1730 1151 tua
1738 1131 1803 1158 per-

1011 1170 1094 1204 fecta,
1107 1178 1154 1206 per
1171 1175 1197 1198 te
1209 1176 1400 1199 consummata
1420 1176 1448 1199 ct
1462 1171 1542 1206 plena
1553 1178 1594 1202 cs,
1607 1170 1675 1197 mihi
1690 1169 1753 1197 inde
1767 1169 1805 1196 ab

1012 1221 1092 1245 utero
1114 1222 1238 1245 malemo
1258 1217 1383 1245 assidens
1399 1221 1427 1244 ct
1443 1216 1614 1244 cohabitans.
1636 1215 1692 1250 Ego
1709 1219 1800 1242 autem

1011 1270 1074 1290 cum
1090 1262 1209 1298 primum
1234 1270 1342 1293 nascor,
1360 1262 1448 1290 infans
1471 1269 1544 1293 sum,
1571 1261 1654 1288 fmtus
1667 1267 1754 1288 novus
1770 1267 1802 1286 ac

1011 1315 1109 1335 recens
1127 1308 1250 1339 omnino,
1264 1308 1354 1335 omnis
1372 1307 1490 1335 actionis
1504 1307 1649 1342 impotens,
1668 1311 1695 1333 et
1709 1313 1736 1333 tu
1752 1313 1803 1340 per

1012 1361 1056 1381 me
1079 1358 1146 1382 tunc
1173 1354 1303 1381 universe
1328 1353 1396 1381 nihil
1413 1353 1481 1388 agis.
1499 1353 1635 1380 Nccenim
1658 1351 1802 1380 articulate

1011 1401 1154 1436 quippiam
1184 1399 1316 1436 loqueris,
1329 1408 1382 1427 nec
1395 1399 1519 1427 ambulas
1538 1399 1663 1430 omnino.
1688 1407 1737 1426 nec
1747 1398 1802 1434 ali-

1011 1447 1078 1483 quid
1102 1455 1216 1483 operum
1234 1447 1361 1474 manibus
1379 1447 1448 1474 meis
1473 1445 1612 1474 conficis:
1641 1445 1689 1473 sed
1713 1445 1802 1472 otiosa

1012 1503 1053 1528 es,
1069 1499 1100 1522 ut
1121 1494 1227 1522 dictum
1245 1498 1298 1526 est,
1313 1498 1341 1521 et
1375 1497 1483 1528 tempus
1501 1492 1639 1520 inutiliter
1655 1491 1798 1526 transigis.

1012 1548 1111 1576 meque
1126 1540 1255 1568 famulam
1268 1544 1297 1568 et
1308 1540 1441 1575 abiectam
1455 1543 1495 1572 tu,
1509 1538 1630 1570 domina,
1648 1542 1803 1572 exspectas,

973 1579 994 1608 (ἶ
1011 1587 1099 1614 donec
1115 1586 1239 1614 membra
1264 1593 1334 1618 mea,
1351 1591 1380 1614 et
1407 1589 1499 1620 partes
1527 1584 1577 1612 tibi
1609 1583 1811 1620 perficiantur»

1012 1640 1164 1668 eorumque
1181 1631 1349 1659 conveniens
1365 1631 1415 1659 tibi
1434 1632 1634 1658 incrementum
1652 1630 1798 1664 adipiscar,

1012 1678 1282 1714 plenitudinemquc,
1308 1681 1336 1705 et
1356 1684 1515 1705 mensuram
1543 1677 1632 1704 relatis
1657 1676 1800 1711 attingam.

1013 1725 1083 1752 Tum
1100 1724 1210 1752 demum
1221 1724 1253 1751 ad
1272 1724 1407 1751 actionem
1422 1726 1450 1750 et
1464 1723 1561 1758 praxin
1578 1722 1706 1757 procedis
1718 1723 1738 1748 '.

1047 1771 1126 1804 Quod
1150 1771 1173 1798 si
1196 1770 1263 1797 mihi
1287 1777 1339 1797 nec
1362 1769 1465 1804 opinati
1489 1768 1595 1804 aliquid
1620 1769 1708 1795 morbi
1732 1768 1805 1795 acci-

1014 1817 1098 1848 derit,
1111 1822 1139 1844 et
1154 1817 1224 1844 forte
1243 1816 1368 1843 membro
1384 1815 1509 1842 mutilata
1530 1820 1581 1842 aut
1595 1815 1700 1849 privata
1714 1815 1803 1844 fuero,

1014 1863 1098 1891 etiam
1117 1868 1144 1890 tu
1162 1870 1195 1890 ex
1212 1870 1243 1889 ea
1268 1865 1347 1896 parte
1365 1861 1398 1888 ad
1423 1860 1560 1896 agendum
1577 1858 1804 1894 operandumque

1015 1908 1150 1935 imbecilla
1172 1913 1199 1935 et
1222 1907 1360 1941 impotens
1382 1905 1607 1941 deprehenderis.
1627 1904 1705 1936 Quod
1731 1904 1754 1931 si
1775 1909 1805 1932 ct

1014 1951 1122 1980 cerebri
1150 1950 1392 1978 inflammationem
1424 1950 1524 1985 patiar,
1547 1953 1595 1977 aut
1617 1949 1669 1977 alia
1697 1949 1803 1976 ratione

1015 1996 1086 2023 male
1098 2004 1141 2024 me
1155 1995 1283 2027 habeam,
1295 1995 1388 2023 subito
1403 2002 1512 2022 mecum
1530 1994 1618 2026 doles,
1630 1997 1658 2020 et
1674 1993 1802 2026 attonita,

1015 2048 1042 2071 et
1067 2043 1145 2078 quasi
1162 2042 1318 2078 cpilcptica.
1332 2046 1380 2069 aut
1398 2046 1491 2069 mente
1516 2044 1596 2076 capta
1619 2048 1674 2067 non
1692 2039 1804 2075 aspicis,

1016 2097 1071 2117 non
1091 2089 1224 2124 loqueris,
1245 2088 1313 2115 nihil
1334 2088 1443 2123 penitus
1469 2087 1545 2115 facis.
1568 2087 1705 2119 Breviter,
1720 2087 1806 2114 semi-

1017 2141 1136 2168 mortua,
1158 2139 1186 2163 et
1212 2136 1277 2162 vitm
1303 2142 1403 2170 expers
1425 2134 1541 2162 videris.
1556 2133 1634 2161 Sicut
1657 2138 1685 2162 et
1708 2141 1769 2169 ego,
1782 2133 1804 2161 si

1016 2182 1088 2210 oculi
1106 2182 1159 2209 mci
1184 2181 1356 2209 obtenebrati
1374 2181 1488 2214 fuerint,
1504 2186 1532 2208 et
1560 2180 1594 2208 iis
1621 2181 1722 2215 patiar.
1740 2187 1803 2206 mox

1017 2232 1104 2256 totum
1125 2236 1227 2263 corpus
1252 2235 1342 2255 meum
1363 2227 1540 2258 obscuratur,
1556 2231 1588 2254 ut
1614 2227 1640 2254 in
1657 2226 1806 2260 Evangelio

1016 2275 1149 2309 scriptum
1180 2275 1264 2301 est”
1287 2283 1293 2301 :
1322 2274 1430 2301 tametsi
1458 2274 1551 2301 omnia
1574 2272 1696 2300 membra
1729 2272 1806 2299 firma

1016 2328 1048 2348 ac
1072 2320 1187 2347 robusta
1216 2327 1335 2347 servem.
1350 2319 1407 2346 Hoc
1428 2320 1511 2347 etiam
1538 2319 1672 2354 contingit
1702 2318 1762 2350 tibi,
1783 2318 1805 2344 si

1017 2374 1096 2393 mens
1125 2366 1217 2392 minus
1245 2365 1315 2393 belle
1342 2365 1645 2393 babuerit.Cerebrum
1673 2364 1755 2399 igitur
1778 2365 1815 2390 ini

1016 2411 1108 2440 ntcdio
1131 2411 1229 2446 capitis
1245 2411 1410 2438 collocatum
1425 2415 1487 2437 est:
1503 2418 1580 2437 mens
1596 2414 1626 2436 ut
1644 2409 1737 2444 regina
1752 2414 1807 2439 est,

1016 2465 1078 2485 cum
1093 2457 1222 2484 facultate
1238 2456 1348 2491 triplici,
1357 2456 1499 2486 memoria,
1511 2454 1715 2490 imaginatione.
1724 2453 1808 2481 ratio-

1016 2504 1165 2533 cinatione.
1192 2503 1238 2531 Vis
1271 2502 1444 2538 imaginatrix
1472 2500 1596 2537 (διάνοια)
1612 2500 1640 2527 in
1676 2499 1807 2526 anteriori

1018 2551 1078 2585 ejus
1096 2555 1183 2584 parte,
1204 2548 1335 2576 memoria
1356 2549 1383 2575 in
1400 2547 1554 2582 posteriore
1572 2545 1625 2573 sita
1650 2549 1713 2572 est:
1727 2543 1808 2571 tertia

1020 2596 1047 2623 in
1080 2595 1183 2628 medio,
1210 2595 1329 2628 cerebri,
1356 2595 1479 2630 inquam.
1496 2592 1619 2628 Intelligo
1653 2592 1722 2618 bene
1747 2597 1809 2626 qua

1020 2641 1083 2668 dico

929 2741 1067 2773 Scholia.

215 2787 407 2826 f_An:_\stasius.
438 2788 504 2815 Dum
531 2796 624 2826 corpus
647 2795 766 2818 nostrum
793 2792 916 2826 infantile
942 2799 967 2820 et

181 2823 265 2850 adhuc
282 2823 462 2858 imperfectum
477 2828 524 2855 est,
537 2825 617 2850 etiam
632 2825 779 2853 intellectus
795 2823 882 2854 noster
895 2828 966 2855 velut

180 2858 279 2898 infans,
295 2863 319 2884 et
335 2859 549 2898 imperfectus,“
562 2860 689 2898 insipiens
702 2865 751 2898 est,
768 2871 799 2888 ac
816 2863 898 2890 nihilo
913 2863 966 2898 fere

181 2894 277 2928 magis,
288 2902 367 2928 quant
380 2894 462 2921 brutte
475 2895 623 2921 animantes
636 2895 770 2922 discernit.
782 2894 966 2925 Crescentibtts

183 2932 270 2966 autem
286 2929 407 2956 membris
421 2931 564 2966 secundum
587 2938 677 2956 eorum
701 2933 873 2960 accrelionem
887 2934 966 2961 etiam

183 2963 328 2992 intellectus
353 2966 444 3000 augeri
465 2970 488 2992 ct
513 2965 645 2993 illustrari
669 2966 781 2993 videtur.

1055 2793 1201 2821 "Psellus.
1218 2793 1304 2828 Caput
1329 2801 1388 2820 cum
1414 2793 1447 2819 sit
1462 2801 1515 2820 una
1533 2791 1654 2828 quantam
1676 2797 1738 2825 pars
1761 2789 1809 2815 Im-

1020 2828 1093 2856 mani
1105 2826 1312 2864 corporisJéjus
1338 2835 1432 2855 nomen
1456 2832 1508 2854 (res
1532 2826 1606 2864 illius
1626 2830 1715 2864 partes
1737 2832 1811 2850 rom-

1018 2861 1156 2898 plectitur,
1165 2861 1279 2898 quorum
1293 2864 1379 2900 media
1394 2868 1493 2900 vertex,
1512 2861 1738 2900 antica‘siucipnt,
1750 2866 1811 2893 pos-

1019 2900 1070 2925 tica
1086 2900 1186 2933 acciput
1206 2899 1311 2926 dicitur.
1328 2899 1359 2925 In
1377 2900 1472 2926 harum
1488 2898 1573 2924 medio
1585 2898 1664 2934 situm
1680 2899 1718 2934 est
1737 2900 1810 2934 cere-

1019 2935 1106 2966 brum,
1119 2930 1189 2961 récta
1206 2935 1253 2960 sub
1277 2935 1382 2965 vertice,
1399 2934 1443 2960 ubi
1457 2933 1529 2960 sedas
1553 2937 1591 2959 est
1612 2930 1694 2958 animi
1716 2930 1810 2959 rtostri,

1019 2973 1147 3005 tanquam
1161 2971 1238 3005 regis,
1251 2978 1326 3005 quem
1342 2969 1460 3004 proxime
1473 2969 1571 3004 stipant
1586 2966 1725 3002 ftu'ultutcs
1740 2970 1807 2999 prtrr
