2034 3153
243 226 304 256 που
861 224 1031 254 ΡΗΙΙ.[”ΡΡ[
1050 224 1246 254 5οι1ΤΛΠΗ
1824 229 1876 261 7(30

277 280 386 316 Triplex
402 287 485 315 porro
502 279 617 308 facultas
633 279 736 314 absque
753 284 856 312 mente,
869 285 912 308 est
926 279 1032 307 inutilis
1047 281 1070 309 Λ
1119 279 1202 306 Cano.
1220 279 1350 307 Porcellis
1373 288 1414 307 me
1432 281 1523 309 verbis
1539 282 1604 314 tuis,
1618 287 1645 310 et
1659 283 1772 318 premis,
1786 289 1812 311 et
1826 286 1874 312 mi‘

241 329 365 360 ot..nino,
376 326 552 362 quantumvis
565 326 729 359 valuerit,ct
741 326 815 353 salva
824 326 872 353 tibi
882 326 1032 353 manserit:
1087 326 1142 352 rari
1169 326 1253 358 subit,
1268 327 1408 361 quomodo
1425 335 1468 355 me
1486 332 1539 354 tam
1565 328 1691 364 imperite
1708 330 1873 365 interroges,

243 381 341 408 nempe
363 373 449 405 ratio,‘
464 373 514 405 ira,
541 372 688 407 cupiditas,
715 380 778 399 cum
795 372 896 407 quibus
914 377 942 399 et
968 380 1034 407 pro-
1086 377 1215 407 tanquam
1242 373 1405 407 simpliciter
1435 379 1628 408 percuncterc.
1656 376 1748 404 Dicam
1784 381 1873 404 tamen

241 424 333 447 creata
351 427 390 451 cs,
406 423 434 446 et
447 426 461 445 a
475 418 611 454 principio
624 426 638 445 a
654 419 758 450 ﬁctore,
773 422 801 446 et
813 418 958 446 conditore
974 422 1032 451 tuo,
1085 419 1241 447 veritatem.
1255 419 1329 447 Nihil
1351 427 1399 455 per
1424 428 1467 448 me
1484 421 1560 448 novi.
1576 422 1613 453 Ex
1629 430 1685 457 quo
1702 427 1795 450 autem
1812 429 1874 451 nata

241 465 421 500 omniumque
445 464 578 493 ell‘ectore
602 465 773 500 processisti.
790 465 828 492 De
850 469 950 492 ctetero
965 465 987 492 si
1005 465 1032 492 in
1084 472 1155 496 sum,
1172 469 1200 492 et
1227 465 1253 492 in
1271 465 1360 493 lucem
1386 466 1470 499 edita,
1485 471 1603 494 scrutata
1619 475 1692 499 sum,
1708 468 1805 501 didici,
1820 469 1874 496 Deo

241 511 331 539 medio
359 511 504 538 cerebrum
533 510 619 538 fuerit
644 511 778 542 validum,
805 515 862 538 tres
886 511 1032 538 facultates
1086 511 1243 546 adiuvante,
1268 511 1458 539 mediocriter.
1494 512 1561 540 Cum
1587 512 1745 543 didicissem
1782 520 1872 542 autem

225 555 294 584 'tua:
323 560 443 592 quatuor
472 557 591 584 virtutes
619 556 783 589 cardinales,
800 557 887 585 instar
914 557 1031 593 alicuius
1082 557 1221 593 quomodo
1238 565 1367 593 quaerens
1383 559 1528 594 quaesitum
1555 558 1687 592 inveniat,
1703 564 1731 587 et
1758 567 1872 589 conver-

240 603 382 639 quadrigm
406 608 550 638 generant.
567 602 632 636 QuaI
650 603 757 630 ratione
774 607 892 636 constat,
906 603 1029 638 pruden-
1082 603 1176 631 tissem
1191 611 1234 632 me
1246 604 1279 631 ad
1293 604 1394 639 ipsum,
1407 604 1498 632 inveni
1513 604 1580 632 mihi
1595 604 1700 638 datum,
1712 606 1788 641 quod
1802 614 1873 642 qua:-

241 647 305 674 tiam
323 651 351 674 et
362 647 517 682 justitiam;
533 647 560 674 in
576 655 631 682 qua
642 648 746 675 irarum
759 648 872 676 ardores
882 648 1028 681 exsistunt,
1081 649 1174 676 rebam
1188 651 1208 676 °.

239 694 430 721 fortitudinem
444 702 452 727 ;
465 693 508 721 cui
533 693 664 721 libidines
685 694 790 727 insunt,
806 694 1026 730 temperantiam.
1117 694 1280 722 Aristoteles
1297 699 1326 722 et
1349 694 1530 730 Hippocrates
1550 696 1624 724 Cous
1646 695 1683 732 (5)
1698 696 1800 724 mentis
1823 705 1872 725 seu

239 739 360 766 (Ierebro
370 739 580 772 autemad‘ecto,
593 739 736 774 perdidisti
751 747 857 772 omnes,
870 749 926 768 non
939 741 1028 769 solum
1080 740 1164 768 animi
1193 740 1286 768 sedem
1316 748 1377 768 esse
1403 741 1499 768 volunt
1527 743 1555 770 in
1575 742 1658 770 corde
1681 742 1872 778 potissimum;

239 789 357 820 quatuor
382 785 432 812 has
454 789 482 813 et
499 786 642 821 generales
659 786 787 819 virtutes,
813 787 862 814 scd
891 791 1028 822 quotquot
1080 787 1200 815 Galenus
1220 787 1389 815 dissentiens
1402 794 1462 814 eam
1481 786 1508 814 in
1531 787 1647 815 cerebro
1669 788 1757 823 ponit.
1771 788 1872 824 Grego-

240 833 337 859 harum
354 832 497 867 complexu
515 835 689 865 coercentur,
707 833 868 860 memoriam
891 838 967 868 puta,
982 841 1027 860 ra—
1080 834 1141 860 rius
1166 833 1307 869 Nysscnus
1335 832 1411 860 aliud
1436 832 1553 868 judicat,
1569 837 1598 861 et
1624 833 1747 869 physicis
1774 834 1872 862 horum

240 877 654 913 tiocinationem,phantasiam,
666 877 835 913 opinionem,
851 883 879 905 et
895 877 951 905 vim
965 885 1028 905 sen-
1079 878 1253 914 dogmatibus
1277 877 1453 909 contradicit,
1470 878 1535 905 dum
1564 878 1601 906 ita
1621 879 1718 906 scribit
1734 888 1742 906 :
1758 879 1873 908 Animus

238 924 325 956 tiendi
343 929 461 951 mentem
487 923 653 958 principem,
668 927 696 951 et
713 924 848 952 fenestras
865 931 940 951 meas
960 931 1026 952 sen-
1043 950 1064 979 Β
1079 929 1110 953 ιιι
1124 933 1169 953 res
1184 925 1345 959 incorporea
1359 931 1414 951 non
1429 928 1518 959 potest
1532 924 1735 957 circumscribi,
1747 933 1803 952 non
1820 925 1873 952 bae-

245 970 294 979 .SAM
307 969 328 979 1!
366 969 481 979 μηὲΑμυ-
517 969 603 979 ..Ξ-,μμ
642 969 782 979 -.1-..-ιμμ
817 968 938 979 -..JE.__.._
977 975 1009 979 ....
1113 976 1118 979 .
1136 971 1142 977 ι
1176 970 1184 979 1
1212 970 1242 979 Αυγ
1266 977 1319 979 ΠΑΑ.
1338 974 1479 979 ᾉ.μ4......
1503 977 1552 979 4.-
1569 969 1607 979 μνΙ
1621 970 1690 979 ἰξνι
1710 974 1786 979 μη.Α.
1830 977 1871 979 ,,_

245 969 329 997 tiendi
361 969 494 1004 quinque,
517 969 617 1002 visum,
639 969 796 1001 odoratum,
816 968 951 1001 auditum.
975 975 1027 1003 κα·
1043 968 1064 979 ⁸³
1080 976 1122 999 ret
1136 971 1163 998 in
1176 970 1247 998 locis
1259 977 1323 997 cum
1337 974 1491 1001 moveatur,
1503 977 1554 996 nec
1566 969 1690 996 eoliiberi
1705 974 1789 1005 queat
1802 978 1809 1001 ;
1822 977 1872 997 nec

238 1019 351 1048 εῑειυῐη»
377 1020 479 1042 laetum
504 1014 532 1042 in
556 1014 701 1048 manibus;
730 1015 822 1042 omnia
852 1014 933 1042 Slmlll
964 1021 1028 1049 De"
1080 1018 1108 1046 in
1122 1017 1246 1053 partibus
1267 1016 1391 1051 corporis
1409 1020 1437 1043 et
1456 1015 1588 1043 membris
1605 1020 1706 1044 manet.
1720 1016 1807 1044 Totus
1822 1024 1871 1043 au-

239 1065 317 1093 eunt,
329 1068 390 1096 qua:
403 1060 501 1087 anima:
513 1065 541 1087 et
555 1060 689 1095 corporis,
702 1067 763 1094 quae
779 1059 886 1086 occulta
899 1063 927 1086 et
941 1059 1029 1086 mani-

1080 1068 1135 1092 tem
1164 1067 1252 1091 totum
1280 1069 1381 1097 corpus
1407 1061 1572 1095 pervadens,
1588 1070 1648 1097 qua:
1680 1062 1722 1089 sui
1749 1062 1870 1089 muneris

238 1107 315 1134 festa.
329 1106 407 1140 Quod
424 1107 446 1134 si
464 1106 535 1133 bene
548 1106 638 1133 valeat
660 1105 798 1140 tripartita
810 1105 862 1138 vis,
874 1104 1025 1136 rationalis,
1079 1113 1154 1141 sum,
1170 1113 1200 1136 ιη
1218 1113 1317 1136 natura
1341 1115 1390 1135 sua
1417 1107 1480 1141 fert,
1496 1113 1593 1143 suopte
1618 1113 1688 1134 nutu
1710 1108 1778 1142 agit,
1799 1107 1871 1134 sanis

237 1151 393 1183 irascibilis,
408 1150 642 1185 concupiscibilis,
657 1149 835 1177 nihilominus
852 1157 907 1177 non
925 1149 1028 1177 habent
1079 1156 1204 1190 panibus
1224 1162 1273 1190 pro
1296 1153 1486 1181 instrumentis
1507 1158 1597 1180 utens.
1612 1153 1691 1186 Quod
1717 1153 1739 1180 si
1756 1152 1868 1187 aliquod

237 1196 312 1232 (ιιιοά
324 1201 405 1232 383m
418 1196 476 1224 hinc
494 1196 556 1228 "l3,
571 1197 693 1231 Ρδῑῖθηιθ
710 1196 835 1228 cerebro:
849 1195 922 1230 fl"0d
939 1195 1027 1223 οωηῖ·
1079 1202 1177 1229 horum
1195 1200 1334 1228 inﬁmum
1352 1203 1454 1234 praeter
1470 1204 1596 1226 naturam
1615 1198 1708 1229 fuerit,
1727 1198 1783 1225 non
1799 1205 1866 1232 ope-

237 1243 288 1269 bus
302 1242 422 1270 excellit.
436 1242 496 1270 1am
512 1242 536 1269 si
552 1242 607 1269 vita
622 1249 683 1269 mea
699 1241 733 1269 ad
745 1246 917 1269 senectutem
941 1242 1026 1277 majo-
1079 1252 1156 1275 ram.»
1170 1247 1280 1274 animus
1300 1246 1327 1273 in
1347 1245 1444 1272 arrecta
1460 1249 1550 1280 parte,
1564 1249 1594 1272 ut
1611 1244 1755 1278 superiore
1772 1243 1868 1278 dispu.

238 1297 295 1316 rem
312 1288 479 1324 pervenerit,
493 1293 520 1316 et
535 1289 569 1316 ad
589 1288 800 1323 octogesimum,
812 1291 859 1314 aut
872 1295 906 1314 eo
922 1286 1027 1314 diutius

1078 1293 1182 1321 latione
1193 1292 1259 1320 satis
1272 1299 1410 1326 superque
1422 1291 1578 1318 docuimus.
1590 1290 1721 1325 Exemplo
1734 1289 1782 1317 tibi
1796 1289 1867 1324 quod

238 1335 383 1370 δυΡθτείῐΠς
398 1334 583 1370 Ιαηευίιιειιιιιο
596 1342 628 1362 ac
644 1333 766 1361 mamma
793 1333 917 1360 membra
932 1340 1026 1360 “359'
1079 1339 1144 1367 dico
1160 1338 1309 1366 dilucidius
1326 1336 1434 1365 faciam.
1450 1335 1687 1370 Quemadmodum
1708 1335 1731 1362 si
1749 1335 1812 1370 quis
1826 1335 1868 1362 fa-

237 1381 301 1414 rili‘t,
311 1385 339 1409 et
350 1381 396 1409 alii
410 1388 518 1413 sensus,
530 1380 630 1415 quibus
645 1379 732 1406 libere
745 1379 842 1411 uteris,
856 1385 907 1405 nec
924 1378 960 1405 ita
976 1377 1025 1405 tibi
1077 1385 1128 1413 bel-
1143 1384 1276 1413 ferrarius
1289 1392 1350 1420 qua;
1367 1391 1420 1411 non
1433 1387 1498 1411 sum
1510 1387 1582 1418 agar,
1595 1381 1747 1417 multisque
1762 1382 1866 1408 ίηειι-υ.

236 1435 314 1455 mens
340 1427 439 1457 damni
460 1433 558 1460 expers
580 1426 645 1453 erit.
663 1425 718 1452 Nec
746 1424 856 1460 quando
873 1423 901 1450 in
926 1423 1024 1450 febrim

1078 1431 1177 1459 mentis
1193 1430 1227 1458 ad
1242 1438 1312 1465 opus
1327 1438 1342 1457 e
1359 1430 1433 1457 ferro
1449 1428 1651 1456 conficiendum
1668 1435 1734 1455 usus
1750 1427 1796 1458 sit,
1814 1435 1868 1462 prie

235 1482 326 1502 acrem
341 1478 369 1502 et
385 1473 574 1509 quotidianam
605 1472 740 1500 incidero.
754 1471 809 1498 Nec
824 1478 886 1499 cum
904 1475 1024 1497 mustum

1077 1477 1139 1505 aliis
1161 1481 1252 1504 autem
1277 1475 1387 1507 incude,
1404 1475 1512 1507 malleo,
1532 1475 1646 1510 forcipe,
1677 1479 1705 1502 et
1719 1474 1762 1501 his
1789 1473 1869 1500 faciat

238 1522 333 1549 hibero
357 1521 518 1556 plurimum,
531 1520 604 1547 sicut
618 1519 685 1546 Noe.
699 1518 837 1552 Quantum
863 1519 937 1545 enim
962 1525 1024 1544 cor-

1077 1523 1150 1558 quod
1162 1522 1228 1550 facit
1243 1532 1250 1550 :
1266 1521 1334 1550 nihil
1349 1521 1421 1548 enim
1435 1521 1493 1549 sine
1507 1521 1540 1548 iis
1556 1521 1688 1548 fabricare
1708 1523 1817 1555 potest;
1830 1519 1868 1546 sic

236 1568 309 1603 poris
325 1568 403 1602 vigor
429 1565 591 1598 remittitur,
608 1568 715 1592 tantum
739 1564 820 1591 etiam
844 1563 1024 1598 intelligentia
1077 1569 1145 1596 mihi
1158 1572 1185 1596 ει
1198 1568 1319 1596 animum
1331 1567 1475 1595 considera
1490 1576 1496 1594 ;
1511 1567 1532 1598 si
1546 1575 1600 1594 non
1613 1575 1711 1594 sanum
1723 1574 1781 1597 «τοι»,
1792 1570 1870 1593 ειςει.

235 1619 262 1641 ct
277 1613 399 1648 cognitio
411 1611 545 1640 vanescit.
569 1612 751 1639 Inveteratum
766 1610 867 1646 quippe
879 1617 1023 1644 organum,
1037 1644 1038 1647 η

1077 1622 1142 1642 num
1167 1614 1321 1646 cerebrum,
1339 1618 1369 1641 ut
1389 1613 1577 1645 instrumenta,
1590 1616 1698 1645 tractet,
1712 1619 1767 1639 non
1788 1611 1868 1638 habet

235 1666 263 1688 et
278 1668 336 1693 vas,
352 1661 412 1688 sive
427 1659 511 1687 etiam
526 1667 637 1694 corpus,
655 1663 742 1686 totum
766 1659 887 1693 vigorem
904 1657 1025 1685 efficien-

1078 1660 1218 1696 quomodo
1230 1659 1424 1688 convenientia
1438 1663 1543 1686 naturze
1558 1667 1614 1686 suae
1630 1666 1713 1694 opera
1733 1662 1865 1693 capessat.

235 1710 356 1744 tiamque
385 1707 530 1743 pristinam
545 1715 599 1734 non
622 1709 723 1738 servat.
736 1713 797 1740 qua:
817 1712 871 1732 una
886 1712 948 1732 cum
964 1712 1027 1732 cor-
1077 1706 1155 1740 Quod
1171 1710 1265 1734 autem
1282 1705 1310 1732 in
1328 1705 1372 1732 his
1388 1704 1568 1733 excellentius
1590 1709 1672 1738 atque
1695 1702 1868 1738 praestantius

236 1763 302 1790 pore
317 1754 459 1782 crescitet
474 1753 653 1785 convalescit,
670 1755 698 1779 et
714 1759 776 1779 cum
791 1750 890 1778 eodem
913 1758 1025 1777 rursum
1077 1760 1108 1780 ac
1125 1753 1213 1788 majus
1238 1756 1290 1784 est,
1303 1751 1392 1778 anima
1419 1750 1478 1778 viva
1502 1755 1529 1778 et
1552 1750 1585 1777 ad
1608 1749 1776 1784 spiraculum
1806 1748 1867 1775 vitae.

235 1800 407 1828 consenescit
417 1804 446 1827 et
456 1798 592 1827 ﬂaccescit
606 1803 651 1826 :et
665 1805 696 1825 ex
710 1797 894 1825 instrumento
907 1796 1023 1829 musico,
1078 1797 1189 1825 condita
1200 1802 1252 1824 est.
1264 1796 1431 1823 Admiranda
1443 1804 1488 1823 res
1499 1796 1629 1823 maxime.
1639 1793 1868 1828 immortalis,par

235 1854 289 1874 non
301 1846 384 1879 bono,
396 1853 449 1873 nec
463 1853 563 1873 suaves
577 1845 698 1873 eduntur
708 1845 778 1872 soni.
792 1843 882 1871 Cerno
894 1851 945 1879 ego
956 1851 1023 1870 ocu-
1078 1843 1192 1879 angelis.
1203 1843 1262 1870 Non
1282 1847 1373 1870 tamen
1393 1847 1538 1877 postquam
1558 1841 1691 1877 producta
1705 1848 1736 1868 es
1754 1840 1782 1867 in
1797 1845 1823 1867 te
1839 1843 1868 1866 ut

234 1893 279 1925 lis,
292 1896 321 1920 tu
338 1899 403 1920 vero
418 1891 532 1927 pupillis
547 1892 648 1919 mentis
661 1899 668 1918 :
681 1898 735 1926 qua
751 1890 862 1925 quidem
877 1897 930 1916 non
945 1895 1022 1921 sana,
1079 1890 1247 1918 consisteres
1264 1888 1408 1924 accepisti,
1420 1888 1467 1916 sed
1481 1888 1510 1915 in
1525 1896 1578 1920 me,
1595 1893 1623 1915 et
1637 1887 1709 1922 apud
1726 1894 1781 1918 me,
1794 1885 1867 1921 quod

234 1939 326 1968 omnia
350 1938 506 1974 perdidisti.
522 1937 696 1969 Intellexisti,
716 1936 883 1972 cognovisti,
898 1935 1021 1967 domina,
1078 1944 1207 1971 magnum
1222 1941 1264 1963 est
1275 1936 1449 1963 miraculum.
1459 1935 1515 1970 Ego
1527 1934 1588 1962 ﬁcta
1601 1941 1672 1967 sum,
1682 1938 1709 1961 et
1721 1937 1748 1960 tu
1760 1939 1866 1960 mecum

233 1985 300 2020 quid
323 1985 468 2017 voluerim,
484 1988 512 2012 et
530 1992 585 2019 quo
602 1988 683 2019 pacto
701 1983 761 2010 sine
783 1990 827 2010 me
849 1982 954 2009 honore
970 1981 1022 2008 ali-
1077 1982 1198 2010 condita.
1214 1982 1275 2009 Non
1295 1989 1421 2009 seorsum
1447 1985 1487 2013 tu,
1511 1987 1637 2008 seorsum
1665 1987 1726 2015 ego.
1744 1979 1803 2006 Non
1831 1978 1867 2005 ita

233 2039 288 2066 quo
305 2031 443 2066 dignanda
459 2038 513 2058 non
529 2030 590 2057 sis?
1077 2033 1129 2061 est,
1147 2029 1269 2060 domina,
1285 2035 1319 2054 ne
1331 2029 1400 2055 istuc
1419 2027 1523 2062 cogites
1540 2035 1546 2053 :
1561 2026 1648 2054 ambae
1666 2026 1747 2053 simul
1767 2033 1781 2052 a
1797 2025 1866 2052 Con-

269 2076 518 2109 ANIuA.lntellexi,
542 2076 668 2111 perspexi
697 2075 817 2110 penitus,
830 2078 857 2101 et
881 2073 1023 2107 obstupui.
1077 2074 1167 2102 ditorc
1195 2082 1290 2101 sumus
1323 2074 1450 2101 conditae.
1476 2073 1536 2100 Non
1566 2077 1609 2100 est
1644 2079 1744 2106 corpus
1775 2071 1866 2098 fictum

237 2123 273 2151 Ut
297 2121 402 2155 dixisti,
428 2126 457 2149 ut
484 2122 577 2149 locuta
600 2129 641 2154 es,
661 2126 693 2148 ut
713 2119 882 2152 memorasti,
912 2121 949 2146 ita
971 2123 1024 2146 est.
1078 2126 1142 2148 ante
1156 2121 1286 2153 animam,
1299 2128 1352 2148 nec
1366 2121 1457 2147 anima
1474 2123 1537 2146 ante
1562 2126 1663 2154 corpus
1676 2118 1809 2150 substitit,
1820 2121 1867 2144 aut

235 2169 334 2196 Nescio
347 2173 438 2195 autem
455 2167 529 2194 unde
547 2167 597 2194 tibi
611 2167 710 2194 horum
727 2165 858 2201 cognitio,
870 2169 898 2192 et
912 2164 985 2192 unde
998 2168 1025 2193 et
1079 2166 1193 2194 exstitit.
1205 2166 1262 2193 Hoc
1277 2166 1452 2194 verissimum
1461 2170 1513 2193 est.
1534 2165 1621 2192 Simul
1643 2165 1715 2192 enim
1734 2164 1830 2196 ambae,
1839 2167 1866 2190 et

234 2222 248 2240 a
267 2222 322 2248 quo
337 2213 409 2241 hanc
429 2212 574 2240 scientiam
599 2211 780 2247 compararis.
801 2211 888 2239 Narra
905 2211 972 2238 mihi
991 2210 1025 2238 de
1080 2212 1181 2240 iterum
1198 2219 1334 2240 seorsum.
1354 2212 1414 2239 Non
1436 2212 1552 2238 alterum
1572 2210 1651 2238 alteri
1675 2214 1799 2244 tempore
1816 2217 1865 2236 an-

235 2263 404 2294 prteceptorc
422 2264 479 2292 tuo,
497 2259 559 2294 quis
573 2263 601 2286 et
615 2257 688 2285 unde
705 2258 751 2285 sit.
1082 2257 1196 2290 tecedit,
1210 2262 1452 2292 contemporanea,
1467 2264 1569 2289 coatva,
1586 2260 1724 2283 coattanea
1750 2254 1865 2283 vocaris.

862 2317 972 2349 Jacobi
989 2317 1130 2348 Gretseri
1149 2320 1242 2348 notae.

267 2379 306 2413 (5)
323 2379 361 2406 De
388 2379 440 2406 hoc
462 2378 525 2406 vide
551 2377 793 2415 Conimbricences
818 2378 844 2405 in
870 2386 894 2415 tt
908 2378 964 2415 lib.
984 2377 1022 2404 De
1038 2387 1061 2415 ι)
1074 2385 1159 2413 prope
1176 2378 1268 2410 finem,
1283 2378 1320 2415 ita
1335 2377 1456 2415 loquitur
1469 2376 1592 2415 :__Corpus
1605 2375 1692 2415 priore
1706 2375 1762 2402 loco
1771 2376 1866 2415 format

234 2410 325 2441 anima
342 2422 401 2449 cap.
423 2415 448 2446 Ι,
465 2419 561 2449 quiest.
574 2415 601 2442 9.
614 2413 677 2441 Inde
689 2413 770 2440 etiam
787 2414 938 2448 apparebit,
951 2421 1021 2447 quo-
1038 2410 1057 2415 “’
1074 2410 1106 2440 ἑκ
1128 2410 1244 2448 quatuor
1270 2413 1361 2448 primis
1372 2410 1548 2449 cautioribus,
1561 2415 1615 2438 etc.
1635 2410 1729 2437 Postea
1748 2411 1866 2449 animum

235 2450 316 2477 modo
334 2446 494 2484 explicanda
509 2450 545 2476 sit
558 2449 694 2484 sententia
711 2446 837 2484 Nysseui,
856 2456 938 2482 quam
955 2446 1021 2475 Dio-
1073 2446 1178 2483 quoque
1195 2446 1392 2484 inspiranetr.
1422 2447 1477 2474 Nec
1503 2447 1600 2484 anima
1623 2451 1667 2484 est
1682 2454 1722 2484 ex
1744 2446 1865 2484 traduce,

233 2489 294 2518 ρει-α
309 2480 400 2512 statim
417 2485 494 2512 citat.
518 2484 585 2512 Vide
601 2483 712 2512 eosdem
736 2480 832 2518 quaest.
851 2480 878 2515 4',
891 2484 917 2510 in
931 2484 942 2510 l
961 2491 1023 2518 cap.
1073 2480 1156 2510 etiam
1169 2491 1203 2510 ex
1214 2483 1350 2510 sententia
1361 2483 1488 2518 Dioptrw.
1504 2481 1571 2518 Yide
1581 2480 1864 2518 Conitiibricencesin

234 2515 280 2547 lib.
298 2528 316 2547 ιι
343 2520 379 2547 De
401 2520 501 2553 anima,
517 2524 548 2547 ut
563 2520 698 2554 intelligas
714 2515 852 2553 quomodo
867 2526 963 2545 verum
990 2515 1025 2546 sit
1074 2519 1123 2545 lib.
1138 2526 1154 2545 ιι
1177 2518 1213 2544 De
1232 2519 1333 2550 anima,
1346 2515 1448 2551 capfl,
1466 2525 1493 2551 q.
1508 2517 1535 2549 5,
1563 2521 1590 2543 ct
1602 2515 1774 2551 Alphonsum
1786 2524 1800 2543 a
1813 2515 1865 2543 (Ξει-

234 2555 300 2582 illud
316 2555 388 2590 quod
402 2555 515 2590 Dioptra
543 2562 606 2582 mox
625 2553 722 2590 subdit
733 2563 740 2581 :
752 2554 811 2581 Non
829 2559 875 2590 est
885 2562 978 2589 corpus
990 2554 1024 2590 fi—
1075 2557 1131 2580 stro
1146 2561 1171 2580 ν.
1185 2553 1293 2585 Anima,
1306 2560 1399 2579 errore
1414 2560 1441 2578 ν.

232 2596 302 2617 ctum
311 2589 372 2617 ante
381 2591 511 2624 animam,
521 2596 574 2618 etc.
592 2590 626 2618 Et
636 2590 693 2625 ipsa
706 2589 817 2625 Dioptra
826 2589 889 2616 cod.
898 2589 947 2616 lib.
960 2596 984 2616 c.
997 2589 1024 2621 5,

978 2647 1117 2679 Scholia.

233 2711 322 2745 cipcs:
339 2711 441 2744 longius
464 2709 689 2746 principesrsimul
710 2713 735 2736 et
758 2710 904 2746 naturales,
920 2710 1019 2745 longis-
1074 2715 1180 2745 portum
1196 2709 1520 2746 attingatpnaufragiunt
1535 2709 1614 2742 subit,
1634 2713 1658 2736 et
1670 2708 1788 2743 corporis
1802 2709 1866 2746 affe-

231 2747 298 2772 sime
321 2751 410 2773 autent
425 2747 575 2773 sentientes.
596 2745 692 2772 Verum
708 2745 767 2771 huic
784 2745 839 2780 regi
861 2750 991 2780 tyrannus
1007 2753 1020 2772 ο
1073 2746 1200 2772 ctionibus
1213 2747 1258 2780 qui
1275 2745 1337 2771 navi
1350 2745 1445 2771 insidet
1455 2745 1571 2777 animus,
1581 2751 1743 2771 smnmersus
1755 2745 1866 2779 etsuﬂ'o-

231 2782 315 2807 uicino
330 2782 459 2813 imminet,
475 2789 569 2815 corpus
584 2780 713 2811 videlicet,
741 2785 765 2806 et
779 2780 813 2806 ad
833 2788 891 2807 eum
908 2780 1019 2814 {aculta-
1074 2785 1158 2813 catus,
1174 2781 1250 2808 undis
1266 2781 1360 2812 fertur.

233 2819 269 2841 tes
290 2816 420 2850 quasdam
438 2815 631 2842 turbationibus
654 2815 780 2842 obnoxias
801 2815 957 2850 raducisque
977 2816 1021 2842 in-
1108 2817 1116 2826 '
1128 2815 1259 2843 Isidorus.
1274 2815 1333 2842 Non
1348 2814 1503 2842 mediocrem
1520 2815 1695 2849 cognitionem
1715 2814 1829 2850 secessio
1838 2814 1866 2839 in

233 2848 361 2878 Iucréntes
379 2851 586 2885 oppugnandum
602 2851 692 2877 mittit.
708 2850 760 2876 Nec
775 2857 847 2876 secus
863 2851 890 2876 in
902 2848 1020 2885 corpore,
1074 2851 1245 2877 solitudinem
1267 2850 1379 2885 peperit.
1400 2850 1469 2876 Nam
1488 2851 1533 2885 qui
1548 2848 1575 2877 iu
1597 2850 1689 2876 mediis
1711 2848 1866 2885 tumultibus

233 2892 313 2918 quam
325 2886 351 2912 in
365 2887 425 2912 navi
438 2890 540 2912 vastant
554 2887 620 2912 istuc
631 2886 689 2912 vita:
701 2884 809 2920 pelagus
823 2885 928 2911 animus
939 2884 1020 2920 purus
1075 2891 1205 2918 versatur,
1218 2890 1242 2912 et
1267 2885 1382 2912 cwlcstia
1402 2893 1556 2919 cognoscere
1578 2885 1682 2917 nititur,
1704 2886 1810 2920 ignorat
1839 2884 1866 2909 in

233 2920 344 2953 trajicit.
358 2921 439 2954 Aqua:
455 2921 547 2953 quibus
569 2921 750 2954 supervehitur
773 2928 878 2954 corpus,
891 2921 977 2947 insita:
994 2921 1020 2948 in
1075 2922 1157 2955 spinis
1177 2921 1340 2947 seminatum
1360 2920 1391 2946 ab
1412 2921 1444 2946 iis
1465 2920 1587 2954 suffocari
1603 2929 1612 2952 ;
1628 2925 1653 2946 et
1668 2928 1727 2948 eunt
1748 2920 1793 2954 qui
1814 2925 1866 2944 non

238 2962 267 2981 ευ
280 2955 412 2989 passiones
438 2961 512 2989 sunt,
535 2956 560 2982 in
585 2955 677 2990 quibus
698 2956 859 2990 ft‘t’l/ttl’tllt'l',
879 2959 1022 2988 antequam
1076 2962 1161 2990 vacui,
1179 2956 1261 2984 Deum
1280 2964 1330 2983 non
1346 2963 1418 2989 ιισ›.ςε
1435 2964 1596 2990 cognosce-rc.
