2034 3153
149 242 199 274 761

149 300 203 328 Nec
222 299 296 327 enim
317 299 407 327 anima
423 300 483 328 sine
497 309 590 335 carne,
609 310 659 329 nec
676 310 739 330 caro
762 303 822 330 sine
849 304 939 331 anima
956 305 976 334 Α

149 346 260 374 omnino
284 347 355 374 facta
381 351 434 380 est,
457 356 508 375 nec
541 348 652 376 condita
675 354 785 377 constat
811 350 878 377 :sed
905 358 939 377 ex

149 394 276 420 animalis
292 394 454 427 animalum,
472 399 500 422 et
520 402 553 422 ex
573 390 732 429 viventibus
757 397 854 424 vivens
885 396 940 424 uti-

149 447 202 474 que
215 447 316 474 corpus
335 440 466 475 gignitur,
486 441 594 475 vivens,
623 442 786 475 animatum,
811 443 938 475 mortale,

149 491 175 512 et
204 487 376 522 corruptioni
406 487 555 515 obnoxium
576 489 677 516 animal
706 489 789 516 homo
808 510 814 522 ,
834 494 865 517 ut
894 489 940 517 di.

149 532 229 560 citur.

449 591 561 621 CAPUT
582 592 627 622 Ill.

150 636 265 672 Corpore
279 646 325 673 per
338 639 429 675 mortis
442 638 499 673 fata
512 639 652 668 dissoluto.
666 639 786 668 animum
798 640 939 675 haudqua-

183 681 266 710 quam
296 673 402 700 dissolvi
417 678 442 701 et
476 675 618 710 exstingui,
630 675 751 702 Platonis
783 673 940 710 argumento

183 708 382 742 conﬁrmatum.

184 767 285 794 Amm.
301 767 403 802 Dogma
420 767 492 803 quod
510 775 563 795 non
580 767 659 795 facile
674 768 810 803 intelligas
825 772 852 796 et
862 775 940 796 asse~

148 820 243 847 quare.
254 812 418 847 Conjunctio
429 813 609 846 admirabilis,
619 813 712 841 mistio
724 821 794 841 nova
810 814 938 841 maxime.

148 860 226 888 Nunc
243 859 310 886 mihi
335 859 481 894 responde.
497 859 553 887 Nos
566 859 700 887 Conditor
716 861 832 892 creavit,
845 865 875 887 ut
898 861 940 888 di-

149 906 222 939 xisti,
244 906 338 933 ambas
352 905 466 933 omnino
484 910 512 933 et
534 906 685 941 colligatas,
702 911 848 942 utramque
866 915 941 934 com-

149 952 269 984 miSCuit,
283 956 311 979 ut
325 952 382 987 ipse
399 953 484 980 novit.
498 952 540 980 Tu
556 961 622 980 vero
637 953 780 988 quomodo
795 953 902 981 recedis
912 958 940 981 et

149 998 220 1034 I‘ugis
243 1006 258 1025 a
286 1006 329 1026 me
359 998 486 1033 putredo,
505 1003 533 1026 et
552 998 579 1026 in
612 999 752 1033 pulverem
784 1003 940 1033 terramque

147 1045 329 1076 converteris,
340 1052 373 1072 ac
388 1044 486 1072 interis
506 1044 656 1071 funditus?
668 1045 724 1079 Ego
743 1049 834 1072 autent
855 1045 939 1072 etiam

148 1095 209 1124 post
223 1090 433 1126 disiunctionem
445 1098 587 1125 nunquam
601 1090 708 1117 occido.
723 1090 754 1117 Et
766 1098 818 1125 ego
828 1090 939 1125 quidem

147 1137 284 1171 ahsqnetc
298 1137 371 1170 vivo,
382 1141 410 1164 tu
424 1137 484 1165 sine
498 1144 541 1164 me
552 1137 724 1171 neutiquam.
736 1137 803 1172 Ego,
815 1136 939 1172 inquam,

113 1175 117 1180 ’
147 1182 212 1210 vivo
223 1187 251 1210 et
271 1183 361 1218 vigeo.

182 1227 268 1256 Cano.
283 1229 403 1256 Rursum
434 1228 498 1256 audi
525 1229 598 1257 dicta
622 1229 769 1265 elegantia,
785 1237 846 1265 quae
860 1237 910 1265 ego
925 1237 940 1257 a

147 1273 290 1301 veteribus
312 1274 485 1309 sapientibus
510 1275 600 1302 audivi
621 1274 669 1310 (a).
697 1275 775 1308 Quod
798 1275 940 1310 abLaliquo

146 1324 287 1352 movetur,
302 1321 436 1355 quidquid
455 1321 522 1349 illud
550 1321 642 1354 fuerit,
659 1329 713 1349 non
743 1322 827 1350 habet
854 1322 938 1349 vitam

145 1373 161 1392 ιι
177 1373 217 1397 se,
233 1365 280 1393 sed
292 1366 326 1392 ab
341 1366 395 1393 alio
417 1367 508 1401 potius
525 1375 540 1394 a
557 1374 612 1401 quo
625 1371 653 1394 et
669 1367 742 1402 quod
766 1368 894 1396 consistit
910 1372 940 1395 et

147 1414 275 1437 movetur
299 1410 391 1438 habet.
405 1410 523 1438 Tantum
547 1411 623 1438 enim
649 1416 702 1444 est,
716 1416 745 1439 et
767 1417 896 1447 apparet.
911 1418 939 1440 et

148 1457 246 1491 spirat,
262 1460 396 1491 quantum
415 1456 493 1484 adest
519 1457 558 1484 illi
576 1465 589 1484 a
602 1464 658 1492 quo
682 1458 812 1492 agitatur,
830 1458 856 1485 in
883 1466 939 1493 quo

145 1505 174 1528 et
194 1509 248 1528 una
265 1502 391 1529 consistit
412 1506 439 1530 et
455 1507 609 1537 permanet.
623 1503 691 1531 Cum
708 1508 800 1531 autem
817 1504 851 1532 ab
879 1504 937 1537 illo,

147 1556 162 1575 a
177 1555 234 1583 quo
259 1548 466 1581 continebatur,
498 1550 618 1577 solutum
632 1550 725 1582 fuerit,
739 1550 842 1578 desinit
867 1559 937 1584 esse,

146 1595 220 1629 quod
238 1600 314 1623 motu
335 1595 472 1627 ciebatur,
489 1604 552 1623 cum
569 1596 642 1624 desit
659 1597 733 1632 quod
748 1601 852 1624 motum
870 1597 938 1624 aﬂ‘c-

148 1641 234 1669 rcbat.
251 1641 291 1668 Tu
309 1646 401 1669 autem
420 1646 446 1669 te
465 1642 550 1677 ipsam
569 1650 674 1675 moves,
688 1648 716 1671 et
742 1651 852 1678 semper
878 1651 938 1670 mo-

148 1687 230 1714 veris.
249 1687 289 1714 Ex
321 1695 376 1723 quo
404 1689 561 1716 necessario
588 1691 725 1724 sequitur,
754 1695 780 1718 te
806 1696 936 1718 mternam

148 1740 231 1760 esse:
251 1740 313 1760 nam
341 1734 415 1768 quod
430 1742 459 1761 se
481 1735 570 1769 ipsum
599 1740 700 1769 movet,
715 1736 778 1771 quia
798 1745 937 1772 nunquam

147 1778 287 1806 deseritur
302 1787 317 1806 a
340 1787 369 1807 se
388 1781 460 1815 ipso,
480 1789 621 1816 nunquam
638 1789 673 1809 ne
699 1783 804 1810 moveri
826 1783 938 1818 quidem

146 1825 259 1853 desiuit.
273 1826 350 1859 Quod
376 1831 468 1854 autem
488 1835 596 1862 semper
621 1832 757 1861 movetur,
773 1829 866 1857 vivere
883 1837 938 1856 non

146 1876 236 1900 cessat
254 1881 260 1899 :
277 1873 350 1908 quod
365 1881 419 1901 non
437 1878 537 1906 cessat,
553 1883 604 1903 nec
616 1875 728 1906 desinit,
739 1880 767 1903 et
784 1876 837 1903 line
851 1879 938 1907 caret,

145 1923 245 1953 estque
274 1926 289 1946 a
313 1920 490 1954 corruptione
512 1920 644 1948 alienum.
670 1921 735 1948 Tale
761 1925 852 1948 autem
879 1929 939 1949 esse

148 1963 317 1995 immortale,
334 1965 439 1992 ratione
453 1965 602 2001 colligitur.
616 1965 670 1993 Sed
693 1965 745 1993 etsi
765 1973 816 2001 ego
835 1970 862 1994 et
876 1974 939 1994 cur-

147 2010 269 2045 ruptiuni
293 2009 411 2037 obnoxia
433 2018 505 2044 sum,
521 2016 550 2049 et
576 2011 709 2043 mortalis,
732 2017 821 2039 tamen
845 2011 894 2039 abs
914 2015 939 2039 te

145 2055 199 2083 vim
222 2056 335 2084 vitalem
359 2057 475 2091 accipio,
491 2062 520 2085 et
537 2057 611 2092 spiro
633 2062 661 2085 et
679 2065 799 2085 moveor.
819 2058 938 2086 Rursum

147 2101 167 2128 si
180 2110 195 2129 a
207 2109 254 2129 me
264 2107 389 2137 separata
405 2103 501 2135 tueris,
515 2103 607 2130 vivere
618 2103 738 2138 amplius
750 2111 867 2138 nequeo.
884 2103 939 2132 Nec

147 2155 217 2183 queo
247 2147 351 2183 spirare
376 2148 398 2176 si
423 2148 473 2175 abs
501 2154 526 2176 te
555 2148 679 2176 divellar.
697 2149 818 2176 Divellor
847 2154 938 2177 autem

148 2199 259 2230 propter
274 2202 306 2222 ea
328 2202 363 2222 ex
381 2195 484 2230 quibus
512 2203 573 2222 sum
599 2195 770 2230 compesita;
786 2201 815 2223 et
832 2196 890 2224 sine
913 2200 939 2223 te

148 2240 215 2268 nihil
233 2249 305 2275 sum,
322 2241 374 2269 nisi
392 2241 461 2269 odor
478 2242 644 2270 teterrimus.

455 2299 569 2328 CAPUT
585 2300 630 2327 IV.

955 1667 976 1696 C

856 248 1036 279 DIOPTRA.

1730 247 1783 278 7132

993 303 1175 339 praecessique
1197 303 1293 339 gloria,
1310 308 1337 330 tu
1363 307 1465 336 autem,
1480 308 1510 330 ut
1541 303 1664 335 inlcrior,
1690 308 1783 337 poste-

993 351 1079 378 riuse
1100 355 1172 377 terra
1195 350 1312 377 formata
1337 349 1432 377 es?Et
1459 349 1597 384 quomodo
1622 349 1784 376 immortalis

991 398 1081 426 anima
1097 405 1159 425 cum
1177 396 1286 424 mortali
1304 404 1387 423 carne
1403 396 1528 431 colligata
1546 395 1625 423 sumi

1025 444 1108 472 Cano.
1122 443 1151 471 Si
1176 443 1235 470 haec
1260 443 1303 470 vis
1330 449 1508 477 cognoscere,
1532 441 1656 474 attende,
1681 441 1781 469 disces.

991 489 1077 517 Totus
1093 489 1139 516 hic
1163 488 1284 516 mundus
1304 488 1401 515 animae
1425 494 1506 515 causa
1525 492 1687 522 procreatus
1715 491 1756 514 est
1774 495 1781 513 :

990 535 1121 562 omnibus
1145 534 1218 562 enim
1245 533 1419 568 prazstantior
1434 537 1486 565 est,
1502 541 1557 560 non
1587 533 1644 568 ipsa
1670 537 1784 568 propter

991 581 1122 609 mundum
1138 581 1260 608 condita.
1274 580 1352 613 Quod
1371 584 1463 607 autem
1482 579 1600 607 inferius
1618 583 1669 611 est,
1687 579 1781 606 Domi-

991 637 1044 656 nus
1056 631 1084 656 et
1094 627 1210 655 Creator
1224 627 1342 662 primum
1357 626 1478 654 condidit
1495 634 1502 653 :
1517 626 1614 661 majus,
1630 631 1659 653 ut
1673 625 1782 659 melius,

990 673 1128 710 posterius
1143 673 1297 701 constituit.
1312 673 1446 707 Quoniam
1465 679 1556 701 autem
1571 679 1668 702 natura
1685 675 1783 702 animae

991 721 1050 748 sine
1077 719 1283 755 comparatione
1308 720 1408 747 melior
1433 724 1460 747 et
1487 719 1668 747 excellentior
1684 724 1735 751 est,
1752 724 1784 747 ut

991 767 1060 794 dixit
1078 766 1210 793 Dominus
1223 765 1258 798 '°,
1283 765 1383 795 minus,
1401 772 1499 799 nempe
1518 764 1649 797 mundus,
1666 764 1785 792 debebat

990 813 1068 848 prius
1081 811 1208 848 produci,
1219 815 1249 838 ut
1261 810 1399 846 quoddam
1412 810 1556 846 palatium,
1567 810 1667 838 deinde
1683 811 1782 839 anima:

991 858 1033 886 vis
1052 857 1240 892 imperatoria.
1254 856 1393 891 Duplieetn
1418 860 1510 883 autem
1536 856 1669 883 mundum
1687 856 1784 883 condi-

991 903 1043 935 dit,
1061 903 1234 938 superiorem
1252 907 1280 929 et
1295 902 1466 930 inferiorem.
1484 902 1572 937 Supra
1594 903 1717 937 angelos,
1733 903 1785 930 mi-

992 950 1105 983 nistros,
1129 949 1230 977 divinae
1258 949 1351 984 gloriae
1376 953 1555 984 spectatores,
1569 954 1676 977 mentes
1689 957 1704 976 a
1718 957 1784 977 con—

991 997 1114 1024 cretione
1127 997 1247 1024 materia).
1257 999 1423 1031 segregatas,
1441 996 1557 1030 spiritus
1576 1000 1680 1023 natura
1693 996 1785 1023 tennis

991 1050 1019 1072 et
1035 1045 1135 1080 igneae;
1153 1048 1280 1071 naturam
1299 1043 1459 1071 inferiorem
1477 1043 1631 1075 mortalem,
1644 1047 1786 1071 creaturas

992 1091 1125 1123 diversas,
1142 1089 1269 1116 animalia
1286 1097 1458 1124 quaecunque
1479 1088 1632 1119 terrestria,
1648 1088 1783 1120 volatilia,

991 1140 1020 1163 et
1036 1135 1180 1171 aquatilia.
1196 1134 1321 1162 Fuerunt
1335 1139 1429 1162 autem
1447 1134 1541 1162 omnia
1562 1134 1633 1161 bona
1652 1134 1744 1167 valde,
1756 1138 1786 1162 ut

992 1182 1127 1217 scriptum
1156 1185 1198 1209 est
1209 1181 1243 1207 ⁹¹.
1268 1180 1467 1208 lntcllectualia
1484 1186 1597 1215 propter
1612 1180 1786 1212 coalum,rni-

992 1229 1166 1256 nistratorias
1193 1228 1313 1256 virtutes
1343 1227 1474 1255 scilicet:
1500 1227 1644 1255 sensibilia
1672 1231 1785 1262 propter

991 1282 1113 1307 sensum,
1131 1273 1292 1302 inferiorem
1309 1274 1414 1301 scilicet
1434 1273 1508 1300 hunc
1532 1273 1676 1300 mundum.
1696 1273 1783 1300 Natu-

993 1329 1050 1349 ram
1086 1321 1254 1348 invisibilem
1280 1324 1308 1347 et
1335 1319 1485 1352 visibilem,
1503 1319 1600 1351 solam,
1619 1318 1784 1353 simplicem,

991 1368 1138 1403 separatim
1171 1371 1326 1401 utramque,
1346 1366 1417 1393 hanc
1447 1365 1560 1400 quidem
1603 1365 1785 1400 corporalem,

991 1415 1065 1442 illam
1085 1414 1290 1448 incorpoream.
1305 1412 1500 1447 lncorpoream
1527 1411 1595 1438 mihi
1624 1411 1711 1446 rogita
1736 1419 1784 1438 sn-

991 1459 1256 1496 pramundanorum,
1271 1463 1408 1493 quotquot
1427 1457 1620 1485 immaterialis
1636 1462 1664 1484 et
1683 1457 1787 1484 intelli-

991 1505 1083 1542 gibilis
1107 1504 1267 1532 substantia:
1278 1508 1357 1537 sunt;
1375 1511 1536 1538 corpoream
1559 1507 1652 1530 autem
1673 1502 1786 1530 inferio-

991 1560 1060 1584 rem,
1075 1555 1104 1580 et
1129 1550 1425 1586 comprehcnsibilium
1446 1557 1541 1577 sensu.
1559 1549 1615 1576 Nec
1635 1549 1720 1584 igitur
1739 1556 1785 1576 su-

990 1605 1039 1632 pra
1051 1604 1166 1632 corpora
1179 1600 1254 1628 sunt,
1264 1603 1313 1622 nec
1326 1594 1443 1622 materia
1458 1594 1584 1630 expertia
1601 1593 1683 1621 infra.
1697 1593 1784 1620 llomo

992 1648 1083 1670 autem
1100 1651 1156 1678 prce
1171 1642 1302 1670 omnibus
1329 1642 1405 1669 solus
1428 1648 1462 1668 ex
1487 1640 1589 1676 duplici
1617 1639 1784 1670 substantia,

992 1698 1025 1717 cx
1041 1689 1218 1725 intelligibili,
1236 1692 1264 1715 et
1279 1688 1418 1720 sensibili,
1430 1688 1605 1722 superiorqu
1625 1690 1653 1713 et
1669 1685 1783 1712 infcrio-

991 1744 1063 1767 rum,
1080 1736 1190 1763 ﬁctione
1216 1740 1244 1762 et
1267 1735 1447 1770 inspiratione
1472 1735 1518 1761 Dei
1536 1742 1550 1760 a
1576 1733 1715 1768 principio
1743 1738 1786 1759 est

991 1783 1154 1818 productus.
1170 1783 1236 1810 Nam
1254 1788 1357 1817 corpus
1376 1788 1410 1808 ex
1430 1780 1622 1812 inferioribus,
1636 1779 1728 1806 anima
1751 1786 1784 1806 cx

990 1829 1185 1864 superioribus
1201 1832 1244 1856 est
1256 1830 1277 1856 ‘.

1027 1875 1204 1903 I’ratstantior
1223 1883 1287 1911 pars
1303 1875 1337 1902 de
1357 1880 1535 1908 superorum,
1550 1871 1672 1899 deterior
1692 1871 1726 1898 de
1745 1870 1786 1897 in-

992 1921 1114 1949 ferorum
1144 1928 1260 1953 numero
1275 1925 1327 1949 est.
1348 1920 1456 1947 Animal
1472 1918 1717 1954 sapientissimum,
1736 1917 1787 1943 mi-

991 1972 1065 1995 stum
1080 1975 1112 1994 ex
1138 1967 1181 1994 his
1210 1967 1355 1999 ambobus,
1367 1966 1487 1993 animam
1515 1965 1549 1992 ad
1569 1963 1715 1999 imaginem
1736 1962 1784 1990 Dei

991 2013 1147 2041 continens.
1170 2013 1202 2040 Et
1228 2013 1312 2046 hunc,
1332 2020 1461 2048 magnum
1479 2010 1613 2039 mundum
1632 2011 1658 2037 in
1687 2017 1783 2044 parvo,

991 2064 1019 2087 et
1038 2060 1065 2086 in
1087 2059 1179 2087 medio
1199 2059 1431 2095 intelligibilium.
1444 2057 1630 2088 sensibilium,
1649 2056 1786 2082 animato-

991 2107 1285 2139 rum,inanimatorum
1300 2105 1445 2133 collocavit
1458 2113 1464 2131 :
1476 2110 1507 2132 ut
1523 2104 1665 2137 utriusque
1691 2101 1787 2128 mundi

990 2153 1199 2180 oblectamentis
1235 2156 1263 2180 et
1296 2151 1387 2183 bonis,
1421 2154 1551 2186 tanquam
1595 2153 1788 2183 cognatorum,

991 2199 1163 2227 abundanter
1188 2199 1287 2227 tnerito
1305 2198 1463 2230 frueretur;
1484 2196 1584 2223 divinis
1604 2193 1716 2230 quidem
1738 2201 1788 2228 per

990 2245 1110 2272 animam
1127 2253 1142 2272 ει
1162 2245 1219 2272 Deo
1239 2243 1435 2279 suppeditatis,
1461 2241 1580 2269 terrenis
1601 2248 1649 2275 per
1675 2246 1788 2273 corpus,

991 2295 1022 2318 ut
1038 2290 1072 2317 ab
1087 2290 1155 2325 ipsis
1169 2298 1201 2317 ex
1221 2291 1273 2318 fide
1289 2289 1431 2318 Conditori
1452 2288 1571 2315 fructum
1590 2287 1712 2314 atlcrrct.
1728 2284 1789 2311 Vir-

149 2344 235 2377 Quam
250 2345 282 2372 ob
295 2353 349 2372 rem
365 2345 478 2372 mundus
493 2350 555 2373 ante
568 2346 709 2377 hominem,
727 2349 751 2372 et
766 2353 859 2379 corpus
875 2349 938 2371 ante

992 2340 1064 2363 tutes
1080 2343 1165 2370 porro
1185 2335 1440 2365 administratorire.
1457 2335 1601 2363 ordinum,
1615 2331 1661 2366 qui
1679 2328 1785 2357 intelli-

179 2381 299 2440 anlimam
329 2385 497 2416 procreatum
533 2381 578 2407 sit.
602 2381 688 2416 Hujus
717 2380 850 2414 nobilitas,
867 2380 939 2408 illius

182 2423 205 2440 ω
222 2420 282 2440 itas.

182 2420 282 2442 uttttas.

186 2470 283 2496 Amm.
298 2469 329 2496 Et
342 2471 479 2505 quomodo
493 2479 555 2499 cum
571 2472 639 2500 adeo
659 2472 704 2499 vili
718 2476 745 2499 et
759 2471 874 2507 ingloria
891 2479 938 2498 ca-

150 2514 266 2542 runcula
280 2516 423 2550 conjuncta
437 2525 498 2544 sum
510 2526 516 2550 ;
528 2524 557 2545 et
571 2518 710 2553 quomodo
723 2527 777 2546 non
794 2518 870 2553 prior
884 2518 935 2550 iui,

186 2596 209 2612 ὀ
224 2596 320 2625 Matth.
337 2605 393 2630 xvr,
408 2598 452 2625 26.
490 2600 511 2615 ἰ
528 2599 595 2627 Gen.
610 2608 628 2632 ι,
643 2600 687 2627 5i.

182 2670 226 2705 ‘(a)
244 2669 322 2696 Plato
333 2669 360 2696 in
377 2668 500 2696 I’Iia'dro.

726 2600 748 2616 "
766 2599 851 2627 Hebr.
865 2600 940 2632 1,”.

993 2382 1085 2417 gentia
1101 2386 1264 2414 cernuntur,
1281 2382 1379 2409 anima:
1401 2385 1429 2408 et
1450 2377 1628 2408 tabernaculo
1642 2377 1701 2410 ejus
1716 2382 1786 2410 pra:-

994 2432 1079 2455 suut:
1097 2427 1330 2462 quemadmodum
1360 2434 1476 2460 magnus
1503 2429 1531 2452 et
1559 2422 1671 2450 divinus
1699 2427 1790 2454 [ιι-ξιιρο

993 2473 1093 2500 Paulus
1111 2472 1256 2500 conﬁrmat
1268 2474 1291 2488 ⁹¹
1308 2483 1314 2499 ;
1330 2481 1339 2496 «
1360 2471 1466 2502 Nonne,
1483 2469 1583 2504 inquit,
1603 2473 1698 2494 omnes
1721 2469 1787 2491 sunt

993 2519 1221 2546 administratorii
1256 2517 1381 2552 spiritus,
1413 2517 1440 2543 in
1484 2515 1670 2543 ministerium
1710 2509 1789 2539 missi

898 2727 1036 2760 Scholia.

189 2804 198 2812 ⁵
209 2801 349 2838 Clirysost.
360 2803 439 2830 Solus
455 2804 531 2830 homo
545 2809 576 2829 ea:
590 2803 688 2837 duplici
706 2803 855 2830 substantia
872 2812 934 2830 con-

154 2841 237 2864 cretus
252 2844 290 2865 est
303 2848 308 2866 :
323 2843 418 2866 castora
433 2839 521 2865 omnia
538 2842 593 2865 tum
608 2839 749 2872 superioris
762 2839 864 2869 mundi,
879 2843 934 2865 tum

154 2873 284 2907 inferioris
308 2875 433 2902 similiter
450 2881 482 2900 ea:
506 2882 559 2901 una
579 2878 682 2900 tantum
703 2875 831 2907 producta
852 2878 934 2900 sunt:

154 2910 293 2944 superioris
313 2910 416 2943 quidem
441 2910 606 2944 incorporea.
632 2908 769 2944 inferioris
784 2917 933 2944 νισι-μανείη

154 2943 297 2975 ιεηδὶἐιίιία,
319 2946 438 2979 inquam.
464 2949 488 2971 et
511 2943 699 2979 intelligibilia.
718 2957 746 2964 -
763 2943 934 2979 ΙιῘαιιιηιίοικ

156 2985 212 3011 νιιε.
232 2979 332 3013 anima,
358 2985 381 3008 et
403 2981 522 3015 spiritus.
539 2978 656 3008 Meminit
675 2983 763 3006 autem
789 2984 813 3006 et
838 2978 937 3011 Moses,

986 2804 1102 2838 corporis
1120 2801 1310 2838 quidemeae:
1323 2802 1371 2831 ait,
1387 2809 1395 2825 α
1409 2799 1542 2838 Formavit
1554 2803 1644 2838 autem
1657 2796 1784 2838 Dominus

985 2834 1056 2864 om
1070 2834 1201 2873 hgniincm
1226 2837 1258 2863 de
1287 2836 1350 2873 [into
1363 2840 1441 2873 terra;
1456 2835 1530 2873 (Ceu.
1543 2842 1572 2865 II,
1587 2834 1631 2867 7);
1647 2842 1657 2873 ι
1673 2834 1782 2873 eniture,

985 2873 1031 2905 ibi,
1048 2882 1058 2898 ε
1074 2871 1217 2899 Faciamus
1231 2871 1416 2908 hominemad
1426 2867 1578 2908 imaginem
1589 2874 1613 2908 et
1629 2867 1783 2908 similitudi-

986 2903 1045 2934 nem
1065 2911 1196 2934 nostram.
1214 2917 1222 2932 ι
1242 2907 1320 2939 (σι-ιι.
1334 2906 1408 2939 1,26)
1421 2903 1536 2940 Spiritus
1561 2905 1604 2934 ibi,
1620 2914 1629 2940 ι
1647 2903 1678 2930 Et
1696 2903 1781 2940 iaspis

986 2944 1051 2970 rat-it
1065 2944 1091 2970 iu
1108 2943 1201 2978 [aciem
1217 2942 1272 2977 ejus
1296 2937 1459 2976 spiraculum
1482 2941 1550 2967 vita‘.
1572 2949 1579 2964 ι
1599 2939 1673 2970 (Ceu.
1689 2945 1717 2968 It,
1735 2937 1783 2973 1.)
