2034 3153
253 226 306 257 ἯΒ

874 221 1045 253 PHILIPPI
1066 220 1262 252 SOLITARII

1831 219 1881 249 τθι

255 286 368 318 propter
392 288 440 307 eos
461 279 508 315 qui
539 279 728 307 literetlitatcm
758 280 868 315 capient
899 278 1039 307 salutis?»
1061 280 1078 307 Α
1095 284 1128 303 ex
1145 275 1236 303 anima
1265 274 1396 303 nimirum
1413 278 1440 302 et
1459 281 1585 310 corpore,
1603 282 1703 310 corpus
1715 274 1807 310 priore
1824 276 1880 302 loro

255 328 290 355 Et
316 327 486 355 SalvatOrem
507 326 652 353 docentem
672 326 736 353 andi
754 335 760 353 :
782 337 790 352 ι
807 327 914 358 Videte.
941 326 1041 361 inquit.

254 382 291 401 ne
306 372 490 400 eontemnatis
506 380 590 399 unum
607 373 641 400 de
657 372 765 407 pusillis
780 373 850 401 istis.
864 373 931 403 Nam
946 381 1042 400 corum

257 418 347 452 angi-li
362 425 471 452 semper
487 417 583 444 vident
597 417 693 445 faciem
703 418 794 445 Patris
809 416 861 446 mei
875 419 909 450 ",
922 419 966 446 cui
981 426 1042 445 cum

253 468 373 490 tremore
389 463 556 491 assistunt‘.

292 509 408 544 Propter
424 509 483 536 haec
504 509 637 536 mundum
659 510 733 537 hunc
760 510 838 545 prius
862 510 1001 545 produxit,
1018 514 1045 537 et

254 555 341 582 veluti
358 555 493 590 palatium
514 555 624 590 aliquod
644 556 693 583 libi
719 555 847 590 subjecit.
863 556 980 584 Mundus
994 564 1042 582 au-

255 607 310 629 tem
329 610 344 629 e
362 609 483 636 quatuor
500 603 646 631 elementis
664 603 834 637 compositus
852 606 880 630 ct
900 611 1045 638 coagmen-

255 652 328 674 tatus
343 652 471 683 est.qnae
497 648 555 683 ipse
582 648 655 676 Deus
674 648 748 675 nulla
778 649 898 684 subjecta
932 650 1044 677 materia

253 693 357 719 creavit
374 702 380 719 :
394 701 426 720 ex
443 693 497 725 his,
511 693 634 728 inquam,
651 693 781 720 tnundutn
797 694 880 721 verbo
897 694 1046 722 fabricatus

254 741 307 763 est.
323 737 445 764 Primum
468 742 496 764 et
521 745 658 765 summum
684 739 850 767 elementum
878 743 919 767 est
948 740 1044 773 aether,

254 783 313 809 sive
332 783 412 818 ignis.
429 783 472 810 cui
488 783 583 811 subest
600 792 657 815 aer,
674 789 702 812 et
723 785 787 812 huic
804 793 874 820 aqua
895 794 903 813 :
920 785 1044 813 infimum

255 829 346 855 locum
374 834 445 856 terra
471 830 588 858 obtinet.
606 830 720 866 Reliqua
742 831 859 867 singula,
873 837 901 860 et
925 833 1045 868 particu-

256 874 335 906 laria,
353 880 530 910 quotcunque
558 882 586 904 et
610 877 811 913 qualiacunque
836 884 910 910 sunt.
938 879 1044 907 minora

256 922 285 945 et
302 919 414 954 majora.
429 920 680 956 bestiaa,jumeuta,
697 922 808 957 stirpes,
826 924 964 958 reptilium
996 932 1043 960 με

1095 322 1194 349 format
1211 329 1243 348 ex
1259 325 1378 356 quatuor
1389 321 1705 356 primiscorporibus,ex
1720 321 1794 357 igne,
1808 329 1878 354 aere,

1096 373 1167 395 terra
1197 373 1225 396 ct
1247 376 1316 404 aqua
1335 376 1342 395 ε
1360 376 1393 396 ex
1409 368 1498 395 calido
1514 368 1579 395 item
1598 372 1624 395 et
1646 367 1755 403 frigido,
1771 368 1881 396 ΙΙιιΙηὶιΙο

1094 419 1120 441 et
1136 414 1220 444 sicco.
1232 421 1264 440 ex
1279 413 1422 448 sanguine,
1435 413 1601 448 phlegmate,
1616 413 1684 440 llava
1697 418 1724 440 et
1738 418 1796 440 atra
1816 414 1880 446 bile,

1095 467 1198 494 perque
1216 460 1325 489 horum.
1341 463 1368 485 et
1381 466 1414 486 ex
1438 459 1535 486 horum
1566 463 1684 493 quatuor
1700 459 1879 494 quaterniune

1094 512 1204 532 carnem
1223 504 1301 532 lictor
1321 504 1365 531 ille
1395 504 1482 539 lingit.
1512 503 1609 531 Postea
1622 504 1743 531 animant
1769 513 1877 540 quoque

1096 550 1220 584 inspirat.
1255 550 1373 585 inspirat
1399 554 1491 577 autem
1515 550 1587 577 unde
1611 550 1681 582 vult.
1697 555 1767 577 etut
1783 551 1879 578 melius

1095 596 1180 625 novit.
1200 603 1254 622 non
1268 604 1300 623 ex
1329 596 1473 623 elementis
1500 600 1531 623 ut
1554 601 1654 623 caetera
1675 598 1878 624 cohaerentem:

1095 641 1153 672 sed,
1170 646 1198 668 ut
1208 650 1290 677 supra
1302 642 1369 674 dixi,
1381 642 1415 669 de
1428 649 1611 677 supernorum
1627 650 1658 670 ac
1670 643 1823 670 cmlestium
1837 651 1881 670 or-

1096 688 1171 720 dine,
1189 689 1416 724 comlitioneque,
1444 689 1636 721 immortalem,
1659 690 1882 724 incompositam.

1096 735 1259 769 simplicem.
1276 740 1303 762 et
1317 735 1449 766 divinam,
1467 743 1593 770 supernae
1614 735 1882 769 nobilitatisaugelo-

1097 789 1156 808 rmn
1174 781 1346 816 participem,
1360 786 1388 809 et
1406 781 1441 808 ad
1456 781 1518 808 illos
1539 782 1642 808 amoris
1662 781 1800 809 desiderio
1815 789 1879 807 con-

1099 827 1267 859 tendentem,
1293 834 1450 862 quanquam
1475 828 1553 855 carni
1581 827 1660 859 mihi,
1692 827 1821 854 deorsum
1853 832 1878 855 te

1097 873 1216 900 trahenti
1236 873 1344 908 alligata
1356 881 1396 901 es.
1413 873 1450 901 Ut
1481 881 1544 900 cum
1561 874 1662 901 luctata
1673 879 1768 901 eontra
1780 874 1886 909 princi-O

1097 927 1145 954 pes
1159 919 1346 950 tenebrarum.
1363 927 1489 954 superna:
1511 920 1604 955 gloria:
1618 919 1806 946 hmreditatcm
1822 927 1880 946 sor—

255 973 333 997 ncra,
357 966 534 994 arbustorum
564 968 698 1002 germina,
714 973 741 996 et
758 969 906 996 herbarum
926 958 1041 1002 semina,
1061 958 1081 985 B
1098 966 1146 993 lita
1178 965 1262 993 lucris
1279 965 1314 998 ’°,
1334 965 1454 1001 indeque
1482 965 1663 993 certaminum
1680 965 1824 1000 praemium
1840 973 1881 992 ac-

255 1010 395 1046 deinceps,
422 1016 453 1039 ut
482 1020 596 1048 magnus
616 1018 645 1041 et
670 1014 889 1049 sapientissimus
913 1024 1043 1050 superum

254 1060 283 1082 et
303 1056 422 1084 inferum
440 1058 532 1092 opifex
553 1061 704 1092 mandavit,
719 1069 753 1088 ex
768 1061 913 1089 eletnentis
931 1067 1043 1089 exstan-

255 1102 330 1130 tibus
355 1104 529 1138 prodierunt.
553 1105 700 1141 Postquam
725 1114 791 1134 vero
811 1107 943 1134 mundum
971 1108 1045 1135 hunc

254 1148 412 1177 inferiorem
428 1153 639 1184 consummavit,
654 1158 794 1188 postremo
811 1154 872 1180 loco
891 1154 1043 1186 hominem,

256 1198 286 1221 ut
302 1195 376 1222 illius
407 1196 561 1232 principem
588 1197 723 1230 futurum,
740 1199 874 1226 condidit.
895 1198 950 1226 Nec
970 1199 1043 1226 enim

256 1240 333 1274 prius
351 1248 444 1276 regem
463 1243 560 1270 venire
587 1244 744 1278 oportebat.
758 1253 837 1279 quam
868 1245 894 1272 ei
917 1245 1044 1273 taberna-

254 1287 346 1313 culum
372 1291 400 1314 et
428 1287 611 1323 domicilium,
634 1295 662 1318 et
693 1291 795 1326 quibus
824 1297 926 1327 egeret,
953 1296 1046 1320 essent

254 1333 404 1360 constituta
421 1342 428 1360 :
445 1335 492 1361 sed
519 1335 650 1369 palatium
676 1337 881 1370 paratissimum
900 1346 961 1366 esse
978 1347 1045 1366 eon-

255 1377 395 1409 venicbat,
410 1383 438 1405 et
457 1380 550 1406 omnia
569 1379 691 1411 demum,
706 1389 767 1415 quae
785 1389 851 1409 usus
877 1387 904 1410 et
921 1391 1044 1411 commo—

254 1423 328 1451 ditas
345 1425 529 1459 postularent,
545 1430 574 1453 et
592 1426 628 1452 ita
647 1434 710 1454 eum
731 1427 847 1456 intrare.
863 1428 1004 1464 Siquidem
1017 1434 1045 1458 et

254 1468 369 1496 herbam
390 1474 453 1498 ante
470 1479 552 1506 quam
569 1472 689 1507 pecudes
716 1475 882 1508 procreavit.
897 1474 931 1503 Ut
945 1475 968 1503 si
983 1476 1046 1511 quis

236 1514 371 1550 'insignis
390 1517 588 1551 paterfamilias
613 1519 701 1547 amico
720 1524 748 1547 et
762 1520 857 1547 vicino
870 1528 923 1548 suo
941 1521 1046 1557 magni-

255 1562 340 1589 llcum
368 1563 481 1598 epulum
507 1570 677 1599 appararet:
695 1573 727 1593 ac
745 1566 881 1601 principio
907 1567 993 1594 vitulo
1017 1571 1046 1594 et

258 1608 344 1635 tauris
375 1609 501 1637 mactatis
528 1611 669 1637 esculenta
689 1618 721 1638 ac
752 1611 899 1646 poculenta
923 1617 1043 1646 pararet,

257 1662 434 1689 mensamque
453 1655 625 1684 instrueret:
642 1656 742 1685 deinde
761 1658 879 1684 amicum
898 1659 1044 1686 convivam

257 1701 458 1733 introduceret,
470 1702 517 1737 qui
542 1703 704 1730 lautissimis
716 1703 771 1731 illis
781 1705 870 1739 epulis
882 1705 1045 1740 deliciisque

257 1754 288 1775 se
316 1747 449 1781 expleret.
464 1747 570 1783 Itaque,
600 1748 672 1776 sicut
687 1748 754 1781 dixi,
768 1748 805 1776 ita
833 1749 934 1776 factum
953 1755 1005 1781 est,
1019 1754 1048 1776 et

257 1793 438 1821 universitate
469 1794 592 1827 condita,
607 1795 726 1830 primum
756 1794 849 1822 lictum
873 1800 914 1822 est
935 1803 1045 1829 corpus,

257 1840 431 1875 postmodum
449 1841 551 1874 anima,
568 1848 630 1875 pars
641 1840 762 1868 hominis
778 1840 952 1875 pnnstantior
969 1847 1046 1868 crea-

258 1893 283 1915 ta
297 1892 349 1915 est.
364 1888 444 1915 Prius
468 1888 574 1916 exstitit
594 1887 667 1924 quod
685 1887 782 1919 servit,
811 1887 950 1922 posterius
972 1887 1045 1922 quod

257 1934 375 1970 imperat
385 1936 416 1962 “.

291 1980 462 2015 Sapientium
492 1984 519 2008 et
547 1981 723 2016 antiquorum
753 1981 946 2017 magistrorum
973 1979 1045 2006 ratio

255 2026 380 2062 quaedam
398 2034 445 2054 seu
476 2027 602 2054 doctrina
620 2033 672 2059 est,
689 2027 762 2062 quod
777 2033 889 2063 propter
906 2026 980 2054 aliud
1005 2027 1044 2060 ﬁt,

256 2073 392 2108 quidquid
407 2073 475 2100 illud
492 2073 566 2100 aliud
591 2073 701 2101 tandem
717 2073 763 2106 sit,
781 2073 896 2100 inferius
912 2080 972 2100 esse
987 2073 1045 2105 illo,

255 2122 370 2153 propter
384 2118 459 2153 quod
477 2118 624 2146 subsistit:
644 2119 726 2153 ldque
750 2123 814 2146 ante
834 2119 903 2146 alios
916 2118 1045 2146 Salvator

256 2164 337 2192 docet
353 2173 360 2191 :
379 2173 389 2190 ι
403 2164 500 2192 Nonne
515 2165 617 2198 anima,
628 2165 728 2200 inquit,
742 2165 804 2200 plus
818 2170 859 2193 est
871 2173 953 2201 quam
971 2173 1044 2199 esca,

256 2214 283 2237 et
298 2217 400 2244 corpus
415 2210 476 2244 plus
487 2217 568 2245 quam
581 2211 785 2238 vestimentum.
796 2211 841 2238 9‘?
856 2221 864 2236 ι
879 2211 958 2238 Nullo
969 2211 1043 2239 enim

256 2255 339 2283 modo
367 2256 458 2283 anima
484 2261 596 2291 propter
625 2264 726 2288 escam,
748 2265 799 2284 nec
816 2265 917 2292 corpus
930 2262 1043 2293 propter

254 2301 450 2330 vestimentum
469 2295 629 2330 'l‘ormatum
658 2307 699 2331 est
715 2312 721 2330 :
741 2303 806 2338 quin
828 2308 924 2331 contra
939 2303 1041 2339 potius,

1095 1012 1201 1046 ceperis
1215 1013 1257 1048 (ut
1269 1020 1329 1047 qua:
1343 1012 1446 1040 bonum
1459 1012 1522 1048 ipsa
1535 1012 1661 1047 elegeris,
1680 1016 1708 1039 et
1722 1019 1777 1038 non
1796 1019 1811 1038 a
1827 1012 1879 1039 Deo

1096 1058 1225 1092 tantum),
1251 1058 1412 1093 opitulatrix
1427 1062 1455 1086 et
1482 1058 1601 1094 adiutrix
1620 1058 1728 1085 ancilla:
1751 1063 1803 1085 tua:
1832 1066 1878 1092 ap-

1094 1112 1202 1139 parcas.
1216 1110 1244 1132 ct
1259 1105 1302 1133 hic
1328 1105 1402 1132 infra
1421 1109 1586 1137 morantem,
1603 1105 1637 1132 ad
1662 1112 1777 1140 superos
1794 1110 1880 1132 tecum

1095 1151 1209 1183 evehas.
1224 1156 1253 1179 et
1277 1152 1329 1180 hoc
1352 1159 1436 1180 onere
1465 1152 1593 1184 levatam,
1608 1159 1652 1179 me
1670 1159 1819 1187 pauperem
1835 1151 1881 1178 de-

1095 1198 1312 1233 spicabilemque
1337 1206 1498 1226 conservam
1525 1204 1554 1225 ct
1579 1198 1731 1233 σύντροφον
1757 1202 1831 1225 tuam
1848 1198 1881 1225 ad

1095 1244 1180 1272 Deum
1212 1253 1265 1272 una
1291 1245 1462 1276 introducas,
1479 1244 1776 1280 contubernalemque.
1793 1250 1821 1272 et
1842 1245 1881 1271 in~

1096 1292 1237 1319 dividuam
1259 1292 1388 1320 comitem
1416 1300 1470 1324 me,
1484 1296 1513 1319 et
1532 1292 1620 1319 civem
1640 1299 1737 1318 eorum
1757 1291 1804 1326 qui
1830 1291 1882 1318 illic

1095 1344 1184 1364 aevum
1198 1337 1312 1372 agitant.
1331 1337 1456 1372 quamvis
1469 1337 1607 1373 indignam
1621 1337 1734 1364 habeas.
1753 1338 1880 1372 Reginam

1098 1387 1124 1411 te
1150 1383 1225 1415 fecit,
1241 1391 1285 1410 me
1311 1388 1403 1411 autem
1435 1387 1464 1410 ut
1485 1383 1637 1415 subditam,
1651 1384 1819 1415 ministram,
1844 1384 1883 1411 l'a-

1097 1429 1198 1456 mulam
1214 1451 1221 1462 ,
1240 1429 1331 1456 alieno
1360 1428 1475 1456 arbitrio
1500 1429 1662 1465 subiectam,
1676 1429 1814 1456 ancillam.
1831 1430 1878 1461 lin,

1096 1474 1170 1510 quod
1181 1474 1324 1510 quaerebas
1338 1474 1451 1502 dissolvi
1467 1484 1474 1502 :
1491 1475 1629 1511 quomodo
1645 1483 1755 1510 nempe.
1773 1476 1878 1504 tametsi

1096 1524 1202 1548 naturae
1239 1519 1383 1547 nobilitate
1408 1521 1484 1555 prior
1512 1528 1557 1548 me
1594 1521 1649 1553 sis,
1679 1521 1804 1556 mihique
1833 1521 1880 1549 ho-

1098 1573 1166 1594 nore
1180 1570 1209 1593 et
1225 1566 1389 1594 excellentia
1403 1571 1532 1599 antestes,
1550 1573 1605 1594 non
1624 1571 1714 1595 tamen
1729 1567 1805 1602 prior
1824 1575 1883 1604 pro-

1097 1616 1188 1641 creata
1206 1613 1255 1641 sis.

1410 1670 1524 1699 CAPUT
1540 1671 1574 1700 ν.

1102 1713 1165 1742 Uter
1177 1715 1413 1757 protgplast‘orumr
1426 1721 1450 1742 et
1461 1721 1522 1757 utra
1537 1725 1601 1757 pars
1619 1717 1715 1745 anime
1726 1719 1812 1757 potius
1824 1727 1884 1757 pec-

1134 1753 1214 1790 carit.
1233 1750 1368 1787 Superbia
1390 1750 1628 1786 detestalia,'rujus
1653 1750 1745 1780 auctor
1765 1758 1790 1781 et
1813 1750 1884 1790 origo

1135 1785 1248 1821 Lucifer.

1132 1843 1231 1870 Amm.
1259 1843 1351 1871 Etiam
1381 1844 1434 1872 hoc
1467 1844 1612 1879 quaesitum
1653 1845 1721 1872 satis
1748 1853 1884 1880 superque

1098 1889 1216 1917 solvisti.
1242 1889 1377 1923 Quoniam
1404 1898 1470 1918 vero
1495 1891 1561 1918 mihi
1588 1891 1734 1925 imperium
1765 1891 1886 1919 auctori-

1098 1939 1248 1970 tatemque,
1266 1936 1315 1964 tibi
1340 1936 1538 1970 subiectionem
1556 1942 1581 1964 et
1601 1937 1691 1963 locum
1719 1937 1824 1964 ancilla:
1837 1938 1886 1965 tri-

1098 1981 1172 2014 buis,
1193 1981 1258 2009 hinc
1280 1983 1335 2017 jam
1365 1982 1418 2010 hoc
1441 1989 1551 2017 quoque
1579 1987 1677 2017 prmter
1700 1983 1752 2009 alia
1780 1983 1885 2011 dissere

1097 2033 1129 2053 ac
1142 2026 1220 2054 doce.
1234 2027 1331 2055 Utrius
1356 2027 1588 2062 protoplastorum
1606 2028 1633 2054 in
1649 2027 1778 2056 mandato
1795 2034 1884 2057 trans-

1096 2073 1246 2103 grediendo
1280 2073 1410 2101 delictum
1441 2074 1526 2108 magis
1547 2073 1609 2101 luit.
1635 2073 1669 2100 Et
1704 2078 1765 2102 uter
1796 2075 1886 2110 potius

1097 2120 1231 2153 peccavit,
1251 2120 1365 2155 spiritus
1391 2119 1580 2155 intelligentia:
1609 2127 1731 2154 compos,
1761 2129 1796 2148 an
1822 2129 1885 2156 pars

1097 2165 1126 2192 in
1152 2173 1205 2200 qua
1229 2173 1285 2193 non
1315 2165 1387 2194 inest
1411 2166 1490 2193 ratio.
1510 2165 1693 2193 Vehementer
1722 2166 1794 2193 scire
1817 2167 1887 2193 istuc

1097 2211 1189 2246 cupio.

1133 2257 1216 2285 Cano.
1231 2257 1354 2286 Dillicilis
1374 2262 1415 2285 est
1434 2262 1478 2285 tua
1504 2257 1630 2292 qumstio,
1649 2257 1770 2289 domina,
1784 2265 1884 2285 meant-

1097 2311 1150 2339 que
1180 2304 1380 2339 propemodum
1412 2304 1556 2331 scientiam
1581 2309 1609 2330 et
1633 2308 1742 2337 captum
1766 2304 1885 2331 excedit.

255 2346 311 2374 duo
334 2347 380 2375 illa
409 2347 507 2375 horum
535 2347 621 2383 gratia
637 2353 807 2383 quteruntur.
825 2349 932 2385 Corpus
949 2355 1042 2378 autem
1059 2347 1082 2375 Ι)
1096 2349 1302 2381 Verumtamen.
1320 2354 1350 2376 ut
1364 2349 1514 2384 Scriptura:
1531 2349 1706 2376 mediocriter
1716 2349 1885 2384 perita.qu:e

254 2397 285 2420 ut
298 2393 455 2421 vehiculum
471 2394 570 2421 animze
588 2393 755 2422 ltotlorandze
771 2400 799 2422 et
825 2395 952 2431 gloriosa:
965 2396 1043 2431 prius

255 2441 356 2468 factum
368 2446 419 2468 est.
437 2441 490 2469 Sed
509 2448 569 2477 age,
585 2443 765 2469 attentionem
777 2450 887 2470 renova.
906 2442 1042 2476 Quoniam

254 2488 393 2516 hominem
410 2489 551 2524 geminum
571 2496 619 2516 seu
633 2489 770 2525 duplicem
784 2490 874 2517 facere
885 2490 1041 2523 constituit,

288 2547 312 2564 ’³
325 2548 408 2574 Matth
431 2556 509 2580 xvut,
519 2549 547 2576 9.
584 2547 607 2565 ”
622 2547 717 2576 Matth.
730 2557 767 2580 vr,
778 2548 823 2577 ‘25.

1096 2395 1160 2423 inde
1177 2395 1274 2428 habeo,
1292 2400 1318 2423 et
1333 2396 1428 2424 didici.
1445 2395 1560 2423 ﬁdenter
1579 2396 1628 2422 tibi
1648 2395 1681 2422 de
1696 2404 1724 2422 re
1743 2396 1883 2430 proposita

1095 2442 1255 2470 enuntiabo.
1272 2442 1397 2469 Animam
1427 2442 1534 2470 ratione
1555 2442 1696 2477 praeditam
1711 2447 1786 2469 certo
1803 2442 1884 2473 nosti,

1098 2497 1113 2517 a
1127 2489 1276 2517 Conditore
1292 2489 1326 2516 ab
1339 2488 1418 2516 initio
1429 2488 1513 2515 armis
1526 2488 1611 2524 probe
1630 2488 1763 2515 munitam
1791 2487 1884 2519 fuisse.

862 2550 884 2566 "
893 2549 993 2584 Ephes.
1004 2556 1040 2580 Vl,
1055 2547 1098 2575 l2.

1002 2604 1142 2636 Scholia.

289 2669 296 2677 '
309 2668 452 2703 Chrysost.
475 2667 597 2695 Cwlestes
613 2668 696 2702 igitur
708 2668 797 2703 angeli
811 2668 958 2695 hominibus
969 2667 1044 2694 bonis

255 2705 407 2731 ministrant
423 2703 508 2729 ιπηιὶί
521 2707 609 2729 autem
624 2703 753 2730 (laniones
773 2704 908 2738 suppliciis
924 2707 1044 2738 peccato-

255 2739 325 2765 ribus
348 2739 497 2773 inﬂigendis
524 2738 679 2764 inserviunt.
697 2747 704 2762 ι
723 2738 834 2765 Immisit
861 2739 931 2765 enim
951 2739 979 2765 in
1003 2746 1045 2764 eos

253 2774 324 2800 iram
357 2774 548 2808 indignationis
578 2781 642 2800 ειιω.
664 2772 887 2807 lndignatianem,
910 2774 991 2806 iram,
1021 2778 1046 2800 et

254 2807 421 2842 aﬂiictioneni
437 2817 483 2844 per
491 2807 600 2843 angelos
617 2808 700 2835 malos
720 2809 836 2835 immittit
847 2807 934 2844 (Paul.
946 2816 1046 2840 Limn,

255 2844 299 2874 49)
327 2853 342 2880 »γ
355 2844 492 2871 Dementes
511 2845 601 2880 itaque
626 2844 682 2871 licet
698 2843 832 2871 voluntate
853 2843 990 2875 rebellent,
1003 2848 1047 2870 ta-

255 2886 314 2914 men
328 2879 394 2913 jugo
408 2879 517 2913 subjecti
536 2879 606 2911 sunt.
621 2885 645 2906 et
666 2880 743 2912 quasi
756 2879 893 2913 carnifices
921 2880 1040 2914 quidam,

256 2920 272 2938 α
287 2913 339 2939 Deo
349 2919 372 2940 et
387 2916 483 2941 sancti:
495 2916 624 2949 imperata
638 2915 741 2949 exsequi
752 2914 889 2947 jubenmr.
900 2914 956 2941 Non
972 2915 1041 2941 enim

257 2955 305 2974 sua
329 2950 498 2982 auctoritate,
510 2951 555 2977 sed
569 2951 644 2978 inciti
666 2950 777 2985 faciunt,
799 2958 857 2985 qua:
886 2949 937 2977 illis
963 2958 1039 2977 nian-

1095 2667 1205 2694 dantur.

1133 2704 1152 2713 "
1172 2701 1315 2738 Chrysost.
1339 2702 1431 2736 Cogita
1457 2701 1519 2738 mihi
1540 2700 1705 2738 [orpralioriis
1720 2700 1847 2738 ordinem,
1861 2703 1886 2738 rt

1095 2735 1244 2769 considera]
1260 2738 1389 2771 quomoda
1413 2736 1553 2771 insit/[latio
1573 2735 1678 2762 Domini
1692 2735 1762 2769 facta
1778 2735 1812 2760 sit
1838 2735 1886 2771 ipsi

1095 2774 1122 2800 in
1161 2770 1325 2807 spiraculum
1370 2773 1439 2801 uilio.
1464 2770 1477 2796 (⁷
1492 2776 1516 2797 et
1552 2771 1637 2806 fartus
1672 2771 1715 2807 sit_
1742 2770 1840 2807 homo
1859 2770 1887 2795 in

1097 2804 1215 2835 animum
1253 2809 1380 2834 uiuentem
1416 2807 1492 2838 (Gen.
1523 2804 1556 2837 rt,
1590 2807 1628 2838 7).
1657 2814 1666 2830 ι
1697 2804 1765 2836 Quid
1805 2805 1885 2837 igitur

1097 2843 1227 2878 formatus
1244 2844 1256 2870 ?
1272 2843 1432 2877 Simpliciter
1459 2843 1547 2875 imago
1575 2841 1695 2878 inanima
1713 2848 1719 2865 ;
1737 2844 1760 2865 et
1789 2840 1883 2868 otiosa.

1095 2876 1119 2905 et
1156 2878 1257 2906 inutilis
1296 2883 1364 2905 erat.
1399 2878 1491 2910 Quare
1521 2882 1546 2902 et
1582 2876 1655 2909 prius
1689 2882 1785 2908 curias
1823 2882 1883 2908 pru-

1094 2913 1209 2946 dtttitnr,
1249 2919 1272 2941 et
1314 2917 1371 2949 past
1415 2913 1525 2944 animo,
1574 2917 1600 2938 ut
1655 2911 1810 2937 honoratior
1860 2913 1883 2934 «ι

1095 2948 1215 2976 nobilior.
