2034 3153
125 235 172 267 765

835 231 1014 265 DIOPTRA.

1692 241 1746 273 766

124 297 150 322 et
162 292 291 321 munitam
305 290 337 318 ad
355 290 486 318 auxilium
508 290 678 322 habendum,
691 295 718 318 et
730 291 908 326 pugnandum
925 294 946 321 Α
961 293 1099 328 superbia:
1128 295 1243 323 morbus
1271 297 1401 328 manavit,
1414 297 1460 332 qui
1477 298 1606 326 omnibus
1619 307 1652 327 eo
1667 299 1745 327 131,0-

124 342 248 371 adversus
263 339 446 367 seductorem.
467 339 548 366 Arma
562 339 684 374 intellige
699 339 753 366 vim
769 340 904 367 irascendi

124 395 150 418 ct
169 386 391 422 concupiscendi.
409 386 604 413 Verumtamen
620 394 681 421 qua:
703 387 736 414 ad
755 395 835 414 suum
854 395 902 422 ap-

124 439 241 472 paratum
269 438 297 461 et
318 433 500 461 munitionem
534 433 640 465 habuit,
659 433 702 461 his
724 434 791 469 ipsis
807 439 902 462 contra

123 486 204 510 semet
219 482 302 509 stulte
319 490 365 509 us:u
383 483 457 509 est‘.

154 528 282 556 Inimicus
290 529 402 563 quippe,
415 529 533 564 improbi
543 528 776 564 serpenttsspecie
787 528 901 562 velatus,

121 574 261 609 verbisque
279 574 463 602 dolosissimis
477 575 559 602 Evam
569 575 716 607 allocutus,
729 574 902 602 divinitatem

121 627 165 646 eos
179 623 385 652 consecuturos,
398 620 420 647 si
439 620 472 647 de
489 621 565 655 ligno
579 621 666 648 vetito
681 624 834 656 gustarcnt,
852 628 903 648 no-

122 665 248 691 bilitatem
273 666 385 700 spiritus
415 666 440 692 in
459 666 583 694 fraudem
600 667 723 702 pellexit,
754 671 781 695 et
794 667 905 702 injudi-

121 711 188 737 cium
205 711 304 737 rationi
324 711 437 739 minime
464 718 677 741 consentaneum
700 714 770 742 ratio
793 713 903 749 delapsa

121 759 169 786 est,
195 754 257 782 dum
284 755 387 790 lignum
413 761 535 792 gustare,
548 762 576 785 et
593 758 678 786 Deum
693 758 750 786 lieri
764 759 815 786 sibi
834 759 903 786 utile

121 801 239 829 futurum
251 803 369 830 certauit.
385 803 512 830 Peccavit
524 804 589 831 item
599 812 663 839 pars
674 805 836 839 cupiditatis
847 814 904 833 ma-

119 849 274 882 xima,dum
291 858 382 877 eseam
404 851 487 883 illam,
507 856 534 879 et
555 852 709 881 divinitatis
728 853 902 888 adeptionem

119 901 192 928 atque
222 895 324 922 amavit
333 896 364 923 “.

151 940 273 968 Primum
290 942 405 969 tentavit
417 943 554 978 voluptas,
577 951 638 972 mox
657 952 726 972 vana
743 945 842 981 gloria.
855 945 902 972 llla

119 984 218 1020 lignum
236 986 367 1019 ostendit,
381 987 486 1014 fallacia
516 989 594 1023 quasi
621 989 686 1017 ﬂatu
715 990 833 1025 quodam
859 990 902 1017 in-

119 1039 208 1064 censa,
221 1032 294 1066 quod
312 1039 426 1068 aspectu
449 1035 623 1068 delectabile,
640 1042 668 1064 et
684 1036 787 1064 bonum
805 1036 839 1064 ad
855 1045 902 1063 ve-

117 1079 260 1106 scendum.
279 1080 352 1111 Haec,
377 1081 521 1110 divinitate
535 1083 629 1117 potiri,
649 1084 736 1119 majus
748 1092 808 1112 esse
823 1084 904 1112 rebus

116 1126 253 1153 universis
278 1126 333 1154 Ista
354 1127 421 1160 duo,
441 1127 562 1160 dotnina,
580 1129 663 1156 Evam
677 1129 775 1156 falsum
790 1137 905 1165 persua-

116 1171 208 1199 dendo
233 1173 488 1208 eircumveneruut,
519 1182 622 1210 perque
656 1175 729 1202 illam
754 1176 836 1204 etab
859 1176 904 1204 illa

114 1217 197 1245 etiam
211 1219 357 1246 Adamum.

153 1272 162 1288 ε
183 1264 205 1291 Α
221 1265 335 1292 muliere
355 1265 492 1300 quondam
520 1266 628 1294 initium
653 1267 776 1303 peccati,
804 1273 832 1296 et
855 1277 905 1304 per

116 1308 190 1336 illam
202 1317 299 1338 omnes
327 1312 461 1340 morimur
475 1311 508 1339 “.
523 1322 532 1339 ι
549 1313 635 1340 Parva
665 1318 707 1341 est
732 1314 823 1342 omnis
845 1323 904 1342 ma-

116 1354 175 1382 litia
191 1355 226 1382 ad
249 1357 372 1384 mulieris
392 1358 535 1385 malitiam.
558 1367 568 1384 σ
597 1359 692 1386 Melior
704 1364 747 1387 est
773 1360 905 1395 iniquitas

116 1401 178 1433 viri,
203 1409 284 1436 quam
313 1403 411 1430 mulier
439 1404 615 1432 benefaciens
640 1406 673 1432 ".
695 1415 704 1432 ι
734 1406 756 1433 Α
777 1407 904 1435 mulieri-

116 1447 166 1474 bus
188 1448 264 1476 cnim
291 1449 417 1484 procedit
444 1449 587 1485 iniquitas,
606 1451 678 1478 sicut
698 1459 713 1479 a
737 1453 904 1482 vestimento

118 1493 188 1520 tinea
203 1493 237 1520 ’⁸.

150 1539 206 1567 Nec
231 1547 296 1567 vero
311 1540 445 1575 impostor
467 1541 556 1569 solum
578 1542 685 1571 ratione
710 1547 738 1571 et
753 1544 904 1579 cupiditate

118 1585 233 1617 allectis,
261 1585 464 1614 fraudulentam
489 1588 559 1616 hanc
576 1588 642 1617 lusit
653 1590 815 1618 comoediam
834 1591 903 1618 :sed

957 340 1082 368 rantibus
1112 342 1226 369 exitium
1251 342 1310 370 sine
1337 345 1526 372 controversia
1549 346 1631 379 parit,
1647 351 1744 381 estque

956 387 1093 414 universis
1109 388 1193 415 animi
1209 389 1314 416 morbis
1341 389 1465 417 deterior
1487 398 1519 417 ac
1547 391 1743 425 perniciosior.

956 434 1026 461 lluic
1040 435 1088 469 qui
1118 435 1213 466 servit,
1232 435 1317 463 Deum
1343 436 1425 463 habet
1451 436 1640 463 adversarium
1654 445 1687 467 :e
1702 437 1746 464 di<

955 488 1046 513 verso,
1069 480 1211 508 inimicum
1229 481 1343 508 humani
1369 482 1479 517 generis
1509 483 1614 509 socium
1632 488 1660 510 et
1675 483 1743 509 ami-

955 533 1029 554 cum.
1048 536 1057 552 t
1074 526 1208 561 Superbis
1232 528 1318 559 enim,
1333 528 1372 554 ait
1400 528 1555 563 Scriptura,
1575 528 1647 556 Deus
1674 529 1744 556 resi-

955 572 1047 604 stit",
1069 582 1078 598 ι
1107 572 1341 608 quemadmodum
1374 574 1504 602 celeriter
1537 575 1676 603 seductori
1700 583 1744 602 re-

955 620 1034 647 Siilil.

1212 689 1326 718 CAPUT
1343 689 1387 718 VI.

955 747 1078 774 Animam
1092 748 1176 782 potius
1191 756 1272 783 quam
1291 756 1385 783 corpus
1405 748 1435 775 ob
1460 749 1544 775 scelus
1559 749 1744 783 primmorum

991 788 1130 823 parentum
1147 791 1237 823 pientis
1253 783 1343 811 luiua.
1362 783 1421 816 Quo
1436 789 1513 823 pacto
1525 785 1661 823 utriusque
1681 791 1745 823 cor:

992 827 1042 854 pus
1056 818 1241 858 miserabiliter
1262 823 1453 858 commutatum
1474 820 1518 845 sit.
1534 818 1645 858 Mortem
1663 818 1744 858 videri

989 853 1093 888 poenam
1126 853 1207 880 levent
1239 859 1262 880 et
1302 854 1500 880 conducibilem.
1532 855 1655 880 Animum
1686 853 1745 878 hinc

990 894 1137 921 exeuntem,
1153 889 1216 916 bene
1230 895 1276 916 aut
1293 889 1362 916 male
1372 889 1537 916 habituram.

991 949 1088 975 Amm.
1105 947 1182 980 Quod
1208 955 1241 974 ex
1262 948 1316 975 luis
1331 948 1423 975 verbis
1446 952 1488 975 est
1510 947 1649 980 colligere,
1666 945 1744 972 vidc-

957 999 1001 1022 tur
1016 1001 1080 1021 caro
1091 1001 1168 1028 passa
1184 994 1324 1029 iniuriam.
1340 993 1369 1021 Si
1396 994 1469 1021 enim
1498 993 1589 1020 anima
1616 990 1743 1025 deliquit,

955 1048 1005 1068 cur
1016 1047 1096 1076 pmna
1114 1039 1147 1066 ad
1162 1047 1272 1067 carnem
1281 1039 1406 1075 pervenit
1417 1039 1474 1066 ?E:t
1494 1038 1642 1073 siquidem,
1654 1041 1683 1063 ut
1693 1043 1742 1071 pa-

955 1087 1019 1119 tuit,
1028 1091 1117 1114 morte
1126 1087 1253 1114 damnata
1262 1091 1313 1119 est,
1326 1091 1408 1120 atque
1418 1085 1446 1112 in
1460 1085 1613 1115 interitum,
1624 1088 1651 1110 ct
1660 1082 1744 1109 vitam

955 1133 1086 1161 aerumnis
1102 1133 1210 1168 plenam
1237 1133 1302 1159 ruit.
1319 1131 1417 1159 Anima
1431 1138 1507 1161 vero,
1532 1135 1612 1157 antea
1630 1129 1745 1155 immor-

957 1177 1028 1209 talis,
1044 1177 1126 1204 etiam
1141 1181 1202 1211 post
1218 1177 1325 1211 lapsum
1349 1175 1585 1204 immortalitatem
1611 1173 1744 1200 retinuit:

956 1227 984 1251 et
1002 1231 1065 1250 eum
1097 1230 1192 1258 pmnas
1211 1222 1278 1250 dare
1307 1221 1408 1249 merito
1432 1221 1557 1252 deberet,
1582 1219 1673 1248 nullas
1694 1218 1744 1246 de-

956 1269 997 1297 dit
1008 1270 1052 1298 "‘.

991 1315 1072 1343 Cano.
1090 1315 1148 1342 lmo
1173 1323 1249 1348 vero,
1274 1319 1329 1342 lota
1349 1313 1553 1342 animadversio
1568 1320 1623 1339 non
1637 1311 1670 1338 ad
1683 1318 1745 1338 cor-

955 1370 1017 1397 pus,
1032 1362 1080 1390 sed
1097 1361 1131 1389 ad
1155 1362 1274 1389 animam
1297 1361 1420 1396 pertinet
1448 1360 1550 1395 potius,
1579 1357 1688 1385 tametsi
1705 1356 1745 1383 vi-

955 1408 1053 1436 deatur
1081 1408 1149 1436 nihil
1175 1415 1331 1443 pmnarum,
1351 1411 1382 1434 ut
1399 1407 1450 1439 ais,
1469 1405 1644 1442 persolvisse.
1660 1403 1745 1438 Cujus

955 1455 995 1482 rei
1009 1455 1197 1491 paradigmate
1218 1454 1337 1489 quodam
1365 1453 1414 1480 tibi
1436 1452 1517 1480 ﬁdem
1531 1451 1640 1479 faciam.
1653 1449 1681 1477 Si
1697 1455 1745 1476 rex

955 1502 1092 1537 quispiam
1104 1506 1202 1528 natura
1220 1501 1358 1528 humanus
1372 1508 1386 1527 a
1403 1498 1508 1527 crudeli
1531 1502 1646 1533 tyranno
1668 1503 1746 1522 mau-

956 1549 1059 1584 cipium
1077 1553 1149 1575 emat
1166 1549 1246 1583 longe
1269 1546 1552 1577 calamitosissimum,
1567 1541 1745 1571 aerumnosis-

956 1595 1066 1627 sintum,
1080 1594 1198 1621 maxime
1217 1593 1384 1624 miserabile,
1396 1591 1460 1620 exili
1476 1597 1604 1626 corpore,
1626 1588 1745 1617 nudum.

119 1631 228 1667 insuper
250 1633 330 1660 ῑθτιῖθ
345 1633 471 1666 lacunas.
487 1634 620 1663 irascendi
640 1635 779 1668 Videlicet.
795 1636 902 1672 91³8³111
918 1647 939 1677 c
955 1642 1042 1669 macie
1050 1640 1218 1670 confectum.
1230 1644 1326 1666 natura
1339 1635 1694 1668 morbidum,vehemcuter
1705 1631 1747 1659 bi-

119 1680 211 1707 sensit.
239 1680 298 1714 Qua
330 1688 392 1708 cum
419 1682 552 1709 adversus
582 1682 659 1710 illum
690 1683 731 1710 uti
761 1688 903 1719 oporteret

117 1725 180 1759 (quo
204 1726 323 1753 consilio
346 1726 478 1754 Dominus
501 1727 588 1761 ipsam
618 1727 745 1764 dederat)
769 1729 824 1757 Eva
852 1737 902 1765 po‘

119 1773 171 1800 tius
183 1781 244 1800 cum
263 1781 298 1800 eo
323 1773 414 1802 fredus
429 1774 520 1808 inivit,
538 1775 572 1802 ad
591 1774 727 1812 deteriora
750 1776 852 1810 illecta,
875 1782 904 1805 et

117 1823 246 1853 utentem,
275 1819 323 1854 qui
352 1825 395 1847 est
420 1820 517 1848 oculus
542 1820 667 1852 interior.
693 1823 902 1852 convulnerata.

120 1864 149 1892 Et
163 1865 238 1898 hinc,
255 1865 331 1893 sicut
344 1865 475 1898 diximus.
496 1874 545 1902 spe
565 1867 719 1896 divinitatis
735 1869 903 1902 obtinenda,

117 1911 150 1939 de
166 1913 240 1948 ligno
257 1913 382 1940 scientia:
400 1913 465 1941 boni
480 1918 508 1941 et
520 1915 583 1941 mali
593 1915 724 1950 gustavit.
740 1915 836 1943 Anima
854 1915 906 1951 igi-

118 1962 160 1986 tur
185 1960 282 1986 carnis
297 1967 397 1992 expers
420 1965 534 1994 peccato
549 1968 578 1988 se
603 1960 745 1996 obligavit.
763 1960 907 1989 Verumta-

118 2011 177 2032 men
193 2012 254 2040 age,
276 2003 399 2037 domina,
410 2005 533 2038 attende.
545 2010 575 2033 et
587 2006 650 2033 vide
663 2006 835 2041 superbiam,
846 2015 907 2035 mo-

117 2057 213 2086 resque
226 2051 321 2078 inanis
336 2051 439 2086 glorim,
460 2051 507 2086 qui
526 2059 575 2079 nos
590 2059 687 2080 omnes
713 2052 904 2087 perdiderunt.

117 2096 180 2129 Quae
209 2098 279 2126 olim
303 2098 475 2133 primum,et
497 2098 678 2133 praecipuum,
693 2099 906 2134 cmlestiumque

119 2145 291 2172 exercituum
319 2144 473 2180 principem
497 2145 623 2180 angelum
650 2145 722 2173 coelo
737 2146 906 2179 deturbavit,

119 2196 145 2217 et
159 2196 256 2220 natura
280 2191 415 2224 lucidum,
442 2192 620 2220 tenebrosum
644 2193 765 2220 reddidit
784 2202 790 2220 :
808 2201 862 2229 qua
878 2198 906 2221 et

120 2235 162 2263 ille
177 2237 289 2271 cecidit,
321 2242 349 2265 et
374 2245 470 2266 omnes
495 2238 594 2266 cadere
625 2239 834 2274 concupiscit,a
851 2248 905 2276 quo

153 2303 272 2334 "Eceti.
286 2306 402 2339 uv,55.
440 2306 463 2323 "
479 2305 564 2334 Eccli.
587 2315 653 2340 xui,
669 2308 713 2336 14.

753 2308 774 2324 ’³
792 2307 862 2336 Ibid.
884 2309 927 2338 l3.

953 1689 1063 1720 liosum,
1074 1687 1210 1722 petulans,
1220 1685 1468 1721 improbissimum,
1476 1681 1669 1717 vituperabile,
1679 1687 1745 1715 pro-

954 1734 1079 1764 brosum,
1095 1732 1238 1768 indignum
1255 1735 1378 1766 aspectu,
1399 1729 1474 1764 lepra
1489 1732 1516 1755 et
1530 1727 1621 1756 scabie
1633 1733 1746 1760 cooper-

955 1786 1023 1813 tum,
1031 1780 1142 1814 plenum
1151 1777 1284 1806 dedecore
1294 1787 1301 1810 ι
1312 1777 1346 1809 si,
1356 1776 1479 1810 inquam,
1489 1771 1678 1809 hujuscemodi
1688 1779 1748 1799 scr-

954 1833 1017 1853 vum
1029 1828 1112 1857 emat,
1127 1831 1245 1858 eumque
1267 1821 1383 1857 placidis
1403 1819 1490 1847 oculis
1515 1818 1655 1854 respiciat,
1672 1823 1747 1844 curae

955 1880 988 1900 ac
1012 1870 1160 1906 diligentia:
1197 1877 1279 1904 quam
1313 1867 1462 1903 plurimum
1496 1866 1534 1892 illi
1561 1864 1747 1898 adhibeat,ct

957 1918 1092 1954 quidquid
1114 1916 1198 1951 habet
1219 1915 1319 1948 morbi,
1343 1914 1467 1942 sordium
1486 1921 1518 1941 ac
1548 1911 1690 1943 fmditatis,
1711 1910 1746 1939 ab

957 1965 1004 1992 illo
1017 1964 1149 1999 depellat,
1176 1967 1205 1990 et
1223 1961 1387 1996 destringat.
1404 1965 1481 1987 veste
1497 1957 1685 1993 pulcherrima
1701 1956 1746 1984 in-

957 2011 1032 2043 duat,
1050 2009 1224 2044 stationeque
1235 2013 1263 2036 et
1278 2008 1339 2035 loco
1356 2006 1445 2042 primo
1457 2004 1585 2033 eumdem
1603 2003 1749 2038 dignetur,

957 2058 1166 2091 aulicorumque
1193 2054 1363 2090 praecipuum
1394 2052 1474 2079 faciat
1490 2060 1496 2077 :
1515 2051 1559 2078 ille
1577 2054 1668 2077 autem
1692 2049 1747 2076 ista

955 2101 1140 2137 vilipendens,
1152 2105 1258 2127 tantum
1273 2097 1437 2126 beneﬁcium
1453 2097 1529 2124 nullo
1547 2095 1629 2123 modo
1645 2102 1745 2129 capere

956 2157 989 2176 ac
1007 2147 1142 2176 sustinere
1163 2149 1256 2181 queat,
1275 2148 1425 2179 contraque
1439 2150 1529 2178 regem
1540 2140 1745 2168 benelaetnrem

957 2195 1105 2222 maximum
1121 2198 1149 2221 et
1163 2192 1306 2220 dominum
1322 2190 1456 2218 malevolo
1476 2188 1606 2216 manibus
1618 2191 1646 2214 et
1660 2186 1743 2213 calci~

955 2241 1008 2269 bus
1022 2241 1155 2276 insurgat,
1171 2240 1239 2267 etin
1259 2238 1337 2266 illum
1358 2236 1463 2272 aliquid
1478 2235 1542 2264 novi
1557 2233 1670 2262 sceleris
1687 2239 1745 2260 iuu-

967 2309 990 2326 "
1003 2308 1062 2336 Jac.
1077 2315 1115 2340 tv,
1132 2307 1160 2334 6.

874 2365 1013 2397 Scholia.

150 2427 159 2436 ‘
175 2424 335 2459 Gregorius.
355 2425 450 2452 Anima
464 2425 613 2460 intelligens
625 2433 676 2452 non
686 2425 764 2452 habet
777 2426 901 2453 substan-
916 2427 942 2457 D
955 2426 1032 2454 illam
1048 2426 1133 2460 gloria
1145 2425 1255 2460 fruetur.
1275 2423 1307 2451 Iri
1317 2424 1386 2459 quod
1400 2427 1424 2450 et
1434 2422 1498 2460 alibi
1509 2423 1607 2460 factum
1618 2421 1743 2460 invenies.

119 2463 163 2488 tim
185 2467 243 2485 sua:
270 2461 353 2496 sarias
373 2461 440 2487 iram
463 2465 486 2487 at
511 2462 692 2496 cupiditatem,
720 2469 779 2496 quo:
806 2462 904 2488 animae

120 2496 224 2523 ratione
251 2495 491 2531 carentirApropria
515 2501 586 2524 sunt.
600 2496 693 2523 Partes
714 2496 822 2531 quidem
832 2496 905 2524 illius

119 2535 193 2562 sunt,
212 2533 343 2564 quatenus
354 2529 376 2555 ei
385 2535 489 2563 agnata!
497 2535 569 2558 sunt.
588 2529 770 2558 Verumtamen
782 2533 906 2559 substan-

120 2567 156 2592 tia
172 2570 196 2592 et
218 2567 330 2594 natura,
346 2564 411 2590 sicut
424 2573 494 2591 mens
506 2571 529 2592 et
545 2567 625 2597 ratio,
638 2575 696 2593 cum
716 2575 746 2593 ea
766 2575 818 2594 non
835 2575 905 2594 cont-

120 2601 257 2627 municunt
273 2607 282 2626 :
298 2599 343 2625 sed
358 2603 386 2625 ut
397 2599 521 2633 adjuncta
535 2605 559 2626 et
575 2601 729 2628 adventitiu.

153 2637 172 2645 "
190 2633 342 2668 Stzpissime
360 2642 421 2668 pars
435 2635 540 2666 animae,
553 2636 579 2662 in
597 2645 649 2670 qua
665 2641 725 2662 sunt
734 2636 903 2670 cupiditates,

121 2674 248 2705 «grator.
273 2673 297 2696 et
315 2674 376 2707 tunc
402 2673 514 2697 mentem
532 2677 584 2707 una
610 2679 697 2698 secum
717 2672 811 2704 trahit,
824 2676 903 2707 atque

122 2707 154 2732 ad
172 2713 329 2732 consensum
344 2706 370 2731 in
383 2709 516 2732 peccatum
532 2706 642 2732 inescat.

172 2713 329 2732 consentitur
344 2713 370 2731 ιη
400 2713 516 2731 eccatum
532 2713 642 2732 inescat.

205 2740 350 2776 Chrysost.
370 2713 439 2773 (fuit!
465 2740 568 2774 igitur?
583 2741 683 2776 injuria
706 2742 819 2804 agit-itur
829 2750 902 2774 caro,

157 2779 227 2804 apter
240 2776 360 2803 animam
383 2775 544 2804 συνναυιίοηὶ
563 2776 701 2804 obnoxia?
743 2786 902 2804 eauoouam.

123 2779 227 2813 genter
240 2776 360 2803 animam
383 2775 544 2813 συγγηριίοηὶ
563 2776 674 2813 obnoatia
689 2777 701 2804 .’
715 2775 904 2813 Nequaquam.

124 2809 227 2836 Etenim
249 2816 362 2848 propter
375 2809 493 2837 animum
520 2819 593 2843 caro,
610 2812 730 2848 dicimus.
746 2809 905 2848 Qttw'igitur

125 2849 228 2882 propter
246 2846 331 2882 ipsum
351 2847 421 2880 facta
435 2851 484 2877 est,
503 2849 631 2880 quomodo
650 2847 776 2879 iniurium
794 2846 903 2882 accepit,

125 2879 146 2905 si
158 2879 205 2917 hoc
220 2879 355 2917 atlgipsiua'
373 2879 579 2917 emendationem
594 2889 674 2916 pasto
684 2886 733 2913 est,
748 2886 772 2909 et
787 2891 833 2917 pro
847 2879 904 2914 ipsa

126 2915 243 2951 poiitur?
255 2915 321 2942 Nam
333 2917 396 2950 quia
406 2915 453 2942 illa
465 2922 598 2951 peccorat.
609 2916 728 2943 mortalia
738 2915 793 2951 ipsa
803 2917 903 2944 enauit:

126 2955 182 2981 φιτ
198 2949 220 2975 :‘i
240 2957 344 2977 rursum
353 2949 469 2986 justitin
487 2949 840 2989 servierit,'magna'dcnuo
862 2960 906 2987 per

955 2461 1027 2488 Nam
1040 2455 1189 2497 cuum/tanto
1205 2455 1423 2497 peccasset.t_erra
1439 2455 1577 2497 maledicta
1589 2460 1630 2497 est
1638 2464 1668 2497 ᾗ(
1683 2455 1744 2497 Ma:

955 2496 1051 2524 [edicto
1063 2496 1145 2528 enim,
1162 2491 1256 2530 inquit,
1270 2498 1342 2522 terra
1355 2495 1383 2530 in
1392 2494 1512 2530 operibus
1532 2493 1595 2518 tuis.
1606 2491 1707 2530 _Spinas
1719 2495 1745 2518 et

954 2532 1064 2559 tribulos
1092 2527 1249 2569 germinabit
1285 2529 1393 2569 tibiam
1420 2529 1509 2569 dolore
1522 2527 1692 2569 comedeshea:
1712 2534 1744 2566 ea

953 2568 1073 2594 omnibus
1087 2561 1175 2603 diebus
1187 2566 1247 2592 vitta
1262 2570 1314 2603 (μα’
1325 2564 1400 2603 (Gen;
1414 2571 1454 2603 ut,
1471 2564 1515 2594 17,
1534 2563 1594 2603 18).»
1608 2571 1628 2603 In
1639 2561 1745 2603 Etenim

953 2603 1102 2629 maledictio
1114 2602 1141 2628 in
1157 2602 1253 2634 ipsum,
1274 2596 1386 2627 hominis
1399 2598 1561 2634 voluptatem
1570 2601 1594 2623 et
1608 2596 1744 2634 licentiam

954 2637 1131 2674 labefactavit.
1148 2631 1203 2674 ΙΙος
1214 2636 1278 2663 item
1288 2636 1315 2662 in
1326 2634 1427 2674 diluuia
1436 2631 1585 2674 perspicies.
1602 2631 1742 2674 lilamlcum

953 2666 1070 2699 hancine;
1094 2673 1124 2698 in
1144 2671 1245 2698 scelera
1276 2678 1304 2697 se
1323 2666 1501 2704 effudissent,‘
1515 2666 1645 2695 animalia
1678 2666 1742 2693 bru—

954 2712 981 2735 ta
1009 2715 1110 2742 quoque
1143 2715 1202 2733 cum
1229 2705 1296 2742 nihil
1327 2709 1476 2742 peccassent
1501 2704 1621 2742 eamdem
1653 2707 1743 2729 tamen

954 2738 1020 2770 cum.
1037 2738 1088 2776 ipsi
1119 2749 1222 2777 poenam
1250 2738 1386 2768 subierunt
1412 2740 1488 2775 (Gen.
1515 2747 1565 2769 vn,
1597 2738 1608 2764 l
1630 2744 1742 2777 seqq}.

955 2779 1067 2814 Semper
1078 2778 1176 2812 quippe
1193 2776 1271 2814 lienis,
1285 2777 1526 2814 peccanteanima.
1536 2781 1634 2814 corpus
1655 2776 1742 2806 punit.

955 2808 1038 2850 Sicrét
1053 2808 1091 2850 in:
1108 2808 1173 2840 Cain
1200 2811 1259 2845 fecit
1272 2808 1348 2846 (Cen.
1362 2819 1398 2842 tv,
1412 2811 1425 2837 1
1568 2808 1666 2850 Anima
1681 2814 1742 2850 pec:

955 2849 1022 2876 cauit
1033 2848 1103 2875 caede
1115 2843 1281 2882 perpetrato,
1293 2850 1317 2872 et
1334 2854 1427 2880 corpus
1447 2843 1743 2884 git—{dissolutunif‘sn

957 2891 1061 2919 gemens
1077 2886 1102 2909 ct
1111 2876 1223 2908 inmens
1238 2876 1316 2919 super
1327 2876 1435 2908 terram.
1446 2876 1575 2919 Similiter
1584 2879 1653 2919 .et'iu
1666 2876 1743 2919 ριῐα.

959 2912 1098 2945 ῖςιρυαιαηι
1126 2922 1164 2944 est
1189 2925 1233 2943 cor
1258 2912 1360 2951 e'jus,et
1379 2924 1439 2944 mox
1452 2917 1479 2944 in
1499 2915 1563 2950 facit
1581 2913 1654 2941 illius
1668 2912 1743 2948 lepra

960 2953 1082 2988 apparuit
1096 2952 1139 2988 (ιι
1156 2952 1249 2980 Parol.
1265 2960 1338 2985 xxw,
1355 2953 1410 2987 19).
