2034 3153
273 223 326 252 7157

886 219 935 248 ΡΗ
942 220 950 248 1
958 219 1056 249 LIPPI
1079 220 1275 251 SOLITARII

1850 220 1900 252 768

272 278 388 310 diletur,
412 275 690 313 deprehendaturque
717 280 745 301 et
772 280 956 310 cognoscatur
977 275 1059 303 homo
1075 278 1096 306 Δ
1111 276 1233 304 lominus
1245 277 1349 305 clarum
1375 277 1525 313 fulgebant,
1539 282 1566 306 et
1578 279 1672 314 gratiae
1685 276 1897 312 splendoresp-

272 324 421 359 pessimus,
435 328 463 350 et
473 323 633 350 auferantur
647 321 682 348 ab
699 329 732 348 eo
754 321 886 356 pecunite,
903 321 1058 355 facultates,

276 372 375 406 gloria,
384 371 511 402 felicitas,
523 371 675 405 pannisque
683 370 890 402 vetustissimis,
903 370 1058 401 inutilibus.

271 416 383 446 laceris.
398 416 431 443 ad
449 416 533 443 risum
556 420 584 442 et
600 415 751 442 ludibrium
777 415 886 442 tandem
918 416 1059 450 induatur,

272 466 302 486 nt
318 461 365 496 qui
384 469 480 488 manus
496 461 630 488 adversus
650 461 798 496 benignum
812 461 954 489 dominum
979 467 1061 498 petu-

270 507 360 534 lanter
388 507 553 540 sustulerit;
568 507 769 543 damnatusque
795 507 823 535 in
845 516 997 542 carcerem,
1012 515 1060 538 aut

276 553 302 579 in
328 553 432 585 locum,
458 552 611 580 insulamve
637 553 775 581 desertam
801 557 829 581 et
853 554 1061 582 inhabitabilem

271 598 433 632 projiciatur
457 608 463 626 ε
491 603 521 625 ut
542 598 642 626 detrita
664 606 697 626 ac
722 599 811 626 lacera
839 600 934 632 vestis,
951 607 1012 634 qua:
1027 600 1060 628 ad

271 651 375 671 annum
408 644 556 679 septimum
584 649 632 671 aut
649 649 776 672 octavum
794 645 951 678 suffecerat,
965 651 1062 680 putre-

273 689 343 717 facta
376 691 511 723 solvatur,
542 690 662 726 indeque
694 691 740 718 ille
775 691 946 719 miserrimus
971 693 1063 721 nudus

273 735 443 767 obambulet,
459 736 549 763 donec
562 737 646 763 vitam
660 744 844 764 aerumnosam
862 741 902 764 tot
916 739 995 765 malis
1011 746 1061 773 op-

272 788 384 815 pressus
393 780 523 808 decurrat
535 789 542 814 ;
554 781 632 814 cedo,
642 782 763 816 domina,
772 783 850 818 cujus
858 788 900 811 est
911 785 1062 818 damnatio,

272 831 299 853 ct
313 827 374 860 quis
399 826 498 854 delicta
524 826 594 854 luit?
612 827 681 854 Num
694 829 811 856 stolidus
832 834 860 857 et
878 831 1008 864 petulans
1023 830 1062 858 fa-

272 871 376 903 mulus,
394 876 424 899 ut
439 873 487 907 qui
511 880 608 900 manus
626 874 684 909 regi
706 875 855 903 intulerit?
871 875 918 903 Ille
933 877 1062 911 proscri-

272 921 345 951 ptus,
362 917 389 945 in
416 926 554 946 carcerem
579 920 734 952 conclusus,
757 926 785 949 et
807 922 882 956 juste
907 922 977 950 mala
997 931 1062 958 per-

273 971 379 997 pessus,
393 965 440 999 qui
462 970 559 992 natura
576 965 739 1002 intelligenti
761 970 790 995 et
815 969 956 996 voluntate
975 969 1062 998 libera

272 1009 403 1042 [irzeditus
427 1015 470 1037 est
492 1019 500 1038 τ
523 1019 558 1038 an
590 1013 732 1046 pecuniae,
758 1012 923 1047 facultates,
942 1015 1061 1048 divitiae,

272 1057 299 1079 rt
313 1054 410 1088 gloria,
427 1064 488 1090 quae
500 1057 593 1084 animo
609 1062 723 1085 externa
736 1064 811 1091 sunt,
826 1060 926 1094 quibus
941 1065 983 1088 est
1000 1069 1064 1096 spo-

272 1100 379 1129 liatus?

307 1147 347 1174 Au
360 1156 404 1175 MA.
423 1148 516 1177 Potius
533 1152 618 1178 homo
631 1152 700 1186 ipse,
717 1155 748 1179 ut
759 1151 967 1185 demonstrasti,
983 1152 1062 1180 dam-

272 1197 364 1226 natur,
380 1199 408 1220 et
435 1203 529 1229 poenas
560 1197 689 1229 sustinet,
712 1198 838 1232 quamvis
868 1206 970 1234 corpus
995 1207 1063 1226 non-

273 1237 337 1264 dum
354 1238 497 1273 suppliciis
511 1241 666 1275 subjectum
688 1247 741 1275 est,
759 1249 809 1270 nec
821 1243 972 1278 quidquam
987 1243 1062 1272 aliud

274 1282 423 1310 exitiosum
441 1286 567 1319 pertulit.

309 1328 392 1357 Cano.
408 1330 456 1358 Dic
468 1331 581 1364 mihi,et
591 1333 1062 1370 judica,qnemadmodumjudicas,

275 1382 339 1400 num
360 1379 441 1409 putas
464 1377 539 1411 justc
572 1377 655 1405 latam
675 1386 736 1406 esse
760 1380 935 1412 sententiam,
948 1388 1002 1415 qua
1018 1381 1063 1409 ille

275 1421 446 1455 proscriptus
461 1426 490 1449 et
503 1423 589 1457 gloria
601 1431 650 1451 sua
666 1425 769 1460 ejectus
781 1426 840 1453 est?

310 1466 405 1493 ANIMA.
424 1467 591 1502 Justissime,
617 1469 791 1504 probissime.
809 1471 867 1499 Nisi
895 1472 968 1499 enim
990 1476 1063 1500 esset

277 1511 415 1540 humanus
434 1514 478 1541 ille
500 1522 557 1547 rex,
571 1515 598 1541 in
617 1515 740 1543 membra
767 1518 892 1551 corporis
912 1517 1061 1546 vindictam

273 1557 453 1590 rxercuisset,
481 1566 535 1585 non
565 1563 670 1587 tantum
695 1561 816 1588 externis
846 1561 934 1596 ipsum
951 1563 1064 1590 multas-

1112 321 1288 349 culabantur.
1305 323 1339 350 Et
1351 323 1422 350 hanc
1437 323 1550 358 quidem
1569 331 1680 351 carnem
1696 322 1852 350 induuntur
1866 330 1897 349 ex

1112 373 1196 394 causa
1212 376 1293 402 quam
1315 369 1382 396 dixi.
1394 369 1477 396 Fluxa
1504 373 1595 396 autem
1615 373 1643 396 et
1660 368 1838 403 corruptibili
1850 376 1897 394 na-

1112 415 1186 444 tura,
1204 412 1290 440 instar
1303 413 1443 447 foliorum,
1455 414 1490 442 ab
1505 414 1694 442 universitatis
1708 414 1806 449 opifice
1825 417 1898 448 post-

1113 458 1223 486 modum
1253 459 1419 487 vcstiuntur.
1435 461 1495 488 Non
1520 462 1567 496 qui
1595 465 1727 488 mutasset
1745 457 1898 495 pulverem,

1113 509 1161 532 aut
1186 509 1312 533 naturam
1339 507 1409 542 ejus,
1438 507 1486 534 sed
1500 507 1548 542 qui
1580 507 1699 542 priorem
1716 507 1897 534 subtilitatem

1113 550 1283 578 abstulisset.
1302 551 1336 578 Et
1346 551 1381 578 ab
1397 551 1472 579 Eden
1487 556 1516 579 et
1537 551 1645 579 deliciis
1666 551 1721 579 illis
1736 551 1897 587 ejiciuntur,

1114 600 1144 622 ut
1158 595 1232 631 ligno
1261 597 1325 624 vitae
1353 597 1506 630 orbentur;
1519 597 1594 632 quod
1613 598 1686 625 Deus
1707 601 1831 629 curaret,
1845 605 1898 624 non

1114 647 1203 670 autem
1218 643 1302 678 (quod
1315 643 1398 678 absit)
1408 644 1554 677 invideret,
1569 644 1758 678 impetumque
1771 643 1898 677 peccandi

1113 693 1142 715 et
1168 688 1278 716 errandi
1304 689 1460 716 cohiberet.
1477 689 1550 716 Mors
1578 692 1738 716 autemnon
1755 693 1798 715 est
1817 695 1899 718 mors,

1115 734 1224 761 tametsi
1235 734 1359 769 qutedam
1373 742 1453 770 paena
1466 739 1510 762 est
1523 734 1585 762 :sed
1597 734 1751 761 remedium
1763 734 1899 768 quoddam

1114 779 1276 815 benignum,
1293 788 1349 816 quo
1377 780 1411 808 ad
1429 780 1605 808 conducibile
1632 780 1712 808 nobis
1730 779 1898 811 transimus;

1113 830 1141 854 et
1170 834 1250 862 poena
1267 831 1309 854 est
1325 827 1405 862 plena
1424 826 1613 858 humanitatis,
1637 830 1669 853 ut
1689 825 1773 854 etiam
1799 825 1899 852 malum

1113 880 1168 900 non
1198 873 1234 900 sit
1249 873 1357 900 tandem
1379 873 1553 900 immortale:
1571 872 1620 900 sed
1639 876 1669 899 ut
1693 871 1796 899 mortui
1808 879 1824 898 a
1838 879 1900 905 pee-

1115 923 1177 946 cato
1190 919 1384 954 jnstificemur.
1397 918 1489 946 Servit
1499 918 1583 954 igitur
1595 918 1695 946 anima:
1708 926 1773 945 caro
1785 917 1900 953 pessima

1116 964 1144 991 in
1160 972 1248 992 annos
1263 964 1372 999 viginti,
1388 968 1436 991 aut
1461 963 1589 998 amplius.
1607 963 1650 991 vel
1671 968 1781 990 centum
1793 963 1875 990 etiam
1893 972 1899 988 :

1115 1019 1273 1046 quanquam
1299 1011 1362 1046 quis
1386 1018 1420 1038 eo
1443 1017 1531 1045 usque
1543 1010 1628 1037 vitam
1645 1009 1774 1044 producit
1788 1009 1800 1036 ?
1817 1009 1899 1042 Quam

1114 1059 1188 1086 enim
1204 1066 1321 1093 cumque
1349 1058 1396 1086 diu
1420 1058 1528 1085 vincula
1544 1057 1591 1085 illa
1602 1057 1776 1087 duraverint,
1792 1057 1898 1084 tandem

1115 1110 1297 1140 rumpuntur,
1318 1109 1347 1132 et
1361 1112 1462 1140 corpus
1480 1105 1506 1132 in
1518 1112 1551 1132 ea
1566 1104 1728 1136 resolvitur,
1742 1111 1758 1131 e
1771 1104 1873 1138 quibus
1886 1112 1901 1131 a

1115 1151 1252 1186 principio
1289 1155 1332 1178 cst
1350 1150 1521 1178 formatum:
1546 1155 1674 1178 terrenus
1708 1155 1851 1185 postremo
1875 1150 1901 1177 in

1115 1201 1216 1223 terram
1246 1196 1327 1224 redit.
1343 1195 1465 1231 Corpore
1481 1200 1574 1224 autem
1605 1196 1774 1228 intereunte,
1794 1197 1902 1230 penitus

1114 1243 1229 1270 nudaris
1255 1247 1283 1270 ct
1311 1242 1443 1270 desolaris
1466 1242 1609 1270 manifeste
1625 1249 1674 1277 per
1690 1242 1762 1279 quod
1779 1249 1901 1277 appares,

1115 1289 1246 1324 quodque
1257 1288 1315 1324 ipsa
1328 1289 1465 1322 contines,
1481 1296 1532 1317 nec
1549 1289 1605 1316 ullo
1626 1288 1708 1316 modo
1717 1289 1751 1316 ab
1766 1289 1827 1324 ipso
1839 1296 1902 1316 con.

1115 1335 1213 1362 tincris
1226 1335 1245 1362 ‘.

1152 1380 1246 1408 Soluta
1257 1381 1350 1416 igitur,
1360 1389 1469 1409 sursum
1480 1381 1514 1409 ad
1522 1381 1699 1409 Conditorem
1707 1381 1899 1417 proficisceris.

1115 1427 1310 1455 Verumtamen
1338 1428 1360 1455 si
1375 1428 1540 1455 custodieris
1558 1428 1640 1456 etiam
1666 1432 1787 1455 mentem
1803 1428 1845 1461 (ut
1864 1427 1901 1454 las

1114 1477 1158 1501 est
1186 1473 1213 1500 id
1240 1473 1312 1507 quod
1339 1473 1373 1500 ad
1400 1473 1608 1501 similitudinem
1630 1473 1678 1501 Dei
1692 1478 1735 1501 est
1749 1472 1901 1507 conditum)

1115 1526 1169 1546 non
1185 1519 1373 1554 depravatam,
1390 1527 1404 1547 a
1419 1519 1494 1548 vitiis
1504 1520 1631 1548 liberam.
1647 1521 1847 1553 Proficisceris,
1864 1520 1903 1546 in-

1115 1572 1208 1600 quam,
1241 1565 1397 1601 intelligens
1423 1566 1456 1593 ad
1499 1566 1684 1602 intelligentes
1715 1567 1902 1601 (ducibusan-

274 1605 325 1628 sct.
342 1602 435 1637 itaque
461 1605 662 1633 contumelioso
680 1605 718 1633 illi
741 1613 842 1641 corpus
869 1607 983 1635 illaesum
999 1609 1063 1636 rcli-
1077 1618 1099 1648 ς
1115 1611 1193 1646 gelis)
1229 1612 1393 1646 quibuscum
1424 1612 1473 1640 tibi
1505 1613 1679 1648 cognationis
1699 1618 1727 1641 et
1750 1618 1856 1641 natum
1877 1617 1903 1640 et

275 1653 345 1682 quit.

310 1694 392 1722 Cano.
407 1694 483 1722 Bene
513 1698 673 1731 respondes,
690 1703 717 1726 et
744 1705 773 1727 ut
793 1707 821 1727 se
840 1708 884 1728 res
897 1700 990 1731 habet.
1007 1701 1065 1729 fers

275 1740 453 1768 sententiam.
490 1742 682 1771 Verumtamen
709 1752 792 1780 super
817 1746 907 1773 anima
939 1752 967 1774 et
982 1755 1065 1775 carne

276 1785 334 1813 inec
348 1786 460 1814 Scienda
479 1792 552 1815 sunt.
566 1788 701 1822 Quoniam
720 1791 811 1818 anima
830 1791 857 1818 in
883 1792 935 1825 his,
954 1797 1066 1828 propter

274 1841 334 1866 qua:
350 1839 491 1874 procreata
509 1834 609 1867 fuerat,
625 1844 786 1871 permanere
805 1839 905 1869 noluit.
922 1847 974 1867 nec
997 1848 1063 1868 con-

275 1884 349 1906 tenta
366 1888 427 1908 esse
446 1881 544 1909 illustri
574 1882 708 1917 dignitate
724 1891 806 1918 quam
832 1885 930 1912 sortita
954 1889 1022 1918 erat,
1037 1890 1065 1913 et

276 1926 483 1959 pulchritudine
500 1929 593 1955 mundi
612 1929 734 1964 legitime
756 1930 822 1963 frui,
838 1936 868 1958 ut
881 1936 995 1967 paterna
1007 1933 1066 1960 haz-

276 1972 404 2006 reditate,
434 1979 530 2002 natura
559 1980 587 2003 et
603 1977 690 2011 gratia
705 1977 757 2004 sibi
773 1977 885 2010 tradita,
901 1982 929 2006 et
943 1987 1065 2014 praesens

274 2022 404 2053 tanquam
418 2028 472 2047 non
484 2029 604 2055 prazsens
612 2030 709 2057 rapere
719 2023 817 2055 voluit,
828 2025 1064 2059 parcmqueillum

274 2071 338 2090 eum
361 2065 479 2093 Domino
499 2067 632 2095 honorem
655 2069 689 2095 ad
711 2076 739 2096 se
755 2070 880 2097 derivare
902 2071 1065 2106 insipienter

275 2109 395 2141 studuit,
410 2110 480 2138 elata
492 2112 589 2146 gloria,
604 2121 658 2147 qua
671 2113 792 2148 desuper
808 2114 884 2142 dives
898 2120 967 2149 erat,
983 2125 1065 2145 carne

276 2163 291 2181 a
313 2155 367 2182 Deo
382 2155 444 2183 ficta
474 2162 557 2192 atque
582 2166 596 2185 a
619 2159 756 2193 principio
777 2161 970 2193 condecorata,
987 2163 1065 2198 cujus

276 2199 416 2228 subtilitas
445 2201 626 2235 incredibilis,
643 2204 722 2238 cujus
745 2205 924 2239 pulchritudo
948 2207 1067 2235 admira—

277 2245 352 2277 bilis,
373 2241 481 2280 lapsum
503 2248 631 2282 privavit,
650 2257 683 2276 ne
706 2250 806 2277 iterum
825 2251 977 2280 laberetur.
997 2253 1064 2282 Luci

1116 1657 1211 1692 patria:
1234 1659 1352 1686 societas
1375 1659 1539 1691 intercedit;
1564 1659 1598 1686 ad
1622 1659 1739 1691 lucidos,
1763 1667 1902 1690 coruscos,

1114 1709 1143 1731 et
1162 1703 1267 1731 lumina
1291 1705 1376 1731 altera
1450 1705 1522 1732 Pura
1537 1705 1570 1732 ad
1599 1713 1692 1739 puros,
1716 1706 1742 1732 in
1765 1706 1864 1732 virtute
1888 1713 1901 1731 a

1115 1749 1172 1776 Deo
1194 1749 1268 1782 data,
1292 1754 1320 1776 et
1343 1749 1443 1785 gaudio
1466 1750 1587 1785 impleris
1602 1759 1696 1778 eorum
1711 1759 1771 1786 quae
1798 1752 1825 1778 in
1848 1759 1901 1778 co:-

1115 1794 1149 1822 lis
1176 1795 1292 1823 invenis.
1321 1795 1399 1828 Quod
1429 1796 1452 1824 si
1478 1801 1573 1824 contra
1599 1797 1688 1832 aliqua
1720 1802 1747 1824 et
1774 1798 1902 1832 operibus

1114 1840 1193 1876 nigra
1220 1845 1248 1868 et
1277 1841 1425 1876 caliginosa
1455 1842 1549 1875 fuerit,
1576 1850 1591 1870 a
1623 1843 1779 1870 tenebrosis
1805 1847 1834 1870 et
1861 1851 1903 1870 ca-

1115 1886 1240 1921 liginosis
1260 1887 1364 1922 angelis
1388 1887 1545 1915 abducitur.
1563 1888 1596 1915 Et
1615 1888 1678 1922 quia
1706 1888 1826 1915 tenebrce
1852 1894 1900 1920 est.

1115 1941 1179 1961 cum
1206 1933 1250 1960 his
1278 1933 1406 1961 tenebras
1434 1934 1548 1961 sortitur
1580 1935 1621 1969 (ut
1641 1933 1780 1962 illaudatis
1805 1935 1902 1961 motio-

1115 1979 1198 2007 nibus
1221 1980 1362 2015 implicita)
1384 1988 1447 2008 cum
1471 1988 1565 2008 earum
1585 1981 1723 2016 praefectis
1742 1986 1771 2009 et
1792 1987 1901 2009 curato-

1116 2025 1204 2054 ribus.
1232 2026 1300 2054 Nam
1326 2031 1431 2054 natura:
1453 2027 1608 2054 animarum
1631 2027 1799 2062 respondent
1817 2028 1899 2056 actio-

1115 2073 1198 2100 nibus
1224 2073 1292 2105 suis,
1318 2077 1347 2100 et
1374 2073 1540 2100 omnimodis
1565 2081 1736 2109 unaquaque
1757 2075 1820 2102 talis
1851 2080 1902 2106 est,

1117 2121 1213 2156 quales
1227 2121 1352 2148 actiones
1380 2121 1440 2156 ejus
1454 2125 1598 2156 apparent.
1613 2121 1641 2148 Si
1659 2129 1744 2156 opera
1759 2121 1829 2148 lucis
1845 2121 1901 2148 fuc-

1117 2167 1184 2198 rint,
1203 2166 1395 2193 illuminantur
1418 2171 1533 2198 natura;
1559 2166 1602 2193 sin
1629 2167 1819 2200 tenebrarum,
1843 2175 1902 2202 par-

1118 2212 1215 2247 ticipes
1237 2212 1306 2239 fiunt
1330 2212 1517 2239 tenebrarum.
1545 2212 1643 2240 Anima
1656 2213 1760 2248 quippe
1771 2213 1806 2240 ab
1827 2213 1902 2240 initio

1118 2258 1227 2293 corpori
1244 2257 1376 2291 immissa,
1388 2259 1465 2286 velut
1488 2258 1564 2285 visco
1579 2258 1710 2293 adhmret,
1724 2263 1752 2286 ct
1767 2263 1822 2286 tota
1835 2265 1901 2294 quo-

275 2291 350 2340 cnim
366 2293 517 2327 stellarum,
530 2299 558 2323 et
574 2296 645 2323 lunae
656 2296 814 2331 primaevam
828 2300 1063 2334 protoplastorum
1082 2297 1103 2325 Ι)
1117 2291 1264 2332 dummodo
1279 2304 1318 2332 illi
1328 2303 1439 2338 coaluit,
1451 2309 1479 2333 et
1486 2313 1535 2340 per
1547 2305 1687 2340 speculum
1703 2291 1828 2340 corporis
1840 2291 1902 2332 insi-

276 2339 512 2372 pulcbritudinem
523 2343 696 2376 assimilavit,
709 2347 896 2379 spectaculum
914 2347 1065 2381 ineffabile.

275 2386 423 2420 singulare,
443 2388 667 2424 incomparabile,
687 2391 747 2420 sine
757 2397 843 2425 veste,
862 2395 922 2422 sine
936 2395 1065 2427 artificio,

276 2439 328 2458 nun
345 2440 428 2467 egens
439 2436 614 2470 tegumentis,
627 2437 714 2472 gloria
726 2443 754 2465 ct
763 2439 968 2473 pulchritudine
979 2442 1064 2469 solem

274 2483 389 2509 oiiinlno
398 2490 521 2517 :equans.
540 2483 586 2512 Sic
600 2485 674 2512 enim
694 2485 732 2512 illi
749 2487 876 2521 quamvis
898 2488 965 2516 nudi
990 2490 1063 2517 nihi-

1116 2355 1219 2377 nuatur
1228 2354 1256 2377 et
1272 2351 1395 2385 respicit,
1418 2349 1584 2378 obscurante
1598 2355 1627 2377 et
1652 2350 1800 2385 obtegente
1823 2357 1902 2377 carne

1116 2402 1242 2425 naturam
1258 2397 1492 2432 incorporeamza
1511 2405 1566 2433 qua
1596 2397 1642 2424 ubi
1671 2402 1798 2432 separata
1810 2397 1901 2429 fuerit,

1117 2443 1218 2471 clarius
1235 2443 1439 2478 perspiciet

1151 2489 1201 2517 llic
1212 2489 1369 2525 paradigma
1381 2489 1607 2524 sive.exemplum
1624 2490 1697 2526 quod
1712 2490 1805 2522 attuli,
1822 2490 1900 2517 finem

1032 2559 1169 2591 Scholia.

310 2629 318 2637 ”
335 2627 494 2668 Gregorius.
508 2629 566 2656 Non
580 2631 649 2668 enim
667 2635 705 2658 est
721 2632 813 2668 anima
827 2633 855 2659 in
867 2641 975 2668 corpore
992 2638 1021 2660 ut
1033 2635 1061 2661 in

273 2671 344 2703 uase,
363 2668 409 2703 qut
432 2664 460 2690 in
477 2668 535 2690 utra
562 2665 729 2703 aliquoued
757 2673 850 2694 contra
869 2664 955 2703 potius
968 2677 1061 2702 corpus

273 2699 300 2724 in
324 2699 513 2739 animatqua:
532 2708 584 2727 non
602 2699 634 2727 ab
660 2702 715 2736 ipso
736 2699 896 2736 continetur,
912 2704 957 2732 sed
975 2699 1062 2739 ipsum

275 2735 362 2767 potius
377 2735 501 2761 continet.

311 2769 330 2778 "
342 2768 423 2807 _Ilaud
439 2771 510 2796 enim
526 2777 573 2803 per
591 2778 618 2807 se
631 2772 722 2798 anima
735 2773 770 2799 ad
782 2774 862 2800 vitam
876 2773 950 2800 illam
966 2773 1062 2807 evolat,

275 2803 346 2842 quod
361 2811 412 2829 non
429 2809 511 2842 potis!
525 2812 534 2830 :
549 2805 595 2831 sed
607 2815 622 2832 ιι
635 2807 734 2833 sanctis
747 2808 848 2842 angelis
868 2810 992 2835 deducta.

312 2838 454 2872 ()hrysost.
469 2839 588 2875 Prmsrns
600 2841 670 2867 enim
686 2842 740 2869 vita
758 2838 799 2870 via
814 2843 935 2875 quwdam
952 2849 998 2875 eu,
1015 2853 1063 2872 su-

278 2880 359 2912 perna
384 2874 587 2912 inuitatiutrIiarte
601 2884 664 2912 opus
682 2877 790 2906 habens.
810 2878 839 2905 Si
854 2887 968 2912 namque
979 2874 1062 2905 inur-

279 2908 335 2932 ιιι-ἰι
365 2909 486 2947 aliquam
507 2909 605 2936 abituri
617 2908 785 2947 necessarius
801 2919 837 2939 est
852 2908 981 2947 nobisqu
994 2915 1063 2941 viam

285 2946 419 2975 mwistrct,
441 2949 540 2976 quanto
560 2946 642 2980 magis
657 2947 785 2974 fumium
814 2949 923 2981 abituri,
942 2946 1062 2984 Πρω-ἰα

1116 2636 1264 2670 indigemus
1280 2644 1338 2671 ope,
1355 2644 1414 2670 quw
1431 2640 1455 2662 et
1478 2639 1605 2662 monstret
1622 2636 1681 2667 iter,
1698 2640 1722 2661 et
1747 2644 1794 2662 nos
1810 2634 1904 2669 ron/ir-

1116 2677 1178 2702 met,
1190 2677 1213 2698 et
1230 2672 1402 2698 manuducat.
1419 2671 1512 2698 Multa:
1521 2672 1590 2697 enim
1604 2675 1665 2697 sunt
1674 2671 1722 2697 nia:
1736 2672 1811 2698 arim.
1824 2671 1904 2697 Cirte-

1117 2714 1175 2732 rum
1201 2706 1260 2733 duci
1285 2714 1332 2733 nos
1364 2714 1404 2737 eo,
1424 2706 1470 2732 Dei
1492 2713 1590 2732 ntunus
1614 2710 1652 2732 est
1667 2715 1674 2732 :
1687 2710 1714 2732 ut
1732 2710 1822 2732 autem
1835 2704 1906 2739 digni

1115 2741 1196 2768 simus
1213 2741 1266 2768 Deo
1288 2746 1311 2767 et
1327 2741 1383 2775 ejus
1397 2746 1634 2771 manuleucamur,
1648 2741 1728 2766 studii
1739 2741 1824 2767 nostri
1841 2745 1902 2766 esto.

1117 2776 1148 2802 Si
1160 2777 1229 2803 enim
1258 2777 1408 2803 immundus
1431 2776 1524 2811 fueris,
1539 2784 1591 2802 non
1606 2780 1630 2802 te
1646 2775 1719 2802 illius
1736 2783 1832 2802 manus
1844 2782 1904 2800 rou-

1117 2811 1218 2838 tinebit.

1206 2855 1215 2871 ‹
1237 2846 1312 2873 Facie
1341 2847 1376 2872 ad
1395 2847 1491 2880 faciem
1523 2846 1548 2879 (1
1563 2845 1626 2872 Cor.
1648 2852 1710 2877 xm,
1729 2844 1793 2879 η).
1821 2855 1830 2870 ι
1848 2843 1904 2871 Non

1117 2881 1186 2916 quod
1208 2881 1274 2907 Deus
1306 2882 1401 2916 facient
1427 2882 1521 2909 habent
1535 2882 1600 2914 ;sed
1619 2880 1718 2907 clarius
1731 2880 1861 2912 videlicet,
1880 2882 1904 2905 ει

1118 2917 1293 2951 manifestius.
