2034 3153
112 194 160 225 769

827 191 1004 221 ῡῐΟΡΤΠΛ.

1680 191 1733 229 ’170

110 250 196 277 habet.
212 249 239 275 ld
255 249 276 275 si
304 256 356 275 non
383 248 485 284 optime
511 250 670 279 convenire.
697 258 748 276 nec
765 249 888 284 undique
906 253 925 280 Α
940 249 1014 283 quod
1041 248 1242 284 corrumpitur,
1265 247 1405 276 hominem
1431 251 1597 286 nuncupari,
1623 251 1732 278 tametsi

109 296 157 331 ipsi
170 296 207 322 rei
223 296 369 330 proposita:
396 295 564 331 respondere
578 296 731 328 existimas,
748 296 893 331 quodcun-

109 350 159 377 que
184 342 340 377 paradignta
362 341 518 374 considera,
532 347 560 370 et
582 342 669 375 disce,
698 350 808 377 semper
824 343 891 370 illud

108 388 201 416 leviter
225 395 282 415 rent
312 388 458 423 attingere,
488 396 537 415 seu
561 389 708 423 stringere,
739 396 795 416 non
811 389 892 424 plane

111 440 227 470 tangere.
257 442 307 462 nec
335 442 396 462 csse
423 435 537 462 omnino
561 443 632 470 par:
650 436 702 463 hoc
719 436 792 463 enitn
810 436 892 463 modo

107 485 176 508 esset
187 480 271 508 ident.
286 481 363 513 Quod
384 485 476 509 autem
492 481 565 509 idettt
579 485 632 514 est,
647 489 787 517 nunquam
803 482 892 517 παρά-

107 527 202 562 δειγμα
215 528 307 555 vocari
323 533 415 562 queat.

405 585 518 614 CAPUT
537 585 591 612 VII.

108 631 172 664 Quid
191 631 329 666 signiﬁcet,
349 641 358 656 ι
371 632 413 658 ad
435 632 579 666 imaginem
601 635 625 657 et
644 631 862 664 similitudinem;
881 642 889 657 ι

139 671 162 693 et
181 668 266 693 verius
279 667 423 694 secundum
441 668 559 694 animum
574 674 621 694 nos
635 674 689 693 esse
706 667 835 694 homines.
856 668 893 694 De

139 701 271 728 celeritate
288 703 438 728 animorum
450 702 608 729 incredibili.

141 759 236 786 ANIIA.
259 759 292 785 Et
307 759 416 794 qualem
437 759 547 786 tandem
563 759 705 787 arbitraris
719 767 780 786 esse
799 759 892 786 homi-

106 805 182 831 nem?
198 805 399 839 Explicandunt
421 805 500 832 mihi.
521 805 563 832 An
582 805 670 832 solutn
687 813 798 840 corpus,
819 805 892 840 quod

106 850 290 885 corrumpitur
307 859 314 876 :
328 858 362 877 an
381 854 478 885 (penes
493 858 575 885 quam
596 850 743 885 itnperium
762 850 814 884 est)
831 851 891 877 atti-

107 903 148 922 ma
161 896 238 928 illud,
255 905 263 921 l
275 896 426 923 secundutn
443 895 589 930 imaginem
605 901 632 923 et
644 896 865 928 similitudinem,
879 905 889 922 ι

107 944 135 966 ut
149 940 282 975 scriptum
294 945 348 972 est,
363 942 431 968 citra
441 941 524 967 ullam
536 941 717 968 mutationem
729 947 821 968 servat
833 942 892 976 (6)?

105 985 191 1013 Moses
199 987 273 1014 enint
287 986 388 1014 litteris
402 987 526 1020 tradidit,
540 986 681 1014 hominem
695 987 728 1014 ad
742 987 890 1022 imaginem

105 1031 150 1059 Dei
165 1038 340 1067 procreatutn
354 1041 426 1066 esse,
442 1041 506 1060 eutn
523 1041 606 1068 quem
624 1034 743 1068 printum
757 1034 792 1061 ab
811 1034 892 1060 initio

103 1077 174 1105 Deus
190 1079 324 1106 condidit.
341 1079 466 1112 Quonam
486 1084 567 1115 pacto
580 1083 672 1107 autem
689 1079 757 1107 citra
771 1080 891 1107 animatn

102 1131 207 1158 corpus
229 1125 315 1152 ltonto
338 1125 467 1152 vocatur?
491 1133 668 1160 rursumque,
690 1126 804 1160 quinatn
833 1126 891 1153 sola

101 1171 192 1198 anima
209 1171 293 1198 homo
313 1172 479 1206 appellatur,
494 1172 599 1206 absque
615 1179 742 1207 corpore,
759 1180 821 1199 cum
836 1180 892 1206 qtto

99 1216 249 1243 subsistit?
274 1217 382 1244 Etenim
408 1217 454 1244 ille
481 1222 620 1253 spectator
647 1218 696 1246 Dei
728 1219 839 1253 scripsit
863 1219 892 1246 in

99 1262 213 1293 Genesi,
232 1262 320 1289 Deum
337 1263 370 1290 de
388 1263 500 1298 pulvere
517 1268 599 1291 terra:
620 1263 760 1291 hominem
776 1264 892 1292 formas-

101 1314 130 1334 se
150 1308 170 1333 ¹.
186 1307 296 1343 Corpus
318 1309 401 1343 igitur
419 1309 559 1343 quontodo
574 1314 626 1336 tant
641 1315 735 1345 aperte
751 1311 890 1338 hominem

102 1353 273 1380 nominavit?
287 1353 356 1381 Nam
369 1355 536 1388 spiraculum
555 1354 617 1382 vita:
629 1360 736 1390 postea,
756 1360 817 1390 post
832 1356 890 1390 pri-

104 1405 174 1423 tttatn
189 1397 297 1425 scilicet
310 1397 514 1430 formationem,
532 1399 560 1425 in
576 1399 675 1426 faciem
692 1399 846 1433 inspiravit,
860 1406 892 1426 ac

105 1443 279 1478 postmodum
307 1445 333 1471 in
358 1444 477 1471 animam
500 1444 638 1472 viventem
665 1446 753 1471 factus
775 1449 827 1471 est.
850 1443 890 1471 Ad

105 1493 196 1516 utrum
214 1489 297 1524 igitur
321 1490 400 1523 illttd,
421 1499 431 1515 ί
457 1490 491 1517 ad
509 1489 654 1524 imaginem
683 1494 711 1516 et
733 1490 891 1517 similitudi-

105 1543 166 1562 nem
185 1545 194 1561 ι
212 1535 360 1571 pertineat,
377 1536 458 1564 velim
477 1544 520 1564 me
542 1536 652 1569 doceas,
668 1536 703 1564 ad
723 1536 889 1569 animamne,

103 1589 136 1610 an
155 1582 188 1609 ιιᾶ
205 1589 320 1610 servum
333 1587 362 1610 ει
376 1589 539 1610 conservum
552 1591 664 1618 corpus.

139 1628 220 1656 Cum.
238 1629 358 1661 Docebo,
373 1634 401 1656 et
417 1636 451 1656 ex
465 1629 543 1656 Pauli
564 1629 676 1664 scriptis
703 1630 891 1657 testimonium

106 1674 213 1702 firmum
228 1675 384 1708 desumam,
400 1675 472 1703 unde
488 1683 546 1703 rem
560 1683 718 1712 cognoscas.
738 1686 748 1704 ι
767 1677 843 1704 Licet
859 1678 891 1710 is,

104 1720 148 1756 qui
166 1720 235 1748 foris
256 1725 310 1754 est,
329 1721 411 1748 homo
436 1726 530 1748 noster
555 1727 765 1758 corrumpatur,
792 1723 891 1758 inquit,

105 1771 191 1794 tamen
202 1766 225 1794 is
239 1766 287 1801 qui
299 1766 373 1793 inttts
387 1771 439 1800 est,
454 1771 602 1794 renovatur
611 1767 645 1795 de
659 1767 703 1795 die
720 1769 747 1795 in
757 1769 829 1795 diem
845 1770 864 1796 ².
881 1778 889 1794 ι

105 1812 236 1841 llomines
263 1812 346 1848 igitur
372 1812 430 1840 haec
457 1812 539 1840 ambo
563 1813 725 1846 nominavit,
753 1815 893 1842 internuut

105 1863 233 1886 ctextern
242 1866 287 1885 uttt
302 1867 309 1885 :
323 1863 469 1894 utrumque
479 1860 637 1894 separatim,
650 1860 779 1895 quaniatn
789 1865 881 1888 utrum
889 1874 896 1880 -

104 1911 153 1938 que
167 1905 293 1932 animant
305 1903 389 1932 habet
400 1908 427 1932 et
438 1912 548 1940 corpus.
571 1905 767 1933 Verumtamen
782 1906 893 1941 proprie

103 1950 259 1978 secundum
275 1950 394 1977 animant
407 1950 490 1978 homo
504 1950 598 1978 vocari
612 1955 713 1985 potest.
727 1951 768 1978 Ne
781 1955 809 1978 tu
826 1951 894 1978 mihi

102 1999 224 2029 externa,
257 2000 360 2030 etque
379 1995 408 2022 in
432 1995 528 2023 oculos
552 1995 711 2028 incurrunt,
737 1996 894 2028 considera,

104 2048 189 2076 neque
209 2040 291 2068 illam
316 2039 442 2074 corporis
459 2040 652 2067 formationem
675 2046 766 2068 tecum
788 2046 894 2076 reputa.

103 2087 171 2115 Caro
201 2087 282 2115 enim
314 2087 390 2114 velut
419 2086 612 2114 indumentum
645 2092 674 2115 et
706 2093 894 2123 tegumentum

104 2135 246 2169 quoddam
261 2133 442 2168 concipienda
459 2137 510 2160 est.
531 2133 612 2166 lllud,
629 2142 638 2159 ι
657 2134 808 2161 secundutn
826 2136 895 2163 ima-

105 2181 204 2216 ginem,
226 2190 241 2207 ι
270 2185 299 2207 ut
320 2179 415 2215 paucis
443 2179 545 2212 dicant,
570 2179 659 2206 anima
682 2184 735 2208 est.
759 2180 794 2208 At
820 2182 895 2209 enim

106 2226 260 2253 Secundum
282 2226 397 2260 gratiam
418 2225 500 2258 istuc,
522 2233 577 2252 non
592 2225 745 2254 secundum
767 2231 895 2255 naturam

946 295 1118 330 Scripturam
1129 294 1267 323 dicentem
1279 294 1374 331 audias
1387 304 1393 322 :
1411 305 1420 321 ι
1434 295 1579 324 Faciamus
1593 297 1732 324 hominem

944 341 978 369 ad
1007 342 1151 377 imaginem
1169 346 1198 369 et
1212 341 1423 370 similitudinem
1445 348 1582 374 nostram;
1599 352 1608 368 ι
1627 343 1674 370 sed
1690 343 1733 370 in-

946 387 1037 423 tellige
1054 389 1175 415 animam
1193 388 1287 423 potius
1304 388 1341 416 ibi
1355 388 1500 416 hominem
1525 389 1590 421 dici,
1609 397 1674 421 non,
1694 390 1734 416 itt-

944 441 1037 469 quam,
1053 433 1128 461 hunc
1142 441 1225 469 quem
1240 434 1381 467 videmus,
1415 434 1463 462 sed
1482 434 1530 470 qui
1550 434 1625 461 intus
1640 435 1706 462 latet
1725 442 1735 464 :

943 485 1070 507 naturam
1098 479 1203 507 scilicet
1232 485 1375 515 aspectum
1404 479 1569 516 fugientem,
1603 480 1735 509 interitus

943 530 1096 560 expertem,
1109 530 1137 552 et
1150 525 1382 560 prrestantiorem.
1399 526 1485 553 Porro
1497 525 1550 553 ltoc
1562 525 1653 560 ipsum
1669 526 1735 553 hinc

943 572 1035 606 aptius
1050 571 1195 606 percipies.
1215 572 1274 606 lpsa
1286 579 1337 607 ego
1352 571 1505 599 secundum
1517 572 1638 599 animam
1653 572 1735 599 homo

944 626 1015 645 sunt.
1033 617 1122 645 Meum
1139 617 1213 645 cnittt
1235 625 1336 653 corpus
1352 618 1454 645 dicitur
1472 628 1477 644 :
1498 627 1561 645 nam
1577 626 1679 653 corpus
1691 623 1734 645 cst

944 664 1041 691 anima:
1055 671 1166 698 corpus.
1178 664 1237 691 Non
1251 664 1325 691 ettittt
1341 669 1389 691 aut
1403 672 1511 698 manus,
1524 673 1580 699 ego,
1592 665 1671 696 dicit,
1687 671 1734 691 aut

945 717 1003 744 pes,
1017 713 1065 736 aut
1079 710 1233 736 membrum
1250 709 1325 736 aliud
1342 719 1348 737 :
1365 709 1414 737 sed
1432 717 1484 736 vox
1500 709 1561 741 ista,
1579 717 1636 744 ego,
1654 709 1733 743 plane

944 761 987 783 est
1000 755 1106 782 animat.
1118 754 1220 782 Caetera
1236 755 1326 782 omnia
1336 763 1397 790 qua:
1411 754 1535 790 corporis
1546 759 1623 786 sunt,
1637 755 1732 788 pedes,

945 810 1053 835 ntanus,
1068 802 1203 834 tnctttbra,
1218 806 1246 829 et
1257 806 1350 837 partes
1362 802 1422 837 eius
1433 805 1566 828 vocantur
1579 801 1613 827 ab
1628 800 1672 827 his
1686 800 1732 834 qtti

946 848 1037 875 sciunt
1062 847 1129 874 illud
1154 854 1168 873 a
1191 846 1329 881 principio
1359 850 1490 880 tanquam
1516 846 1733 872 instrumentum

945 892 1055 927 aliquod
1074 899 1121 919 seu
1142 891 1301 919 vehiculum
1315 898 1375 918 esse
1385 890 1498 922 factum,
1512 889 1733 917 utostendimus.

910 927 928 953 Β
945 938 1042 972 Itaque
1057 942 1084 965 et
1105 938 1170 964 hinc
1187 936 1307 964 animam
1324 936 1416 971 potius
1429 943 1490 962 esse
1509 935 1648 962 hominem
1675 934 1734 960 exi-

946 983 1112 1011 stimandum
1123 987 1175 1011 est.
1186 982 1266 1010 Ratio
1279 989 1361 1016 porro
1371 982 1464 1016 regina
1478 981 1505 1007 itt
1514 978 1735 1014 perturbationes

947 1029 1094 1064 imperium
1110 1028 1217 1060 habttit,
1235 1031 1264 1054 et
1282 1027 1366 1054 bonto
1383 1026 1532 1061 imperium
1548 1025 1575 1052 in
1593 1029 1736 1051 creaturas

948 1076 1032 1102 totius
1043 1075 1127 1102 orbis.
1143 1073 1286 1107 Quatenus
1300 1077 1400 1108 praeest
1412 1078 1441 1099 ut
1451 1072 1580 1106 princeps
1594 1075 1621 1098 et
1649 1070 1736 1098 domi-

947 1128 1008 1154 nus,
1028 1120 1110 1147 homo
1130 1120 1218 1154 intago
1236 1119 1282 1146 D.i
1298 1123 1350 1152 est,
1370 1123 1397 1146 et
1415 1118 1557 1145 vocatttr'.

981 1177 1245 1205 Praestantissimum
1266 1176 1440 1210 maximeque
1457 1176 1578 1210 printum
1599 1175 1628 1202 in
1643 1175 1735 1202 anima

946 1229 1053 1251 certum
1068 1228 1111 1251 est
1129 1227 1248 1250 tuentem
1262 1230 1334 1255 esse,
1352 1222 1396 1249 cui
1415 1222 1531 1249 facultas
1546 1221 1692 1249 celerrima
1708 1225 1737 1248 et

946 1269 1172 1304 incomparabilis
1183 1269 1245 1296 data
1261 1272 1313 1295 est.
1330 1267 1441 1295 llabitat
1453 1267 1568 1302 quidem
1584 1267 1613 1294 in
1628 1267 1734 1299 anima,

945 1316 973 1339 et
985 1317 1090 1347 putteto
1108 1312 1240 1346 tetuporis
1254 1312 1414 1338 universum
1439 1312 1572 1338 mundum
1597 1317 1734 1347 peragrat,

945 1366 978 1385 ac
994 1358 1063 1385 citra
1077 1358 1312 1394 defatigationem,
1329 1358 1423 1385 Borea:
1437 1362 1465 1386 et
1489 1358 1596 1391 Austri,
1615 1358 1736 1386 Ortetttis

946 1403 1159 1439 Occidentisque
1177 1404 1288 1432 climata
1311 1404 1449 1439 percurrit
1463 1413 1470 1430 :
1487 1412 1572 1437 mare,
1589 1405 1734 1432 continen-

947 1454 1014 1482 tetn,
1035 1449 1138 1477 insulas
1160 1450 1295 1484 pervadit,
1321 1450 1445 1477 caelestia
1474 1454 1502 1477 et
1529 1450 1736 1485 supercwlestia

946 1495 1068 1530 attingit.
1084 1495 1209 1522 Esseulia
1224 1495 1334 1530 quidem
1347 1496 1474 1528 tninittte,
1489 1503 1523 1523 ne
1537 1496 1608 1523 istuc
1621 1496 1735 1531 cogites.

945 1549 1015 1569 neve
1025 1541 1102 1569 dicas
1115 1550 1121 1569 :
1131 1542 1179 1569 sed
1189 1543 1215 1569 vi
1228 1542 1440 1578 cogitationum,
1451 1547 1480 1570 et
1491 1543 1736 1578 imaginationibus

946 1589 1022 1616 solis.
1049 1589 1112 1617 Sola
1135 1589 1269 1618 divinitas
1291 1590 1421 1617 omnibus
1443 1594 1472 1617 et
1492 1590 1594 1625 ubique
1614 1597 1736 1625 praesens

946 1635 1258 1668 adest,substantialiter
1269 1641 1298 1664 et
1311 1636 1485 1669 naturaliter,
1495 1642 1525 1664 ut
1540 1640 1638 1664 natura
1654 1643 1736 1671 supra

944 1686 1083 1714 naturam,
1101 1687 1131 1710 ut
1152 1682 1210 1710 sola
1226 1682 1513 1717 supersubstantialis,
1536 1687 1567 1709 ut
1581 1682 1638 1709 sola
1657 1681 1734 1709 inex-

945 1728 1092 1761 plicabilis.
1112 1729 1206 1763 Itaque
1228 1729 1372 1756 secundum
1393 1729 1535 1763 imaginem
1551 1728 1735 1763 principatum

945 1774 1067 1801 dilucide
1095 1775 1242 1810 significat.
1264 1775 1364 1802 Verum
1388 1774 1621 1809 quctnadtttodum
1654 1781 1735 1800 nemo

945 1824 988 1847 est
1008 1820 1148 1854 superior,
1173 1827 1225 1847 nec
1250 1820 1364 1854 atqualis
1381 1820 1498 1847 Dotnino
1514 1819 1617 1855 (omnia
1634 1820 1736 1853 quippe

945 1865 1069 1892 omnium
1090 1865 1233 1893 Conditori
1253 1865 1377 1900 cedunt),
1403 1865 1439 1893 ita
1454 1865 1481 1893 itt
1504 1865 1586 1892 terris
1607 1865 1675 1892 nihil
1694 1869 1737 1892 est

946 1909 1059 1938 homine
1075 1911 1205 1944 superius
1224 1918 1256 1938 ac
1277 1911 1377 1945 majus.
1395 1910 1444 1937 llle
1465 1910 1539 1937 enim
1556 1910 1689 1937 Dominus
1709 1914 1738 1936 et

946 1955 1062 1982 Creator
1079 1959 1122 1982 est
1136 1955 1261 1982 euntium
1278 1955 1360 1982 sintut
1379 1963 1386 1982 :
1403 1959 1429 1983 te
1447 1960 1540 1983 autem
1556 1962 1605 1990 per
1621 1956 1736 1989 gratiam

947 2008 1025 2028 suam
1040 2001 1193 2036 principem
1212 2001 1336 2028 omnium
1349 2009 1410 2036 qua:
1426 2001 1452 2028 itt
1470 2001 1551 2028 terris
1568 2005 1642 2034 sunt,
1660 2001 1735 2028 facit.

947 2046 1082 2075 Omnibus
1095 2048 1229 2083 jumentis
1242 2055 1407 2083 prtesumus,
1419 2048 1551 2075 omnibus
1562 2047 1735 2078 natantibus,

948 2099 976 2121 et
989 2094 1119 2127 terrenis,
1138 2094 1282 2127 universis,
1303 2099 1334 2121 ut
1352 2095 1473 2122 breviter
1495 2094 1596 2127 dicam,
1618 2094 1738 2128 impera-

948 2148 1020 2173 mus,
1044 2140 1202 2176 reptilibus,
1223 2140 1390 2173 volatilibus,
1417 2140 1552 2176 piscibus,
1576 2140 1684 2171 bestiis,
1710 2146 1738 2168 et

948 2189 1084 2220 quotquot
1103 2186 1213 2213 tandem
1234 2186 1384 2213 animantia
1409 2186 1516 2213 ratione
1533 2185 1653 2212 carentia
1666 2185 1739 2212 Deus

949 2231 1063 2258 creavit.
1077 2231 1136 2258 Jam
1153 2232 1236 2267 igitur
1251 2232 1330 2267 cujus
1343 2236 1371 2259 et
1393 2232 1474 2266 quale
1486 2231 1600 2259 sitillud
1617 2241 1626 2257 ι
1640 2239 1739 2258 secun-

108 2272 240 2308 intellige.
256 2271 400 2299 Nolienim
410 2271 579 2303 existimare.
592 2271 714 2306 domina,
729 2280 829 2308 corpus
844 2272 897 2302 hoc
914 2283 936 2311 ι)
951 2276 1016 2304 dum
1026 2277 1184 2312 imaginem,
1197 2288 1206 2304 ι
1221 2279 1383 2315 cognovisti.
1396 2278 1514 2306 Rursum
1527 2277 1604 2308 illud,
1620 2287 1628 2303 ι
1641 2284 1739 2305 secun-

146 2328 154 2344 ‘
167 2328 238 2356 Gen.
254 2336 284 2361 tt,
307 2328 334 2354 7.
383 2328 393 2343 ²
407 2327 429 2355 ll
441 2326 505 2356 Cor.
518 2335 556 2360 tv,
580 2328 624 2355 16.

741 2377 851 2408 Jacobi
863 2378 1006 2410 Gretseri
1020 2385 1113 2411 nota}.

142 2427 182 2462 (6)
189 2427 256 2464 Quae
265 2426 298 2453 de
305 2428 394 2454 anima
401 2433 429 2464 et
436 2435 549 2463 corpore
556 2427 666 2455 disserit
675 2433 783 2464 auctor,
795 2428 895 2464 ἀρίστῃ

108 2468 209 2498 γνωμῃ
223 2461 429 2498 interpretanda
446 2461 526 2496 sunt;
543 2471 632 2497 neque
648 2463 721 2490 ettim
737 2464 796 2490 vult
809 2461 897 2490 humi;

109 2496 174 2526 nent
191 2496 302 2531 proprie
313 2504 373 2523 esse
384 2498 467 2524 solam
480 2496 611 2530 animum,
624 2504 653 2525 ut
663 2499 739 2525 Plato
755 2499 896 2526 censuisse

108 2534 224 2562 fertur,
261 2535 316 2567 aut
335 2539 444 2558 carnem
468 2533 579 2567 proprie
617 2541 673 2560 non
705 2534 785 2560 aliter
822 2535 895 2561 uniri

109 2569 209 2596 animat
218 2574 301 2601 quant
311 2566 502 2593 indumentum
510 2566 630 2602 corpori,
639 2569 783 2595 autnavitn
795 2575 895 2601 nautae,

110 2609 157 2630 aut
170 2602 330 2629 vehiculum
350 2602 460 2628 sessori.
477 2603 633 2630 Meminerit
649 2604 737 2630 lector
756 2608 784 2630 et
804 2604 849 2631 ltic
869 2610 897 2632 et

111 2639 176 2665 alibi
190 2637 260 2672 legis
275 2638 348 2663 i‘dius
362 2637 432 2671 apud
445 2637 649 2670 jurecousultos
660 2639 808 2665 adtnodum
825 2639 897 2666 cele-

111 2674 212 2700 bratae:
226 2673 370 2706 Benignius
384 2672 451 2707 teges
463 2672 667 2707 interpretanda:
677 2679 795 2708 suntque
808 2675 899 2701 volun-

112 2714 152 2736 tas
175 2715 268 2735 earum
286 2711 470 2739 conservetur;
489 2715 642 2742 sensusque
665 2710 847 2743 metaphorici
872 2716 899 2737 et

948 2430 1101 2466 improprii,
1115 2440 1186 2467 quos
1212 2433 1362 2469 aliquando
1371 2434 1521 2469 scriptores
1532 2438 1737 2466 consectantur,

947 2473 1121 2502 nequaquam
1135 2468 1260 2502 proprias
1276 2476 1368 2496 rerum
1388 2468 1509 2497 rationes
1521 2474 1670 2501 evertunt;
1685 2471 1739 2496 nisi

947 2502 1003 2539 §lllt
1015 2503 1152 2537 ejusmodi
1163 2504 1210 2538 qui
1221 2511 1285 2531 cum
1300 2504 1417 2531 veritate
1430 2505 1580 2532 consistere
1591 2510 1739 2539 nequeant.

948 2536 1050 2574 _Vcrun_t
1066 2538 1100 2565 de
1119 2536 1222 2570 anima,
1240 2544 1269 2565 ut
1287 2547 1316 2566 se
1333 2539 1432 2566 habeat
1452 2545 1579 2574 respectu
1600 2536 1739 2574 corporis,

948 2571 1009 2610 lege
1029 2572 1190 2607 Gregorium
1207 2574 1240 2610 de
1258 2574 1380 2601 Valentia
1396 2583 1413 2602 I.
1433 2583 1474 2610 p.,
1490 2571 1518 2602 S.
1540 2574 1639 2602 Thom.
1652 2571 1692 2601 'd.
1711 2576 1740 2606 6,

949 2614 975 2640 q.
994 2607 1022 2638 2,
1040 2613 1112 2643 part.
1134 2616 1154 2640 ι,
1175 2609 1223 2644 qui
1244 2610 1326 2636 etiam
1348 2607 1478 2645 disp."l,
1495 2618 1522 2645 q.
1539 2610 1566 2641 ὅ,
1588 2618 1614 2645 p.
1638 2618 1656 2642 t,
1678 2611 1739 2637 fuse

952 2646 1044 2681 docet,
1061 2651 1094 2681 an
1109 2649 1137 2670 et
1153 2644 1292 2681 quomodo
1307 2645 1390 2672 houto
1403 2646 1486 2673 fuerit
1499 2644 1533 2672 ad
1550 2644 1697 2681 imaginem
1712 2650 1740 2672 ct

952 2678 1161 2706 simditudinetu
1177 2679 1226 2707 Dei
1238 2685 1356 2707 creatus.

866 2759 1003 2791 Scholia.

149 2811 157 2819 '
180 2808 382 2835 Tlteodorctus.
406 2807 490 2834 Homo
514 2814 597 2842 neque
621 2807 763 2844 secundum
790 2817 896 2844 corpus,

114 2850 196 2877 neque
211 2845 352 2870 secundum
367 2845 495 2873 animant,
507 2847 551 2868 sed
564 2842 705 2869 secundum
718 2843 821 2878 imperii
837 2842 895 2870 ina-

109 2877 239 2911 festatem
253 2881 381 2905 (illllllla‘tll
396 2878 442 2904 Dei
460 2879 547 2912 imago
559 2883 606 2904 cst.
626 2878 657 2904 L‘t
679 2878 761 2911 igitur
780 2879 896 2904 omnium

114 2920 172 2947 quit
193 2914 219 2939 in
240 2919 315 2940 λίμνης
336 2919 395 2940 san!
410 2915 560 2948 principatu
578 2913 730 2948 insignitus,
750 2913 795 2939 Dei
810 2913 897 2948 imago

952 2810 1116 2848 appellatur.
1137 2811 1233 2839 Mulier
1246 2818 1335 2840 autem
1354 2817 1380 2839 nt
1398 2813 1444 2839 sub
1465 2813 1514 2840 viri
1529 2817 1659 2848 potestate
1675 2822 1739 2840 con-

951 2850 1056 2885 stituta,
1076 2847 1162 2885 gloria
1178 2853 1215 2885 est
1229 2850 1287 2881 viri,
1304 2853 1329 2875 et
1348 2848 1418 2874 velut
1437 2848 1560 2883 imaginis
1579 2851 1675 2885 imago.
1692 2850 1740 2875 Est

952 2881 1095 2919 quidem-et
1109 2884 1165 2916 ipsa
1183 2883 1296 2910 aliarum
1312 2891 1398 2911 rerum
1415 2881 1546 2919 princeps,
1560 2881 1740 2914 verumtamen

953 2917 1008 2941 t‘ll’O
1026 2916 1127 2944 subesse
1139 2920 1216 2953 jussu
1239 2924 1287 2946 est.
