2034 3153
287 215 339 248 ’1Ίὶ

287 273 353 301 dtm
370 268 579 298 similitudinem
596 268 637 295 ιίιι
653 268 735 295 nobis
749 267 834 295 situm
849 273 902 300 est,
918 273 1075 303 nostraeque
1091 274 1113 300 Α

287 317 448 347 voluntatis,
465 321 494 343 et
510 314 630 346 consilii,
644 320 672 341 et
689 322 798 341 morum
813 319 866 342 est.
883 315 990 342 Etenim
1007 314 1076 342 assi-

287 364 425 391 rt.ulamur
436 361 540 388 ratione
550 360 634 387 etiam
649 361 777 393 Domino,
791 361 815 388 si
829 369 922 388 mores
932 369 965 388 ex
974 362 1078 388 virtute

287 411 441 440 manantes,
471 412 502 434 ut
526 406 616 439 decet,
642 406 802 434 induamus.
823 407 891 434 Nam
911 412 1076 443 potestatem

286 462 339 490 qua
349 453 501 481 secundum
514 453 600 480 Deum
615 452 710 480 vivere
724 461 870 488 queamus,
882 454 905 481 si
917 454 1000 481 modo
1012 454 1078 481 veli-

285 507 358 530 mus.
372 500 430 534 ipse
442 499 523 526 nobis
536 498 646 531 indidit,
659 499 837 534 faciendique
849 500 953 535 optima
967 505 995 527 et
1006 500 1077 527 salu-

282 546 366 577 taria,
380 550 407 572 et
419 545 523 577 divina,
534 552 584 580 per
594 552 655 580 qua
666 545 729 580 quis
737 554 787 580 pro
797 546 909 573 modulo
918 554 968 573 suo
979 546 1077 573 similis

285 595 343 622 Deo
355 594 457 625 evadit,
467 600 521 628 qua
535 593 662 625 veritate,
676 593 992 629 misericordia,judieio
1000 593 1076 621 vide-

282 641 351 668 licet
364 642 383 668 '.
399 640 435 668 Ut
452 640 474 667 si
495 639 685 667 studuerimus
702 640 786 666 vitam
814 640 928 675 probam
945 648 1035 675 agere,
1048 645 1077 668 et

287 695 339 714 nos
349 687 445 713 virtuti
461 685 571 713 debitos
581 686 801 720 probaverimus,
821 686 904 713 etiam
920 686 1077 714 mercedem

289 738 320 760 ut
330 733 463 764 debitam,
477 741 532 759 non
543 732 701 766 gratuitam,
713 740 766 758 non
777 737 891 764 temere,
903 732 950 760 sed
964 737 1077 767 propter

287 786 372 813 opera
399 783 504 805 tantum
528 777 670 812 prmbitam
696 779 864 813 accipiamus
890 787 898 808 :
922 786 955 806 ex
975 779 1078 814 quibus

286 824 425 860 quispiam
439 831 489 858 pro
505 828 586 858 captu
604 824 725 850 humano
742 824 902 852 Conditoris
918 825 1078 853 similitudi-

287 878 351 897 nem
367 869 487 904 acquirit.
502 877 509 896 :
525 870 596 896 sicut
612 869 739 896 homines
755 869 835 897 docet
851 870 991 905 perfectos
1005 870 1076 904 fieri,

288 917 429 944 ctelestem
459 922 486 944 et
501 916 668 943 omnimodis
680 916 834 951 perlectum
848 917 955 944 Patrem
968 918 1078 945 imitan-

287 966 340 995 tes,
352 963 398 997 qui
412 963 598 990 communiter
625 967 653 989 et
663 970 696 989 ex
711 971 790 998 aequo
807 963 878 998 pluit
893 971 977 998 super
989 964 1078 999 justos

287 1013 316 1036 ct
339 1009 466 1044 injust‘os,
487 1013 515 1036 et
534 1009 621 1036 solem
644 1017 724 1036 suum
743 1009 874 1036 omnibus
890 1010 957 1037 oriri
974 1010 1040 1037 facit
1055 1010 1077 1037 ⁸.

282 1056 317 1084 -Si
334 1056 417 1091 igitur
435 1061 462 1083 tu
476 1063 587 1090 quoque
609 1055 695 1083 vitam
712 1055 769 1082 Deo
784 1055 912 1090 placitam
932 1056 1077 1087 amaveris,

281 1102 430 1137 lucrisque
445 1101 559 1129 fratrum
571 1109 676 1130 amans,
690 1106 717 1128 et
735 1101 932 1129 misericordiae
942 1102 1077 1135 studiosa,

288 1148 374 1179 mitis,
395 1148 527 1180 humana,
546 1147 730 1175 Conditorem
755 1147 937 1175 similitudine
959 1148 1078 1183 quadam

287 1194 458 1229 expressisti.
473 1194 671 1222 Verumtamen
695 1203 704 1219 ‹
730 1193 883 1221 secundum
899 1194 1045 1230 imaginem
1066 1204 1076 1221 ι

281 1241 375 1268 habes
388 1241 489 1268 donum
505 1248 520 1268 a
535 1241 603 1272 Deo,
618 1245 646 1268 et
658 1239 815 1268 facultatem
831 1240 1014 1274 rationem,et
1028 1240 1079 1267 im-

288 1287 357 1322 perii
373 1287 559 1322 principatum
574 1290 603 1314 et
618 1286 702 1321 (quod
717 1291 846 1321 quartum
863 1287 914 1320 est)
927 1287 1079 1314 auctorita-

290 1338 354 1364 tem,
372 1341 425 1368 qua
441 1332 509 1360 nihil
522 1333 613 1366 majus
628 1341 634 1359 :
652 1342 660 1357 ι
677 1332 829 1359 secundum
840 1332 1048 1360 similitudinem
1067 1342 1077 1359 ι

287 1385 355 1405 vero
370 1385 403 1404 ex
417 1378 549 1412 operibus
563 1377 691 1404 virtutis.
717 1377 746 1405 Si
765 1378 839 1404 enim
857 1382 885 1404 et
905 1378 956 1405 hoc
975 1378 1079 1406 donum

287 1429 371 1456 esset,
389 1429 418 1451 ut
433 1424 574 1458 priedicta,
595 1423 643 1450 ubi
657 1428 730 1450 esset
748 1431 809 1458 qua:
826 1424 874 1451 tibi
890 1424 1008 1452 refertur
1016 1433 1079 1460 gra-

288 1470 346 1496 tia?
361 1469 501 1504 quomodo
524 1469 720 1497 coronareris?
733 1475 761 1497 et
776 1477 894 1505 superna
911 1471 985 1506 regia
1007 1478 1078 1506 quo-

289 1515 371 1542 tnodo
396 1516 552 1550 aperiretur
570 1515 637 1543 tibi?
657 1515 752 1550 Itaque
775 1517 878 1543 bonum
900 1520 942 1544 est
966 1517 1077 1551 salvari,

288 1565 316 1586 et
330 1569 362 1586 ex
387 1561 528 1587 laboribus
547 1561 616 1593 suis,
633 1569 667 1589 ex
686 1561 789 1597 quibus
805 1569 935 1589 coronam
952 1567 982 1590 ut
999 1563 1078 1592 debi-

291 1610 360 1653 tum,
374 1613 427 1632 non
440 1611 470 1632 ut
483 1607 586 1633 denunt
599 1607 762 1642 adipisceris
773 1617 779 1635 :
790 1607 862 1642 quod
875 1608 1076 1644 pigritantium,
1091 1623 1113 1653 ο

292 1650 333 1677 vel
355 1651 447 1685 potius
475 1652 694 1686 pusillanimium
724 1657 753 1681 et
779 1653 956 1681 illiberalium
983 1661 1077 1683 servo-

288 1706 350 1725 rum
376 1702 428 1726 ost.

324 1768 338 1782 ³
350 1766 452 1795 Matth.
468 1776 496 1802 ν,
517 1769 562 1796 45.

1093 945 1115 972 Β

902 210 1074 241 l‘lllLll’Pl
1094 209 1302 240 SOLITARII.

1864 208 1919 241 7'12

1421 266 1535 299 CAPUT
1551 266 1619 295 VIII.

1128 316 1230 350 Corpus
1255 315 1351 343 Adami
1380 322 1426 341 nec
1452 315 1571 340 interimi
1591 313 1743 350 obnoxium,
1766 322 1813 340 nec
1833 314 1865 340 ab
1889 322 1920 341 eo

1319 350 1436 377 alienum
1446 357 1500 376 esse
1517 349 1650 376 conditum
1670 349 1720 384 (7).

1163 411 1259 438 ANIIM.
1276 409 1365 437 Etiam
1381 409 1440 436 haec
1450 407 1633 435 disertissime
1651 407 1816 439 disseruistii,
1834 407 1922 434 satis-

1127 464 1180 492 que
1192 455 1398 483 demonstrasti.
1414 454 1514 482 Verum
1525 461 1584 488 age,
1603 453 1694 481 ethoc
1709 453 1777 480 mihi
1796 453 1921 488 cupienti

1127 504 1275 534 edisseras,
1294 509 1396 536 corpus
1425 499 1599 535 protoplasti,
1624 499 1777 526 mortalene
1799 503 1920 529 tantum.

1127 557 1162 576 an
1180 553 1275 575 contra
1292 546 1447 574 immortale
1463 545 1601 581 principio
1613 545 1761 572 formatum
1772 545 1830 572 est?

1162 594 1245 622 Cano.
1274 594 1331 621 Nec
1352 592 1469 620 mortale
1486 596 1515 619 et
1537 591 1731 626 corruptibile.
1752 599 1803 619 nec
1818 596 1921 618 contra

1128 640 1282 668 immortale
1307 648 1314 667 :
1339 639 1387 667 sed
1414 639 1488 666 inter
1508 638 1652 665 mortalem
1679 637 1923 672 inmortalemque

1129 692 1255 715 naturam
1272 686 1404 717 medium,
1429 689 1457 713 et
1472 685 1590 712 maxime
1615 685 1686 712 inter
1707 684 1765 712 hac
1788 689 1922 719 utraque.

1130 734 1163 762 Ut
1178 734 1200 761 si
1217 733 1328 768 quidem
1349 736 1455 767 partem
1476 731 1621 758 meliorem
1645 730 1770 766 eligeret,
1793 730 1923 766 legisque

1129 781 1320 815 praescriptum
1335 782 1469 809 servaret,
1481 784 1515 805 ex
1528 784 1612 812 opere
1625 777 1806 804 tetemitatem
1818 784 1925 804 conse-

1128 831 1271 862 queretur.
1287 825 1315 853 Si
1330 830 1424 852 autem
1437 823 1638 859 cupiditatibus
1653 830 1746 850 rerum
1766 822 1925 850 labentium

1129 874 1250 902 cederet.
1274 877 1303 899 et
1320 871 1502 906 corruptibile
1527 875 1556 897 et
1575 870 1692 897 mortale
1710 876 1811 904 corpus
1826 873 1926 904 gesta.

1130 923 1180 946 ret.
1204 918 1232 945 Si
1249 917 1322 945 enim
1339 916 1473 944 Conditor
1485 922 1600 951 prorsus
1622 914 1802 942 immortalem
1819 914 1923 941 condi-

1129 966 1215 992 disset
1240 963 1390 995 hominem,
1419 969 1475 989 non
1499 969 1562 989 eum
1591 965 1680 988 morte
1703 959 1926 987 damnavisset:

1129 1010 1283 1038 immortale
1298 1009 1372 1036 enim
1388 1007 1555 1035 mortalitate
1568 1007 1632 1041 quis
1660 1005 1856 1033 damnaverit?
1873 1005 1924 1032 Sin

1129 1057 1300 1085 condidisset
1320 1055 1416 1083 mortis
1429 1055 1457 1081 in
1484 1060 1566 1081 omne
1583 1060 1672 1080 atvum
1695 1055 1848 1087 expertem,
1871 1051 1925 1078 ali-

1129 1107 1222 1130 mento
1240 1109 1376 1137 corporeo
1401 1105 1429 1128 et
1453 1099 1687 1135 corruptibili,ac
1712 1097 1836 1125 terrestri
1865 1105 1924 1124 non

1129 1149 1251 1184 eguisset
1272 1149 1303 1180 “,
1321 1155 1373 1176 nec
1400 1147 1495 1181 aliquo
1517 1145 1600 1172 modo
1626 1144 1722 1171 delicti
1745 1150 1806 1171 eum
1825 1143 1925 1178 pani-

1131 1196 1227 1224 tuisset
1244 1204 1251 1222 :
1268 1195 1409 1230 quomodo
1426 1194 1454 1221 ia
1474 1194 1534 1228 ipso
1552 1192 1642 1228 primo
1657 1191 1755 1226 angelo
1771 1189 1896 1225 contigit
1916 1197 1923 1216 :

1129 1243 1176 1277 qui
1198 1242 1250 1270 etsi
1276 1242 1408 1269 adversus
1430 1239 1607 1268 Conditorem
1624 1238 1748 1265 elevatus
1768 1241 1811 1263 est
1831 1241 1925 1270 atque

1131 1287 1292 1320 iusurrexit,
1308 1291 1400 1314 tamen
1418 1292 1482 1313 eum
1495 1283 1690 1314 immortalem,
1707 1287 1738 1309 ut
1749 1281 1835 1317 prius,
1861 1289 1925 1308 ma-

1131 1341 1197 1360 nere
1207 1333 1280 1365 sivit,
1298 1336 1326 1359 et
1341 1335 1452 1358 manent
1469 1329 1638 1358 immortales
1652 1329 1691 1356 illi
1705 1328 1828 1364 spiritus,
1843 1332 1926 1356 tene-

1130 1378 1299 1413 brarumque
1315 1377 1474 1412 participes.

1429 1423 1544 1451 CAPUT
1572 1422 1619 1450 IX.

1182 1472 1215 1499 In
1231 1479 1297 1506 quas
1311 1479 1372 1497 oras
1392 1471 1489 1497 animte
1503 1477 1535 1496 ea:
1550 1469 1598 1496 hac
1611 1469 1669 1495 luce
1681 1469 1869 1504 commigrent.

1165 1519 1262 1546 Amm.
1274 1517 1305 1545 In
1327 1517 1439 1552 longum
1458 1517 1540 1552 hujus
1551 1515 1688 1551 dogmatis
1702 1516 1925 1551 disputationem

1131 1565 1322 1601 produximus.
1335 1564 1394 1591 Non
1410 1563 1475 1598 quia
1497 1563 1689 1590 dubitaremus
1705 1566 1752 1589 aut
1774 1562 1926 1590 caviilare-

1131 1620 1204 1644 mur,
1218 1611 1266 1638 sed
1282 1610 1355 1646 quod
1373 1610 1400 1637 in
1414 1609 1512 1645 primis
1524 1608 1680 1644 oportebat.
1693 1613 1722 1636 ut
1737 1609 1925 1641 disceremus,

1132 1666 1187 1686 non
1201 1662 1231 1685 ut
1245 1661 1351 1685 tantum
1363 1660 1621 1692 percunctaremur.
1637 1655 1773 1689 Quoniam
1787 1659 1887 1682 autem
1900 1659 1928 1682 et

1132 1705 1186 1732 hoc
1197 1703 1279 1732 tinem
1290 1707 1415 1738 optatum
1426 1703 1544 1738 accepit,
1561 1707 1669 1738 tempus
1679 1708 1868 1738 opportunum
1884 1705 1928 1729 est

906 1825 1017 1856 Jacobi
1033 1826 1171 1858 Gretsrri
1190 1832 1285 1859 notua.

327 1900 365 1934 (Ἰ)
380 1898 452 1926 Dicit
472 1903 569 1926 auctor
588 1905 690 1934 corpus
705 1897 869 1933 protoplasti
888 1905 940 1926 nec
955 1900 1082 1933 mortale,

282 1942 339 1963 nec
351 1935 504 1961 immortale
518 1934 620 1967 fuisse;
633 1933 681 1961 sed
695 1934 769 1961 inter
781 1934 924 1961 mortalem
940 1934 1083 1963 immorta-

288 1971 399 2004 lemque
419 1974 545 1996 naturam
569 1969 700 1996 medium.
721 1968 749 2004 Id
773 1968 836 2004 ideo
855 1969 933 2000 dicit,
955 1971 1030 2004 quia,
1052 1976 1082 1998 ut

290 2003 411 2038 theologi
435 2012 500 2040 cunt
523 2004 650 2039 Magistro
674 2012 704 2036 tt,
725 2003 753 2040 d7.
785 2003 830 2036 t9,
852 2003 1081 2040 docent,’duplex

289 2044 333 2067 est
354 2039 557 2070 immortalitas,
575 2047 627 2065 una
645 2039 797 2066 secundum
814 2046 896 2072 quam
911 2040 976 2073 quis
993 2039 1081 2074 possit

288 2082 344 2101 non
357 2074 427 2100 mori
440 2081 447 2104 ;
460 2074 546 2100 altera
558 2074 710 2100 secundum
725 2081 808 2107 quant
822 2080 877 2100 non
891 2076 978 2100 solutn
992 2075 1081 2108 possit

288 2109 353 2144 quis
366 2116 420 2144 non
440 2109 522 2144 mori,
532 2108 581 2135 sed
596 2108 678 2135 etiam
694 2115 748 2144 non
762 2108 849 2142 pOSsit
863 2109 945 2135 mori.
963 2109 998 2135 Et
1010 2111 1075 2143 quia

309 2143 471 2170 osteriorem
485 2143 556 2169 hanc
568 2142 803 2169 immortalitatem
815 2150 870 2169 non
882 2143 978 2170 habuit
992 2142 1075 2172 homo

288 2177 317 2214 in
334 2182 406 2214 statu
426 2177 590 2204 innocentia:
605 2179 698 2214 (quam
719 2177 821 2214 habent
838 2177 910 2214 beati
933 2178 960 2205 in
980 2179 1074 2214 coelo),

289 2212 352 2240 ideo
369 2213 481 2248 Diaptra
498 2213 545 2242 ait,
567 2220 631 2248 eum
647 2212 777 2248 habuisse
792 2212 911 2239 mediam
928 2212 1075 2248 quamdam

288 2248 364 2274 inter
375 2247 519 2274 mortalem
528 2251 557 2283 et
567 2247 883 2283 immortalemnaturam
895 2255 902 2278 ;
914 2249 978 2283 quia
986 2250 1076 2283 potuit

289 2290 407 2317 peccare
418 2286 446 2308 et
466 2281 548 2314 mori,
561 2282 633 2310 sicut
649 2286 678 2309 et
694 2282 819 2316 peccavit
834 2287 862 2309 et
878 2281 1005 2310 mortuus
1023 2289 1075 2312 est.

288 2316 349 2350 Quo
377 2317 409 2344 iit
434 2321 471 2352 uti
491 2316 726 2344 immortalitatem
755 2317 828 2344 illam
854 2325 908 2345 non
936 2319 1076 2352 habuerit,

286 2353 369 2388 cujus
387 2351 521 2379 beneﬁcio
544 2360 600 2379 non
618 2353 741 2387 potuerit
759 2353 849 2380 mori:
871 2354 979 2381 tametsi
1006 2351 1078 2382 hanc

286 2387 398 2449 quoque
410 2387 644 2415 immortalitatem
659 2387 788 2415 habuisse
799 2388 853 2416 dici
867 2393 969 2424 potest,
982 2390 1030 2417 sed
1043 2398 1076 2417 ex

311 2422 446 2449 voothesi.
462 2423 484 2449 si
499 2423 606 2449 scilicet
618 2430 674 2449 non
688 2428 826 2449 peccaret.
842 2430 871 2449 ut
882 2425 980 2449 asserit
994 2425 1076 2449 etiam

310 2422 446 2458 ypothesi,
462 2423 484 2449 si
499 2423 606 2450 scilicet
618 2430 674 2450 non
688 2428 826 2458 peccaret,
842 2422 980 2451 utasserit
994 2425 1076 2452 etiatn

287 2457 317 2485 [5;
328 2457 521 2485 llonaventura
533 2459 560 2490 2,
573 2459 600 2485 d.
618 2459 662 2490 l9,
675 2457 727 2485 art.
738 2459 766 2490 2,
781 2463 878 2493 quaest.
894 2466 913 2486 I.
929 2459 995 2487 Vide
1009 2459 1077 2487 Gre.

285 2494 394 2528 gorium
408 2493 443 2521 de
458 2493 581 2521 Valentia
594 2503 611 2521 ι.
627 2502 666 2529 p.,
679 2494 707 2521 S.
725 2493 825 2520 Thom.
849 2494 877 2522 d.
892 2494 919 2527 7,
936 2501 1033 2530 quaest.
1049 2497 1075 2528 4,

1131 1907 1204 1939 part.
1220 1903 1501 1940 i,ret‘Bellarminurm
1517 1904 1566 1932 lib.
1587 1903 1623 1931 De
1639 1905 1728 1940 gratia
1741 1905 1820 1940 primi
1833 1906 1926 1933 [tomi-

1132 1938 1182 1970 nia,
1201 1938 1374 1973 potissimum
1391 1947 1451 1974 cap.
1468 1939 1495 1972 9,
1510 1940 1556 1966 ubi
1571 1938 1668 1974 probat
1685 1938 1926 1968 immortalitatem

1152 1974 1215 2001 rimi
1228 1974 1350 2001 hominis
1365 1974 1450 2002 fuisse
1465 1976 1717 2009 supernaturalem,
1735 1983 1789 2002 non
1805 1980 1928 2003 natura-

1141 2016 1196 2041 em,
1232 2017 1265 2036 ac
1294 2009 1411 2044 proinde
1442 2009 1589 2037 commisso
1619 2017 1732 2044 percato
1763 2011 1927 2044 ademptam

1131 2044 1326 2080 protoplasto;
1347 2044 1452 2080 angelis
1478 2049 1572 2080 autem
1607 2050 1669 2079 post
1697 2050 1838 2080 peccatum
1869 2055 1927 2074 non

1131 2078 1300 2114 ademptam,
1314 2078 1456 2114 quia‘erat
1477 2079 1531 2106 illis
1551 2078 1685 2107 naturalis
1698 2078 1736 2107 'et
1758 2081 1927 2109 intrinsecs.

1131 2113 1442 2150 Quod’autcm’lh'optra
1455 2115 1512 2150 ait;
1532 2115 1560 2141 Si
1574 2123 1675 2149 corpus
1690 2116 1854 2150 protoplasti
1873 2117 1929 2143 im-

1129 2149 1246 2185 mortale
1254 2149 1493 2182 i'uisset,iuturum
1502 2149 1587 2178 fuisse
1603 2155 1692 2177 utnon
1699 2149 1791 2185 egeret
1806 2150 1930 2178 alimen-

1132 2187 1169 2215 to,
1182 2183 1209 2210 id
1221 2191 1276 2211 non
1290 2186 1416 2219 sequitur
1431 2193 1437 2211 :
1450 2185 1513 2219 quia
1526 2193 1607 2212 causa
1620 2185 1693 2212 illius
1704 2183 1929 2214 immortalitatis

1130 2226 1163 2245 ex
1173 2223 1252 2253 parte
1262 2221 1410 2247 eratetiam
1419 2228 1484 2247 esus
1496 2220 1634 2247 fructuum
1643 2220 1749 2248 arboris
1763 2221 1840 2252 vitae;
1859 2229 1927 2249 nam

1132 2253 1160 2280 in
1176 2259 1249 2290 statu
1275 2255 1324 2282 illo
1342 2263 1398 2282 non
1413 2256 1532 2282 habebat
1551 2256 1633 2282 homo
1650 2263 1750 2290 corpus
1763 2256 1926 2290 spirituale,

1130 2289 1211 2324 quale
1224 2289 1368 2317 habebunt
1380 2291 1464 2322 beati,
1477 2290 1524 2317 sed
1537 2291 1666 2323 animale,
1677 2289 1816 2325 quodnon
1829 2297 1928 2325 potest

1131 2324 1283 2360 consistere
1308 2326 1368 2352 sine
1394 2326 1519 2353 ciborum
1549 2333 1598 2352 llSu
1626 2324 1740 2360 propter
1761 2324 1927 2353 continuam

1130 2359 1351 2394 deperditionem
1368 2361 1474 2388 humidi
1492 2359 1637 2392 naturalis,
1661 2359 1735 2395 quod
1752 2366 1795 2388 est
1813 2361 1928 2388 instau-

1130 2395 1246 2422 randum
1262 2396 1435 2431 rnutrilione.
1464 2396 1531 2423 Vide
1549 2396 1712 2431 Gregorium
1733 2397 1767 2422 de
1794 2395 1925 2424 Valentia

1131 2433 1197 2466 tum.
1213 2431 1233 2464 l,
1252 2430 1323 2466 disp.
1345 2432 1371 2463 7,
1391 2439 1419 2466 q.
1435 2431 1493 2465 Lp.
1516 2431 1543 2463 2,
1558 2430 1615 2459 haec
1630 2438 1663 2458 ex
1680 2431 1708 2459 S.
1721 2431 1826 2459 Thoma
1847 2437 1879 2459 et
1895 2433 1925 2460 S.

1130 2464 1283 2500 Augustino
1295 2464 1488 2500 explicantem.

1035 2578 1174 2610 Scholia.

320 2649 472 2691 fBasilius.
500 2659 509 2676 ι
524 2649 678 2691 _Secundum
694 2650 849 2691 imaginem,
874 2659 884 2676 ›
900 2654 937 2691 est
955 2652 1081 2691 nimirum
1097 2653 1122 2684 D
1136 2654 1253 2691 cundum
1270 2655 1414 2690 imaginem
1436 2665 1445 2681 ι
1465 2656 1570 2691 quidem
1589 2655 1636 2683 Dei
1656 2661 1695 2683 est
1715 2657 1800 2683 omni:
1822 2661 1926 2685 natura

285 2689 402 2721 potestas
412 2685 460 2722 illa
476 2686 548 2720 regia
560 2691 584 2713 et
596 2685 781 2722 imperatoria.
795 2695 804 2711 ‹
818 2686 968 2713 Secundum
980 2688 1078 2722 imagi-

286 2729 346 2748 nem
371 2730 379 2746 ι
395 2721 477 2747 habeo
495 2728 526 2748 ea:
547 2729 587 2753 eo,
611 2721 680 2755 quod
708 2722 814 2748 ratione
839 2729 897 2747 sum
924 2721 1052 2756 prwditus
1068 2731 1077 2749 :

290 2765 299 2792 ς
317 2756 466 2792 secundum
482 2756 684 2782 similitudinem
701 2765 719 2792 ν»
739 2761 828 2782 autent
844 2757 880 2790 ﬁo
895 2763 927 2782 ex
948 2765 988 2789 eo,
1010 2758 1078 2792 quod

286 2790 368 2816 bonus
383 2790 429 2824 ﬁo.
442 2791 487 2823 Et,
506 2801 515 2816 ‹
536 2793 678 2817 secundant
696 2791 837 2826 imaginem
858 2800 866 2816 ι
883 2791 988 2826 quidem
1007 2790 1076 2824 sunt,

286 2826 372 2862 utqui
387 2834 478 2852 revera
493 2827 554 2859 sim,
571 2832 594 2852 et
611 2833 715 2862 semper
728 2827 778 2852 sint
797 2833 805 2852 :
829 2827 877 2852 etsi
904 2834 957 2852 non
979 2827 1078 2862 absque

287 2861 417 2895 principio
432 2868 440 2887 :
453 2861 498 2887 sed
514 2865 601 2887 tamen
617 2861 674 2887 sine
688 2860 751 2894 line.
767 2870 775 2886 ι
790 2861 941 2887 Secundum
953 2860 1077 2889 similitu-

289 2895 379 2921 dinem
404 2905 412 2920 I
427 2903 498 2926 vero,
515 2900 543 2922 ut
563 2896 643 2922 bonus
663 2897 733 2927 boni,
746 2901 773 2921 ut
797 2896 924 2930 sapientis
937 2901 960 2921 et
971 2898 1076 2931 quidem

289 2935 386 2957 natura
399 2931 535 2966 sapientis,
550 2938 595 2965 rgo
615 2938 663 2966 per
679 2931 796 2967 gratiam
811 2931 928 2966 sapiens.
945 2931 989 2966 Et,
1009 2941 1017 2958 ι
1034 2941 1076 2959 sc-

1135 2690 1283 2725 intelligens
1306 2698 1315 2716 :
1335 2700 1343 2716 ι
1367 2692 1510 2719 secundum
1525 2692 1726 2719 similitudinem
1744 2701 1753 2718 ι
1772 2696 1861 2718 autem
1876 2694 1928 2720 soli

1132 2725 1193 2751 boni
1210 2733 1241 2752 ac
1250 2726 1392 2759 sapientes.

1170 2762 1188 2770 "
1201 2760 1344 2798 Chrysost.
1358 2760 1490 2793 Quoniam
1501 2763 1570 2789 enim
1581 2763 1712 2789 hominem
1724 2763 1927 2798 corruptibilrm

1133 2796 1268 2821 nutritura
1279 2801 1348 2827 erat,
1361 2803 1513 2832 creaturam
1531 2799 1616 2832 ipsum
1629 2806 1731 2832 quoque
1743 2796 1928 2831 huiuscemodi

1132 2838 1187 2856 exse
1200 2832 1348 2867 oportebat.
1362 2831 1421 2858 Non
1441 2833 1510 2859 enim
1528 2831 1691 2860 intereuntia
1705 2841 1816 2867 corpora
1833 2834 1927 2859 inror-

1133 2865 1251 2899 ruptibili
1273 2866 1402 2893 alimonia
1424 2868 1526 2904 victuro
1547 2873 1634 2894 erant.
1661 2865 1828 2904 Sequebatur
1848 2876 1925 2903 ergo,

1132 2905 1160 2927 ut
1174 2905 1197 2927 et
1212 2906 1336 2928 creatura
1356 2903 1534 2937 corruptibilis
1547 2903 1636 2937 ﬁeret.
