2034 3153
152 210 207 243 773

881 208 1059 240 DlOPTBA.

1731 207 1783 239 ΤΛ

149 270 183 296 ad
198 269 253 296 alia
276 271 449 304 transeundi,
472 277 533 305 quae
546 271 580 298 ab
605 271 684 298 initio
705 269 849 306 proposui,
864 276 898 296 ne
914 268 941 294 in
956 268 980 297 Α
995 273 1058 293 nem
1075 265 1168 293 saeculi
1195 271 1223 293 ct
1238 264 1374 301 judicium
1391 268 1530 300 exspecta.
1552 263 1644 292 Testis
1662 269 1691 292 et
1715 266 1784 293 citra

149 314 319 342 oblivionem
333 316 455 344 veniant.
476 317 504 344 in
521 317 653 344 omnibus
667 321 760 344 autem
780 314 942 350 quarstioni-

149 359 212 391 bus,
230 365 294 395 peto
314 365 344 388 ut
358 363 425 390 mihi
447 363 584 398 ignoscas.

185 405 268 435 Cano.
281 407 417 443 Eloquere
428 409 494 444 quid
505 417 628 444 quaeras:
639 407 713 436 haud
726 409 798 436 enim
814 407 938 436 memini.

184 454 282 481 Asina.
297 454 365 482 lllud
380 460 439 482 erat
454 455 527 490 quod
545 456 757 490 percunctabar,
775 455 940 491 quibusnam

149 499 178 526 in
199 499 278 529 locis.
307 504 335 527 et
357 501 461 535 quibus
479 501 637 537 regionibus
650 502 788 537 justorum
808 505 937 536 peccato-

149 553 267 580 rumque
278 546 394 581 spiritus
412 552 474 582 post
488 547 641 576 discessum
658 555 692 575 ex
703 547 754 574 hac
766 547 838 579 luce,
852 554 940 582 usque

148 591 182 618 ad
197 591 300 620 Christi
316 593 466 621 adventum
484 594 578 622 vivere
593 593 770 622 statuendum
782 597 867 621 esset.

184 636 268 664 Cum.
285 637 312 665 Si
330 646 445 666 noscere
463 639 516 673 vis,
538 639 678 675 quomodo
694 646 723 667 se
739 639 850 671 habeat,
866 639 941 674 qtrod

147 683 315 718 interrogas.
328 684 442 712 adverte
453 685 578 713 animum
591 685 635 712 his
647 693 709 720 qua:
719 685 820 717 dicam,
830 689 858 712 et
868 685 940 712 veri-

148 732 233 755 tatem
255 729 405 764 percipies.
421 729 574 765 Scriptura:
591 729 703 762 docent,
719 730 939 758 excelsissimum

147 781 210 802 esse
233 774 337 807 locum,
360 775 387 802 in
412 783 468 810 quo
483 775 731 809 animaejustorum
755 776 938 811 requiescant.

150 821 201 848 llic
228 825 320 848 autem
345 822 424 849 locus
450 822 568 850 diversis
592 822 750 850 nominibus
775 822 938 858 appellatur.

146 865 252 902 Nempe
268 867 344 903 regio
360 867 524 901 viventium,
542 873 616 896 terra
634 868 755 899 utilium,
774 867 938 901 tabernacu-

147 914 204 940 lum
221 921 235 940 a
250 914 306 941 Deo
317 914 430 946 factum,
446 915 543 943 civitas
556 915 702 947 altissima,
719 919 828 942 torrens
838 914 938 942 odora-

992 312 1182 346 exceptionem
1199 311 1312 344 Paulus,
1331 311 1377 347 qui
1395 311 1518 338 omnium
1531 316 1615 347 caput
1635 316 1662 340 et
1681 313 1786 347 princi-

992 366 1053 393 pem
1064 357 1215 390 Christum,
1228 363 1374 393 postquam
1389 357 1553 390 resurresit,
1565 357 1782 393 primogenitum

991 409 1165 432 mortuorum
1187 405 1209 437 ',
1229 408 1257 431 et
1281 404 1493 440 primogenitum
1518 404 1545 431 in
1571 405 1665 432 multis
1691 405 1785 434 l‘ratri-

991 450 1043 477 bus
1060 450 1083 482 “,
1111 453 1139 476 et
1164 449 1296 476 Adamum
1323 449 1475 477 secundum
1500 450 1644 477 nominat'
1666 450 1710 478 “'.
1729 450 1784 484 Qui

990 500 1019 523 et
1039 495 1130 530 primo
1153 496 1239 531 prior,
1269 500 1298 523 et
1326 495 1491 531 prodromus
1511 497 1591 524 nobis
1609 497 1645 524 ad
1674 497 1785 526 Patrem

991 542 1109 576 pmeivit,
1137 542 1211 569 etin
1233 542 1292 577 ejus
1314 542 1416 569 throno
1439 543 1559 577 glorioso
1583 544 1617 571 ad
1641 544 1785 572 dexteram

990 588 1126 621 consedit,
1145 588 1225 616 sintut
1239 589 1364 616 omnium
1376 594 1470 623 caput,
1485 595 1515 617 ut
1528 595 1556 617 et
1566 591 1666 625 capitis
1680 599 1783 626 corpus

991 634 1122 669 paulatim
1141 641 1174 661 eo
1193 638 1387 669 congregetur,
1407 638 1435 662 et
1462 641 1649 670 congruenter
1671 642 1785 672 aptetur

990 684 1018 708 et
1031 684 1250 716 coagmentetur.
1287 680 1343 707 Nec
1365 680 1439 707 enim
1468 688 1570 716 corpus
1587 682 1632 714 sit,
1668 683 1785 712 absente

990 727 1091 761 capite,
1104 733 1156 753 nec
1169 733 1276 752 rursum
1288 730 1382 760 caput,
1396 726 1419 752 si
1439 725 1512 753 absit
1523 734 1624 762 corpus
1640 728 1693 755 ·⁸“.

1026 771 1162 800 Caeterum
1179 771 1277 798 anima:
1292 770 1428 797 bonorum
1442 771 1507 798 solre
1527 779 1600 798 nunc
1614 771 1783 805 evehuntur,

990 826 1041 854 per
1051 825 1091 850 se,
1110 821 1139 844 ut
1159 820 1284 850 possunt,
1302 817 1376 843 orrmi
1394 823 1466 844 nexu
1482 817 1589 848 soluta),
1607 818 1640 844 ad
1658 818 1782 845 omnium

990 869 1072 900 caput
1088 868 1115 891 et
1132 864 1277 890 Dominum
1295 862 1427 890 vadentes
1447 872 1454 890 -.
1468 867 1531 898 post
1548 864 1782 891 resurrectionem

990 920 1066 944 vero,
1078 911 1242 939 etiarn‘cum
1259 910 1325 945 ipsis
1337 911 1501 945 corporibus
1515 911 1667 938 evehentur
1679 912 1744 940 ""'.

148 959 282 991 tissimus,
294 960 401 988 sonitus
417 960 517 987 festum
532 961 741 988 celebrantium.
758 960 793 987 Et
806 960 864 988 haec
878 960 938 995 qui-
955 948 976 978 Β
1025 957 1120 992 Papae!
1151 961 1253 992 quanta
1283 956 1383 992 gloria,
1413 961 1534 991 quantus
1563 957 1665 984 honor!
1683 957 1780 992 Papail

146 1005 209 1032 dem
223 1014 256 1032 ex
272 1006 402 1040 Epistolis
416 1006 493 1034 Pauli
517 1006 551 1034 ad
567 1006 727 1034 Corinthios
737 1011 766 1034 et
778 1006 938 1041 Philippen—

146 1058 191 1077 ses
204 1055 341 1078 constant.
357 1050 475 1078 Inferior
486 1056 579 1078 autem
597 1051 744 1083 incolatus,
756 1055 784 1078 et
798 1055 937 1086 tempora-

145 1101 226 1125 neus.
261 1098 289 1122 et
328 1095 439 1122 servilis
465 1100 518 1128 est,
555 1095 727 1123 tabernaculi
757 1096 852 1132 hujus,
883 1104 938 1131 quo

145 1139 292 1173 dissoluto,
305 1141 417 1168 domum
434 1141 517 1168 aliam
533 1141 561 1168 in
573 1143 683 1177 superis
697 1142 841 1174 habemus,
859 1143 938 1178 cujus

143 1185 297 1212 aedificator
308 1186 454 1219 Dominus,
469 1187 549 1222 cujus
563 1187 655 1222 opifex
673 1187 746 1214 Deus
764 1189 783 1214 ‘.

183 1231 272 1258 Soluti
295 1232 378 1267 igitur
405 1233 580 1268 corporibus,
609 1237 770 1261 constanter
798 1233 938 1260 credimus

144 1275 298 1304 abdurtum
315 1284 365 1305 nos
385 1277 417 1305 iri
434 1278 467 1306 ad
483 1279 640 1311 Dominum,
657 1279 769 1314 quicum
782 1287 842 1306 esse
868 1287 937 1314 prm-

145 1326 210 1348 slat.
224 1321 314 1355 Quare
328 1327 356 1350 et
367 1324 512 1351 amabilem
526 1324 598 1351 illam
611 1332 705 1352 vocem
717 1324 830 1356 emittit,
849 1324 938 1359 Cupio

146 1367 272 1400 dissolvi,
292 1373 320 1395 et
340 1369 406 1396 hinc
424 1369 541 1402 absolvi,
570 1373 600 1396 ut
622 1377 684 1397 cum
705 1370 815 1398 Christo
834 1370 935 1402 vivam,

145 1413 257 1447 quicum
269 1421 329 1442 esse
344 1415 473 1443 desidero
493 1417 512 1426 "
525 1415 546 1442 ⁸.

183 1458 216 1485 Et
229 1459 358 1487 Salomon
380 1469 439 1493 rex,
463 1466 494 1489 ut
509 1461 605 1490 videns
627 1462 723 1497 (futuri
747 1462 889 1498 providus,
907 1468 937 1491 ut

146 1505 299 1539 prophetae,
323 1506 371 1541 qui
396 1506 523 1534 videntes
547 1507 723 1544 dicebantur)
750 1509 786 1536 ita
810 1509 936 1537 scribit:

151 1559 160 1576 ε
178 1550 319 1578 Justorum
336 1552 433 1580 animte
449 1552 476 1580 in
489 1561 571 1580 manu
584 1555 782 1589 omnipotentis
795 1555 843 1583 Dei
858 1560 934 1588 sunt,

144 1600 173 1623 et
186 1605 240 1624 non
260 1602 352 1633 tanget
374 1598 436 1626 illos
449 1603 616 1627 tormentum
635 1601 731 1628 nrortis
744 1601 765 1628 '.
784 1611 793 1627 υ
814 1601 935 1629 Joannes

145 1648 236 1670 autem
262 1644 458 1678 Damascenus,
480 1645 522 1672 vir
537 1645 769 1680 sapientissimus,
791 1655 856 1675 vere
875 1647 934 1683 ipsa

144 1690 242 1724 gratia,
255 1690 328 1725 quod
341 1691 402 1725 ejus
422 1698 523 1718 nomen
540 1695 621 1719 sonat
643 1701 650 1719 :
667 1701 676 1718 ε
695 1693 806 1720 Animas
821 1693 933 1729 quidem

145 1736 253 1764 habetis
266 1737 366 1772 (inquit
376 1737 402 1764 in
411 1737 521 1774 hymnis
532 1740 694 1774 martyrum)
711 1740 738 1766 in
754 1739 865 1767 civitate
877 1748 934 1768 crn-

144 1782 218 1815 lesti,
234 1783 261 1810 in
276 1791 329 1817 qua
345 1783 512 1816 habitantes,
534 1791 596 1811 cum
613 1785 730 1812 Domino
755 1786 859 1818 vivitis,
884 1794 934 1821 pro

145 1836 200 1863 quo
222 1833 250 1855 et
267 1829 448 1857 oceubuistis.
469 1839 479 1855 ι
495 1829 528 1857 Ει
542 1830 677 1865 plurinros
702 1830 772 1858 alios
792 1836 886 1863 testes,
905 1836 934 1859 et

146 1875 264 1910 majores
276 1875 348 1902 inter
364 1880 475 1903 sanctos
487 1875 570 1903 dictis
581 1877 650 1904 meis
661 1877 845 1912 astipulantes
862 1885 933 1913 pro—

144 1920 243 1948 ducam
270 1920 331 1952 tibi,
349 1920 523 1956 Gregorium,
541 1921 690 1955 Basilium,
707 1930 831 1951 summos
847 1926 932 1958 magi-

144 1969 233 1998 stros;
248 1964 410 2000 Gregorium
425 1966 590 2002 Nyssenum,
608 1967 746 1994 Andream
760 1967 931 2001 Cretensem,

143 2015 171 2038 et
196 2010 263 2037 illud
286 2018 402 2038 aureum
429 2011 609 2046 divinutnque
636 2011 696 2039 Os:
726 2020 822 2040 omnes
850 2014 932 2041 simul

143 2055 320 2083 concorditer
332 2061 358 2083 et
375 2055 497 2083 unanimi
514 2063 664 2087 consensu.
679 2058 802 2085 omnium
823 2064 930 2087 sancto-

143 2110 205 2129 rum
229 2101 335 2129 animas
356 2101 383 2129 in
409 2101 479 2129 coelo
502 2109 565 2129 esse
586 2102 793 2131 conﬁrmantes.
818 2103 932 2138 Oportet

142 2147 216 2174 enim
238 2147 371 2174 mundum
391 2154 544 2182 supernum
566 2147 675 2182 impleri
696 2149 864 2177 omnimodis
890 2150 932 2186 (ut

143 2199 241 2227 magna
257 2192 302 2219 illa
324 2196 353 2219 et
371 2191 436 2226 vigil
456 2199 535 2219 mens
553 2191 701 2228 Gregorius
717 2194 824 2230 scribit)
840 2189 860 2222 'e
876 2203 931 2230 quo

142 2238 272 2272 delapsus
292 2237 418 2269 Satanas,
444 2241 475 2265 ut
495 2237 588 2273 fulgur
600 2238 635 2266 de
657 2239 728 2267 coelo
745 2247 807 2268 cum
826 2241 931 2277 angelis

990 1007 1124 1038 quantum
1146 1003 1326 1038 mysteriumi
1358 1002 1446 1035 Quam
1474 1003 1559 1030 multa
1590 1003 1672 1036 dona,
1698 1011 1781 1038 quam

989 1050 1075 1077 multa
1089 1049 1235 1081 beneﬁcia,
1250 1049 1277 1076 in
1292 1049 1392 1083 quibus
1409 1055 1424 1075 a
1443 1048 1581 1083 principio
1595 1056 1657 1076 cum
1676 1048 1780 1076 Condi-

991 1100 1050 1122 tore
1072 1094 1350 1126 communicavimus,
1371 1099 1398 1120 et
1410 1101 1471 1129 qure
1492 1100 1507 1120 a
1523 1093 1672 1121 Conditore
1695 1102 1781 1129 usque

990 1141 1016 1168 in
1033 1141 1114 1169 linem
1135 1145 1162 1168 et
1184 1141 1211 1168 in
1226 1140 1426 1176 sempiternum
1440 1139 1616 1168 obtinemus!
1630 1140 1671 1168 'l‘u
1687 1141 1781 1174 crede,

988 1191 1016 1214 et
1030 1186 1110 1214 iidem
1126 1186 1196 1214 habe
1212 1187 1270 1214 haec
1286 1186 1454 1218 dicentibus,
1471 1190 1501 1212 ut
1515 1194 1578 1213 vr-ra
1593 1186 1628 1213 de
1641 1186 1780 1214 bonorrrm

988 1233 1134 1260 animabus
1156 1232 1342 1260 sentientibus
1374 1239 1407 1259 ac
1439 1232 1617 1259 docentibus.
1646 1231 1726 1265 Quod
1756 1232 1780 1260 si

988 1279 1070 1306 etiam
1093 1285 1262 1314 cognoscere
1287 1277 1375 1310 lubet,
1408 1276 1455 1304 ubi
1479 1281 1659 1312 peccatorum
1680 1277 1779 1305 animte

989 1325 1176 1356 inveniantur,
1196 1328 1224 1352 et
1239 1331 1294 1358 quo
1311 1323 1470 1356 deveniant,
1487 1323 1521 1350 de
1543 1323 1595 1350 hoc
1611 1330 1721 1358 quoque
1735 1324 1778 1351 di-

987 1379 1058 1398 cam.
1084 1372 1114 1398 ln
1138 1375 1230 1406 partes
1244 1375 1325 1398 terra:
1344 1370 1454 1397 inllrnas
1474 1374 1503 1397 et
1518 1370 1609 1397 locum
1624 1370 1736 1403 abeunt,
1750 1371 1778 1397 in

987 1421 1105 1445 mortem
1124 1417 1330 1451 lealiginosam.
1362 1415 1492 1448 Attende,
1521 1419 1549 1442 et
1585 1415 1774 1443 conditionem

987 1463 1061 1490 illam
1088 1462 1168 1490 delle.
1190 1462 1274 1489 David
1291 1461 1435 1497 psallendo
1460 1461 1563 1497 gratias
1587 1461 1644 1496 agit
1671 1462 1703 1495 ‘°,
1729 1462 1778 1497 qui

985 1508 1115 1536 eduxerit
1131 1508 1165 1535 ab
1176 1507 1285 1535 inferno
1296 1507 1415 1534 animam
1432 1507 1530 1542 ipsius,
1547 1512 1576 1534 ut
1588 1508 1776 1542 omnipotens,

985 1561 1038 1581 nec
1051 1553 1155 1585 siverit,
1170 1557 1200 1580 ut
1217 1553 1386 1586 misericors,
1399 1552 1507 1580 diutius
1517 1553 1692 1587 tyrannidem
1708 1554 1773 1588 pati.

985 1599 1057 1633 Quin
1081 1603 1110 1627 et
1130 1599 1296 1627 .lobinl‘erni
1323 1599 1384 1626 loca
1413 1598 1581 1626 lamentatur
1612 1599 1645 1631 ¹¹,
1676 1606 1778 1626 vocans

987 1650 1087 1673 terram
1102 1645 1277 1673 tenebrarum
1297 1649 1323 1673 et
1338 1644 1473 1680 caliginis,
1494 1644 1541 1672 ubi
1556 1645 1655 1672 horror
1672 1645 1774 1679 sempi-

985 1696 1082 1720 ternus
1095 1692 1232 1720 inhabitet
1247 1701 1253 1719 :
1270 1691 1318 1718 ubi
1340 1699 1391 1718 nec
1406 1691 1481 1718 videt
1493 1691 1650 1726 quisquam,
1669 1698 1719 1718 nec
1735 1691 1780 1716 vi-

984 1738 1042 1766 deri
1061 1743 1161 1774 potest.
1183 1739 1230 1766 Est
1252 1739 1327 1765 enim
1347 1737 1425 1764 lacus
1449 1737 1623 1769 tenebrosus,
1650 1741 1678 1763 et
1699 1736 1780 1763 vallis

984 1785 1145 1819 caliginosa,
1161 1784 1242 1819 plena
1265 1783 1460 1818 lacryrnarum,
1477 1786 1505 1809 et
1526 1783 1664 1814 dolorum,
1683 1782 1779 1816 longo-

984 1838 1037 1865 que
1052 1830 1277 1864 profundissima.
1291 1828 1351 1862 Quo
1364 1836 1426 1856 cum
1440 1827 1629 1855 descendisset
1642 1827 1691 1854 Dei
1709 1828 1778 1855 Vcr-

984 1876 1060 1908 bum,
1080 1875 1196 1906 animas.
1211 1880 1348 1910 quotquot
1370 1874 1437 1901 illud
1457 1873 1540 1900 etiam
1559 1873 1596 1899 ibi
1612 1873 1774 1906 adorabunt,

983 1927 1011 1950 et
1026 1921 1158 1949 violentia
1182 1921 1292 1956 tyranni
1319 1920 1526 1953 detinebantur,
1544 1918 1650 1953 eduxit,
1674 1925 1701 1947 et
1716 1925 1776 1947 tro-

983 1974 1072 2001 pmum
1085 1965 1208 1993 victoria:
1222 1965 1320 1993 erexit.

1306 2022 1420 2052 CAPUT
1438 2023 1472 2052 Χ.

983 2070 1021 2098 De
1035 2070 1225 2097 resurrectione
1244 2069 1380 2096 hominum
1400 2078 1524 2105 supremo
1543 2069 1591 2097 illo
1606 2070 1648 2096 die
1663 2078 1673 2096 :
1688 2073 1712 2095 et
1725 2077 1773 2096 cu-

1013 2105 1132 2175 iusmodi
1145 2109 1201 2131 tum
1217 2105 1365 2136 beatorum,
1383 2109 1439 2132 tum
1457 2106 1646 2133 damnatorum
1661 2113 1774 2139 corpora

1029 2145 1109 2168 utura
1122 2142 1185 2168 sint.

1029 2149 1109 2168 mura
1122 2149 1185 2168 81111.

1017 2197 1071 2224 Sed
1091 2197 1166 2232 quod
1188 2196 1311 2225 futurum
1327 2202 1369 2225 est
1389 2198 1465 2230 audi,
1487 2202 1517 2226 et
1537 2197 1730 2228 contremisce,
1746 2201 1776 2224 et

983 2243 1113 2272 horresce
1123 2244 1155 2271 ad
1166 2245 1284 2272 alterum
1297 2246 1375 2273 illum
1392 2249 1603 2280 extremumque
1614 2244 1772 2273 adventurm.

141 2285 211 2316 suis.
233 2284 349 2311 Domino
370 2288 440 2312 ιθεῑθ
456 2285 477 2316 ⁸,
493 2285 635 2320 proiectus
647 2290 702 2313 est.
719 2286 868 2322 Postquam
880 2295 929 2315 au-
947 2294 1011 2328 Det
1033 2291 1226 2318 universorum
1252 2299 1427 2319 communem
1448 2291 1689 2319 resurrectionem.
1709 2291 1774 2318 Inde

143 2336 197 2358 tem
208 2331 284 2358 locus
294 2330 338 2358 ille
354 2338 459 2359 vacuus
470 2330 600 2366 impletus
609 2331 704 2364 fuerit,
713 2334 928 2361 consummatio-

178 2389 189 2404 ⁸
206 2389 325 2423 Philipp.
338 2396 357 2420 ι,
375 2388 421 2416 ‘23.
459 2389 471 2405 ⁸
497 2388 562 2423 Sap.
578 2388 659 2420 111,Ι.
697 2389 708 2404 ⁸
727 2388 795 2417 Luc.
809 2398 838 2423 κ,
862 2390 906 2418 l8.

141 2425 162 2440 '°
181 2424 336 2455 Psal.xxrx,
355 2425 381 2451 ιι,
400 2446 403 2448 η
419 2425 440 2440 ¹¹
464 2423 525 2451 Job.
539 2423 623 2455 xﬂl,
640 2423 687 2450 22.

945 2391 955 2407 ⁷
973 2391 1080 2419 Coloss.
1096 2399 1116 2425 ι,
1136 2392 1180 2419 18.

982 2335 1134 2371 prodibunt
1153 2337 1268 2372 singula:
1283 2337 1381 2365 anima
1402 2345 1464 2364 eum
1483 2345 1611 2372 corpore,
1634 2344 1696 2363 cum
1717 2344 1774 2370 quo

1235 2393 1246 2409 ‘
1263 2393 1343 2420 Rom.
1359 2401 1419 2426 vm,
1432 2392 1478 2420 29.
1534 2392 1545 2408 ⁸
1562 2391 1570 2417 l
1587 2391 1642 2419 Cor
1665 2399 1711 2424 xv,
1726 2392 1771 2420 45.

880 2459 1020 2490 Scholia.

177 2509 186 2518 ⁶
201 2507 346 2534 Terrenum
359 2511 445 2543 autem
462 2507 568 2534 domum
583 2509 719 2543 prmentis
746 2508 806 2534 vita:
823 2516 930 2543 cursum

141 2548 164 2570 et
183 2542 348 2579 institutum,
370 2542 568 2579 tabernaculum
583 2542 676 2578 corpus
693 2543 823 2578 appellat.
836 2542 866 2570 Si
879 2544 930 2579 igi-

140 2584 195 2608 tur,
207 2578 302 2613 inquit.
317 2577 488 2613 prmserrsvita
500 2577 647 2610 ﬁniatur,'4
663 2579 768 2604 domum
782 2586 833 2605 non
849 2577 929 2605 manu

140 2610 246 2648 factam
257 2610 381 2639 habemus
395 2611 432 2644 (11
447 2610 510 2648 Cor.
526 2619 553 2642 v,
572 2613 608 2646 1),
624 2622 632 2638 ι
649 2613 776 2640 εωιεειεηι
793 2613 929 2647 nimirum,

142 2647 236 2682 nempe
253 2652 281 2674 ut
296 2655 355 2673 cum
371 2648 473 2674 (.Irristo
490 2647 580 2673 simtu.

180 2681 332 2718 "Propter
356 2682 548 2718 perfectionem
568 2681 765 2710 dissolutionem
786 2683 929 2710 desiderat.

140 2718 199 2745 Non
223 2717 292 2744 enim
313 2718 468 2752 simpliciter
491 2724 522 2742 ea:
539 2717 587 2743 huc
603 2720 655 2744 vita
678 2718 807 2745 discedere
830 2719 925 2745 bonum

141 2755 252 2780 dicimus
264 2761 272 2779 :
283 2754 327 2779 sed
339 2753 433 2779 bonum
446 2752 547 2786 famam
556 2756 721 2779 consecutum
731 2754 871 2781 discedere.

180 2788 362 2824 "'VChrySust.
376 2788 462 2814 Adam
472 2787 605 2814 Christum
619 2788 802 2824 adumbrabat.
813 2788 882 2815 Nam
890 2789 926 2816 εἰ·

142 2828 186 2850 cut
197 2823 241 2849 ille
250 2822 358 2858 posteris
365 2824 430 2854 sitis,
446 2829 599 2858 quanquam
614 2822 646 2858 de
660 2822 728 2857 ligno
739 2831 791 2849 non
801 2824 927 2850 comedis-

142 2863 210 2886 sent.
221 2856 301 2885 causa
316 2859 388 2885 exitii
400 2866 445 2892 per
452 2856 524 2884 enim
533 2856 715 2884 illuminducti
729 2857 813 2891 [actus
825 2863 861 2884 est
871 2866 879 2884 :
889 2860 926 2886 ita

142 2898 167 2919 et
178 2893 294 2934 Christus
345 2901 371 2920 se
380 2892 555 2934 credentibus,
561 2900 717 2934 quanquam
723 2893 834 2934 justitiae
847 2901 926 2928 opera

142 2935 195 2956 non
209 2927 370 2961 trahentibus,
393 2937 473 2955 causa
487 2927 600 2964 justitia:
620 2927 704 2962 factus
718 2931 766 2961 est,
783 2935 861 2962 quam
880 2936 926 2964 per

979 2516 1082 2536 crucem
1098 2510 1219 2537 omnibus
1238 2510 1310 2536 nobis
1321 2510 1438 2537 donavit.

1073 2544 1216 2580 Chrysost.
1230 2544 1288 2572 Non
1302 2546 1371 2580 quod
1393 2554 1422 2572 ea
1435 2544 1492 2572 sola
1508 2545 1620 2580 (anima)
1632 2545 1770 2574 salvetur:

979 2579 1025 2605 sed
1041 2580 1080 2610 (ut
1095 2579 1138 2616 est?
1147 2581 1174 2607 in
1194 2579 1320 2615 con/csso,
1337 2586 1361 2606 et
1380 2581 1422 2607 cui
1444 2579 1575 2616 refragari
1589 2589 1664 2607 nemo
1677 2583 1772 2615 potest)

979 2616 1049 2650 quod
1071 2614 1175 2642 saluata
1196 2616 1298 2647 anima,
1318 2616 1400 2642 etiam
1418 2614 1557 2650 corpus‘in
1580 2614 1772 2642 resurrectione

978 2648 1072 2676 salutis
1088 2651 1217 2686 particeps
1228 2651 1346 2684 futurum
1363 2651 1407 2678 sit.
1464 2648 1469 2650 ⁷
1606 2672 1609 2676 η

1075 2685 1398 2722 (λιίῐηθευδπίίιςὶδαρὶωιι
1407 2695 1465 2722 qum
1474 2686 1521 2714 Dei
1529 2691 1601 2718 sunt,
1613 2686 1772 2720 emigrnntcs

980 2719 1012 2746 ab
1031 2720 1071 2746 his
1084 2721 1159 2747 rebus
1182 2721 1300 2757 caducis,
1318 2719 1394 2755 parte
1406 2719 1447 2749 iui
1469 2729 1585 2757 superna
1613 2719 1745 2757 scandunt
1763 2730 1771 2748 :

980 2756 1142 2792 contranui
1157 2764 1196 2783 res
1209 2756 1298 2792 ﬂuxus
1307 2761 1331 2782 et
1342 2757 1443 2791 inferne
1455 2758 1565 2792 positas,
1579 2756 1651 2791 infra
1664 2756 1773 2783 ducena

980 2791 1057 2816 dunt.
1072 2790 1142 2817 Nam
1155 2792 1223 2826 quod
1237 2791 1387 2826 sejrrnctum
1407 2790 1459 2824 est,
1477 2792 1579 2823 unima,
1597 2790 1717 2826 inquam,
1740 2792 1772 2817 de

979 2829 1072 2862 uetera
1095 2827 1220 2862 inmedio
1239 2835 1289 2853 non
1308 2831 1417 2854 manet:
1439 2828 1483 2862 qui
1501 2827 1626 2858 caelestia,
1649 2827 1771 2861 inquam.

979 2861 1097 2896 sapiunt,
1119 2861 1156 2887 ita
1174 2861 1202 2888 in
1221 2870 1336 2896 superna
1359 2861 1473 2895 evolant,
1492 2866 1519 2888 ut
1534 2863 1559 2889 in
1581 2867 1653 2889 terra
1676 2869 1771 2896 corpus

979 2895 1139 2930 relinquunt.
1164 2896 1215 2934 Qui
1227 2901 1325 2934 autem
1345 2901 1451 2934 terrena
1473 2902 1497 2924 et
1512 2897 1634 2925 carnalia
1648 2897 1772 2934 sapiunt,

978 2934 1035 2962 post
1053 2935 1160 2958 mortem
1175 2932 1209 2958 ad
1224 2932 1321 2967 in[cros
1332 2932 1513 2960 devolvuntur.
