2034 3153
283 201 338 232 Π5

900 198 948 227 ΡΗ
955 199 1070 231 lLlPPI
1093 201 1293 232 SOLITARII

1860 207 1890 219 ΡΗ

286 259 420 290 vixerant,
437 261 464 283 et
486 255 561 282 illinc
576 259 700 283 rursum,
718 252 770 280 heu
785 252 790 278 !
813 253 846 279 ad
872 252 1010 282 infernum
1031 263 1075 283 re-
1090 260 1112 287 Α
1128 257 1233 284 Adamo
1248 258 1337 293 primo
1351 263 1466 293 parente
1481 266 1567 294 usque
1588 259 1622 286 ad
1639 259 1733 290 linem.
1751 266 1777 287 et
1796 262 1906 296 inspice,

284 304 384 332 dibunt
401 305 420 328 '.

323 349 380 376 lloc
398 348 486 382 magni
501 345 612 372 Davidis
625 345 708 373 verba
722 345 820 373 docent
838 346 901 380 quia
915 351 1074 381 peceatores

284 395 318 422 ad
337 394 438 421 inferos
453 400 614 419 reversuros
627 392 742 418 allirmal
756 400 763 424 ;
777 392 814 418 ait
829 393 902 419 enim
923 402 929 418 :
945 401 953 418 ι
973 392 1075 420 Rever-

288 445 381 467 teulur
396 439 468 467 unde
484 439 639 466 exircrunt.
662 447 671 463 ι
698 438 738 465 lbi
757 439 859 465 atrocia
878 443 905 465 et
919 439 981 473 plus
992 447 1072 473 quam

287 487 392 514 atrocia
422 485 572 520 patientur.
594 484 738 516 dolebunt,
769 489 890 519 gcmeut,
925 484 1074 519 plorabant

283 539 386 564 amare,
401 535 429 558 et
443 531 583 564 plangent,
605 534 633 556 et
651 529 773 562 ﬂebunt;
800 534 989 556 verumtamen
1017 529 1074 557 fru-

283 584 340 606 stra
352 583 380 604 et
396 576 526 604 inaniter.
553 575 626 602 Nihil
652 576 726 602 enim
751 575 906 609 proﬁcient,
934 576 1073 603 incassum

282 624 421 658 lugentes.
433 622 517 648 Parce
530 621 597 648 mihi
613 627 689 651 tunc.
703 621 817 648 Domine
831 630 837 648 :
850 622 886 648 ita
900 629 980 656 parce
993 621 1070 655 mihi,

284 671 401 697 obsecro
416 673 451 695 te.
475 667 553 700 Quod
571 667 682 702 paulum
697 667 828 702 effugisti,
845 667 944 694 iterum
962 675 1071 700 cernes,

283 722 312 743 et
329 715 445 742 accedes
459 719 538 740 vetus
555 717 632 739 luunt
649 713 866 745 tabernaculum,
893 713 976 747 proh!
991 721 1071 748 quam

287 761 424 787 horribile
441 759 627 794 quiddamlet
642 759 718 786 voles
734 759 767 785 ad
782 759 894 793 angelos
907 758 1068 793 confugere,

285 805 333 833 sed
352 805 386 831 ab
401 805 436 831 iis
447 804 591 838 repellere.
603 804 728 838 Aspicies
750 809 842 830 autem
858 804 1072 831 abominandum

284 856 312 879 ct
327 851 450 879 deforme
466 851 648 883 domiciliutn,
664 855 693 877 et
709 850 881 885 impuritate,
903 855 932 878 et
945 851 1070 884 maculis,

284 902 313 924 et
329 896 462 932 stiguiatis
478 897 600 931 plenum,
621 900 650 923 et
661 896 835 923 formidabile
852 896 972 929 intuens,
990 904 1070 923 aver-

285 947 344 970 sata
363 943 459 977 fugies.
489 942 542 969 Sed
560 942 751 969 minitantibus
766 942 871 977 angelis
888 949 921 969 ac
944 942 1071 969 terrenti-

284 988 346 1020 bus,
363 994 390 1015 et
406 988 439 1015 ad
455 988 543 1022 ipsutn
559 987 650 1022 ﬂagris
666 992 692 1015 te
703 987 839 1014 violenter
854 987 1069 1022 impellentibus,

284 1041 441 1069 quanquam
461 1033 569 1066 uolens,
587 1037 664 1060 tuum
684 1040 785 1067 corpus
812 1033 910 1059 iterum
933 1033 1071 1068 ingredie-

284 1080 333 1107 ris.
350 1081 383 1107 Et
407 1080 465 1107 haec
491 1079 603 1114 quidem
631 1078 800 1114 hujusmodi.
819 1078 960 1106 Justorum
978 1084 1069 1106 autem

283 1134 398 1161 corpora
413 1131 442 1153 ut
459 1126 612 1161 margarita:
625 1126 756 1157 nitentes,
779 1130 809 1152 ut
826 1125 1023 1157 carbunculus,
1040 1129 1070 1152 ut

283 1174 433 1208 lampades,
466 1179 495 1200 ut
523 1174 563 1200 sol
586 1172 831 1207 splendidissimus
862 1172 1071 1207 pulchritudine

283 1219 387 1254 glorim.
404 1218 482 1251 Quod
499 1218 520 1245 si
536 1217 594 1245 haec
607 1217 733 1245 doctrina
749 1217 798 1244 tibi
809 1217 937 1252 ambigua
949 1217 1069 1250 videtur,

282 1272 361 1299 again
376 1263 546 1299 argumentis
572 1262 720 1290 admodum
735 1263 936 1297 probabilibus.

317 1309 416 1336 Amm.
435 1308 585 1342 Cujusnam
610 1308 798 1343 argumentis?
821 1312 848 1335 et
878 1308 950 1335 unde
967 1307 1071 1336 habes?

317 1354 401 1381 Cano.
416 1353 514 1381 Unde?
527 1361 559 1380 cx
575 1353 768 1385 sanctissimis,
799 1358 826 1380 ct
844 1353 980 1387 plurimis,
999 1361 1070 1388 quo-

284 1407 344 1426 rum
356 1400 462 1434 priruus
475 1403 516 1425 est
531 1399 668 1430 Ezechiel,
684 1399 754 1425 alter
769 1399 861 1431 Isaias,
876 1399 972 1426 tertius
986 1398 1070 1426 David

284 1446 414 1481 inclytus,
429 1450 457 1472 et
482 1454 543 1472 cum
560 1453 593 1472 eo
612 1452 709 1472 omnes
734 1445 780 1480 qui
801 1450 863 1472 ante
886 1445 1025 1473 Christum
1044 1450 1072 1473 et

282 1497 347 1528 post
360 1500 423 1519 cum
441 1492 562 1527 insignes
578 1491 754 1518 exstiterunt.
771 1491 897 1518 Christus
910 1496 1000 1519 autem
1012 1499 1071 1519 am-

281 1538 356 1573 plius
368 1537 417 1564 tibi
443 1537 525 1572 hujus
542 1536 649 1571 quaesiti
680 1536 760 1564 ﬁdem
789 1536 863 1569 facit,
879 1537 926 1572 qui
939 1541 1070 1571 tropmum

285 1583 436 1610 maximum
453 1583 587 1609 adversus
601 1587 718 1609 mortem
734 1582 879 1610 constituit
894 1591 901 1609 :
914 1590 1013 1617 nempe
1028 1583 1072 1610 his

284 1636 346 1662 qua:
366 1628 394 1655 in
411 1628 561 1662 Erangelio
577 1627 657 1654 dixit.
675 1627 789 1662 Magnus
812 1633 905 1655 autem
923 1628 1024 1655 Paulus
1038 1628 1072 1656 de

285 1674 490 1702 resurrectione
504 1673 537 1700 ad
553 1674 712 1701 Corinthios
722 1674 858 1706 scribens,
871 1681 981 1701 carnem
997 1674 1072 1701 velut

285 1720 428 1754 inglorium
442 1720 469 1746 in
487 1725 587 1747 terram
603 1720 708 1754 lapsam
728 1721 863 1753 consumi,
882 1720 1071 1752 utinlirmam,

282 1769 315 1792 ut
328 1765 485 1798 animalem,
505 1770 629 1793 testatur.
650 1765 767 1793 Condita
784 1766 857 1793 enim
872 1766 999 1801 sepulcro
1018 1773 1071 1799 pu-

283 1812 390 1844 trescit,
423 1817 450 1839 et
467 1811 644 1843 dissolvitur,
667 1817 694 1839 et
715 1812 926 1847 corrumpitur:
953 1812 1072 1847 resurgit

280 1863 376 1885 autem
395 1858 554 1893 incorrupta
569 1858 596 1884 in
609 1858 719 1893 spiritu,
732 1862 760 1885 et
778 1858 874 1893 gloria,
897 1859 1070 1892 immortalis,

283 1912 393 1938 semper
405 1904 511 1936 vivens,
538 1904 618 1939 plena
631 1904 794 1939 gratiarum.
823 1904 960 1932 Continuo
976 1905 1072 1940 hujus-

285 1950 358 1976 modi
380 1950 537 1984 exemplum
561 1950 685 1984 apponit.
704 1949 939 1983 Quemadmodum
957 1958 1071 1986 granum

281 1994 403 2028 primunt
418 1995 530 2028 quidem
556 1995 661 2021 nudum
678 1995 706 2021 in
736 2001 836 2022 terram
854 1996 929 2023 cadit
946 2005 951 2022 :
976 2000 1072 2031 postea

283 2042 528 2075 computrelnctum
549 2048 605 2067 non
634 2041 739 2067 nudum
755 2042 822 2075 quid
846 2042 995 2076 germinat,
1023 2042 1070 2069 sed

285 2093 348 2111 cum
370 2085 503 2118 tunicula,
521 2090 549 2112 et
564 2085 617 2112 alia
632 2085 712 2112 simul
737 2087 884 2118 calamum,
899 2087 1009 2120 aristas,
1024 2095 1072 2123 ge~

286 2130 390 2161 uicula,
407 2130 482 2161 folia,
501 2135 530 2157 et
543 2131 750 2158 multitudinem
768 2131 948 2165 compositam
969 2140 1071 2167 grano-

286 2183 347 2202 rum
365 2175 399 2202 ad
414 2175 502 2202 visunt
519 2177 709 2210 speciosorum
727 2177 831 2211 profert
847 2177 866 2188 "
882 2178 916 2204 ¹².

321 2221 453 2248 Similiter
470 2221 536 2248 mihi
563 2222 652 2256 cogita
675 2222 708 2250 de
731 2225 935 2251 resurrectione
950 2224 985 2252 ab
1010 2225 1070 2260 ipso

322 2289 344 2304 ²¹
355 2288 367 2315 1
379 2288 443 2316 Cor.
456 2297 499 2321 xv,
513 2289 548 2316 55
563 2296 639 2324 seqq.
682 2290 704 2306 ¹³
716 2289 814 2318 Matth.
839 2299 904 2324 nit,
917 2292 970 2320 -50.

1088 927 1107 954 Β

1086 1603 1108 1632 C

1125 308 1153 331 et
1168 304 1304 331 admirare
1315 305 1476 333 altissimam
1490 305 1700 340 providentiam.
1714 307 1836 341 Repente
1849 313 1908 335 tunc

1125 349 1216 376 omnis
1230 355 1358 376 creatura
1375 350 1538 377 mutabitur.
1555 350 1613 377 Non
1626 351 1700 377 enim
1719 355 1787 387 lunq
1800 360 1906 386 parvus,

1125 403 1176 422 nec
1191 403 1316 430 magnus,
1341 403 1391 422 nec
1408 397 1495 431 niger,
1522 404 1573 423 nec
1601 396 1692 427 albus,
1711 404 1762 423 nec
1787 398 1904 432 gracilis,

1124 449 1176 468 nec
1189 449 1283 469 crasso
1297 449 1424 476 corpore,
1445 450 1495 469 nec
1525 442 1612 474 rufus,
1630 450 1680 469 nec
1693 442 1790 476 ﬂavus,
1808 451 1858 470 nec
1870 445 1907 470 ni-

1124 495 1173 522 gro
1188 487 1304 522 capillo;
1319 496 1373 514 non
1391 496 1504 519 curvus,
1518 497 1572 515 non
1589 489 1714 521 claudus,
1728 497 1782 516 non
1801 494 1904 524 turpem

1123 533 1251 560 allectum
1271 533 1384 566 habens,
1403 542 1456 561 non
1474 535 1616 566 deformis,
1641 542 1698 562 non
1711 543 1811 562 carens
1830 544 1906 563 manu

1124 584 1171 606 aut
1186 579 1267 614 pede,
1279 585 1326 607 aut
1339 580 1506 613 claudicans,
1519 590 1574 608 non
1583 582 1727 615 gibbosus,
1743 590 1799 609 non
1811 590 1904 614 erectis,

1124 634 1178 652 non
1193 626 1302 658 balbus,
1320 635 1376 654 non
1402 628 1523 662 sapiens,
1540 636 1595 654 non
1611 628 1723 660 stultus,
1742 636 1797 655 non
1816 637 1904 660 senex,

1124 680 1179 699 non
1194 673 1338 707 puerulus.
1363 680 1418 699 non
1438 681 1545 706 servus,
1563 681 1619 700 non
1638 674 1719 706 liber,
1738 682 1794 701 non
1811 675 1906 702 barba-

1124 726 1182 748 rus,
1205 725 1261 745 non
1288 718 1399 753 Scytha.
1423 718 1479 746 Nec
1495 720 1569 746 enim
1590 724 1619 746 ut
1639 720 1760 747 moritur
1783 721 1856 754 quis,
1873 721 1905 747 ita

1123 761 1206 788 etiam
1223 767 1350 796 resurget
1368 769 1375 788 :
1398 762 1444 789 sed
1471 764 1561 798 qualis
1581 765 1670 799 primo
1686 765 1817 792 conditus
1829 765 1905 792 homo

1124 806 1186 839 fuit,
1202 811 1229 833 et
1240 807 1329 841 qualis
1344 812 1402 835 erat
1413 813 1562 843 antequam
1579 810 1613 837 de
1628 810 1702 845 ligno
1719 811 1807 838 vetito
1821 819 1905 838 come-

1124 851 1202 885 dens,
1226 853 1384 880 mandatum
1408 854 1658 889 transgrederetur.
1684 856 1743 883 Non
1769 857 1844 883 enim
1858 857 1905 884 hoc

1124 905 1224 932 corpus
1239 902 1304 926 tunc
1329 900 1483 927 crassiticm
1510 900 1636 935 habebit,
1647 902 1695 929 sed
1713 902 1786 929 idem
1800 902 1904 937 quidem

1124 944 1177 971 erit
1191 953 1197 971 :
1213 944 1358 972 character
1382 949 1409 972 et
1430 945 1542 973 habitus
1564 951 1658 974 autem
1685 947 1823 974 diversus.
1850 947 1904 974 Non

1124 990 1264 1024 generatio
1279 990 1340 1024 (nec
1365 991 1439 1017 enim
1461 991 1584 1017 virorum
1611 991 1815 1026 mulierumque
1829 996 1904 1018 natu~

1125 1035 1192 1062 ralia
1216 1036 1249 1062 ad
1264 1036 1432 1068 mistionem,
1464 1036 1498 1063 ad
1514 1037 1730 1072 copulationem,
1746 1038 1902 1065 libidinem-

1124 1088 1178 1115 que
1204 1087 1351 1115 corporum
1379 1081 1532 1115 servient),
1563 1082 1610 1109 sed
1629 1083 1683 1110 erit
1716 1082 1791 1110 alius
1812 1087 1903 1115 status,

1124 1131 1206 1159 quem
1225 1123 1358 1151 Conditor
1377 1124 1454 1151 solus
1473 1126 1560 1158 novit,
1579 1134 1634 1153 non
1659 1127 1749 1154 solum
1771 1133 1802 1154 ut
1817 1133 1904 1155 osten-

1124 1178 1186 1198 sum
1203 1176 1256 1204 est,
1274 1171 1308 1199 ad
1333 1172 1469 1200 rationem
1489 1173 1706 1209 incorruptionis
1729 1184 1736 1201 :
1765 1175 1815 1202 sed
1829 1176 1903 1202 etiam

1124 1221 1201 1244 extra
1214 1225 1321 1245 omnem
1338 1226 1442 1251 curam,
1464 1223 1491 1246 et
1514 1220 1742 1254 sollicitudinem,
1761 1226 1791 1248 et
1820 1222 1904 1249 studia

1124 1262 1265 1289 mundana
1282 1269 1462 1298 conatusque.
1484 1263 1638 1292 Cessabunt
1656 1271 1716 1300 post
1732 1267 1906 1294 resurrectio»

1125 1316 1186 1335 nem
1201 1309 1319 1343 nuptiae;
1336 1309 1442 1337 desinet
1454 1318 1530 1337 amor
1543 1311 1679 1344 carnalis;
1696 1312 1771 1339 nulla
1787 1313 1839 1340 erit
1851 1320 1905 1340 cor-

1124 1361 1222 1389 porum
1241 1362 1358 1382 venerea
1379 1355 1545 1390 conjunctio.
1566 1355 1626 1383 Non
1644 1357 1719 1384 enim
1743 1358 1860 1391 nubent,
1879 1364 1905 1385 ut

1124 1400 1250 1428 Christus
1267 1401 1305 1427 ait
1337 1400 1370 1432 ",
1398 1409 1449 1428 nec
1475 1401 1658 1435 adulterandi,
1684 1408 1731 1430 aut
1755 1404 1903 1432 fornicandi

1125 1445 1279 1472 senticntur
1295 1445 1431 1479 impetus;
1455 1453 1509 1472 non
1526 1445 1640 1478 bellum,
1663 1454 1718 1474 non
1744 1447 1905 1482 irruptiones

1125 1494 1152 1517 et
1166 1490 1256 1522 luctare,
1271 1489 1319 1517 sed
1338 1494 1435 1518 natura
1460 1491 1603 1519 hominum
1625 1492 1723 1520 similis
1743 1498 1850 1520 natura:
1863 1501 1906 1520 au-

1125 1537 1249 1571 gelorum
1266 1536 1357 1563 futura
1371 1539 1430 1570 est;
1453 1536 1526 1571 quod
1555 1542 1583 1565 et
1608 1537 1741 1566 Dominus
1763 1539 1905 1574 perspicue

1125 1582 1265 1617 docet,“'.

1158 1629 1193 1657 Et
1208 1628 1309 1657 Paulus
1322 1630 1431 1663 scribit,
1442 1637 1490 1658 eos
1506 1630 1553 1665 qui
1574 1630 1776 1665 relinquentur,
1791 1630 1905 1658 necdum

1124 1681 1211 1703 morte
1228 1675 1313 1709 obita,
1326 1676 1499 1703 immutatum
1522 1677 1567 1709 iri,
1589 1684 1650 1704 cum
1668 1677 1695 1703 iu
1713 1683 1864 1709 momento,
1882 1677 1905 1703 iu

1123 1722 1177 1749 ictu
1194 1723 1266 1750 oculi
1282 1723 1371 1750 Judcx
1385 1723 1484 1750 aderit.
1498 1723 1601 1750 Deinde
1622 1723 1768 1750 universos
1781 1730 1905 1750 resurre-

1123 1772 1217 1795 cturos
1230 1768 1261 1800 ιδ,
1271 1769 1354 1796 etiam
1371 1769 1545 1796 immutatos:
1561 1776 1656 1796 omnes
1666 1769 1802 1804 siquidem
1816 1768 1905 1796 eadem

1123 1819 1303 1842 eruntzetate.
1326 1815 1422 1842 Nudos
1446 1819 1550 1848 autem,
1576 1815 1846 1850 τετραχηλισμὲνους
1868 1821 1906 1841 re-

1123 1864 1308 1888 surrecturos.
1325 1860 1443 1892 Nudum,
1455 1867 1483 1888 et
1496 1861 1747 1897 τετραχηλισμένον
1760 1860 1795 1887 ab
1810 1860 1906 1888 ovibus

1124 1907 1238 1933 rationis
1257 1906 1429 1941 expertibus.
1443 1911 1471 1934 et
1482 1906 1626 1934 sacriliciis
1638 1906 1744 1933 dictum
1761 1910 1815 1939 est,
1832 1904 1906 1940 quasi

1123 1952 1208 1985 dicas,
1224 1953 1382 1987 resupinata
1401 1952 1470 1980 facie
1487 1952 1611 1979 onmium
1632 1952 1721 1980 oculis
1740 1952 1904 1988 expositum.

1122 1997 1190 2025 Nam
1207 1998 1348 2033 antiquius
1364 1998 1405 2025 lex
1430 2005 1445 2025 a
1467 1998 1540 2025 Mose
1559 1998 1614 2025 lata
1639 1998 1701 2029 fuit,
1727 2001 1758 2025 ut
1783 1998 1907 2033 hujusce-

1123 2043 1195 2070 modi
1212 2043 1310 2071 hustiis
1326 2043 1512 2071 saerilicaudis
1529 2043 1616 2078 pelles
1634 2043 1861 2075 detraherentur,
1879 2048 1906 2069 ut

1123 2089 1247 2116 membra
1264 2089 1386 2124 undique
1404 2089 1497 2116 rimari
1523 2090 1629 2122 liceret,
1646 2097 1680 2117 ne
1695 2089 1797 2117 alicubi
1814 2090 1904 2116 laesum

1123 2135 1275 2170 quippiam,
1293 2140 1339 2162 aut
1357 2143 1483 2167 mancum
1499 2135 1623 2162 subesset
1648 2143 1654 2162 :
1680 2135 1904 2170 quandoquidem

1125 2185 1190 2207 tunc
1200 2180 1280 2207 etiam
1294 2185 1349 2207 tota
1362 2188 1404 2208 res
1417 2180 1606 2208 nudabitur".

1159 2225 1226 2252 lllud
1249 2229 1351 2258 autem,
1377 2235 1385 2251 ι
1414 2225 1516 2254 mortui
1544 2231 1687 2262 resurgent
1714 2226 1876 2262 incorrupti,
1893 2234 1901 2250 ι

1011 2293 1032 2310 ιδ
1052 2293 1062 2320 l
1077 2293 1140 2321 Cor.
1155 2301 1198 2324 xv.
1210 2294 1254 2321 52.

1019 2362 1156 2393 Scholia.

323 2425 334 2461 '_
355 2421 487 2461 Isidorus.
511 2423 578 2450 Cum
591 2423 644 2449 vita
662 2431 787 2461 prtzsens.
798 2423 852 2461 sive
864 2424 989 2461 smculum
1002 2433 1069 2460 pau-
1086 2427 1108 2455 D
1123 2426 1160 2452 vis
1174 2433 1263 2452 omne:
1283 2431 1431 2460 peccatores
1448 2427 1475 2453 in
1497 2428 1615 2461 gehenna
1633 2429 1720 2461 erunt,
1741 2433 1793 2451 non
1818 2429 1902 2452 tamen

284 2458 362 2493 cutim
373 2457 489 2493 deficiat,
502 2463 602 2493 tempus
620 2457 817 2485 resurrectionis
837 2460 944 2493 propius
959 2457 1067 2487 accedit.

283 2492 360 2524 Quod
378 2492 400 2518 si
414 2491 483 2529 Deus
497 2501 528 2518 ex
542 2491 593 2519 non
613 2498 731 2520 exstante
743 2491 890 2529 producere
902 2499 985 2529 potest
998 2503 1070 2529 quw-

282 2535 385 2562 cunque
399 2526 463 2559 vult,
479 2532 577 2561 quanto
599 2529 681 2565 magis
700 2536 732 2565 ea:
743 2526 778 2554 Ἲεο
791 2528 859 2562 quod
879 2526 973 2562 (κέεται,
985 2526 1071 2565 potest

286 2570 413 2589 renouare
428 2570 548 2597 corpora,
563 2571 620 2597 quia
631 2563 689 2597 jam
706 2563 822 2597 fuerunt,
837 2567 862 2589 et
875 2564 901 2589 in
915 2563 1014 2591 terram
1029 2574 1070 2591 re-

282 2597 410 2634 dierunt?
429 2596 495 2623 Fore
510 2596 598 2623 autem
612 2596 840 2634 resurrectionem,
855 2603 880 2624 et
895 2599 982 2632 qualis
1001 2601 1071 2634 {ulu-

284 2641 317 2659 ra
334 2633 377 2662 sit,
389 2636 413 2658 ct
434 2634 585 2667 mysterium
597 2633 674 2664 illud,
685 2641 743 2667 qua:
754 2634 930 2664 seminantur,
942 2635 1072 2661 omniam-

285 2675 336 2703 que
358 2667 514 2702 plantarum
539 2673 622 2694 motus
642 2673 666 2694 te
683 2668 780 2694 docebit
803 2676 812 2695 :
833 2676 891 2702 qua:
912 2676 970 2695 cum
989 2670 1072 2696 hieme

284 2703 444 2734 moriantur,
459 2710 539 2728 verno
553 2707 667 2737 tempore
680 2703 846 2730 reviviscunt.

321 2737 342 2747 "
360 2737 458 2772 Chrys.
480 2737 517 2763 Ne
533 2741 559 2763 tu
576 2739 684 2772 perinde
698 2739 724 2764 in
743 2738 933 2764 resurrectione
945 2738 1005 2771 ﬁeri
1017 2739 1069 2765 cxi-

283 2772 375 2803 stima,
391 2776 419 2797 ut
433 2780 492 2798 cum
507 2772 666 2806 frumentum
683 2773 790 2804 seritur,
806 2776 830 2798 et
852 2773 930 2806 spicae
947 2781 1035 2799 omnes
1056 2781 1069 2798 ε

286 2807 377 2840 granis
393 2812 545 2841 assurgunt,
571 2809 716 2841 pru'aertim
740 2815 800 2832 cum
817 2814 864 2832 nec
883 2808 909 2833 in
928 2809 1070 2834 seminibus

284 2842 318 2867 ait
334 2842 484 2875 a'qualitas,
496 2842 540 2868 sed
559 2842 613 2868 alia
631 2843 691 2868 aliis
706 2843 820 2876 potiora.
842 2841 917 2868 L’nzlc
935 2843 1069 2874 discimus,

286 2882 439 2908 quanquam
457 2884 546 2902 munus
562 2877 622 2902 boni
633 2878 658 2902 iu
676 2875 756 2911 regno
772 2875 820 2902 cm!
831 2885 895 2902 arum
908 2877 990 2911 futuri
1005 2878 1069 2909 sint,

286 2917 340 2937 non
356 2915 443 2938 tamen
461 2919 548 2938 onmcs
560 2912 648 2938 iisdem
660 2910 764 2947 gaudﬁa
775 2912 912 2945 fruiturus.
926 2912 959 2938 Et
978 2920 1070 2938 01mm-

1122 2468 1210 2487 omnes
1221 2460 1311 2487 eadem
1322 2465 1451 2487 tormenta
1461 2460 1624 2488 sustinebunt
1635 2468 1643 2487 :
1656 2460 1701 2486 sed
1710 2461 1813 2494 utrique
1824 2461 1902 2486 multa

1122 2496 1283 2527 discrimine,
1298 2501 1322 2522 et
1338 2495 1379 2522 illi
1395 2495 1566 2528 laetabantur,
1575 2499 1599 2521 et
1612 2496 1638 2522 lii
1649 2495 1849 2522 cruciabuntur.

1158 2532 1189 2540 “‘
1203 2530 1362 2564 Gregorius.
1379 2530 1448 2557 Tunc
1463 2531 1600 2565 pelliccam
1611 2531 1727 2556 tunicam
1735 2530 1901 2564 deponcmus.

1123 2573 1174 2599 qua
1194 2569 1251 2599 post
1275 2564 1509 2599 transgressionem
1533 2574 1546 2592 ε
1570 2564 1681 2600 pellibus
1692 2566 1830 2590 braturqu
1847 2566 1904 2591 ani-

1124 2601 1253 2626 mantium
1278 2601 1392 2634 cooperti
1407 2608 1508 2632 sumus,
1525 2605 1548 2627 et
1563 2599 1642 2626 simul
1656 2599 1745 2626 omnia
1769 2607 1827 2634 qua
1844 2604 1903 2626 sum

1123 2635 1207 2661 bruta:
1224 2634 1298 2668 pellis
1308 2636 1334 2660 in
1349 2634 1431 2666 nobis,
1442 2642 1576 2662 extremus.

1159 2669 1285 2696 Basilius.
1302 2668 1412 2703 Linguae
1431 2670 1521 2696 δαίσαίί
1532 2669 1703 2704 Iiujusietiam
1717 2673 1773 2704 post
1786 2676 1902 2695 resurre-

1119 2704 1231 2730 ctionem
1249 2705 1429 2737 exspectandtc
1440 2705 1511 2731 haud
1521 2703 1593 2731 sunt.
1608 2703 1658 2730 Sed
1665 2705 1810 2736 sciendum,
1823 2704 1905 2730 vitam

1120 2738 1279 2772 angelicam,
1296 2739 1362 2765 citra
1382 2738 1467 2766 ullam
1490 2743 1632 2774 egestatem
1654 2739 1789 2766 inswculo
1814 2738 1903 2773 futurr

1119 2778 1206 2799 artum
1222 2774 1265 2800 iri.

1155 2807 1356 2835 Thcodoretus.
1377 2807 1440 2835 Vide
1456 2809 1518 2843 q'uid
1534 2810 1568 2836 sit
1578 2808 1836 2843 τετραχηλισμὲνον.
1850 2807 1902 2833 Lca:

1114 2842 1236 2876 jubebat,
1252 2851 1310 2876 (μιαν
1324 2844 1350 2870 in
1369 2842 1530 2876 sacriﬁcium
1549 2842 1716 2879 offerrentur,
1744 2844 1900 2879 per/amart

1118 2879 1220 2911 integra
1231 2886 1284 2904 esse
1294 2878 1473 2912 undrquaquc.
1486 2887 1537 2904 non
1546 2876 1609 2905 aure
1618 2878 1721 2907 mutila.
1733 2886 1783 2904 non
1793 2876 1898 2904 clauda.

1119 2920 1169 2938 non
1185 2913 1274 2939 vitium
1291 2911 1397 2947 aliquod
1408 2914 1540 2940 habentia.
1556 2913 1680 2941 Alvslrclii
1697 2915 1774 2939 etiam
1789 2911 1896 2946 prlium,
