2034 3153
146 168 196 200 777

852 163 989 194 [ΠΟΡΤΠ
996 166 1027 194 Α.

1709 164 1762 194 778

148 227 217 254 hunc
231 231 340 252 sensum
353 223 456 250 habet:
487 230 542 249 non
567 221 618 248 erit
642 221 731 255 aliqua
766 220 925 248 sttbstattti.c
942 228 961 251 Α
981 221 1099 249 Verbum
1126 221 1159 247 ad
1187 220 1300 252 inferos,
1328 220 1362 247 ab
1382 221 1426 247 illo
1458 220 1598 247 dominatu
1616 227 1712 247 omnes
1735 220 1762 247 in

147 272 259 300 carnalis
270 270 451 304 consumptio.
464 269 524 296 Sola
535 268 636 302 quippe
650 274 725 294 mors
734 267 926 293 mortalitatem

147 318 233 348 solvit,
248 323 276 344 et
291 321 396 343 natura-
412 314 546 350 pereundi
579 314 660 339 tinem
691 312 781 343 aﬂcrl.
802 319 828 339 ιιι.
858 313 927 339 mori

147 371 222 399 posse
240 362 322 394 tollit,
341 366 466 389 naturam
492 368 546 387 non
572 359 652 385 tollit.
677 358 838 392 Quanquam
853 359 926 385 enim

147 417 241 444 corpus
259 407 407 437 evanescit,
425 411 517 434 manet
544 404 734 436 nihilominus,
765 408 793 431 ct
813 404 860 431 illo
881 404 927 430 die

146 454 237 488 gloria:
250 454 360 487 plenum
376 453 498 487 resurgit
511 452 530 477 '.

180 499 373 525 Verumtamen
387 498 438 524 hoc
453 505 507 524 non
522 497 556 524 de
570 497 701 524 omnibus
717 497 873 524 hominibus
887 496 928 523 in-

147 543 320 578 telligendum
338 547 389 570 cst.
406 543 582 570 liesnrrectio
593 542 694 577 quippe
709 542 863 569 communis
885 547 927 569 est

143 589 275 615 omnium.
292 590 339 615 Ast
355 588 430 623 quod
449 588 482 615 ad
509 588 625 622 gloriam
653 594 681 615 ct.
702 588 926 616 communicatio-

144 642 203 660 nem
218 634 312 668 gloriac
329 635 439 665 attinet,
457 634 552 668 procul
568 633 653 660 dubio
678 634 731 660 nisi
748 641 843 661 eorum
855 634 926 665 crit,

141 679 187 713 qui
205 680 231 706 itt
246 680 357 707 Christo
378 680 461 706 vitam
482 683 643 713 exegerunt.
659 679 725 706 Nam
755 689 763 704 ι
794 679 839 713 qui
857 679 926 706 bona

143 725 276 756 fecerunt,
298 725 325 752 in
342 725 424 752 vitam
449 730 617 760 resurgent;
651 725 696 759 qui
718 732 783 751 vero
802 725 882 755 mala,
899 725 926 751 in

141 769 283 803 judicium,
301 779 310 794 ι
329 774 358 796 ut
372 769 504 803 scriptum
519 775 560 796 est
577 768 608 795 “.

437 836 549 864 CAPUT
578 836 623 864 ΧΙ.

143 891 243 926 Ecquid
254 891 371 919 Christus
386 892 511 918 descensu
527 891 563 918 ad
582 891 680 925 inferos
700 891 749 926 (8),
762 899 851 918 omnes
867 891 925 918 nni-

387 934 443 952 mas
464 926 526 952 inde
542 927 679 961 eripuerit.

175 995 272 1020 Amm.
288 993 382 1021 Oratio
396 997 442 1020 tua
455 993 522 1019 nihil
539 993 722 1020 dubitationis
736 993 829 1024 habet,
843 994 926 1020 mihi-

137 1046 192 1072 quc
205 1039 356 1072 peremnia
375 1046 550 1072 summopere
565 1039 662 1072 placet.
687 1038 821 1072 Equidem
842 1038 925 1066 credo

138 1083 201 1113 ista.
216 1089 243 1111 et
259 1084 337 1111 (idem
356 1085 454 1113 habeo.
471 1089 547 1110 cura
566 1084 616 1111 hoc
631 1084 731 1111 solum.
746 1084 834 1110 Audio
847 1085 921 1111 enim

136 1129 309 1164 Scripturam
336 1135 430 1164 aperte
454 1129 603 1161 dicentem,
635 1137 698 1156 cum
737 1129 924 1156 descendisset

176 1201 197 1215 "
215 1200 294 1227 Joan.
321 1208 347 1230 v,
371 1199 416 1227 29.

979 267 1134 294 libertatem
1149 267 1310 294 asscruissc.
1330 266 1370 292 Τιι
1388 274 1454 292 vero
1469 266 1549 301 paulo
1565 271 1628 293 ante
1643 266 1761 293 docuisti

980 317 1153 347 peccatorum
1171 312 1277 338 animas
1294 312 1320 338 in
1343 311 1460 338 Tartaro
1475 311 1608 342 detineri,
1636 319 1763 338 manere-

979 367 1031 393 qnc
1050 358 1241 388 nihilominus.
1274 363 1302 384 ut
1330 362 1419 385 antea.
1449 357 1477 384 Si
1503 358 1575 384 enitn
1601 357 1763 391 simpliciter

979 408 1074 427 onmes
1089 408 1103 426 a
1117 407 1233 435 tyranno
1248 399 1409 431 vindicavit,
1442 407 1496 434 quo
1517 405 1597 434 pacto
1624 403 1651 426 tu
1666 403 1762 426 contra

928 446 1109 494 endit-mas.
1130 446 1235 473 animas
1270 446 1324 473 illic
1349 447 1474 478 retineri,
1498 452 1526 473 et
1548 446 1604 480 pati
1627 454 1688 480 qua:
1715 453 1763 480 pa-

980 491 1084 518 tittntttr
1116 492 1162 526 qui
1187 499 1280 526 poenas
1304 492 1486 526 persolvunt?
1504 491 1567 518 Mihi
1585 491 1696 526 quidem
1719 499 1764 517 sa-

979 537 1034 563 cris
1049 537 1160 564 Litteris
1177 545 1271 571 parum
1294 542 1492 569 consentanea,
1508 537 1692 572 falsitatisque
1706 544 1765 563 sus-

979 588 1056 617 pccta
1068 583 1169 610 videris
1182 583 1327 610 disserere.

1016 628 1098 655 Cano.
1116 629 1235 656 Advcrle
1250 629 1382 660 animum,
1407 629 1530 660 domina,
1545 629 1596 655 hoc
1618 629 1763 663 qutesitum

980 674 1028 700 tibi
1044 673 1201 701 dissolvam.
1231 674 1339 701 Etenim
1362 678 1390 701 et
1408 681 1469 700 vera
1485 673 1533 700 tibi
1553 673 1626 706 dico,
1643 677 1671 699 ct
1688 673 1763 700 Scri-

979 723 1065 752 plura:
1092 719 1282 754 congruentia.
1306 719 1466 754 Paradigma
1491 727 1547 745 rem
1577 717 1762 745 confirmabit.

979 764 1115 791 Ponamus
1131 764 1250 799 aliquem
1273 772 1334 792 esse
1356 765 1541 792 facinorosum
1553 768 1581 790 et
1601 763 1759 799 fugitivum,

979 811 1126 845 ingratum,
1155 819 1265 838 servum
1293 811 1473 838 vernaculum
1498 810 1606 838 Domini
1632 818 1664 837 ac
1683 810 1764 844 Regis

980 857 1033 887 sui.
1051 858 1096 890 qui
1113 866 1142 885 se
1163 858 1223 885 loco
1250 858 1446 890 munitissimo,
1462 861 1676 892 expugnatuquc
1692 857 1764 883 dilii-

943 897 964 926 Β
981 903 1083 930 cillimo
1101 908 1207 936 teneat;
1225 911 1280 938 quo
1296 904 1397 932 inloco
1417 904 1513 930 urbem
1541 903 1668 934 aediﬁcet,
1681 911 1764 937 quain

981 948 1085 975 crebris
1101 952 1129 976 et
1142 949 1257 976 excelsis
1281 949 1405 975 turribus
1432 947 1612 975 communiat.
1637 947 1665 974 In
1681 947 1765 982 hujus

982 994 1058 1020 urbis
1078 994 1168 1020 medio
1193 993 1307 1021 cﬂ‘odiat
1334 994 1423 1020 lacum
1442 993 1701 1028 profundissimum,
1717 992 1765 1027 qui

980 1039 1054 1073 ipsos
1074 1043 1154 1066 terra:
1172 1039 1240 1066 tinos
1259 1046 1291 1066 ac
1306 1039 1437 1066 terminos
1462 1038 1533 1066 infra
1560 1039 1686 1072 attingat,
1718 1046 1766 1064 cu-

979 1085 1023 1118 jus
1038 1085 1155 1112 latitudo
1170 1084 1310 1112 altitudini
1340 1085 1516 1119 respondeat.
1530 1085 1619 1111 lacum
1637 1083 1766 1111 tenebror

979 1138 1039 1157 sum
1059 1136 1086 1157 ct
1101 1131 1263 1162 obscurum,
1282 1131 1372 1157 lacum
1390 1130 1495 1157 umbra:
1525 1131 1621 1157 mortis
1643 1140 1648 1156 ε
1665 1135 1693 1157 et
1706 1138 1767 1158 car-

775 1257 882 1286 Jacobi
901 1256 1040 1288 Grelseri
1056 1260 1148 1286 no‘te.

175 1322 217 1356 (8)
234 1322 299 1353 Ome
318 1322 553 1356 disputatauctor
569 1321 614 1348 hic
627 1325 655 1347 et
667 1328 803 1356 capascq.
832 1320 866 1347 de
882 1320 930 1348 dc-

133 1365 237 1386 scensu
250 1357 352 1384 Christi
363 1356 396 1382 ad
411 1355 559 1386 infernum.
574 1356 625 1382 hoc
640 1360 691 1386 est,
706 1355 739 1382 ad
755 1356 843 1382 locum
855 1355 930 1382 dam-

137 1397 281 1422 natorum,
311 1391 400 1424 deque
427 1390 571 1417 animabus
604 1390 668 1417 inde
696 1390 814 1421 eductis,
848 1395 929 1417 caute

135 1426 255 1461 legenda
271 1431 345 1452 sunt.
365 1425 420 1461 Nec
446 1424 540 1461 refert,
555 1424 628 1461 quod
646 1425 829 1461 assertionem
851 1432 929 1461 suam

135 1459 285 1489 eoi-ﬁrmat
295 1460 458 1487 auctoritate
470 1459 628 1486 Damasceni
640 1468 647 1491 ;
661 1467 722 1485 nam
736 1459 838 1486 librum
852 1459 928 1486 illum

136 1504 186 1524 seu
207 1496 362 1522 orationem
381 1495 414 1521 de
429 1493 576 1524 defunctis.
600 1502 654 1520 non
673 1502 733 1521 esse
758 1494 929 1524 Datnasccni.

136 1531 219 1558 facile
235 1530 346 1563 probari
365 1533 465 1563 potest,
483 1528 572 1562 ittquit
585 1529 733 1555 cardinalis
748 1529 929 1556 Bellarminus

136 1567 186 1593 lib.
201 1573 219 1592 ιι
235 1563 274 1591 De
299 1564 463 1599 purgatorio.
477 1571 537 1597 cap.
552 1563 656 1599 8,3uia
671 1564 697 1590 in
706 1571 739 1599 eo
751 1563 824 1599 libro
834 1569 930 1599 auctor

136 1609 191 1627 noti
203 1601 294 1627 solum
307 1599 375 1626 dicit
385 1598 532 1633 Trajanum
546 1603 573 1624 ct
586 1598 759 1625 Falconillam
775 1598 809 1625 ab
820 1598 929 1625 inferno

135 1637 333 1662 damnatorum
351 1633 383 1660 ad
405 1640 519 1667 regnum
536 1633 671 1660 cmlorum
689 1633 862 1663 transivisse,
880 1633 928 1660 sed

134 1672 220 1696 etiam
243 1669 345 1695 tnttltos
362 1667 430 1695 alios
447 1668 493 1701 qui
512 1668 539 1694 in
560 1667 697 1694 infernum
715 1668 927 1697 descenderant.

135 1704 202 1739 quia
222 1704 277 1730 lide
298 1703 390 1739 divina
407 1708 568 1739 caruerunt,
584 1710 599 1739 ιι
616 1702 726 1739 Christo
739 1710 887 1739 conversos
900 1707 929 1729 et

134 1737 270 1769 salvatus,
286 1738 396 1772 quando
412 1737 445 1764 ad
461 1737 564 1763 inferos
578 1737 738 1770 descendit;
756 1737 830 1772 quod
842 1741 869 1764 et
883 1745 930 1771 per

134 1783 164 1801 sc
185 1771 338 1801 ert-oneum
356 1777 398 1799 est
414 1775 442 1798 et.
466 1771 637 1798 contrarium
657 1772 750 1798 verbis
769 1772 930 1799 Damasceni

133 1809 182 1836 lib.
201 1817 219 1836 II
245 1808 283 1834 De
295 1807 356 1841 fide,
375 1814 435 1841 cap.
453 1807 480 1835 4.
501 1806 546 1833 ubi
564 1806 632 1834 dicit
647 1806 811 1834 hominibus
828 1807 854 1833 id
870 1814 930 1834 esse

134 1848 259 1870 mortem
276 1842 348 1876 quod
369 1842 420 1868 fuit
437 1841 543 1875 angelis
556 1849 645 1868 casus.
660 1841 722 1868 llaec
739 1841 929 1869 Bellarminus.

132 1880 161 1905 ὃ.
175 1878 353 1911 Augustinus
366 1876 413 1904 lib.
428 1877 466 1902 De
480 1876 618 1908 Ilwresib.,
631 1883 691 1910 cap.
706 1876 749 1908 79,
762 1877 833 1903 inter
845 1876 932 1911 nterc-

132 1921 178 1940 ses
199 1910 289 1940 refert
313 1911 397 1946 quod,
418 1911 604 1946 descendente
630 1911 663 1946 ad
681 1911 786 1946 inferos
803 1910 927 1942 Christo,

131 1948 311 1975 crediderint
331 1946 465 1973 increduli
476 1949 504 1972 et
512 1945 614 1972 fuerint
623 1945 743 1972 liberati.
754 1945 787 1972 Et
797 1950 931 1979 repugnat

134 1983 160 2010 id
183 1982 337 2010 ordinaria:
354 1981 400 2007 Dei
420 1981 472 2015 legi
491 1981 634 2014 explicatae
664 1979 691 2006 in
710 1979 765 2006 illis
783 1980 931 2014 Scriptura:

132 2018 213 2050 locis,
234 2018 244 2044 l
264 2016 390 2043 Corinth.
415 2023 429 2041 ν
456 2023 461 2040 :
479 2015 575 2041 Omnes
595 2015 664 2041 enim
686 2023 732 2040 nos
758 2015 927 2048 manifesturi

132 2058 238 2086 oportet
260 2055 321 2078 ante
339 2050 457 2077 tribunal
471 2049 577 2086 Christi.
594 2054 621 2086 ut
638 2049 736 2086 referat
752 2050 930 2083 unusquisque

132 2084 248 2122 ιιι-ομνια
263 2086 379 2120 corporis
393 2089 469 2122 prout
492 2085 580 2122 gessit,
597 2085 659 2122 sive_
674 2084 784 2122 bonum,
797 2085 852 2110 sive
871 2092 930 2110 ma-

133 2119 209 2154 lum;
226 2126 257 2148 et
269 2121 357 2148 Galat.
374 2128 415 2147 ινιτ
432 2119 495 2151 Qua:
513 2120 582 2145 enim
595 2120 760 2146 seminaverit
774 2120 861 2150 homo,
876 2122 930 2145 lttzc

132 2161 157 2182 et
183 2160 289 2188 metet;
317 2160 344 2181 et
363 2155 453 2181 infra:
476 2155 546 2187 Ergo
575 2155 638 2180 dum
669 2159 769 2188 tempus
795 2154 929 2183 habemus,

131 2200 280 2226 operentur
294 2193 401 2226 bonum.
413 2189 463 2226 VEx_
473 2190 574 2226 quilms
587 2193 615 2216 et
632 2189 695 2215 aliis
707 2189 847 2216 sitnilibtts
860 2189 930 2214 locis

132 2224 260 2255 constat,
279 2233 332 2252 non
346 2225 396 2251 nisi
413 2225 439 2250 itt
458 2224 508 2250 hac
525 2224 581 2250 vita
598 2231 658 2250 esse
677 2229 786 2258 tempus
815 2231 928 2257 compa-

132 2262 215 2288 randi
237 2262 366 2288 salutem.
383 2260 471 2293 Atque
492 2259 589 2285 cadetn
606 2263 649 2285 est
666 2259 737 2285 ratio
756 2259 790 2286 de
807 2258 929 2293 parvulis

132 2296 278 2322 damnatis
288 2296 404 2329 quicum
415 2295 473 2321 solo
483 2298 594 2329 peccato
602 2293 730 2329 originali
739 2293 927 2329 decesserunt.

134 2331 202 2358 llaec
219 2328 371 2364 Gregorius
388 2329 422 2356 de
439 2328 562 2364 Valentia
581 2333 652 2364 tom.
663 2328 707 2358 ιν,
724 2328 796 2362 disp.
814 2329 842 2359 ‘2,
857 2335 885 2364 ιι.
901 2328 928 2358 4,

131 2374 160 2400 p.
179 2367 208 2392 ε’).
231 2366 269 2391 De
282 2363 384 2400 quare
398 2364 509 2398 copiose
517 2363 608 2400 filiam
627 2363 750 2400 disputat
767 2363 929 2400 lj'ranciscus

130 2397 320 2427 Suareztom.
334 2399 366 2427 ll,
379 2399 406 2424 in
427 2397 453 2425 ut
473 2406 499 2432 p.
515 2397 543 2424 S.
553 2397 676 2426 Thoante.
688 2398 757 2432 disp.
768 2399 812 2430 65,
823 2401 890 2424 sect.
901 2397 928 2423 ὅ.

131 2435 248 2461 Locum
266 2433 340 2468 illum
359 2433 368 2459 l
384 2433 456 2459 Pctr.
469 2440 502 2468 ιιι
523 2441 530 2458 :
545 2432 576 2459 In
589 2441 640 2467 quo
655 2434 705 2465 Itis,
722 2434 766 2468 qui
781 2434 806 2459 in
823 2439 932 2459 carcere

129 2473 230 2499 erant,
253 2467 386 2500 spiritibus
417 2467 519 2493 veniens
542 2468 705 2501 praedicavit,
732 2473 798 2498 etc.,
822 2475 854 2493 ex
877 2473 932 2500 quo

131 2502 256 2531 errandi
269 2501 378 2537 occasio
391 2506 498 2537 sumpta
511 2501 632 2537 videtur,
649 2502 709 2529 fuse
721 2506 750 2529 et
764 2507 836 2530 recte
847 2501 933 2535 expli-

129 2545 179 2566 cat
208 2536 394 2572 Bellarminns
410 2536 465 2572 lib.
484 2543 509 2561 IV
528 2535 563 2562 De
581 2535 703 2569 'Christo,
733 2546 793 2572 cap.
823 2537 876 2567 13;
904 2539 932 2562 et

133 2573 208 2600 Pere
214 2573 274 2599 rius
286 2572 311 2598 in
323 2571 452 2598 Certatim.

1015 1321 1070 1348 Nec
1098 1320 1305 1355 praetereundus
1331 1320 1375 1346 ille
1399 1319 1515 1355 Diaptraz
1536 1326 1614 1346 error
1643 1319 1764 1355 cape“,

981 1364 1065 1390 prope
1082 1353 1174 1386 linem,
1194 1355 1219 1381 in
1237 1355 1279 1382 his
1291 1354 1382 1381 verbis
1395 1363 1401 1380 :
1416 1353 1445 1380 Si
1457 1355 1538 1388 igitur
1551 1355 1656 1380 animus
1680 1354 1766 1381 adhuc

979 1392 1007 1417 in
1039 1391 1142 1424 inferno
1172 1398 1279 1416 manere
1309 1390 1407 1419 audis,
1440 1389 1504 1415 scito
1528 1390 1680 1423 neutiquam
1711 1393 1762 1415 tor-

980 1431 1068 1452 mento
1084 1427 1225 1456 sustinere,
1239 1430 1266 1451 ut
1293 1425 1376 1458 prius.
1399 1432 1446 1450 nec
1463 1424 1544 1450 etiam
1559 1424 1670 1450 vinculis
1685 1425 1767 1450 teneri

980 1461 1085 1494 ferreis,
1117 1466 1205 1495 utpote
1231 1470 1247 1487 a
1264 1459 1590 1495 tyrannide"vindicatus.
1614 1459 1688 1495 Nihil
1714 1459 1767 1495 nti-

980 1503 1058 1527 nus;
1087 1493 1152 1529 quia
1178 1495 1204 1521 in
1230 1493 1337 1521 inferno
1372 1494 1445 1520 nltlla
1462 1498 1503 1520 est
1533 1493 1766 1529 autrrcdetnptio,

979 1535 1028 1557 aut
1048 1528 1188 1556 remissio:
1205 1534 1234 1556 et
1246 1529 1361 1563 singulis
1378 1529 1554 1555 damnatione
1568 1528 1667 1563 dignis,
1682 1529 1766 1555 etiam

980 1565 1006 1591 in
1025 1565 1092 1591 hora
1106 1564 1204 1591 mortis
1214 1564 1352 1591 accinitur
1368 1563 1447 1590 triste
1461 1563 1527 1590 illud
1544 1570 1675 1591 carmen:
1691 1563 1729 1590 Ite
1739 1564 1768 1590 in

978 1601 1064 1634 ignem
1076 1606 1216 1626 internum.
1229 1598 1319 1632 Quare
1332 1599 1378 1634 qui
1392 1598 1492 1634 inferni
1509 1598 1654 1626 tormentis
1665 1598 1766 1634 addicti

978 1633 1088 1661 fuerant
1105 1638 1170 1661 ante
1197 1634 1299 1660 Christi
1313 1634 1346 1660 ad
1360 1633 1462 1660 inferos
1474 1633 1650 1663 descensum,
1669 1633 1768 1661 iisdem

979 1670 1070 1708 adhuc
1087 1669 1188 1696 addicti
1203 1674 1315 1708 manent
1327 1669 1573 1708 manebuntqnenip
1592 1674 1767 1708 perpetuum.

982 1704 1018 1731 Ea
1033 1705 1066 1731 de
1079 1712 1160 1731 causa
1173 1704 1265 1739 negari
1280 1712 1333 1730 non
1347 1707 1437 1737 potest
1449 1702 1766 1739 quinuDioptra’nitnium

981 1747 997 1765 a
1020 1747 1084 1766 vero
1107 1737 1354 1769 abeatfasserens
1376 1745 1439 1764 cum
1467 1737 1564 1764 ﬁctitio
1588 1738 1767 1766 Damasceno.

983 1774 1115 1808 quosdam
1130 1774 1239 1808 penitus
1252 1781 1285 1799 ex
1298 1773 1406 1799 inferno
1419 1772 1675 1808 liberatusrpmpter
1688 1771 1769 1808 [idem

982 1806 1008 1834 iit
1017 1806 1169 1840 Christum,
1182 1815 1262 1842 quam
1277 1812 1341 1833 tunc
1354 1807 1484 1841 pritnum,
1496 1806 1608 1842 Christo
1620 1807 1652 1833 ad
1665 1807 1769 1842 inferos

981 1843 1174 1873 descendente.
1191 1841 1283 1876 adepti
1297 1842 1371 1872 sint;
1386 1842 1447 1868 illos
1459 1848 1535 1871 vero.
1549 1841 1596 1874 qui
1611 1849 1664 1867 non
1677 1841 1770 1868 credi-

982 1877 1099 1908 derunt,
1123 1878 1174 1904 hoc
1201 1877 1297 1903 saltem
1325 1875 1502 1903 relaxationis
1531 1881 1713 1906 consecutos,
1739 1881 1770 1903 ut

982 1919 1062 1946 pcena
1073 1920 1159 1946 usque
1172 1912 1204 1938 ad
1214 1916 1365 1938 extremum
1376 1910 1448 1946 diem
1463 1909 1561 1946 judicii
1576 1910 1659 1937 dilata
1675 1909 1769 1938 fuerit.

981 1945 1055 1973 Nihil
1068 1945 1164 1973 horum
1179 1954 1243 1974 cum
1258 1945 1419 1972 orthodoxis
1432 1945 1608 1980 dogmatibus
1623 1950 1767 1972 consonat.

981 1982 1093 2009 Veniam
1109 1986 1197 2009 tamen
1212 1985 1335 2008 meretur
1346 1980 1459 2015 Dioptra
1471 1979 1507 2006 ob
1522 1980 1572 2006 hos
1584 1987 1686 2011 nazvos,
1698 1988 1770 2015 quos

981 2022 1028 2044 aut
1044 2017 1149 2043 incuria
1164 2016 1246 2047 fudit,
1260 2020 1307 2042 attt
1321 2016 1438 2042 humana
1458 2023 1554 2050 parum
1569 2015 1643 2042 cavit
1656 2020 1766 2046 natura.

982 2052 1134 2086 praesertim
1159 2059 1220 2078 cum
1247 2051 1523 2086 Damascenuntsese
1547 2050 1650 2084 putarit
1673 2050 1767 2085 sequi,

981 2085 1059 2121 cujus
1085 2094 1139 2112 non
1166 2091 1208 2112 est
1227 2086 1323 2119 exigua
1346 2085 1665 2121 auctoritas,_cutnque
1684 2086 1767 2112 etiam

981 2119 1358 2155 S.CregoriusNazianzenus
1369 2125 1439 2147 orat.
1453 2119 1465 2145 1
1479 2120 1505 2146 ίη
1517 2119 1632 2151 Pascha,
1644 2121 1768 2154 agenstle

980 2156 1081 2183 Christi
1103 2157 1136 2182 2:!
1153 2156 1256 2183 inferos
1280 2155 1425 2185 descensu,
1442 2155 1493 2181 sub
1510 2155 1595 2181 dubio
1612 2155 1767 2189 reliquerit,

982 2191 1309 2218 ntrumChrtstusomnes
1322 2190 1380 2216 sine
1391 2190 1444 2216 ulla
1456 2191 1619 2224 exceptione
1631 2190 1767 2216 desuensu

981 2233 1031 2252 suo
1041 2227 1130 2253 salvos
1143 2226 1248 2256 fecerit,
1263 2233 1295 2251 an
1306 2232 1353 2251 eos
1366 2225 1498 2251 duntaxat
1511 2225 1557 2258 qui
1571 2225 1766 2256 crediderunt;

982 2261 1117 2294 quamvis,
1131 2267 1160 2286 ut
1179 2265 1253 2286 notat
1267 2261 1380 2289 Sttarcz,
1396 2259 1584 2286 Nazianzenus
1600 2267 1652 2286 non
1671 2259 1766 2286 videa-

983 2301 1027 2322 tur
1043 2296 1183 2329 scripsisse
1198 2295 1242 2321 illa
1257 2295 1338 2320 verba
1351 2294 1424 2328 quod
1438 2295 1472 2329 de
1489 2295 1603 2321 veritate
1615 2294 1766 2323 dubitaret.

982 2331 1030 2356 sed
1048 2327 1135 2356 solum
1156 2335 1184 2356 ut
1201 2327 1367 2363 proponeret
1383 2327 1449 2362 quid
1467 2329 1500 2355 de
1523 2329 1573 2356 hac
1589 2330 1706 2355 veritate
1724 2329 1768 2355 in-

983 2366 1094 2402 quirere
1107 2373 1138 2390 ae
1159 2365 1231 2402 scire
1244 2368 1378 2402 oporteat.
1394 2363 1483 2390 Locus
1497 2364 1608 2402 quidam
1629 2363 1657 2390 S.
1670 2363 1768 2402 Augu-

947 2392 968 2418 Ῑ)
984 2392 1047 2437 stipi
1064 2402 1145 2433 epist.
1174 2399 1220 2429 99,
1241 2392 1276 2424 ait
1295 2398 1435 2437 Ειτσᾴἰιιιιι,
1454 2392 1649 2437 perobscurus,
1667 2392 1769 2437 Graecis

983 2434 1043 2461 istis
1055 2432 1135 2460 notus
1148 2441 1208 2460 esse
1223 2441 1277 2459 non
1294 2434 1394 2467 potuit.
1409 2432 1461 2466 Qui
1475 2437 1565 2459 tamen
1580 2438 1655 2460 recte
1668 2432 1769 2466 accipi-

983 2474 1027 2495 tur
1042 2469 1075 2496 de
1091 2469 1253 2496 liberatione
1267 2476 1301 2494 ex
1320 2467 1496 2503 Purgatorio,
1511 2473 1541 2494 ut
1560 2473 1652 2494 monet
1665 2467 1768 2503 Suarez

981 2504 1039 2545 loc;
1051 2504 1097 2531 cit.
1123 2510 1150 2531 ct
1170 2504 1252 2537 (ἔτινε.
1268 2503 1301 2529 de
1326 2502 1386 2529 Val;
1404 2508 1471 2529 tom.
1488 2502 1533 2534 ιν,
1553 2502 1625 2537 disp.
1643 2502 1686 2533 ll,
1703 2510 1730 2536 q.
1747 2509 1767 2535 ι,

979 2547 1007 2573 p.
1025 2549 1051 2565 ο.

882 2628 1018 2660 Scholia.

134 2694 161 2716 et
178 2689 201 2715 si
218 2688 281 2720 quid
293 2687 446 2724 rpperiretut
464 2686 592 2724 maculaz,
606 2693 652 2714 aut
666 2689 812 2723 denigratio
837 2690 928 2724 aliqua

136 2733 152 2750 α
171 2727 254 2757 parte
281 2723 406 2756 quapiam
431 2723 558 2756 corporis,
578 2723 632 2749 Deo
649 2724 760 2750 hostium
778 2725 852 2751 illam
879 2734 930 2752 non

136 2757 302 2790 sacriﬁcari.

176 2795 184 2803 ‘
214 2789 350 2824 'Diﬂ'crunt
377 2790 430 2826 luet:
458 2789 514 2826 tria
533 2799 541 2815 :
562 2792 657 2824 φθηρά,
685 2792 830 2826 διαφῢορά,
849 2803 933 2820 κατα-

138 2827 247 2862 cpit-.901.
260 2825 367 2862 VEtettt'm
384 2824 470 2862 φθορὰ
481 2825 612 2862 interitus,
625 2830 663 2851 es!
679 2824 774 2862 (titiam-
786 2824 814 2853 ἀ
827 2836 933 2862 corpore

136 2860 291 2893 (operatio,
309 2865 332 2886 et
348 2860 461 2891 corporis
482 2860 553 2893 quies
573 2865 651 2895 utque
669 2861 701 2886 ab
722 2863 793 2887 omni
822 2860 934 2889 motione

308 2905 442 2937 PATROL.
464 2907 521 2936 Gn.
544 2906 685 2936 CXXVII.

981 2691 1102 2720 cessatio,
1110 2698 1188 2725 quam
1196 2691 1260 2716 etim
1267 2698 1339 2716 macu
1344 2689 1426 2716 tutum
1431 2689 1526 2725 Christi
1531 2697 1625 2723 corpus
1634 2691 1766 2719 sustinuit.

982 2726 1124 2760 Διαφθορὰ
1141 2726 1286 2759 corruptio,
1312 2729 1349 2751 est
1373 2724 1539 2760 putrefactio,
1561 2730 1584 2760 et
1605 2725 1689 2757 pastio
1708 2727 1767 2760 ipsa

981 2761 1130 2792 vermium,
1156 2768 1237 2793 quam
1264 2759 1537 2786 ιιητιιίισιιιαιὶδδίηιιιιη
1558 2759 1653 2786 Christi
1674 2759 1767 2795 corpus

983 2796 1099 2821 nescivit.
1119 2795 1298 2828 Καταφοορὰ,
1325 2795 1461 2828 pernicies,
1483 2798 1519 2820 est
1539 2800 1720 2822 consummata
1743 2800 1767 2822 et

984 2829 1099 2863 perfecta
1118 2829 1238 2863 perditio,
1251 2830 1304 2855 sive
1317 2829 1435 2855 caititmt.
1449 2829 1504 2860 Quo
1519 2837 1597 2855 sensu
1617 2829 1716 2857 dictum
1729 2834 1768 2857 est

985 2863 1050 2889 illud
1062 2871 1070 2889 :
1084 2873 1092 2889 (
1108 2865 1231 2898 Disperii!
1248 2864 1356 2898 populus
1369 2864 1417 2890 istc
1427 2868 1534 2898 propter
1544 2868 1688 2897 peccatum.
1707 2875 1716 2890 ι

1570 2908 1608 2938 25
