  <div class='ocr_page' id='page_1' title='image "/cluster/home/n/w/nwhite01/storage/ocr_20150623/127/njp.32101077773040/485.png"; bbox 0 0 2034 3153; ppageno 0'>
   <div class='ocr_carea' id='block_1_1' title="bbox 274 183 329 215">
    <p class='ocr_par' dir='ltr' id='par_1_1' title="bbox 274 183 329 215">
     <span class='ocr_line' id='line_1_1' title="bbox 274 183 329 215; baseline 0.018 -1"><span class='ocrx_word' id='word_1_1' title='bbox 274 183 329 215; x_wconf 80' lang='lat'><strong>779</strong></span> 
     </span>
    </p>
   </div>
   <div class='ocr_carea' id='block_1_2' title="bbox 896 176 1275 207">
    <p class='ocr_par' dir='ltr' id='par_1_2' title="bbox 896 176 1275 207">
     <span class='ocr_line' id='line_1_2' title="bbox 896 176 1275 207; baseline -0.003 0"><span class='ocrx_word' id='word_1_2' title='bbox 896 177 1063 207; x_wconf 69' lang='lat' dir='ltr'><strong>l‘lllLll‘Pl</strong></span> <span class='ocrx_word' id='word_1_3' title='bbox 1083 176 1275 206; x_wconf 75' lang='lat' dir='ltr'><strong>SOLlTAlilI</strong></span> 
     </span>
    </p>
   </div>
   <div class='ocr_carea' id='block_1_3' title="bbox 1850 173 1902 204">
    <p class='ocr_par' dir='ltr' id='par_1_3' title="bbox 1850 173 1902 204">
     <span class='ocr_line' id='line_1_3' title="bbox 1850 173 1902 204; baseline 0.038 -2"><span class='ocrx_word' id='word_1_4' title='bbox 1850 173 1902 204; x_wconf 71' lang='lat'><strong>780</strong></span> 
     </span>
    </p>
   </div>
   <div class='ocr_carea' id='block_1_4' title="bbox 277 232 1902 272">
    <p class='ocr_par' dir='ltr' id='par_1_4' title="bbox 277 232 1902 272">
     <span class='ocr_line' id='line_1_4' title="bbox 277 232 1902 272; baseline -0.006 -5"><span class='ocrx_word' id='word_1_5' title='bbox 277 247 355 268; x_wconf 81' lang='lat' dir='ltr'><strong>ceres</strong></span> <span class='ocrx_word' id='word_1_6' title='bbox 370 238 397 266; x_wconf 90' lang='lat' dir='ltr'><strong>in</strong></span> <span class='ocrx_word' id='word_1_7' title='bbox 415 245 447 265; x_wconf 87' lang='lat' dir='ltr'><strong>eo</strong></span> <span class='ocrx_word' id='word_1_8' title='bbox 462 241 603 272; x_wconf 79' lang='lat' dir='ltr'><strong>angustos,</strong></span> <span class='ocrx_word' id='word_1_9' title='bbox 622 234 877 271; x_wconf 80' lang='lat' dir='ltr'><strong>caliginosissimos,</strong></span> <span class='ocrx_word' id='word_1_10' title='bbox 896 238 923 261; x_wconf 88' lang='lat' dir='ltr'><strong>et</strong></span> <span class='ocrx_word' id='word_1_11' title='bbox 941 234 973 260; x_wconf 90' lang='lat' dir='ltr'><strong>ad</strong></span> <span class='ocrx_word' id='word_1_12' title='bbox 999 241 1064 261; x_wconf 91' lang='lat' dir='ltr'><strong>cru-</strong></span> <span class='ocrx_word' id='word_1_13' title='bbox 1083 239 1101 264; x_wconf 79' lang='grc' dir='ltr'><strong>Α</strong></span> <span class='ocrx_word' id='word_1_14' title='bbox 1118 238 1276 268; x_wconf 88' lang='lat' dir='ltr'><strong>potuerunt.</strong></span> <span class='ocrx_word' id='word_1_15' title='bbox 1292 241 1353 260; x_wconf 85' lang='lat' dir='ltr'><strong>cum</strong></span> <span class='ocrx_word' id='word_1_16' title='bbox 1374 241 1429 260; x_wconf 92' lang='lat' dir='ltr'><strong>non</strong></span> <span class='ocrx_word' id='word_1_17' title='bbox 1442 237 1516 260; x_wconf 88' lang='lat' dir='ltr'><strong>esset</strong></span> <span class='ocrx_word' id='word_1_18' title='bbox 1531 237 1624 260; x_wconf 91' lang='lat' dir='ltr'><strong>custos</strong></span> <span class='ocrx_word' id='word_1_19' title='bbox 1638 232 1768 264; x_wconf 89' lang='lat' dir='ltr'><strong>carceris,</strong></span> <span class='ocrx_word' id='word_1_20' title='bbox 1781 239 1836 258; x_wconf 91' lang='lat' dir='ltr'><strong>non</strong></span> <span class='ocrx_word' id='word_1_21' title='bbox 1853 239 1902 265; x_wconf 84' lang='lat' dir='ltr'><strong>pu-</strong></span> 
     </span>
    </p>
   </div>
   <div class='ocr_carea' id='block_1_5' title="bbox 277 278 1064 318">
    <p class='ocr_par' dir='ltr' id='par_1_5' title="bbox 277 278 1064 318">
     <span class='ocr_line' id='line_1_5' title="bbox 277 278 1064 318; baseline -0.01 -5"><span class='ocrx_word' id='word_1_22' title='bbox 277 287 378 313; x_wconf 80' lang='lat' dir='ltr'><strong>ciatum</strong></span> <span class='ocrx_word' id='word_1_23' title='bbox 403 283 569 318; x_wconf 85' lang='lat' dir='ltr'><strong>aptissimos.</strong></span> <span class='ocrx_word' id='word_1_24' title='bbox 597 281 635 308; x_wconf 42' lang='lat' dir='ltr'><strong>Atl</strong></span> <span class='ocrx_word' id='word_1_25' title='bbox 658 281 714 307; x_wconf 53' lang='lat' dir='ltr'><strong>haec</strong></span> <span class='ocrx_word' id='word_1_26' title='bbox 739 280 819 307; x_wconf 92' lang='lat' dir='ltr'><strong>aliam</strong></span> <span class='ocrx_word' id='word_1_27' title='bbox 846 278 1064 306; x_wconf 72' lang='lat' dir='ltr'><strong>malevolentiam</strong></span> 
     </span>
    </p>
   </div>
   <div class='ocr_carea' id='block_1_6' title="bbox 278 326 1066 362">
    <p class='ocr_par' dir='ltr' id='par_1_6' title="bbox 278 326 1066 362">
     <span class='ocr_line' id='line_1_6' title="bbox 278 326 1066 362; baseline -0.009 -3"><span class='ocrx_word' id='word_1_28' title='bbox 278 331 430 359; x_wconf 85' lang='lat' dir='ltr'><strong>considera.</strong></span> <span class='ocrx_word' id='word_1_29' title='bbox 465 329 611 362; x_wconf 79' lang='lat' dir='ltr'><strong>Postquam</strong></span> <span class='ocrx_word' id='word_1_30' title='bbox 636 327 730 354; x_wconf 85' lang='lat' dir='ltr'><strong>iufclix</strong></span> <span class='ocrx_word' id='word_1_31' title='bbox 751 331 884 362; x_wconf 85' lang='lat' dir='ltr'><strong>tyrannus</strong></span> <span class='ocrx_word' id='word_1_32' title='bbox 899 326 1000 354; x_wconf 89' lang='lat' dir='ltr'><strong>bestias</strong></span> <span class='ocrx_word' id='word_1_33' title='bbox 1018 332 1066 352; x_wconf 91' lang='lat' dir='ltr'><strong>ve-</strong></span> 
     </span>
    </p>
   </div>
   <div class='ocr_carea' id='block_1_7' title="bbox 279 371 1064 408">
    <p class='ocr_par' dir='ltr' id='par_1_7' title="bbox 279 371 1064 408">
     <span class='ocr_line' id='line_1_7' title="bbox 279 371 1064 408; baseline -0.009 -4"><span class='ocrx_word' id='word_1_34' title='bbox 279 382 403 408; x_wconf 80' lang='lat' dir='ltr'><strong>nenatas,</strong></span> <span class='ocrx_word' id='word_1_35' title='bbox 423 381 450 402; x_wconf 81' lang='lat' dir='ltr'><strong>et</strong></span> <span class='ocrx_word' id='word_1_36' title='bbox 481 375 586 406; x_wconf 71' lang='lat' dir='ltr'><strong>leones,</strong></span> <span class='ocrx_word' id='word_1_37' title='bbox 603 378 631 400; x_wconf 88' lang='lat' dir='ltr'><strong>et</strong></span> <span class='ocrx_word' id='word_1_38' title='bbox 663 373 807 403; x_wconf 81' lang='lat' dir='ltr'><strong>dracones.</strong></span> <span class='ocrx_word' id='word_1_39' title='bbox 838 373 898 399; x_wconf 85' lang='lat' dir='ltr'><strong>visu</strong></span> <span class='ocrx_word' id='word_1_40' title='bbox 924 371 1064 399; x_wconf 83' lang='lat' dir='ltr'><strong>deformes</strong></span> 
     </span>
    </p>
   </div>
   <div class='ocr_carea' id='block_1_8' title="bbox 279 416 1066 457">
    <p class='ocr_par' dir='ltr' id='par_1_8' title="bbox 279 416 1066 457">
     <span class='ocr_line' id='line_1_8' title="bbox 279 416 1066 457; baseline -0.009 -8"><span class='ocrx_word' id='word_1_41' title='bbox 279 422 414 457; x_wconf 77' lang='lat' dir='ltr'><strong>pardales,</strong></span> <span class='ocrx_word' id='word_1_42' title='bbox 436 419 556 454; x_wconf 84' lang='lat' dir='ltr'><strong>aspidcs,</strong></span> <span class='ocrx_word' id='word_1_43' title='bbox 573 418 697 450; x_wconf 73' lang='lat' dir='ltr'><strong>rubetas,</strong></span> <span class='ocrx_word' id='word_1_44' title='bbox 721 421 873 452; x_wconf 73' lang='lat' dir='ltr'><strong>serpentes,</strong></span> <span class='ocrx_word' id='word_1_45' title='bbox 902 416 1066 451; x_wconf 76' lang='lat' dir='ltr'><strong>scorpiones</strong></span> 
     </span>
    </p>
   </div>
   <div class='ocr_carea' id='block_1_9' title="bbox 278 460 1066 499">
    <p class='ocr_par' dir='ltr' id='par_1_9' title="bbox 278 460 1066 499">
     <span class='ocr_line' id='line_1_9' title="bbox 278 460 1066 499; baseline -0.008 -6"><span class='ocrx_word' id='word_1_46' title='bbox 278 466 432 494; x_wconf 84' lang='lat' dir='ltr'><strong>exitiabiles</strong></span> <span class='ocrx_word' id='word_1_47' title='bbox 445 464 632 499; x_wconf 72' lang='lat' dir='ltr'><strong>congregavit,</strong></span> <span class='ocrx_word' id='word_1_48' title='bbox 647 463 697 489; x_wconf 91' lang='lat' dir='ltr'><strong>has</strong></span> <span class='ocrx_word' id='word_1_49' title='bbox 714 462 797 490; x_wconf 86' lang='lat' dir='ltr'><strong>simul</strong></span> <span class='ocrx_word' id='word_1_50' title='bbox 825 462 884 489; x_wconf 86' lang='lat' dir='ltr'><strong>lacu</strong></span> <span class='ocrx_word' id='word_1_51' title='bbox 915 460 1066 496; x_wconf 76' lang='lat' dir='ltr'><strong>caliginoso</strong></span> 
     </span>
    </p>
   </div>
   <div class='ocr_carea' id='block_1_10' title="bbox 277 509 1061 544">
    <p class='ocr_par' dir='ltr' id='par_1_10' title="bbox 277 509 1061 544">
     <span class='ocr_line' id='line_1_10' title="bbox 277 509 1061 544; baseline -0.008 -4"><span class='ocrx_word' id='word_1_52' title='bbox 277 513 311 540; x_wconf 89' lang='lat' dir='ltr'><strong>ad</strong></span> <span class='ocrx_word' id='word_1_53' title='bbox 327 512 436 539; x_wconf 90' lang='lat' dir='ltr'><strong>dolores</strong></span> <span class='ocrx_word' id='word_1_54' title='bbox 449 515 475 538; x_wconf 90' lang='lat' dir='ltr'><strong>et</strong></span> <span class='ocrx_word' id='word_1_55' title='bbox 490 517 584 544; x_wconf 60' lang='lat' dir='ltr'><strong>pugnas</strong></span> <span class='ocrx_word' id='word_1_56' title='bbox 603 517 699 536; x_wconf 87' lang='lat' dir='ltr'><strong>eorum</strong></span> <span class='ocrx_word' id='word_1_57' title='bbox 716 509 826 538; x_wconf 89' lang='lat' dir='ltr'><strong>retinet.</strong></span> <span class='ocrx_word' id='word_1_58' title='bbox 844 513 981 543; x_wconf 88' lang='lat' dir='ltr'><strong>qttotquot</strong></span> <span class='ocrx_word' id='word_1_59' title='bbox 999 509 1061 535; x_wconf 44' lang='lat' dir='ltr'><strong>suh‘</strong></span> 
     </span>
    </p>
   </div>
   <div class='ocr_carea' id='block_1_11' title="bbox 278 555 1066 587">
    <p class='ocr_par' dir='ltr' id='par_1_11' title="bbox 278 555 1066 587">
     <span class='ocr_line' id='line_1_11' title="bbox 278 555 1066 587; baseline -0.006 -1"><span class='ocrx_word' id='word_1_60' title='bbox 278 564 354 586; x_wconf 85' lang='lat' dir='ltr'><strong>actos</strong></span> <span class='ocrx_word' id='word_1_61' title='bbox 367 558 403 585; x_wconf 89' lang='lat' dir='ltr'><strong>ibi</strong></span> <span class='ocrx_word' id='word_1_62' title='bbox 429 557 581 584; x_wconf 87' lang='lat' dir='ltr'><strong>incluserit.</strong></span> <span class='ocrx_word' id='word_1_63' title='bbox 606 556 662 584; x_wconf 80' lang='lat' dir='ltr'><strong>Nec</strong></span> <span class='ocrx_word' id='word_1_64' title='bbox 678 556 705 582; x_wconf 92' lang='lat' dir='ltr'><strong>iu</strong></span> <span class='ocrx_word' id='word_1_65' title='bbox 731 555 783 582; x_wconf 89' lang='lat' dir='ltr'><strong>hoc</strong></span> <span class='ocrx_word' id='word_1_66' title='bbox 806 556 877 587; x_wconf 89' lang='lat' dir='ltr'><strong>lacu,</strong></span> <span class='ocrx_word' id='word_1_67' title='bbox 899 563 949 581; x_wconf 88' lang='lat' dir='ltr'><strong>nec</strong></span> <span class='ocrx_word' id='word_1_68' title='bbox 974 555 1001 581; x_wconf 91' lang='lat' dir='ltr'><strong>in</strong></span> <span class='ocrx_word' id='word_1_69' title='bbox 1016 555 1066 582; x_wconf 90' lang='lat' dir='ltr'><strong>hac</strong></span> 
     </span>
    </p>
   </div>
   <div class='ocr_carea' id='block_1_12' title="bbox 279 601 1067 632">
    <p class='ocr_par' dir='ltr' id='par_1_12' title="bbox 279 601 1067 632">
     <span class='ocr_line' id='line_1_12' title="bbox 279 601 1067 632; baseline -0.008 0"><span class='ocrx_word' id='word_1_70' title='bbox 279 606 348 632; x_wconf 90' lang='lat' dir='ltr'><strong>urbe</strong></span> <span class='ocrx_word' id='word_1_71' title='bbox 366 605 405 632; x_wconf 88' lang='lat' dir='ltr'><strong>vel</strong></span> <span class='ocrx_word' id='word_1_72' title='bbox 420 604 485 631; x_wconf 90' lang='lat' dir='ltr'><strong>solis</strong></span> <span class='ocrx_word' id='word_1_73' title='bbox 501 603 542 630; x_wconf 83' lang='lat' dir='ltr'><strong>vel</strong></span> <span class='ocrx_word' id='word_1_74' title='bbox 569 603 640 629; x_wconf 74' lang='lat' dir='ltr'><strong>luna:</strong></span> <span class='ocrx_word' id='word_1_75' title='bbox 655 602 748 628; x_wconf 85' lang='lat' dir='ltr'><strong>lumen</strong></span> <span class='ocrx_word' id='word_1_76' title='bbox 772 601 896 628; x_wconf 82' lang='lat' dir='ltr'><strong>Cernitur</strong></span> <span class='ocrx_word' id='word_1_77' title='bbox 918 609 924 626; x_wconf 88' lang='lat'>:</span> <span class='ocrx_word' id='word_1_78' title='bbox 939 605 1004 627; x_wconf 89' lang='lat' dir='ltr'><strong>sunt</strong></span> <span class='ocrx_word' id='word_1_79' title='bbox 1019 609 1067 627; x_wconf 91' lang='lat' dir='ltr'><strong>au-</strong></span> 
     </span>
    </p>
   </div>
   <div class='ocr_carea' id='block_1_13' title="bbox 279 646 1065 684">
    <p class='ocr_par' dir='ltr' id='par_1_13' title="bbox 279 646 1065 684">
     <span class='ocr_line' id='line_1_13' title="bbox 279 646 1065 684; baseline -0.008 -6"><span class='ocrx_word' id='word_1_80' title='bbox 279 658 334 679; x_wconf 86' lang='lat' dir='ltr'><strong>tem</strong></span> <span class='ocrx_word' id='word_1_81' title='bbox 351 650 471 678; x_wconf 69' lang='lat' dir='ltr'><strong>tenebrte</strong></span> <span class='ocrx_word' id='word_1_82' title='bbox 493 649 656 684; x_wconf 89' lang='lat' dir='ltr'><strong>palpabiles,</strong></span> <span class='ocrx_word' id='word_1_83' title='bbox 669 653 697 675; x_wconf 90' lang='lat' dir='ltr'><strong>et</strong></span> <span class='ocrx_word' id='word_1_84' title='bbox 718 647 840 674; x_wconf 61' lang='lat' dir='ltr'><strong>tenebrae</strong></span> <span class='ocrx_word' id='word_1_85' title='bbox 856 647 908 674; x_wconf 66' lang='lat' dir='ltr'><strong>illa:</strong></span> <span class='ocrx_word' id='word_1_86' title='bbox 921 646 1065 682; x_wconf 58' lang='lat' dir='ltr'><strong>(Egyptiic,</strong></span> 
     </span>
    </p>
   </div>
   <div class='ocr_carea' id='block_1_14' title="bbox 279 692 1049 724">
    <p class='ocr_par' dir='ltr' id='par_1_14' title="bbox 279 692 1049 724">
     <span class='ocr_line' id='line_1_14' title="bbox 279 692 1049 724; baseline -0.005 -2"><span class='ocrx_word' id='word_1_87' title='bbox 279 697 408 724; x_wconf 85' lang='lat' dir='ltr'><strong>omnibus</strong></span> <span class='ocrx_word' id='word_1_88' title='bbox 433 695 594 722; x_wconf 69' lang='lat' dir='ltr'><strong>notissiutm.</strong></span> <span class='ocrx_word' id='word_1_89' title='bbox 610 694 691 721; x_wconf 72' lang='lat' dir='ltr'><strong>Juxta</strong></span> <span class='ocrx_word' id='word_1_90' title='bbox 707 693 803 720; x_wconf 80' lang='lat' dir='ltr'><strong>urbem</strong></span> <span class='ocrx_word' id='word_1_91' title='bbox 829 697 888 720; x_wconf 84' lang='lat' dir='ltr'><strong>esto</strong></span> <span class='ocrx_word' id='word_1_92' title='bbox 905 692 948 718; x_wconf 89' lang='lat' dir='ltr'><strong>via</strong></span> <span class='ocrx_word' id='word_1_93' title='bbox 964 692 1049 718; x_wconf 85' lang='lat' dir='ltr'><strong>milita</strong></span> 
     </span>
    </p>
   </div>
   <div class='ocr_carea' id='block_1_15' title="bbox 280 738 1062 776">
    <p class='ocr_par' dir='ltr' id='par_1_15' title="bbox 280 738 1062 776">
     <span class='ocr_line' id='line_1_15' title="bbox 280 738 1062 776; baseline -0.008 -6"><span class='ocrx_word' id='word_1_94' title='bbox 280 744 329 776; x_wconf 86' lang='lat' dir='ltr'><strong>ris,</strong></span> <span class='ocrx_word' id='word_1_95' title='bbox 348 743 405 769; x_wconf 89' lang='lat' dir='ltr'><strong>sive</strong></span> <span class='ocrx_word' id='word_1_96' title='bbox 421 741 541 776; x_wconf 89' lang='lat' dir='ltr'><strong>publica,</strong></span> <span class='ocrx_word' id='word_1_97' title='bbox 566 748 647 775; x_wconf 82' lang='lat' dir='ltr'><strong>quant</strong></span> <span class='ocrx_word' id='word_1_98' title='bbox 660 746 755 767; x_wconf 85' lang='lat' dir='ltr'><strong>omnes</strong></span> <span class='ocrx_word' id='word_1_99' title='bbox 771 739 914 766; x_wconf 85' lang='lat' dir='ltr'><strong>hominum</strong></span> <span class='ocrx_word' id='word_1_100' title='bbox 934 738 1062 765; x_wconf 85' lang='lat' dir='ltr'><strong>nationes</strong></span> 
     </span>
    </p>
   </div>
   <div class='ocr_carea' id='block_1_16' title="bbox 280 778 1065 823">
    <p class='ocr_par' dir='ltr' id='par_1_16' title="bbox 280 778 1065 823">
     <span class='ocr_line' id='line_1_16' title="bbox 280 778 1065 823; baseline -0.008 -8"><span class='ocrx_word' id='word_1_101' title='bbox 280 792 493 823; x_wconf 86' lang='lat' dir='ltr'><strong>pertranseunt:</strong></span> <span class='ocrx_word' id='word_1_102' title='bbox 513 792 540 813; x_wconf 90' lang='lat' dir='ltr'><strong>et</strong></span> <span class='ocrx_word' id='word_1_103' title='bbox 553 778 597 812; x_wconf 85' lang='lat' dir='ltr'><strong>alii</strong></span> <span class='ocrx_word' id='word_1_104' title='bbox 619 785 730 820; x_wconf 84' lang='lat' dir='ltr'><strong>quidem</strong></span> <span class='ocrx_word' id='word_1_105' title='bbox 752 784 833 812; x_wconf 87' lang='lat' dir='ltr'><strong>amici</strong></span> <span class='ocrx_word' id='word_1_106' title='bbox 851 784 941 819; x_wconf 80' lang='lat' dir='ltr'><strong>regis,</strong></span> <span class='ocrx_word' id='word_1_107' title='bbox 957 784 1004 810; x_wconf 86' lang='lat' dir='ltr'><strong>alii</strong></span> <span class='ocrx_word' id='word_1_108' title='bbox 1018 783 1065 810; x_wconf 87' lang='lat' dir='ltr'><strong>ad-</strong></span> 
     </span>
    </p>
   </div>
   <div class='ocr_carea' id='block_1_17' title="bbox 280 830 1067 867">
    <p class='ocr_par' dir='ltr' id='par_1_17' title="bbox 280 830 1067 867">
     <span class='ocr_line' id='line_1_17' title="bbox 280 830 1067 867; baseline -0.008 -5"><span class='ocrx_word' id='word_1_109' title='bbox 280 834 406 867; x_wconf 87' lang='lat' dir='ltr'><strong>versarii,</strong></span> <span class='ocrx_word' id='word_1_110' title='bbox 420 839 448 861; x_wconf 88' lang='lat' dir='ltr'><strong>et</strong></span> <span class='ocrx_word' id='word_1_111' title='bbox 463 833 578 865; x_wconf 85' lang='lat' dir='ltr'><strong>inimici,</strong></span> <span class='ocrx_word' id='word_1_112' title='bbox 599 832 646 867; x_wconf 90' lang='lat' dir='ltr'><strong>qui</strong></span> <span class='ocrx_word' id='word_1_113' title='bbox 659 839 764 864; x_wconf 85' lang='lat' dir='ltr'><strong>omnes,</strong></span> <span class='ocrx_word' id='word_1_114' title='bbox 785 831 856 858; x_wconf 87' lang='lat' dir='ltr'><strong>alius</strong></span> <span class='ocrx_word' id='word_1_115' title='bbox 871 830 982 857; x_wconf 92' lang='lat' dir='ltr'><strong>aliunde</strong></span> <span class='ocrx_word' id='word_1_116' title='bbox 998 838 1012 856; x_wconf 88' lang='lat' dir='ltr'><strong>a</strong></span> <span class='ocrx_word' id='word_1_117' title='bbox 1024 837 1067 857; x_wconf 86' lang='lat' dir='ltr'><strong>sc-</strong></span> 
     </span>
    </p>
   </div>
   <div class='ocr_carea' id='block_1_18' title="bbox 280 876 1064 914">
    <p class='ocr_par' dir='ltr' id='par_1_18' title="bbox 280 876 1064 914">
     <span class='ocr_line' id='line_1_18' title="bbox 280 876 1064 914; baseline -0.006 -6"><span class='ocrx_word' id='word_1_118' title='bbox 280 881 395 908; x_wconf 86' lang='lat' dir='ltr'><strong>ductore</strong></span> <span class='ocrx_word' id='word_1_119' title='bbox 411 879 570 914; x_wconf 89' lang='lat' dir='ltr'><strong>capiuntur,</strong></span> <span class='ocrx_word' id='word_1_120' title='bbox 598 885 649 904; x_wconf 89' lang='lat' dir='ltr'><strong>nec</strong></span> <span class='ocrx_word' id='word_1_121' title='bbox 662 877 716 904; x_wconf 89' lang='lat' dir='ltr'><strong>alio</strong></span> <span class='ocrx_word' id='word_1_122' title='bbox 729 885 841 904; x_wconf 90' lang='lat' dir='ltr'><strong>currere</strong></span> <span class='ocrx_word' id='word_1_123' title='bbox 869 876 965 903; x_wconf 86' lang='lat' dir='ltr'><strong>salutis</strong></span> <span class='ocrx_word' id='word_1_124' title='bbox 981 883 1064 903; x_wconf 89' lang='lat' dir='ltr'><strong>causa</strong></span> 
     </span>
    </p>
   </div>
   <div class='ocr_carea' id='block_1_19' title="bbox 1120 278 1904 314">
    <p class='ocr_par' dir='ltr' id='par_1_19' title="bbox 1120 278 1904 314">
     <span class='ocr_line' id='line_1_19' title="bbox 1120 278 1904 314; baseline -0.004 -7"><span class='ocrx_word' id='word_1_125' title='bbox 1120 280 1232 308; x_wconf 68' lang='lat' dir='ltr'><strong>nitores&#39;</strong></span> <span class='ocrx_word' id='word_1_126' title='bbox 1245 280 1347 307; x_wconf 89' lang='lat' dir='ltr'><strong>acerbi.</strong></span> <span class='ocrx_word' id='word_1_127' title='bbox 1362 279 1389 307; x_wconf 90' lang='lat' dir='ltr'><strong>Si</strong></span> <span class='ocrx_word' id='word_1_128' title='bbox 1405 280 1487 314; x_wconf 79' lang='lat' dir='ltr'><strong>igitur</strong></span> <span class='ocrx_word' id='word_1_129' title='bbox 1500 279 1606 306; x_wconf 88' lang='lat' dir='ltr'><strong>attitnas</strong></span> <span class='ocrx_word' id='word_1_130' title='bbox 1624 279 1715 306; x_wconf 88' lang='lat' dir='ltr'><strong>adhuc</strong></span> <span class='ocrx_word' id='word_1_131' title='bbox 1740 279 1769 305; x_wconf 92' lang='lat' dir='ltr'><strong>in</strong></span> <span class='ocrx_word' id='word_1_132' title='bbox 1797 278 1904 305; x_wconf 88' lang='lat' dir='ltr'><strong>iufcrtto</strong></span> 
     </span>
    </p>
   </div>
   <div class='ocr_carea' id='block_1_20' title="bbox 1120 325 1904 360">
    <p class='ocr_par' dir='ltr' id='par_1_20' title="bbox 1120 325 1904 360">
     <span class='ocr_line' id='line_1_20' title="bbox 1120 325 1904 360; baseline -0.003 -7"><span class='ocrx_word' id='word_1_133' title='bbox 1120 334 1232 354; x_wconf 85' lang='lat' dir='ltr'><strong>manere</strong></span> <span class='ocrx_word' id='word_1_134' title='bbox 1256 326 1346 358; x_wconf 83' lang='lat' dir='ltr'><strong>audis,</strong></span> <span class='ocrx_word' id='word_1_135' title='bbox 1377 327 1447 353; x_wconf 89' lang='lat' dir='ltr'><strong>scito</strong></span> <span class='ocrx_word' id='word_1_136' title='bbox 1473 326 1633 360; x_wconf 88' lang='lat' dir='ltr'><strong>neutiquam</strong></span> <span class='ocrx_word' id='word_1_137' title='bbox 1660 330 1798 352; x_wconf 83' lang='lat' dir='ltr'><strong>tormenta</strong></span> <span class='ocrx_word' id='word_1_138' title='bbox 1821 325 1904 351; x_wconf 87' lang='lat' dir='ltr'><strong>susti-</strong></span> 
     </span>
    </p>
   </div>
   <div class='ocr_carea' id='block_1_21' title="bbox 1119 371 1904 407">
    <p class='ocr_par' dir='ltr' id='par_1_21' title="bbox 1119 371 1904 407">
     <span class='ocr_line' id='line_1_21' title="bbox 1119 371 1904 407; baseline -0.003 -7"><span class='ocrx_word' id='word_1_139' title='bbox 1119 380 1194 406; x_wconf 86' lang='lat' dir='ltr'><strong>nere,</strong></span> <span class='ocrx_word' id='word_1_140' title='bbox 1215 372 1342 407; x_wconf 87' lang='lat' dir='ltr'><strong>utprius.</strong></span> <span class='ocrx_word' id='word_1_141' title='bbox 1360 380 1412 400; x_wconf 88' lang='lat' dir='ltr'><strong>ttcc</strong></span> <span class='ocrx_word' id='word_1_142' title='bbox 1437 372 1519 399; x_wconf 88' lang='lat' dir='ltr'><strong>etiam</strong></span> <span class='ocrx_word' id='word_1_143' title='bbox 1541 371 1660 400; x_wconf 82' lang='lat' dir='ltr'><strong>vinculis</strong></span> <span class='ocrx_word' id='word_1_144' title='bbox 1686 372 1778 399; x_wconf 85' lang='lat' dir='ltr'><strong>teneri</strong></span> <span class='ocrx_word' id='word_1_145' title='bbox 1808 371 1904 398; x_wconf 84' lang='lat' dir='ltr'><strong>ferreis</strong></span> 
     </span>
    </p>
   </div>
   <div class='ocr_carea' id='block_1_22' title="bbox 1119 417 1904 455">
    <p class='ocr_par' dir='ltr' id='par_1_22' title="bbox 1119 417 1904 455">
     <span class='ocr_line' id='line_1_22' title="bbox 1119 417 1904 455; baseline -0.004 -8"><span class='ocrx_word' id='word_1_146' title='bbox 1119 424 1241 455; x_wconf 86' lang='lat' dir='ltr'><strong>utpotca</strong></span> <span class='ocrx_word' id='word_1_147' title='bbox 1258 419 1401 455; x_wconf 78' lang='lat' dir='ltr'><strong>tyrannide</strong></span> <span class='ocrx_word' id='word_1_148' title='bbox 1424 417 1586 455; x_wconf 74' lang='lat' dir='ltr'><strong>vindicatas.</strong></span> <span class='ocrx_word' id='word_1_149' title='bbox 1603 418 1636 445; x_wconf 89' lang='lat' dir='ltr'><strong>Et</strong></span> <span class='ocrx_word' id='word_1_150' title='bbox 1660 418 1712 445; x_wconf 89' lang='lat' dir='ltr'><strong>hoc</strong></span> <span class='ocrx_word' id='word_1_151' title='bbox 1737 425 1840 445; x_wconf 84' lang='lat' dir='ltr'><strong>munus</strong></span> <span class='ocrx_word' id='word_1_152' title='bbox 1863 422 1904 444; x_wconf 78' lang='lat' dir='ltr'><strong>est</strong></span> 
     </span>
    </p>
   </div>
   <div class='ocr_carea' id='block_1_23' title="bbox 1119 454 1902 498">
    <p class='ocr_par' dir='ltr' id='par_1_23' title="bbox 1119 454 1902 498">
     <span class='ocr_line' id='line_1_23' title="bbox 1119 454 1902 498; baseline -0.005 -6"><span class='ocrx_word' id='word_1_153' title='bbox 1119 454 1275 492; x_wconf 84' lang='lat' dir='ltr'><strong>maximum</strong></span> <span class='ocrx_word' id='word_1_154' title='bbox 1286 468 1368 498; x_wconf 87' lang='lat' dir='ltr'><strong>atque</strong></span> <span class='ocrx_word' id='word_1_155' title='bbox 1388 454 1599 498; x_wconf 81' lang='lat' dir='ltr'><strong>amplissimum.</strong></span> <span class='ocrx_word' id='word_1_156' title='bbox 1624 462 1663 489; x_wconf 83' lang='lat' dir='ltr'><strong>Ad</strong></span> <span class='ocrx_word' id='word_1_157' title='bbox 1685 462 1743 489; x_wconf 64' lang='lat' dir='ltr'><strong>haec</strong></span> <span class='ocrx_word' id='word_1_158' title='bbox 1765 461 1862 494; x_wconf 87' lang='lat' dir='ltr'><strong>dicito,</strong></span> <span class='ocrx_word' id='word_1_159' title='bbox 1880 461 1902 488; x_wconf 91' lang='lat' dir='ltr'><strong>si</strong></span> 
     </span>
    </p>
   </div>
   <div class='ocr_carea' id='block_1_24' title="bbox 1117 509 1524 547">
    <p class='ocr_par' dir='ltr' id='par_1_24' title="bbox 1117 509 1524 547">
     <span class='ocr_line' id='line_1_24' title="bbox 1117 509 1524 547; baseline -0.005 -9"><span class='ocrx_word' id='word_1_160' title='bbox 1117 512 1183 547; x_wconf 91' lang='lat' dir='ltr'><strong>quid</strong></span> <span class='ocrx_word' id='word_1_161' title='bbox 1197 511 1246 538; x_wconf 88' lang='lat' dir='ltr'><strong>tibi</strong></span> <span class='ocrx_word' id='word_1_162' title='bbox 1258 511 1285 538; x_wconf 87' lang='lat' dir='ltr'><strong>itt</strong></span> <span class='ocrx_word' id='word_1_163' title='bbox 1301 514 1421 538; x_wconf 86' lang='lat' dir='ltr'><strong>mentem</strong></span> <span class='ocrx_word' id='word_1_164' title='bbox 1440 509 1524 537; x_wconf 85' lang='lat' dir='ltr'><strong>venit.</strong></span> 
     </span>
    </p>
   </div>
   <div class='ocr_carea' id='block_1_25' title="bbox 1152 554 1903 590">
    <p class='ocr_par' dir='ltr' id='par_1_25' title="bbox 1152 554 1903 590">
     <span class='ocr_line' id='line_1_25' title="bbox 1152 554 1903 590; baseline -0.005 -6"><span class='ocrx_word' id='word_1_165' title='bbox 1152 558 1250 584; x_wconf 70' lang='lat' dir='ltr'><strong>Amm.</strong></span> <span class='ocrx_word' id='word_1_166' title='bbox 1263 557 1400 590; x_wconf 86' lang='lat' dir='ltr'><strong>Quorsum</strong></span> <span class='ocrx_word' id='word_1_167' title='bbox 1409 559 1515 590; x_wconf 78' lang='lat' dir='ltr'><strong>spectet</strong></span> <span class='ocrx_word' id='word_1_168' title='bbox 1527 555 1579 582; x_wconf 92' lang='lat' dir='ltr'><strong>hoc</strong></span> <span class='ocrx_word' id='word_1_169' title='bbox 1590 555 1760 590; x_wconf 81' lang='lat' dir='ltr'><strong>paradigma.</strong></span> <span class='ocrx_word' id='word_1_170' title='bbox 1771 554 1903 588; x_wconf 78' lang='lat' dir='ltr'><strong>intelligo.</strong></span> 
     </span>
    </p>
   </div>
   <div class='ocr_carea' id='block_1_26' title="bbox 1118 600 1903 638">
    <p class='ocr_par' dir='ltr' id='par_1_26' title="bbox 1118 600 1903 638">
     <span class='ocr_line' id='line_1_26' title="bbox 1118 600 1903 638; baseline -0.005 -8"><span class='ocrx_word' id='word_1_171' title='bbox 1118 604 1197 631; x_wconf 87' lang='lat' dir='ltr'><strong>Justo</strong></span> <span class='ocrx_word' id='word_1_172' title='bbox 1205 603 1310 638; x_wconf 83' lang='lat' dir='ltr'><strong>judicio</strong></span> <span class='ocrx_word' id='word_1_173' title='bbox 1327 610 1426 630; x_wconf 90' lang='lat' dir='ltr'><strong>omnes</strong></span> <span class='ocrx_word' id='word_1_174' title='bbox 1439 601 1513 636; x_wconf 89' lang='lat' dir='ltr'><strong>quod</strong></span> <span class='ocrx_word' id='word_1_175' title='bbox 1540 601 1653 633; x_wconf 86' lang='lat' dir='ltr'><strong>debent,</strong></span> <span class='ocrx_word' id='word_1_176' title='bbox 1670 600 1752 628; x_wconf 86' lang='lat' dir='ltr'><strong>amici</strong></span> <span class='ocrx_word' id='word_1_177' title='bbox 1775 600 1903 630; x_wconf 79' lang='lat' dir='ltr'><strong>maxima.</strong></span> 
     </span>
    </p>
   </div>
   <div class='ocr_carea' id='block_1_27' title="bbox 1120 647 1905 683">
    <p class='ocr_par' dir='ltr' id='par_1_27' title="bbox 1120 647 1905 683">
     <span class='ocr_line' id='line_1_27' title="bbox 1120 647 1905 683; baseline -0.005 -7"><span class='ocrx_word' id='word_1_178' title='bbox 1120 649 1223 676; x_wconf 90' lang='lat' dir='ltr'><strong>inimici</strong></span> <span class='ocrx_word' id='word_1_179' title='bbox 1249 649 1356 675; x_wconf 85' lang='lat' dir='ltr'><strong>minora</strong></span> <span class='ocrx_word' id='word_1_180' title='bbox 1381 648 1533 683; x_wconf 89' lang='lat' dir='ltr'><strong>accipiunt.</strong></span> <span class='ocrx_word' id='word_1_181' title='bbox 1569 647 1768 674; x_wconf 77' lang='lat' dir='ltr'><strong>Verumtamen</strong></span> <span class='ocrx_word' id='word_1_182' title='bbox 1795 654 1905 681; x_wconf 85' lang='lat' dir='ltr'><strong>propor-</strong></span> 
     </span>
    </p>
   </div>
   <div class='ocr_carea' id='block_1_28' title="bbox 1121 694 1566 729">
    <p class='ocr_par' dir='ltr' id='par_1_28' title="bbox 1121 694 1566 729">
     <span class='ocr_line' id='line_1_28' title="bbox 1121 694 1566 729; baseline -0.002 -7"><span class='ocrx_word' id='word_1_183' title='bbox 1121 695 1195 722; x_wconf 90' lang='lat' dir='ltr'><strong>tione</strong></span> <span class='ocrx_word' id='word_1_184' title='bbox 1210 695 1324 729; x_wconf 83' lang='lat' dir='ltr'><strong>gratiam</strong></span> <span class='ocrx_word' id='word_1_185' title='bbox 1343 702 1440 721; x_wconf 86' lang='lat' dir='ltr'><strong>omnes</strong></span> <span class='ocrx_word' id='word_1_186' title='bbox 1453 694 1566 722; x_wconf 89' lang='lat' dir='ltr'><strong>debent.</strong></span> 
     </span>
    </p>
   </div>
   <div class='ocr_carea' id='block_1_29' title="bbox 1154 738 1904 773">
    <p class='ocr_par' dir='ltr' id='par_1_29' title="bbox 1154 738 1904 773">
     <span class='ocr_line' id='line_1_29' title="bbox 1154 738 1904 773; baseline -0.003 -6"><span class='ocrx_word' id='word_1_187' title='bbox 1154 739 1235 768; x_wconf 61' lang='lat' dir='ltr'><strong>Cano.</strong></span> <span class='ocrx_word' id='word_1_188' title='bbox 1254 740 1314 773; x_wconf 89' lang='lat' dir='ltr'><strong>Qtto</strong></span> <span class='ocrx_word' id='word_1_189' title='bbox 1334 740 1443 767; x_wconf 85' lang='lat' dir='ltr'><strong>tandem</strong></span> <span class='ocrx_word' id='word_1_190' title='bbox 1462 740 1545 767; x_wconf 90' lang='lat' dir='ltr'><strong>modo</strong></span> <span class='ocrx_word' id='word_1_191' title='bbox 1567 739 1727 767; x_wconf 77' lang='lat' dir='ltr'><strong>intellexisti</strong></span> <span class='ocrx_word' id='word_1_192' title='bbox 1752 738 1904 773; x_wconf 87' lang='lat' dir='ltr'><strong>problema.</strong></span> 
     </span>
    </p>
   </div>
   <div class='ocr_carea' id='block_1_30' title="bbox 1119 785 1905 821">
    <p class='ocr_par' dir='ltr' id='par_1_30' title="bbox 1119 785 1905 821">
     <span class='ocr_line' id='line_1_30' title="bbox 1119 785 1905 821; baseline -0.001 -9"><span class='ocrx_word' id='word_1_193' title='bbox 1119 794 1167 812; x_wconf 87' lang='lat' dir='ltr'><strong>seu</strong></span> <span class='ocrx_word' id='word_1_194' title='bbox 1185 786 1276 820; x_wconf 88' lang='lat' dir='ltr'><strong>potius</strong></span> <span class='ocrx_word' id='word_1_195' title='bbox 1289 794 1344 821; x_wconf 92' lang='lat' dir='ltr'><strong>quo</strong></span> <span class='ocrx_word' id='word_1_196' title='bbox 1371 786 1425 813; x_wconf 85' lang='lat' dir='ltr'><strong>fine</strong></span> <span class='ocrx_word' id='word_1_197' title='bbox 1442 786 1494 813; x_wconf 93' lang='lat' dir='ltr'><strong>hoc</strong></span> <span class='ocrx_word' id='word_1_198' title='bbox 1515 785 1675 821; x_wconf 72' lang='lat' dir='ltr'><strong>paradigma</strong></span> <span class='ocrx_word' id='word_1_199' title='bbox 1696 785 1811 812; x_wconf 87' lang='lat' dir='ltr'><strong>allatutn</strong></span> <span class='ocrx_word' id='word_1_200' title='bbox 1841 792 1905 812; x_wconf 86' lang='lat' dir='ltr'><strong>cen-</strong></span> 
     </span>
    </p>
   </div>
   <div class='ocr_carea' id='block_1_31' title="bbox 1119 830 1852 865">
    <p class='ocr_par' dir='ltr' id='par_1_31' title="bbox 1119 830 1852 865">
     <span class='ocr_line' id='line_1_31' title="bbox 1119 830 1852 865; baseline -0.004 -6"><span class='ocrx_word' id='word_1_201' title='bbox 1119 832 1185 859; x_wconf 80' lang='lat' dir='ltr'><strong>ses?</strong></span> <span class='ocrx_word' id='word_1_202' title='bbox 1201 831 1268 864; x_wconf 87' lang='lat' dir='ltr'><strong>Quis</strong></span> <span class='ocrx_word' id='word_1_203' title='bbox 1280 831 1317 858; x_wconf 85' lang='lat' dir='ltr'><strong>sit</strong></span> <span class='ocrx_word' id='word_1_204' title='bbox 1329 831 1373 858; x_wconf 85' lang='lat' dir='ltr'><strong>hic</strong></span> <span class='ocrx_word' id='word_1_205' title='bbox 1395 836 1458 859; x_wconf 91' lang='lat' dir='ltr'><strong>tuus</strong></span> <span class='ocrx_word' id='word_1_206' title='bbox 1474 839 1583 863; x_wconf 87' lang='lat' dir='ltr'><strong>sensus,</strong></span> <span class='ocrx_word' id='word_1_207' title='bbox 1605 838 1687 858; x_wconf 89' lang='lat' dir='ltr'><strong>nosse</strong></span> <span class='ocrx_word' id='word_1_208' title='bbox 1705 830 1852 865; x_wconf 82' lang='lat' dir='ltr'><strong>pervelim.</strong></span> 
     </span>
    </p>
   </div>
   <div class='ocr_carea' id='block_1_32' title="bbox 1153 877 1905 912">
    <p class='ocr_par' dir='ltr' id='par_1_32' title="bbox 1153 877 1905 912">
     <span class='ocr_line' id='line_1_32' title="bbox 1153 877 1905 912; baseline -0.003 -7"><span class='ocrx_word' id='word_1_209' title='bbox 1153 878 1250 905; x_wconf 70' lang='lat' dir='ltr'><strong>Amm.</strong></span> <span class='ocrx_word' id='word_1_210' title='bbox 1281 877 1541 912; x_wconf 80' lang='lat' dir='ltr'><strong>lnterprctationem</strong></span> <span class='ocrx_word' id='word_1_211' title='bbox 1568 877 1687 904; x_wconf 78' lang='lat' dir='ltr'><strong>maxime</strong></span> <span class='ocrx_word' id='word_1_212' title='bbox 1718 877 1799 904; x_wconf 86' lang='lat' dir='ltr'><strong>talem</strong></span> <span class='ocrx_word' id='word_1_213' title='bbox 1831 881 1905 911; x_wconf 89' lang='lat' dir='ltr'><strong>puto.</strong></span> 
     </span>
    </p>
   </div>
   <div class='ocr_carea' id='block_1_33' title="bbox 280 915 1906 959">
    <p class='ocr_par' dir='ltr' id='par_1_33' title="bbox 280 915 1906 959">
     <span class='ocr_line' id='line_1_33' title="bbox 280 915 1906 959; baseline -0.001 -8"><span class='ocrx_word' id='word_1_214' title='bbox 280 928 405 959; x_wconf 90' lang='lat' dir='ltr'><strong>possunt.</strong></span> <span class='ocrx_word' id='word_1_215' title='bbox 423 923 536 950; x_wconf 88' lang='lat' dir='ltr'><strong>Duravit</strong></span> <span class='ocrx_word' id='word_1_216' title='bbox 550 922 704 950; x_wconf 88' lang='lat' dir='ltr'><strong>dominatio</strong></span> <span class='ocrx_word' id='word_1_217' title='bbox 725 921 834 957; x_wconf 80' lang='lat' dir='ltr'><strong>tyranni</strong></span> <span class='ocrx_word' id='word_1_218' title='bbox 851 922 934 957; x_wconf 88' lang='lat' dir='ltr'><strong>ltujus</strong></span> <span class='ocrx_word' id='word_1_219' title='bbox 965 921 1066 948; x_wconf 86' lang='lat' dir='ltr'><strong>diutis-</strong></span> <span class='ocrx_word' id='word_1_220' title='bbox 1080 915 1104 945; x_wconf 75' lang='grc' dir='ltr'><strong>Β</strong></span> <span class='ocrx_word' id='word_1_221' title='bbox 1119 923 1262 958; x_wconf 84' lang='lat' dir='ltr'><strong>Tyrannus</strong></span> <span class='ocrx_word' id='word_1_222' title='bbox 1278 923 1349 950; x_wconf 90' lang='lat' dir='ltr'><strong>idem</strong></span> <span class='ocrx_word' id='word_1_223' title='bbox 1359 927 1400 950; x_wconf 79' lang='lat' dir='ltr'><strong>est</strong></span> <span class='ocrx_word' id='word_1_224' title='bbox 1411 922 1457 958; x_wconf 88' lang='lat' dir='ltr'><strong>qui</strong></span> <span class='ocrx_word' id='word_1_225' title='bbox 1471 923 1558 957; x_wconf 87' lang='lat' dir='ltr'><strong>prius,</strong></span> <span class='ocrx_word' id='word_1_226' title='bbox 1573 922 1692 950; x_wconf 79' lang='lat' dir='ltr'><strong>Lucifer.</strong></span> <span class='ocrx_word' id='word_1_227' title='bbox 1710 922 1798 955; x_wconf 84' lang='lat' dir='ltr'><strong>Quam</strong></span> <span class='ocrx_word' id='word_1_228' title='bbox 1813 921 1906 948; x_wconf 84' lang='lat' dir='ltr'><strong>urbem</strong></span> 
     </span>
    </p>
   </div>
   <div class='ocr_carea' id='block_1_34' title="bbox 281 966 1066 1004">
    <p class='ocr_par' dir='ltr' id='par_1_34' title="bbox 281 966 1066 1004">
     <span class='ocr_line' id='line_1_34' title="bbox 281 966 1066 1004; baseline -0.005 -6"><span class='ocrx_word' id='word_1_229' title='bbox 281 971 370 998; x_wconf 88' lang='lat' dir='ltr'><strong>sitne:</strong></span> <span class='ocrx_word' id='word_1_230' title='bbox 389 977 485 998; x_wconf 90' lang='lat' dir='ltr'><strong>omnes</strong></span> <span class='ocrx_word' id='word_1_231' title='bbox 502 969 634 1004; x_wconf 87' lang='lat' dir='ltr'><strong>paulatim</strong></span> <span class='ocrx_word' id='word_1_232' title='bbox 656 969 683 996; x_wconf 94' lang='lat' dir='ltr'><strong>in</strong></span> <span class='ocrx_word' id='word_1_233' title='bbox 705 976 783 996; x_wconf 86' lang='lat' dir='ltr'><strong>suain</strong></span> <span class='ocrx_word' id='word_1_234' title='bbox 800 972 965 1002; x_wconf 82' lang='lat' dir='ltr'><strong>potestatem</strong></span> <span class='ocrx_word' id='word_1_235' title='bbox 986 966 1066 994; x_wconf 88' lang='lat' dir='ltr'><strong>rede-</strong></span> 
     </span>
    </p>
   </div>
   <div class='ocr_carea' id='block_1_35' title="bbox 281 1013 1065 1052">
    <p class='ocr_par' dir='ltr' id='par_1_35' title="bbox 281 1013 1065 1052">
     <span class='ocr_line' id='line_1_35' title="bbox 281 1013 1065 1052; baseline -0.005 -9"><span class='ocrx_word' id='word_1_236' title='bbox 281 1017 331 1052; x_wconf 79' lang='lat' dir='ltr'><strong>git,</strong></span> <span class='ocrx_word' id='word_1_237' title='bbox 346 1015 479 1043; x_wconf 81' lang='lat' dir='ltr'><strong>violentia</strong></span> <span class='ocrx_word' id='word_1_238' title='bbox 492 1015 531 1042; x_wconf 88' lang='lat' dir='ltr'><strong>illi</strong></span> <span class='ocrx_word' id='word_1_239' title='bbox 555 1023 604 1050; x_wconf 90' lang='lat' dir='ltr'><strong>pro</strong></span> <span class='ocrx_word' id='word_1_240' title='bbox 619 1015 682 1050; x_wconf 87' lang='lat' dir='ltr'><strong>jure</strong></span> <span class='ocrx_word' id='word_1_241' title='bbox 697 1019 750 1047; x_wconf 89' lang='lat' dir='ltr'><strong>est,</strong></span> <span class='ocrx_word' id='word_1_242' title='bbox 766 1014 907 1050; x_wconf 83' lang='lat' dir='ltr'><strong>tyrannice</strong></span> <span class='ocrx_word' id='word_1_243' title='bbox 936 1013 1065 1048; x_wconf 79' lang='lat' dir='ltr'><strong>insurgit,</strong></span> 
     </span>
    </p>
   </div>
   <div class='ocr_carea' id='block_1_36' title="bbox 279 1059 1069 1097">
    <p class='ocr_par' dir='ltr' id='par_1_36' title="bbox 279 1059 1069 1097">
     <span class='ocr_line' id='line_1_36' title="bbox 279 1059 1069 1097; baseline -0.006 -7"><span class='ocrx_word' id='word_1_244' title='bbox 279 1062 363 1097; x_wconf 86' lang='lat' dir='ltr'><strong>capit,</strong></span> <span class='ocrx_word' id='word_1_245' title='bbox 387 1062 552 1089; x_wconf 81' lang='lat' dir='ltr'><strong>verberibus</strong></span> <span class='ocrx_word' id='word_1_246' title='bbox 583 1060 696 1096; x_wconf 81' lang='lat' dir='ltr'><strong>indigne</strong></span> <span class='ocrx_word' id='word_1_247' title='bbox 720 1060 822 1095; x_wconf 87' lang='lat' dir='ltr'><strong>pulsat,</strong></span> <span class='ocrx_word' id='word_1_248' title='bbox 846 1059 958 1095; x_wconf 90' lang='lat' dir='ltr'><strong>premit,</strong></span> <span class='ocrx_word' id='word_1_249' title='bbox 972 1059 1069 1094; x_wconf 76' lang='lat' dir='ltr'><strong>afﬂigit</strong></span> 
     </span>
    </p>
   </div>
   <div class='ocr_carea' id='block_1_37' title="bbox 281 1104 1067 1143">
    <p class='ocr_par' dir='ltr' id='par_1_37' title="bbox 281 1104 1067 1143">
     <span class='ocr_line' id='line_1_37' title="bbox 281 1104 1067 1143; baseline -0.005 -8"><span class='ocrx_word' id='word_1_250' title='bbox 281 1107 412 1143; x_wconf 81' lang='lat' dir='ltr'><strong>insignes,</strong></span> <span class='ocrx_word' id='word_1_251' title='bbox 433 1107 565 1142; x_wconf 75' lang='lat' dir='ltr'><strong>abiectos,</strong></span> <span class='ocrx_word' id='word_1_252' title='bbox 578 1113 684 1138; x_wconf 89' lang='lat' dir='ltr'><strong>omnes,</strong></span> <span class='ocrx_word' id='word_1_253' title='bbox 699 1106 787 1133; x_wconf 89' lang='lat' dir='ltr'><strong>bonos</strong></span> <span class='ocrx_word' id='word_1_254' title='bbox 810 1109 839 1132; x_wconf 89' lang='lat' dir='ltr'><strong>et</strong></span> <span class='ocrx_word' id='word_1_255' title='bbox 864 1105 949 1132; x_wconf 87' lang='lat' dir='ltr'><strong>malos</strong></span> <span class='ocrx_word' id='word_1_256' title='bbox 968 1104 1067 1132; x_wconf 86' lang='lat' dir='ltr'><strong>ferreis</strong></span> 
     </span>
    </p>
   </div>
   <div class='ocr_carea' id='block_1_38' title="bbox 282 1150 1067 1188">
    <p class='ocr_par' dir='ltr' id='par_1_38' title="bbox 282 1150 1067 1188">
     <span class='ocr_line' id='line_1_38' title="bbox 282 1150 1067 1188; baseline -0.006 -7"><span class='ocrx_word' id='word_1_257' title='bbox 282 1153 465 1188; x_wconf 87' lang='lat' dir='ltr'><strong>compedibus</strong></span> <span class='ocrx_word' id='word_1_258' title='bbox 479 1153 506 1179; x_wconf 90' lang='lat' dir='ltr'><strong>in</strong></span> <span class='ocrx_word' id='word_1_259' title='bbox 520 1152 580 1180; x_wconf 87' lang='lat' dir='ltr'><strong>lacu</strong></span> <span class='ocrx_word' id='word_1_260' title='bbox 597 1151 782 1179; x_wconf 87' lang='lat' dir='ltr'><strong>constrictos:</strong></span> <span class='ocrx_word' id='word_1_261' title='bbox 801 1151 827 1177; x_wconf 95' lang='lat' dir='ltr'><strong>in</strong></span> <span class='ocrx_word' id='word_1_262' title='bbox 842 1158 896 1186; x_wconf 89' lang='lat' dir='ltr'><strong>quo</strong></span> <span class='ocrx_word' id='word_1_263' title='bbox 919 1150 996 1177; x_wconf 86' lang='lat' dir='ltr'><strong>locus</strong></span> <span class='ocrx_word' id='word_1_264' title='bbox 1009 1150 1067 1177; x_wconf 84' lang='lat' dir='ltr'><strong>nul-</strong></span> 
     </span>
    </p>
   </div>
   <div class='ocr_carea' id='block_1_39' title="bbox 281 1196 1068 1235">
    <p class='ocr_par' dir='ltr' id='par_1_39' title="bbox 281 1196 1068 1235">
     <span class='ocr_line' id='line_1_39' title="bbox 281 1196 1068 1235; baseline -0.006 -8"><span class='ocrx_word' id='word_1_265' title='bbox 281 1201 324 1227; x_wconf 90' lang='lat' dir='ltr'><strong>lus</strong></span> <span class='ocrx_word' id='word_1_266' title='bbox 341 1199 509 1235; x_wconf 87' lang='lat' dir='ltr'><strong>ejuscemodi</strong></span> <span class='ocrx_word' id='word_1_267' title='bbox 524 1199 685 1234; x_wconf 80' lang='lat' dir='ltr'><strong>indignitate</strong></span> <span class='ocrx_word' id='word_1_268' title='bbox 701 1202 788 1226; x_wconf 92' lang='lat' dir='ltr'><strong>vacat.</strong></span> <span class='ocrx_word' id='word_1_269' title='bbox 798 1198 884 1231; x_wconf 88' lang='lat' dir='ltr'><strong>Quam</strong></span> <span class='ocrx_word' id='word_1_270' title='bbox 896 1196 1068 1232; x_wconf 87' lang='lat' dir='ltr'><strong>tyrannidem</strong></span> 
     </span>
    </p>
   </div>
   <div class='ocr_carea' id='block_1_40' title="bbox 279 1243 1069 1280">
    <p class='ocr_par' dir='ltr' id='par_1_40' title="bbox 279 1243 1069 1280">
     <span class='ocr_line' id='line_1_40' title="bbox 279 1243 1069 1280; baseline -0.004 -8"><span class='ocrx_word' id='word_1_271' title='bbox 279 1253 329 1273; x_wconf 85' lang='lat' dir='ltr'><strong>rex</strong></span> <span class='ocrx_word' id='word_1_272' title='bbox 346 1245 464 1280; x_wconf 87' lang='lat' dir='ltr'><strong>amplius</strong></span> <span class='ocrx_word' id='word_1_273' title='bbox 479 1253 533 1272; x_wconf 91' lang='lat' dir='ltr'><strong>non</strong></span> <span class='ocrx_word' id='word_1_274' title='bbox 550 1245 651 1274; x_wconf 88' lang='lat' dir='ltr'><strong>ferens.</strong></span> <span class='ocrx_word' id='word_1_275' title='bbox 671 1244 719 1271; x_wconf 88' lang='lat' dir='ltr'><strong>sed</strong></span> <span class='ocrx_word' id='word_1_276' title='bbox 731 1243 848 1278; x_wconf 81' lang='lat' dir='ltr'><strong>benigne</strong></span> <span class='ocrx_word' id='word_1_277' title='bbox 862 1243 1023 1277; x_wconf 87' lang='lat' dir='ltr'><strong>respiciens.</strong></span> <span class='ocrx_word' id='word_1_278' title='bbox 1040 1246 1069 1269; x_wconf 87' lang='lat' dir='ltr'><strong>et</strong></span> 
     </span>
    </p>
   </div>
   <div class='ocr_carea' id='block_1_41' title="bbox 282 1288 1071 1326">
    <p class='ocr_par' dir='ltr' id='par_1_41' title="bbox 282 1288 1071 1326">
     <span class='ocr_line' id='line_1_41' title="bbox 282 1288 1071 1326; baseline -0.005 -8"><span class='ocrx_word' id='word_1_279' title='bbox 282 1292 414 1326; x_wconf 89' lang='lat' dir='ltr'><strong>populum</strong></span> <span class='ocrx_word' id='word_1_280' title='bbox 431 1291 576 1323; x_wconf 83' lang='lat' dir='ltr'><strong>miserans,</strong></span> <span class='ocrx_word' id='word_1_281' title='bbox 604 1290 798 1318; x_wconf 86' lang='lat' dir='ltr'><strong>charissimum</strong></span> <span class='ocrx_word' id='word_1_282' title='bbox 823 1294 848 1316; x_wconf 82' lang='lat' dir='ltr'><strong>et</strong></span> <span class='ocrx_word' id='word_1_283' title='bbox 867 1297 948 1323; x_wconf 87' lang='lat' dir='ltr'><strong>quem</strong></span> <span class='ocrx_word' id='word_1_284' title='bbox 973 1288 1071 1315; x_wconf 88' lang='lat' dir='ltr'><strong>habuit</strong></span> 
     </span>
    </p>
   </div>
   <div class='ocr_carea' id='block_1_42' title="bbox 283 1335 1070 1370">
    <p class='ocr_par' dir='ltr' id='par_1_42' title="bbox 283 1335 1070 1370">
     <span class='ocr_line' id='line_1_42' title="bbox 283 1335 1070 1370; baseline -0.003 -7"><span class='ocrx_word' id='word_1_285' title='bbox 283 1337 394 1364; x_wconf 76' lang='lat' dir='ltr'><strong>unicum</strong></span> <span class='ocrx_word' id='word_1_286' title='bbox 407 1336 492 1363; x_wconf 84' lang='lat' dir='ltr'><strong>illium</strong></span> <span class='ocrx_word' id='word_1_287' title='bbox 510 1336 542 1362; x_wconf 86' lang='lat' dir='ltr'><strong>atl</strong></span> <span class='ocrx_word' id='word_1_288' title='bbox 556 1337 665 1370; x_wconf 69' lang='lat' dir='ltr'><strong>generis</strong></span> <span class='ocrx_word' id='word_1_289' title='bbox 681 1336 794 1362; x_wconf 83' lang='lat' dir='ltr'><strong>humani</strong></span> <span class='ocrx_word' id='word_1_290' title='bbox 819 1335 1011 1362; x_wconf 76' lang='lat' dir='ltr'><strong>liberationem</strong></span> <span class='ocrx_word' id='word_1_291' title='bbox 1043 1339 1070 1361; x_wconf 85' lang='lat' dir='ltr'><strong>et</strong></span> 
     </span>
    </p>
   </div>
   <div class='ocr_carea' id='block_1_43' title="bbox 283 1379 1070 1414">
    <p class='ocr_par' dir='ltr' id='par_1_43' title="bbox 283 1379 1070 1414">
     <span class='ocr_line' id='line_1_43' title="bbox 283 1379 1070 1414; baseline -0.004 -6"><span class='ocrx_word' id='word_1_292' title='bbox 283 1381 417 1408; x_wconf 78' lang='lat' dir='ltr'><strong>auxilium</strong></span> <span class='ocrx_word' id='word_1_293' title='bbox 435 1381 517 1408; x_wconf 91' lang='lat' dir='ltr'><strong>misit.</strong></span> <span class='ocrx_word' id='word_1_294' title='bbox 535 1381 587 1414; x_wconf 87' lang='lat' dir='ltr'><strong>Qui</strong></span> <span class='ocrx_word' id='word_1_295' title='bbox 602 1389 665 1408; x_wconf 92' lang='lat' dir='ltr'><strong>cum</strong></span> <span class='ocrx_word' id='word_1_296' title='bbox 679 1380 844 1411; x_wconf 81' lang='lat' dir='ltr'><strong>advenisset,</strong></span> <span class='ocrx_word' id='word_1_297' title='bbox 867 1385 894 1406; x_wconf 90' lang='lat' dir='ltr'><strong>et</strong></span> <span class='ocrx_word' id='word_1_298' title='bbox 910 1387 971 1406; x_wconf 89' lang='lat' dir='ltr'><strong>cum</strong></span> <span class='ocrx_word' id='word_1_299' title='bbox 989 1379 1070 1406; x_wconf 87' lang='lat' dir='ltr'><strong>sedu-</strong></span> 
     </span>
    </p>
   </div>
   <div class='ocr_carea' id='block_1_44' title="bbox 284 1425 1071 1460">
    <p class='ocr_par' dir='ltr' id='par_1_44' title="bbox 284 1425 1071 1460">
     <span class='ocr_line' id='line_1_44' title="bbox 284 1425 1071 1460; baseline -0.003 -7"><span class='ocrx_word' id='word_1_300' title='bbox 284 1431 360 1454; x_wconf 89' lang='lat' dir='ltr'><strong>ctore</strong></span> <span class='ocrx_word' id='word_1_301' title='bbox 381 1434 478 1453; x_wconf 87' lang='lat' dir='ltr'><strong>manus</strong></span> <span class='ocrx_word' id='word_1_302' title='bbox 494 1426 692 1458; x_wconf 85' lang='lat' dir='ltr'><strong>conseruisset,</strong></span> <span class='ocrx_word' id='word_1_303' title='bbox 720 1434 839 1460; x_wconf 83' lang='lat' dir='ltr'><strong>eumque</strong></span> <span class='ocrx_word' id='word_1_304' title='bbox 865 1425 1020 1460; x_wconf 83' lang='lat' dir='ltr'><strong>tlejccisset,</strong></span> <span class='ocrx_word' id='word_1_305' title='bbox 1044 1430 1071 1452; x_wconf 89' lang='lat' dir='ltr'><strong>ct</strong></span> 
     </span>
    </p>
   </div>
   <div class='ocr_carea' id='block_1_45' title="bbox 282 1471 1069 1503">
    <p class='ocr_par' dir='ltr' id='par_1_45' title="bbox 282 1471 1069 1503">
     <span class='ocr_line' id='line_1_45' title="bbox 282 1471 1069 1503; baseline -0.005 -3"><span class='ocrx_word' id='word_1_306' title='bbox 282 1471 504 1503; x_wconf 73' lang='lat' dir='ltr'><strong>Constrinxisset,</strong></span> <span class='ocrx_word' id='word_1_307' title='bbox 517 1477 544 1499; x_wconf 90' lang='lat' dir='ltr'><strong>et</strong></span> <span class='ocrx_word' id='word_1_308' title='bbox 561 1472 587 1498; x_wconf 82' lang='lat' dir='ltr'><strong>vi</strong></span> <span class='ocrx_word' id='word_1_309' title='bbox 605 1472 694 1498; x_wconf 83' lang='lat' dir='ltr'><strong>valida</strong></span> <span class='ocrx_word' id='word_1_310' title='bbox 717 1477 887 1502; x_wconf 81' lang='lat' dir='ltr'><strong>enervasset,</strong></span> <span class='ocrx_word' id='word_1_311' title='bbox 910 1471 1069 1497; x_wconf 85' lang='lat' dir='ltr'><strong>victoriam-</strong></span> 
     </span>
    </p>
   </div>
   <div class='ocr_carea' id='block_1_46' title="bbox 283 1517 1071 1553">
    <p class='ocr_par' dir='ltr' id='par_1_46' title="bbox 283 1517 1071 1553">
     <span class='ocr_line' id='line_1_46' title="bbox 283 1517 1071 1553; baseline -0.004 -8"><span class='ocrx_word' id='word_1_312' title='bbox 283 1525 337 1553; x_wconf 87' lang='lat' dir='ltr'><strong>que</strong></span> <span class='ocrx_word' id='word_1_313' title='bbox 349 1517 481 1545; x_wconf 89' lang='lat' dir='ltr'><strong>adversus</strong></span> <span class='ocrx_word' id='word_1_314' title='bbox 494 1520 596 1550; x_wconf 77' lang='lat' dir='ltr'><strong>hostes,</strong></span> <span class='ocrx_word' id='word_1_315' title='bbox 612 1521 641 1544; x_wconf 92' lang='lat' dir='ltr'><strong>ut</strong></span> <span class='ocrx_word' id='word_1_316' title='bbox 654 1521 751 1552; x_wconf 85' lang='lat' dir='ltr'><strong>potens</strong></span> <span class='ocrx_word' id='word_1_317' title='bbox 766 1517 792 1544; x_wconf 88' lang='lat' dir='ltr'><strong>in</strong></span> <span class='ocrx_word' id='word_1_318' title='bbox 811 1517 921 1551; x_wconf 68' lang='lat' dir='ltr'><strong>pra‘lio,</strong></span> <span class='ocrx_word' id='word_1_319' title='bbox 939 1517 1071 1543; x_wconf 70' lang='lat' dir='ltr'><strong>0btinttis«</strong></span> 
     </span>
    </p>
   </div>
   <div class='ocr_carea' id='block_1_47' title="bbox 283 1562 1069 1598">
    <p class='ocr_par' dir='ltr' id='par_1_47' title="bbox 283 1562 1069 1598">
     <span class='ocr_line' id='line_1_47' title="bbox 283 1562 1069 1598; baseline -0.006 -6"><span class='ocrx_word' id='word_1_320' title='bbox 283 1568 335 1597; x_wconf 75' lang='lat' dir='ltr'><strong>set,</strong></span> <span class='ocrx_word' id='word_1_321' title='bbox 352 1564 448 1591; x_wconf 86' lang='lat' dir='ltr'><strong>urbem</strong></span> <span class='ocrx_word' id='word_1_322' title='bbox 463 1563 641 1598; x_wconf 86' lang='lat' dir='ltr'><strong>pervastavit.</strong></span> <span class='ocrx_word' id='word_1_323' title='bbox 665 1567 756 1590; x_wconf 86' lang='lat' dir='ltr'><strong>turres</strong></span> <span class='ocrx_word' id='word_1_324' title='bbox 779 1562 875 1593; x_wconf 89' lang='lat' dir='ltr'><strong>diruit,</strong></span> <span class='ocrx_word' id='word_1_325' title='bbox 895 1562 976 1589; x_wconf 89' lang='lat' dir='ltr'><strong>simul</strong></span> <span class='ocrx_word' id='word_1_326' title='bbox 989 1562 1069 1596; x_wconf 87' lang='lat' dir='ltr'><strong>quid-</strong></span> 
     </span>
    </p>
   </div>
   <div class='ocr_carea' id='block_1_48' title="bbox 284 1607 1069 1645">
    <p class='ocr_par' dir='ltr' id='par_1_48' title="bbox 284 1607 1069 1645">
     <span class='ocr_line' id='line_1_48' title="bbox 284 1607 1069 1645; baseline -0.003 -9"><span class='ocrx_word' id='word_1_327' title='bbox 284 1608 350 1645; x_wconf 83' lang='lat' dir='ltr'><strong>quid</strong></span> <span class='ocrx_word' id='word_1_328' title='bbox 365 1608 541 1636; x_wconf 89' lang='lat' dir='ltr'><strong>inimicorum</strong></span> <span class='ocrx_word' id='word_1_329' title='bbox 559 1608 622 1640; x_wconf 91' lang='lat' dir='ltr'><strong>fuit,</strong></span> <span class='ocrx_word' id='word_1_330' title='bbox 649 1608 782 1642; x_wconf 75' lang='lat' dir='ltr'><strong>perdidit,</strong></span> <span class='ocrx_word' id='word_1_331' title='bbox 807 1607 921 1639; x_wconf 86' lang='lat' dir='ltr'><strong>occidit,</strong></span> <span class='ocrx_word' id='word_1_332' title='bbox 948 1607 1020 1634; x_wconf 86' lang='lat' dir='ltr'><strong>elisit</strong></span> <span class='ocrx_word' id='word_1_333' title='bbox 1043 1613 1069 1634; x_wconf 87' lang='lat' dir='ltr'><strong>et</strong></span> 
     </span>
    </p>
   </div>
   <div class='ocr_carea' id='block_1_49' title="bbox 284 1653 1071 1689">
    <p class='ocr_par' dir='ltr' id='par_1_49' title="bbox 284 1653 1071 1689">
     <span class='ocr_line' id='line_1_49' title="bbox 284 1653 1071 1689; baseline -0.005 -5"><span class='ocrx_word' id='word_1_334' title='bbox 284 1655 377 1684; x_wconf 81' lang='lat' dir='ltr'><strong>omnia</strong></span> <span class='ocrx_word' id='word_1_335' title='bbox 391 1662 456 1682; x_wconf 86' lang='lat' dir='ltr'><strong>vasa</strong></span> <span class='ocrx_word' id='word_1_336' title='bbox 472 1655 563 1689; x_wconf 89' lang='lat' dir='ltr'><strong>rapuit</strong></span> <span class='ocrx_word' id='word_1_337' title='bbox 577 1662 610 1681; x_wconf 88' lang='lat' dir='ltr'><strong>ac</strong></span> <span class='ocrx_word' id='word_1_338' title='bbox 622 1654 746 1688; x_wconf 85' lang='lat' dir='ltr'><strong>diripuit.</strong></span> <span class='ocrx_word' id='word_1_339' title='bbox 762 1654 795 1681; x_wconf 81' lang='lat' dir='ltr'><strong>Et</strong></span> <span class='ocrx_word' id='word_1_340' title='bbox 807 1653 899 1680; x_wconf 88' lang='lat' dir='ltr'><strong>intima</strong></span> <span class='ocrx_word' id='word_1_341' title='bbox 921 1653 972 1680; x_wconf 85' lang='lat' dir='ltr'><strong>loci</strong></span> <span class='ocrx_word' id='word_1_342' title='bbox 998 1653 1071 1680; x_wconf 87' lang='lat' dir='ltr'><strong>illius</strong></span> 
     </span>
    </p>
   </div>
   <div class='ocr_carea' id='block_1_50' title="bbox 283 1700 1070 1736">
    <p class='ocr_par' dir='ltr' id='par_1_50' title="bbox 283 1700 1070 1736">
     <span class='ocr_line' id='line_1_50' title="bbox 283 1700 1070 1736; baseline -0.004 -8"><span class='ocrx_word' id='word_1_343' title='bbox 283 1704 443 1736; x_wconf 83' lang='lat' dir='ltr'><strong>penetrans,</strong></span> <span class='ocrx_word' id='word_1_344' title='bbox 458 1700 549 1727; x_wconf 91' lang='lat' dir='ltr'><strong>otnnia</strong></span> <span class='ocrx_word' id='word_1_345' title='bbox 565 1700 697 1731; x_wconf 88' lang='lat' dir='ltr'><strong>claustra.</strong></span> <span class='ocrx_word' id='word_1_346' title='bbox 715 1704 827 1727; x_wconf 83' lang='lat' dir='ltr'><strong>catenas</strong></span> <span class='ocrx_word' id='word_1_347' title='bbox 846 1704 873 1726; x_wconf 88' lang='lat' dir='ltr'><strong>et</strong></span> <span class='ocrx_word' id='word_1_348' title='bbox 894 1704 988 1734; x_wconf 91' lang='lat' dir='ltr'><strong>portas</strong></span> <span class='ocrx_word' id='word_1_349' title='bbox 1003 1707 1070 1726; x_wconf 82' lang='lat' dir='ltr'><strong>cott-</strong></span> 
     </span>
    </p>
   </div>
   <div class='ocr_carea' id='block_1_51' title="bbox 284 1745 1073 1781">
    <p class='ocr_par' dir='ltr' id='par_1_51' title="bbox 284 1745 1073 1781">
     <span class='ocr_line' id='line_1_51' title="bbox 284 1745 1073 1781; baseline -0.003 -8"><span class='ocrx_word' id='word_1_350' title='bbox 284 1747 419 1781; x_wconf 79' lang='lat' dir='ltr'><strong>fringens.</strong></span> <span class='ocrx_word' id='word_1_351' title='bbox 443 1753 539 1773; x_wconf 89' lang='lat' dir='ltr'><strong>otnncs</strong></span> <span class='ocrx_word' id='word_1_352' title='bbox 553 1746 664 1781; x_wconf 89' lang='lat' dir='ltr'><strong>penitus</strong></span> <span class='ocrx_word' id='word_1_353' title='bbox 686 1745 713 1772; x_wconf 91' lang='lat' dir='ltr'><strong>iu</strong></span> <span class='ocrx_word' id='word_1_354' title='bbox 742 1745 878 1773; x_wconf 86' lang='lat' dir='ltr'><strong>custodiis</strong></span> <span class='ocrx_word' id='word_1_355' title='bbox 898 1745 950 1772; x_wconf 84' lang='lat' dir='ltr'><strong>illis</strong></span> <span class='ocrx_word' id='word_1_356' title='bbox 967 1745 1073 1771; x_wconf 70' lang='lat' dir='ltr'><strong>vinctos</strong></span> 
     </span>
    </p>
   </div>
   <div class='ocr_carea' id='block_1_52' title="bbox 285 1790 1071 1826">
    <p class='ocr_par' dir='ltr' id='par_1_52' title="bbox 285 1790 1071 1826">
     <span class='ocr_line' id='line_1_52' title="bbox 285 1790 1071 1826; baseline -0.004 -7"><span class='ocrx_word' id='word_1_357' title='bbox 285 1793 422 1825; x_wconf 86' lang='lat' dir='ltr'><strong>liberavit,</strong></span> <span class='ocrx_word' id='word_1_358' title='bbox 436 1792 462 1818; x_wconf 91' lang='lat' dir='ltr'><strong>in</strong></span> <span class='ocrx_word' id='word_1_359' title='bbox 486 1793 576 1819; x_wconf 87' lang='lat' dir='ltr'><strong>lucem</strong></span> <span class='ocrx_word' id='word_1_360' title='bbox 594 1791 700 1822; x_wconf 83' lang='lat' dir='ltr'><strong>eduxit,</strong></span> <span class='ocrx_word' id='word_1_361' title='bbox 713 1791 863 1826; x_wconf 84' lang='lat' dir='ltr'><strong>multisque</strong></span> <span class='ocrx_word' id='word_1_362' title='bbox 879 1790 1012 1817; x_wconf 82' lang='lat' dir='ltr'><strong>videndos</strong></span> <span class='ocrx_word' id='word_1_363' title='bbox 1024 1798 1071 1817; x_wconf 78' lang='lat' dir='ltr'><strong>ex-</strong></span> 
     </span>
    </p>
   </div>
   <div class='ocr_carea' id='block_1_53' title="bbox 284 1837 1074 1873">
    <p class='ocr_par' dir='ltr' id='par_1_53' title="bbox 284 1837 1074 1873">
     <span class='ocr_line' id='line_1_53' title="bbox 284 1837 1074 1873; baseline -0.005 -6"><span class='ocrx_word' id='word_1_364' title='bbox 284 1838 386 1867; x_wconf 75' lang='lat' dir='ltr'><strong>hibuit.</strong></span> <span class='ocrx_word' id='word_1_365' title='bbox 403 1838 455 1866; x_wconf 87' lang='lat' dir='ltr'><strong>Sed</strong></span> <span class='ocrx_word' id='word_1_366' title='bbox 471 1837 660 1865; x_wconf 86' lang='lat' dir='ltr'><strong>animadverte</strong></span> <span class='ocrx_word' id='word_1_367' title='bbox 676 1838 749 1873; x_wconf 91' lang='lat' dir='ltr'><strong>quod</strong></span> <span class='ocrx_word' id='word_1_368' title='bbox 776 1842 954 1865; x_wconf 88' lang='lat' dir='ltr'><strong>consecutum</strong></span> <span class='ocrx_word' id='word_1_369' title='bbox 974 1841 1016 1864; x_wconf 89' lang='lat' dir='ltr'><strong>est</strong></span> <span class='ocrx_word' id='word_1_370' title='bbox 1031 1845 1074 1863; x_wconf 92' lang='lat' dir='ltr'><strong>ar-</strong></span> 
     </span>
    </p>
   </div>
   <div class='ocr_carea' id='block_1_54' title="bbox 284 1884 1073 1919">
    <p class='ocr_par' dir='ltr' id='par_1_54' title="bbox 284 1884 1073 1919">
     <span class='ocr_line' id='line_1_54' title="bbox 284 1884 1073 1919; baseline -0.003 -7"><span class='ocrx_word' id='word_1_371' title='bbox 284 1885 396 1912; x_wconf 87' lang='lat' dir='ltr'><strong>bitrium</strong></span> <span class='ocrx_word' id='word_1_372' title='bbox 410 1889 438 1911; x_wconf 90' lang='lat' dir='ltr'><strong>et</strong></span> <span class='ocrx_word' id='word_1_373' title='bbox 463 1884 609 1919; x_wconf 85' lang='lat' dir='ltr'><strong>judicium.</strong></span> <span class='ocrx_word' id='word_1_374' title='bbox 628 1884 738 1911; x_wconf 84' lang='lat' dir='ltr'><strong>Amicos</strong></span> <span class='ocrx_word' id='word_1_375' title='bbox 764 1884 876 1918; x_wconf 88' lang='lat' dir='ltr'><strong>quidem</strong></span> <span class='ocrx_word' id='word_1_376' title='bbox 894 1890 1023 1919; x_wconf 86' lang='lat' dir='ltr'><strong>paternos</strong></span> <span class='ocrx_word' id='word_1_377' title='bbox 1039 1884 1073 1911; x_wconf 88' lang='lat' dir='ltr'><strong>ab</strong></span> 
     </span>
    </p>
   </div>
   <div class='ocr_carea' id='block_1_55' title="bbox 284 1930 1073 1966">
    <p class='ocr_par' dir='ltr' id='par_1_55' title="bbox 284 1930 1073 1966">
     <span class='ocr_line' id='line_1_55' title="bbox 284 1930 1073 1966; baseline -0.003 -7"><span class='ocrx_word' id='word_1_378' title='bbox 284 1931 346 1959; x_wconf 89' lang='lat' dir='ltr'><strong>aliis</strong></span> <span class='ocrx_word' id='word_1_379' title='bbox 358 1935 488 1962; x_wconf 82' lang='lat' dir='ltr'><strong>secretos,</strong></span> <span class='ocrx_word' id='word_1_380' title='bbox 505 1932 679 1965; x_wconf 86' lang='lat' dir='ltr'><strong>maximaque</strong></span> <span class='ocrx_word' id='word_1_381' title='bbox 703 1930 790 1965; x_wconf 81' lang='lat' dir='ltr'><strong>gloria</strong></span> <span class='ocrx_word' id='word_1_382' title='bbox 804 1936 831 1957; x_wconf 87' lang='lat' dir='ltr'><strong>et</strong></span> <span class='ocrx_word' id='word_1_383' title='bbox 848 1931 953 1958; x_wconf 86' lang='lat' dir='ltr'><strong>honore</strong></span> <span class='ocrx_word' id='word_1_384' title='bbox 976 1931 1073 1966; x_wconf 79' lang='lat' dir='ltr'><strong>digna-</strong></span> 
     </span>
    </p>
   </div>
   <div class='ocr_carea' id='block_1_56' title="bbox 286 1977 1072 2012">
    <p class='ocr_par' dir='ltr' id='par_1_56' title="bbox 286 1977 1072 2012">
     <span class='ocr_line' id='line_1_56' title="bbox 286 1977 1072 2012; baseline 0.001 -9"><span class='ocrx_word' id='word_1_385' title='bbox 286 1983 338 2008; x_wconf 85' lang='lat' dir='ltr'><strong>tus,</strong></span> <span class='ocrx_word' id='word_1_386' title='bbox 358 1978 413 2011; x_wconf 79' lang='lat' dir='ltr'><strong>regi</strong></span> <span class='ocrx_word' id='word_1_387' title='bbox 429 1981 456 2004; x_wconf 86' lang='lat' dir='ltr'><strong>et</strong></span> <span class='ocrx_word' id='word_1_388' title='bbox 474 1977 545 2011; x_wconf 87' lang='lat' dir='ltr'><strong>patri</strong></span> <span class='ocrx_word' id='word_1_389' title='bbox 561 1978 707 2004; x_wconf 85' lang='lat' dir='ltr'><strong>universos</strong></span> <span class='ocrx_word' id='word_1_390' title='bbox 723 1977 846 2008; x_wconf 85' lang='lat' dir='ltr'><strong>adducit.</strong></span> <span class='ocrx_word' id='word_1_391' title='bbox 870 1982 899 2004; x_wconf 88' lang='lat' dir='ltr'><strong>ut</strong></span> <span class='ocrx_word' id='word_1_392' title='bbox 914 1978 969 2004; x_wconf 88' lang='lat' dir='ltr'><strong>sint</strong></span> <span class='ocrx_word' id='word_1_393' title='bbox 986 1977 1072 2012; x_wconf 92' lang='lat' dir='ltr'><strong>impe-</strong></span> 
     </span>
    </p>
   </div>
   <div class='ocr_carea' id='block_1_57' title="bbox 285 2023 1074 2058">
    <p class='ocr_par' dir='ltr' id='par_1_57' title="bbox 285 2023 1074 2058">
     <span class='ocr_line' id='line_1_57' title="bbox 285 2023 1074 2058; baseline 0 -8"><span class='ocrx_word' id='word_1_394' title='bbox 285 2023 319 2050; x_wconf 89' lang='lat' dir='ltr'><strong>rii</strong></span> <span class='ocrx_word' id='word_1_395' title='bbox 333 2030 396 2050; x_wconf 89' lang='lat' dir='ltr'><strong>cum</strong></span> <span class='ocrx_word' id='word_1_396' title='bbox 414 2023 530 2050; x_wconf 87' lang='lat' dir='ltr'><strong>Domino</strong></span> <span class='ocrx_word' id='word_1_397' title='bbox 539 2023 689 2058; x_wconf 88' lang='lat' dir='ltr'><strong>participes</strong></span> <span class='ocrx_word' id='word_1_398' title='bbox 703 2032 709 2049; x_wconf 88' lang='lat'><strong>:</strong></span> <span class='ocrx_word' id='word_1_399' title='bbox 724 2030 779 2049; x_wconf 90' lang='lat' dir='ltr'><strong>non</strong></span> <span class='ocrx_word' id='word_1_400' title='bbox 791 2023 894 2050; x_wconf 87' lang='lat' dir='ltr'><strong>amicos</strong></span> <span class='ocrx_word' id='word_1_401' title='bbox 908 2028 1010 2055; x_wconf 81' lang='lat' dir='ltr'><strong>autem,</strong></span> <span class='ocrx_word' id='word_1_402' title='bbox 1026 2023 1074 2050; x_wconf 91' lang='lat' dir='ltr'><strong>sed</strong></span> 
     </span>
    </p>
   </div>
   <div class='ocr_carea' id='block_1_58' title="bbox 286 2067 1075 2103">
    <p class='ocr_par' dir='ltr' id='par_1_58' title="bbox 286 2067 1075 2103">
     <span class='ocr_line' id='line_1_58' title="bbox 286 2067 1075 2103; baseline 0.003 -9"><span class='ocrx_word' id='word_1_403' title='bbox 286 2068 380 2094; x_wconf 85' lang='lat' dir='ltr'><strong>hostes</strong></span> <span class='ocrx_word' id='word_1_404' title='bbox 393 2068 463 2094; x_wconf 90' lang='lat' dir='ltr'><strong>infra</strong></span> <span class='ocrx_word' id='word_1_405' title='bbox 479 2068 603 2102; x_wconf 86' lang='lat' dir='ltr'><strong>reliquit,</strong></span> <span class='ocrx_word' id='word_1_406' title='bbox 622 2068 712 2102; x_wconf 87' lang='lat' dir='ltr'><strong>quoad</strong></span> <span class='ocrx_word' id='word_1_407' title='bbox 728 2067 787 2094; x_wconf 85' lang='lat' dir='ltr'><strong>dies</strong></span> <span class='ocrx_word' id='word_1_408' title='bbox 797 2069 924 2100; x_wconf 84' lang='lat' dir='ltr'><strong>extremi.</strong></span> <span class='ocrx_word' id='word_1_409' title='bbox 946 2073 974 2095; x_wconf 89' lang='lat' dir='ltr'><strong>et</strong></span> <span class='ocrx_word' id='word_1_410' title='bbox 990 2077 1075 2103; x_wconf 77' lang='lat' dir='ltr'><strong>gene-</strong></span> 
     </span>
    </p>
   </div>
   <div class='ocr_carea' id='block_1_59' title="bbox 287 2113 1073 2148">
    <p class='ocr_par' dir='ltr' id='par_1_59' title="bbox 287 2113 1073 2148">
     <span class='ocr_line' id='line_1_59' title="bbox 287 2113 1073 2148; baseline 0.003 -9"><span class='ocrx_word' id='word_1_411' title='bbox 287 2113 352 2140; x_wconf 88' lang='lat' dir='ltr'><strong>ralis</strong></span> <span class='ocrx_word' id='word_1_412' title='bbox 365 2113 461 2148; x_wconf 87' lang='lat' dir='ltr'><strong>jttdicii</strong></span> <span class='ocrx_word' id='word_1_413' title='bbox 480 2113 631 2144; x_wconf 86' lang='lat' dir='ltr'><strong>illucescat,</strong></span> <span class='ocrx_word' id='word_1_414' title='bbox 647 2113 720 2139; x_wconf 88' lang='lat' dir='ltr'><strong>etde</strong></span> <span class='ocrx_word' id='word_1_415' title='bbox 731 2113 943 2148; x_wconf 84' lang='lat' dir='ltr'><strong>omnibusjusta</strong></span> <span class='ocrx_word' id='word_1_416' title='bbox 961 2118 1073 2142; x_wconf 86' lang='lat' dir='ltr'><strong>senten-</strong></span> 
     </span>
    </p>
   </div>
   <div class='ocr_carea' id='block_1_60' title="bbox 288 2158 1077 2194">
    <p class='ocr_par' dir='ltr' id='par_1_60' title="bbox 288 2158 1077 2194">
     <span class='ocr_line' id='line_1_60' title="bbox 288 2158 1077 2194; baseline 0.003 -10"><span class='ocrx_word' id='word_1_417' title='bbox 288 2159 324 2185; x_wconf 88' lang='lat' dir='ltr'><strong>tia</strong></span> <span class='ocrx_word' id='word_1_418' title='bbox 343 2158 549 2192; x_wconf 84' lang='lat' dir='ltr'><strong>pronuntietur.</strong></span> <span class='ocrx_word' id='word_1_419' title='bbox 566 2159 676 2192; x_wconf 79' lang='lat' dir='ltr'><strong>Alioqui</strong></span> <span class='ocrx_word' id='word_1_420' title='bbox 690 2162 718 2185; x_wconf 86' lang='lat' dir='ltr'><strong>el</strong></span> <span class='ocrx_word' id='word_1_421' title='bbox 737 2163 776 2189; x_wconf 89' lang='lat' dir='ltr'><strong>tu,</strong></span> <span class='ocrx_word' id='word_1_422' title='bbox 793 2159 917 2190; x_wconf 87' lang='lat' dir='ltr'><strong>domina,</strong></span> <span class='ocrx_word' id='word_1_423' title='bbox 935 2160 1015 2194; x_wconf 88' lang='lat' dir='ltr'><strong>plane</strong></span> <span class='ocrx_word' id='word_1_424' title='bbox 1037 2160 1077 2186; x_wconf 91' lang='lat' dir='ltr'><strong>in-</strong></span> 
     </span>
    </p>
   </div>
   <div class='ocr_carea' id='block_1_61' title="bbox 286 2202 1075 2239">
    <p class='ocr_par' dir='ltr' id='par_1_61' title="bbox 286 2202 1075 2239">
     <span class='ocr_line' id='line_1_61' title="bbox 286 2202 1075 2239; baseline 0.004 -10"><span class='ocrx_word' id='word_1_425' title='bbox 286 2205 389 2238; x_wconf 88' lang='lat' dir='ltr'><strong>justttm</strong></span> <span class='ocrx_word' id='word_1_426' title='bbox 403 2202 522 2238; x_wconf 84' lang='lat' dir='ltr'><strong>judicas,</strong></span> <span class='ocrx_word' id='word_1_427' title='bbox 540 2203 562 2230; x_wconf 91' lang='lat' dir='ltr'><strong>si</strong></span> <span class='ocrx_word' id='word_1_428' title='bbox 577 2203 679 2238; x_wconf 89' lang='lat' dir='ltr'><strong>impios</strong></span> <span class='ocrx_word' id='word_1_429' title='bbox 691 2208 718 2230; x_wconf 87' lang='lat' dir='ltr'><strong>et</strong></span> <span class='ocrx_word' id='word_1_430' title='bbox 730 2203 857 2231; x_wconf 88' lang='lat' dir='ltr'><strong>inimicos</strong></span> <span class='ocrx_word' id='word_1_431' title='bbox 871 2204 931 2231; x_wconf 91' lang='lat' dir='ltr'><strong>illos</strong></span> <span class='ocrx_word' id='word_1_432' title='bbox 946 2206 1075 2239; x_wconf 80' lang='lat' dir='ltr'><strong>potentis.</strong></span> 
     </span>
    </p>
   </div>
   <div class='ocr_carea' id='block_1_62' title="bbox 289 2249 1076 2285">
    <p class='ocr_par' dir='ltr' id='par_1_62' title="bbox 289 2249 1076 2285">
     <span class='ocr_line' id='line_1_62' title="bbox 289 2249 1076 2285; baseline 0.004 -10"><span class='ocrx_word' id='word_1_433' title='bbox 289 2249 346 2284; x_wconf 82' lang='lat' dir='ltr'><strong>pari</strong></span> <span class='ocrx_word' id='word_1_434' title='bbox 364 2249 415 2275; x_wconf 80' lang='lat' dir='ltr'><strong>frtri</strong></span> <span class='ocrx_word' id='word_1_435' title='bbox 445 2249 586 2284; x_wconf 87' lang='lat' dir='ltr'><strong>voluptate</strong></span> <span class='ocrx_word' id='word_1_436' title='bbox 611 2257 674 2276; x_wconf 90' lang='lat' dir='ltr'><strong>cum</strong></span> <span class='ocrx_word' id='word_1_437' title='bbox 703 2249 800 2277; x_wconf 84' lang='lat' dir='ltr'><strong>amicis</strong></span> <span class='ocrx_word' id='word_1_438' title='bbox 815 2250 885 2285; x_wconf 84' lang='lat' dir='ltr'><strong>ejus,</strong></span> <span class='ocrx_word' id='word_1_439' title='bbox 916 2255 962 2277; x_wconf 81' lang='lat' dir='ltr'><strong>aut</strong></span> <span class='ocrx_word' id='word_1_440' title='bbox 982 2252 1076 2278; x_wconf 84' lang='lat' dir='ltr'><strong>eadem</strong></span> 
     </span>
    </p>
   </div>
   <div class='ocr_carea' id='block_1_63' title="bbox 286 2295 1074 2330">
    <p class='ocr_par' dir='ltr' id='par_1_63' title="bbox 286 2295 1074 2330">
     <span class='ocr_line' id='line_1_63' title="bbox 286 2295 1074 2330; baseline 0.004 -9"><span class='ocrx_word' id='word_1_441' title='bbox 286 2302 349 2322; x_wconf 90' lang='lat' dir='ltr'><strong>cttm</strong></span> <span class='ocrx_word' id='word_1_442' title='bbox 367 2295 433 2329; x_wconf 88' lang='lat' dir='ltr'><strong>ipsis</strong></span> <span class='ocrx_word' id='word_1_443' title='bbox 447 2295 559 2330; x_wconf 59' lang='lat' dir='ltr'><strong>praemia</strong></span> <span class='ocrx_word' id='word_1_444' title='bbox 572 2296 709 2330; x_wconf 86' lang='lat' dir='ltr'><strong>consequi</strong></span> <span class='ocrx_word' id='word_1_445' title='bbox 725 2295 826 2324; x_wconf 89' lang='lat' dir='ltr'><strong>debere</strong></span> <span class='ocrx_word' id='word_1_446' title='bbox 849 2297 1000 2324; x_wconf 77' lang='lat' dir='ltr'><strong>existimas.</strong></span> <span class='ocrx_word' id='word_1_447' title='bbox 1016 2297 1074 2324; x_wconf 74' lang='lat' dir='ltr'><strong>Non</strong></span> 
     </span>
    </p>
   </div>
   <div class='ocr_carea' id='block_1_64' title="bbox 288 2340 1076 2370">
    <p class='ocr_par' dir='ltr' id='par_1_64' title="bbox 288 2340 1076 2370">
     <span class='ocr_line' id='line_1_64' title="bbox 288 2340 1076 2370; baseline 0.005 -4"><span class='ocrx_word' id='word_1_448' title='bbox 288 2344 401 2366; x_wconf 87' lang='lat' dir='ltr'><strong>autumo</strong></span> <span class='ocrx_word' id='word_1_449' title='bbox 417 2345 443 2368; x_wconf 86' lang='lat' dir='ltr'><strong>te</strong></span> <span class='ocrx_word' id='word_1_450' title='bbox 456 2340 527 2367; x_wconf 89' lang='lat' dir='ltr'><strong>istuc</strong></span> <span class='ocrx_word' id='word_1_451' title='bbox 547 2341 688 2368; x_wconf 86' lang='lat' dir='ltr'><strong>arbitrari.</strong></span> <span class='ocrx_word' id='word_1_452' title='bbox 707 2341 739 2368; x_wconf 87' lang='lat' dir='ltr'><strong>Et</strong></span> <span class='ocrx_word' id='word_1_453' title='bbox 756 2342 807 2369; x_wconf 91' lang='lat' dir='ltr'><strong>hoc</strong></span> <span class='ocrx_word' id='word_1_454' title='bbox 829 2342 881 2369; x_wconf 88' lang='lat' dir='ltr'><strong>illis</strong></span> <span class='ocrx_word' id='word_1_455' title='bbox 903 2342 937 2369; x_wconf 87' lang='lat' dir='ltr'><strong>ad</strong></span> <span class='ocrx_word' id='word_1_456' title='bbox 963 2343 1076 2370; x_wconf 90' lang='lat' dir='ltr'><strong>miseri-</strong></span> 
     </span>
    </p>
   </div>
   <div class='ocr_carea' id='block_1_65' title="bbox 287 2385 1076 2423">
    <p class='ocr_par' dir='ltr' id='par_1_65' title="bbox 287 2385 1076 2423">
     <span class='ocr_line' id='line_1_65' title="bbox 287 2385 1076 2423; baseline 0.005 -11"><span class='ocrx_word' id='word_1_457' title='bbox 287 2385 408 2413; x_wconf 88' lang='lat' dir='ltr'><strong>cordiam</strong></span> <span class='ocrx_word' id='word_1_458' title='bbox 422 2387 571 2414; x_wconf 81' lang='lat' dir='ltr'><strong>maximum</strong></span> <span class='ocrx_word' id='word_1_459' title='bbox 592 2395 702 2420; x_wconf 71' lang='lat' dir='ltr'><strong>censeo,</strong></span> <span class='ocrx_word' id='word_1_460' title='bbox 718 2387 791 2423; x_wconf 92' lang='lat' dir='ltr'><strong>quod</strong></span> <span class='ocrx_word' id='word_1_461' title='bbox 809 2388 933 2416; x_wconf 84' lang='lat' dir='ltr'><strong>eamdem</strong></span> <span class='ocrx_word' id='word_1_462' title='bbox 949 2390 1076 2416; x_wconf 83' lang='lat' dir='ltr'><strong>universe</strong></span> 
     </span>
    </p>
   </div>
   <div class='ocr_carea' id='block_1_66' title="bbox 287 2431 1075 2469">
    <p class='ocr_par' dir='ltr' id='par_1_66' title="bbox 287 2431 1075 2469">
     <span class='ocr_line' id='line_1_66' title="bbox 287 2431 1075 2469; baseline 0.005 -11"><span class='ocrx_word' id='word_1_463' title='bbox 287 2431 444 2459; x_wconf 89' lang='lat' dir='ltr'><strong>libertatem</strong></span> <span class='ocrx_word' id='word_1_464' title='bbox 458 2437 523 2459; x_wconf 87' lang='lat' dir='ltr'><strong>sunt</strong></span> <span class='ocrx_word' id='word_1_465' title='bbox 539 2433 642 2468; x_wconf 83' lang='lat' dir='ltr'><strong>adepti.</strong></span> <span class='ocrx_word' id='word_1_466' title='bbox 660 2437 797 2468; x_wconf 87' lang='lat' dir='ltr'><strong>prostrato</strong></span> <span class='ocrx_word' id='word_1_467' title='bbox 814 2434 860 2468; x_wconf 92' lang='lat' dir='ltr'><strong>qui</strong></span> <span class='ocrx_word' id='word_1_468' title='bbox 885 2442 962 2469; x_wconf 71' lang='lat' dir='ltr'><strong>teque</strong></span> <span class='ocrx_word' id='word_1_469' title='bbox 977 2435 1003 2461; x_wconf 91' lang='lat' dir='ltr'><strong>in</strong></span> <span class='ocrx_word' id='word_1_470' title='bbox 1017 2443 1075 2462; x_wconf 86' lang='lat' dir='ltr'><strong>Oltl-</strong></span> 
     </span>
    </p>
   </div>
   <div class='ocr_carea' id='block_1_67' title="bbox 289 2478 1076 2513">
    <p class='ocr_par' dir='ltr' id='par_1_67' title="bbox 289 2478 1076 2513">
     <span class='ocr_line' id='line_1_67' title="bbox 289 2478 1076 2513; baseline 0.001 -7"><span class='ocrx_word' id='word_1_471' title='bbox 289 2485 339 2506; x_wconf 86' lang='lat' dir='ltr'><strong>nes</strong></span> <span class='ocrx_word' id='word_1_472' title='bbox 355 2478 550 2506; x_wconf 84' lang='lat' dir='ltr'><strong>crudelitatem</strong></span> <span class='ocrx_word' id='word_1_473' title='bbox 578 2481 726 2506; x_wconf 68' lang='lat' dir='ltr'><strong>exercebat</strong></span> <span class='ocrx_word' id='word_1_474' title='bbox 760 2487 857 2513; x_wconf 83' lang='lat' dir='ltr'><strong>suam,</strong></span> <span class='ocrx_word' id='word_1_475' title='bbox 891 2481 1076 2508; x_wconf 84' lang='lat' dir='ltr'><strong>communiter</strong></span> 
     </span>
    </p>
   </div>
   <div class='ocr_carea' id='block_1_68' title="bbox 288 2524 1070 2560">
    <p class='ocr_par' dir='ltr' id='par_1_68' title="bbox 288 2524 1070 2560">
     <span class='ocr_line' id='line_1_68' title="bbox 288 2524 1070 2560; baseline 0.004 -9"><span class='ocrx_word' id='word_1_476' title='bbox 288 2524 414 2552; x_wconf 83' lang='lat' dir='ltr'><strong>custodia</strong></span> <span class='ocrx_word' id='word_1_477' title='bbox 431 2525 513 2552; x_wconf 83' lang='lat' dir='ltr'><strong>levati</strong></span> <span class='ocrx_word' id='word_1_478' title='bbox 531 2525 622 2560; x_wconf 88' lang='lat' dir='ltr'><strong>plane,</strong></span> <span class='ocrx_word' id='word_1_479' title='bbox 639 2525 757 2553; x_wconf 90' lang='lat' dir='ltr'><strong>vinculis</strong></span> <span class='ocrx_word' id='word_1_480' title='bbox 773 2525 868 2558; x_wconf 90' lang='lat' dir='ltr'><strong>soluti,</strong></span> <span class='ocrx_word' id='word_1_481' title='bbox 892 2530 920 2553; x_wconf 89' lang='lat' dir='ltr'><strong>et</strong></span> <span class='ocrx_word' id='word_1_482' title='bbox 939 2526 1070 2558; x_wconf 83' lang='lat' dir='ltr'><strong>absoluti,</strong></span> 
     </span>
    </p>
   </div>
   <div class='ocr_carea' id='block_1_69' title="bbox 287 2573 1072 2608">
    <p class='ocr_par' dir='ltr' id='par_1_69' title="bbox 287 2573 1072 2608">
     <span class='ocr_line' id='line_1_69' title="bbox 287 2573 1072 2608; baseline 0.003 -9"><span class='ocrx_word' id='word_1_483' title='bbox 287 2578 315 2600; x_wconf 89' lang='lat' dir='ltr'><strong>et</strong></span> <span class='ocrx_word' id='word_1_484' title='bbox 340 2580 355 2600; x_wconf 89' lang='lat' dir='ltr'><strong>a</strong></span> <span class='ocrx_word' id='word_1_485' title='bbox 385 2573 484 2600; x_wconf 89' lang='lat' dir='ltr'><strong>bellttis</strong></span> <span class='ocrx_word' id='word_1_486' title='bbox 512 2574 732 2608; x_wconf 85' lang='lat' dir='ltr'><strong>truculentisque</strong></span> <span class='ocrx_word' id='word_1_487' title='bbox 761 2573 938 2601; x_wconf 84' lang='lat' dir='ltr'><strong>carniﬁcibus</strong></span> <span class='ocrx_word' id='word_1_488' title='bbox 969 2575 1072 2607; x_wconf 86' lang='lat' dir='ltr'><strong>liberi;</strong></span> 
     </span>
    </p>
   </div>
   <div class='ocr_carea' id='block_1_70' title="bbox 289 2619 1077 2655">
    <p class='ocr_par' dir='ltr' id='par_1_70' title="bbox 289 2619 1077 2655">
     <span class='ocr_line' id='line_1_70' title="bbox 289 2619 1077 2655; baseline 0 -9"><span class='ocrx_word' id='word_1_489' title='bbox 289 2619 418 2654; x_wconf 87' lang='lat' dir='ltr'><strong>quodque</strong></span> <span class='ocrx_word' id='word_1_490' title='bbox 434 2620 553 2654; x_wconf 89' lang='lat' dir='ltr'><strong>amplius</strong></span> <span class='ocrx_word' id='word_1_491' title='bbox 576 2625 603 2647; x_wconf 88' lang='lat' dir='ltr'><strong>et</strong></span> <span class='ocrx_word' id='word_1_492' title='bbox 628 2620 772 2655; x_wconf 88' lang='lat' dir='ltr'><strong>pulchrius</strong></span> <span class='ocrx_word' id='word_1_493' title='bbox 795 2625 848 2652; x_wconf 88' lang='lat' dir='ltr'><strong>est.</strong></span> <span class='ocrx_word' id='word_1_494' title='bbox 867 2621 940 2655; x_wconf 87' lang='lat' dir='ltr'><strong>quod</strong></span> <span class='ocrx_word' id='word_1_495' title='bbox 957 2621 1077 2648; x_wconf 81' lang='lat' dir='ltr'><strong>transire</strong></span> 
     </span>
    </p>
   </div>
   <div class='ocr_carea' id='block_1_71' title="bbox 326 2689 840 2721">
    <p class='ocr_par' dir='ltr' id='par_1_71' title="bbox 326 2689 840 2721">
     <span class='ocr_line' id='line_1_71' title="bbox 326 2689 840 2721; baseline -0.004 -4"><span class='ocrx_word' id='word_1_496' title='bbox 326 2690 350 2706; x_wconf 86' lang='grc'><strong>¹⁶</strong></span> <span class='ocrx_word' id='word_1_497' title='bbox 378 2690 448 2718; x_wconf 87' lang='lat' dir='ltr'><strong>Gen.</strong></span> <span class='ocrx_word' id='word_1_498' title='bbox 474 2697 546 2721; x_wconf 75' lang='lat' dir='ltr'><strong>XLIX,</strong></span> <span class='ocrx_word' id='word_1_499' title='bbox 566 2690 594 2716; x_wconf 87' lang='lat'><strong>9.</strong></span> <span class='ocrx_word' id='word_1_500' title='bbox 630 2690 650 2705; x_wconf 88' lang='lat'>”</span> <span class='ocrx_word' id='word_1_501' title='bbox 667 2689 750 2716; x_wconf 80' lang='lat' dir='ltr'><strong>Amos</strong></span> <span class='ocrx_word' id='word_1_502' title='bbox 765 2697 791 2720; x_wconf 88' lang='lat' dir='ltr'><strong>v,</strong></span> <span class='ocrx_word' id='word_1_503' title='bbox 808 2689 840 2715; x_wconf 80' lang='lat' dir='ltr'><strong>i9</strong></span> 
     </span>
    </p>
   </div>
   <div class='ocr_carea' id='block_1_72' title="bbox 1119 967 1907 1004">
    <p class='ocr_par' dir='ltr' id='par_1_72' title="bbox 1119 967 1907 1004">
     <span class='ocr_line' id='line_1_72' title="bbox 1119 967 1907 1004; baseline -0.004 -8"><span class='ocrx_word' id='word_1_504' title='bbox 1119 968 1274 1001; x_wconf 76' lang='lat' dir='ltr'><strong>:edificavit,</strong></span> <span class='ocrx_word' id='word_1_505' title='bbox 1291 968 1427 996; x_wconf 87' lang='lat' dir='ltr'><strong>infernum</strong></span> <span class='ocrx_word' id='word_1_506' title='bbox 1438 976 1500 996; x_wconf 88' lang='lat' dir='ltr'><strong>esse</strong></span> <span class='ocrx_word' id='word_1_507' title='bbox 1524 968 1652 1004; x_wconf 86' lang='lat' dir='ltr'><strong>conjicio.</strong></span> <span class='ocrx_word' id='word_1_508' title='bbox 1671 967 1907 995; x_wconf 80' lang='lat' dir='ltr'><strong>Profundissimus</strong></span> 
     </span>
    </p>
   </div>
   <div class='ocr_carea' id='block_1_73' title="bbox 1119 1013 1908 1047">
    <p class='ocr_par' dir='ltr' id='par_1_73' title="bbox 1119 1013 1908 1047">
     <span class='ocr_line' id='line_1_73' title="bbox 1119 1013 1908 1047; baseline -0.004 -4"><span class='ocrx_word' id='word_1_509' title='bbox 1119 1016 1205 1047; x_wconf 80' lang='lat' dir='ltr'><strong>lacus,</strong></span> <span class='ocrx_word' id='word_1_510' title='bbox 1232 1019 1260 1043; x_wconf 91' lang='lat' dir='ltr'><strong>et</strong></span> <span class='ocrx_word' id='word_1_511' title='bbox 1289 1016 1410 1042; x_wconf 89' lang='lat' dir='ltr'><strong>carceris</strong></span> <span class='ocrx_word' id='word_1_512' title='bbox 1441 1015 1571 1047; x_wconf 62' lang='lat' dir='ltr'><strong>tenebrat.</strong></span> <span class='ocrx_word' id='word_1_513' title='bbox 1631 1013 1758 1042; x_wconf 79' lang='lat' dir='ltr'><strong>infernus</strong></span> <span class='ocrx_word' id='word_1_514' title='bbox 1785 1018 1860 1046; x_wconf 87' lang='lat' dir='ltr'><strong>sunt,</strong></span> <span class='ocrx_word' id='word_1_515' title='bbox 1882 1017 1908 1040; x_wconf 88' lang='lat' dir='ltr'><strong>et</strong></span> 
     </span>
    </p>
   </div>
   <div class='ocr_carea' id='block_1_74' title="bbox 1120 1060 1907 1096">
    <p class='ocr_par' dir='ltr' id='par_1_74' title="bbox 1120 1060 1907 1096">
     <span class='ocr_line' id='line_1_74' title="bbox 1120 1060 1907 1096; baseline -0.004 -7"><span class='ocrx_word' id='word_1_516' title='bbox 1120 1069 1205 1093; x_wconf 86' lang='lat' dir='ltr'><strong>mors,</strong></span> <span class='ocrx_word' id='word_1_517' title='bbox 1220 1061 1418 1095; x_wconf 87' lang='lat' dir='ltr'><strong>amborutnque</strong></span> <span class='ocrx_word' id='word_1_518' title='bbox 1432 1061 1591 1096; x_wconf 87' lang='lat' dir='ltr'><strong>imperium.</strong></span> <span class='ocrx_word' id='word_1_519' title='bbox 1621 1061 1670 1088; x_wconf 88' lang='lat' dir='ltr'><strong>Via</strong></span> <span class='ocrx_word' id='word_1_520' title='bbox 1690 1060 1765 1095; x_wconf 78' lang='lat' dir='ltr'><strong>regia</strong></span> <span class='ocrx_word' id='word_1_521' title='bbox 1786 1067 1836 1087; x_wconf 89' lang='lat' dir='ltr'><strong>seu</strong></span> <span class='ocrx_word' id='word_1_522' title='bbox 1860 1067 1907 1094; x_wconf 87' lang='lat' dir='ltr'><strong>pu-</strong></span> 
     </span>
    </p>
   </div>
   <div class='ocr_carea' id='block_1_75' title="bbox 1120 1107 1907 1142">
    <p class='ocr_par' dir='ltr' id='par_1_75' title="bbox 1120 1107 1907 1142">
     <span class='ocr_line' id='line_1_75' title="bbox 1120 1107 1907 1142; baseline -0.004 -7"><span class='ocrx_word' id='word_1_523' title='bbox 1120 1108 1192 1135; x_wconf 74' lang='lat' dir='ltr'><strong>blica</strong></span> <span class='ocrx_word' id='word_1_524' title='bbox 1208 1107 1268 1135; x_wconf 89' lang='lat' dir='ltr'><strong>sine</strong></span> <span class='ocrx_word' id='word_1_525' title='bbox 1284 1107 1369 1134; x_wconf 88' lang='lat' dir='ltr'><strong>dubio</strong></span> <span class='ocrx_word' id='word_1_526' title='bbox 1385 1107 1465 1142; x_wconf 89' lang='lat' dir='ltr'><strong>hujus</strong></span> <span class='ocrx_word' id='word_1_527' title='bbox 1483 1107 1546 1134; x_wconf 76' lang='lat' dir='ltr'><strong>vita:</strong></span> <span class='ocrx_word' id='word_1_528' title='bbox 1568 1114 1677 1134; x_wconf 90' lang='lat' dir='ltr'><strong>cursus.</strong></span> <span class='ocrx_word' id='word_1_529' title='bbox 1695 1107 1803 1133; x_wconf 80' lang='lat' dir='ltr'><strong>lusidia:</strong></span> <span class='ocrx_word' id='word_1_530' title='bbox 1824 1113 1907 1140; x_wconf 82' lang='lat' dir='ltr'><strong>prope</strong></span> 
     </span>
    </p>
   </div>
   <div class='ocr_carea' id='block_1_76' title="bbox 1121 1153 1909 1192">
    <p class='ocr_par' dir='ltr' id='par_1_76' title="bbox 1121 1153 1909 1192">
     <span class='ocr_line' id='line_1_76' title="bbox 1121 1153 1909 1192; baseline -0.003 -11"><span class='ocrx_word' id='word_1_531' title='bbox 1121 1154 1191 1181; x_wconf 88' lang='lat' dir='ltr'><strong>hanc</strong></span> <span class='ocrx_word' id='word_1_532' title='bbox 1202 1153 1273 1182; x_wconf 85' lang='lat' dir='ltr'><strong>viam</strong></span> <span class='ocrx_word' id='word_1_533' title='bbox 1290 1153 1427 1188; x_wconf 89' lang='lat' dir='ltr'><strong>publicam</strong></span> <span class='ocrx_word' id='word_1_534' title='bbox 1446 1161 1530 1192; x_wconf 78' lang='lat' dir='ltr'><strong>mors,</strong></span> <span class='ocrx_word' id='word_1_535' title='bbox 1548 1157 1579 1180; x_wconf 86' lang='lat' dir='ltr'><strong>ut</strong></span> <span class='ocrx_word' id='word_1_536' title='bbox 1590 1153 1712 1185; x_wconf 87' lang='lat' dir='ltr'><strong>videtur,</strong></span> <span class='ocrx_word' id='word_1_537' title='bbox 1737 1160 1798 1188; x_wconf 67' lang='lat' dir='ltr'><strong>qum</strong></span> <span class='ocrx_word' id='word_1_538' title='bbox 1816 1159 1909 1179; x_wconf 68' lang='lat' dir='ltr'><strong>omnes</strong></span> 
     </span>
    </p>
   </div>
   <div class='ocr_carea' id='block_1_77' title="bbox 1122 1199 1906 1235">
    <p class='ocr_par' dir='ltr' id='par_1_77' title="bbox 1122 1199 1906 1235">
     <span class='ocr_line' id='line_1_77' title="bbox 1122 1199 1906 1235; baseline -0.001 -9"><span class='ocrx_word' id='word_1_539' title='bbox 1122 1200 1202 1235; x_wconf 87' lang='lat' dir='ltr'><strong>rapit,</strong></span> <span class='ocrx_word' id='word_1_540' title='bbox 1218 1204 1246 1226; x_wconf 88' lang='lat' dir='ltr'><strong>et</strong></span> <span class='ocrx_word' id='word_1_541' title='bbox 1259 1200 1292 1226; x_wconf 94' lang='lat' dir='ltr'><strong>ad</strong></span> <span class='ocrx_word' id='word_1_542' title='bbox 1311 1199 1411 1226; x_wconf 88' lang='lat' dir='ltr'><strong>infertti</strong></span> <span class='ocrx_word' id='word_1_543' title='bbox 1434 1203 1559 1226; x_wconf 89' lang='lat' dir='ltr'><strong>ventrem</strong></span> <span class='ocrx_word' id='word_1_544' title='bbox 1574 1199 1705 1226; x_wconf 89' lang='lat' dir='ltr'><strong>demittit.</strong></span> <span class='ocrx_word' id='word_1_545' title='bbox 1721 1199 1841 1234; x_wconf 69' lang='lat' dir='ltr'><strong>Roptilia</strong></span> <span class='ocrx_word' id='word_1_546' title='bbox 1859 1206 1906 1225; x_wconf 86' lang='lat' dir='ltr'><strong>au-</strong></span> 
     </span>
    </p>
   </div>
   <div class='ocr_carea' id='block_1_78' title="bbox 1123 1244 1908 1279">
    <p class='ocr_par' dir='ltr' id='par_1_78' title="bbox 1123 1244 1908 1279">
     <span class='ocr_line' id='line_1_78' title="bbox 1123 1244 1908 1279; baseline -0.003 -7"><span class='ocrx_word' id='word_1_547' title='bbox 1123 1249 1187 1276; x_wconf 82' lang='lat' dir='ltr'><strong>tem,</strong></span> <span class='ocrx_word' id='word_1_548' title='bbox 1202 1250 1230 1272; x_wconf 91' lang='lat' dir='ltr'><strong>et</strong></span> <span class='ocrx_word' id='word_1_549' title='bbox 1251 1251 1350 1279; x_wconf 75' lang='lat' dir='ltr'><strong>genera</strong></span> <span class='ocrx_word' id='word_1_550' title='bbox 1381 1248 1579 1271; x_wconf 90' lang='lat' dir='ltr'><strong>venenatorum</strong></span> <span class='ocrx_word' id='word_1_551' title='bbox 1595 1244 1726 1279; x_wconf 87' lang='lat' dir='ltr'><strong>pessima.</strong></span> <span class='ocrx_word' id='word_1_552' title='bbox 1757 1244 1908 1271; x_wconf 86' lang='lat' dir='ltr'><strong>cruciatum</strong></span> 
     </span>
    </p>
   </div>
   <div class='ocr_carea' id='block_1_79' title="bbox 1123 1290 1909 1325">
    <p class='ocr_par' dir='ltr' id='par_1_79' title="bbox 1123 1290 1909 1325">
     <span class='ocr_line' id='line_1_79' title="bbox 1123 1290 1909 1325; baseline -0.001 -8"><span class='ocrx_word' id='word_1_553' title='bbox 1123 1291 1197 1317; x_wconf 86' lang='lat' dir='ltr'><strong>illum</strong></span> <span class='ocrx_word' id='word_1_554' title='bbox 1223 1290 1426 1318; x_wconf 86' lang='lat' dir='ltr'><strong>intolerabilem</strong></span> <span class='ocrx_word' id='word_1_555' title='bbox 1453 1290 1631 1325; x_wconf 87' lang='lat' dir='ltr'><strong>interpretari</strong></span> <span class='ocrx_word' id='word_1_556' title='bbox 1656 1295 1767 1325; x_wconf 69' lang='lat' dir='ltr'><strong>oportet</strong></span> <span class='ocrx_word' id='word_1_557' title='bbox 1784 1299 1790 1317; x_wconf 94' lang='lat'>:</span> <span class='ocrx_word' id='word_1_558' title='bbox 1810 1290 1865 1317; x_wconf 76' lang='lat' dir='ltr'><strong>Rex</strong></span> <span class='ocrx_word' id='word_1_559' title='bbox 1883 1295 1909 1316; x_wconf 84' lang='lat' dir='ltr'><strong>et</strong></span> 
     </span>
    </p>
   </div>
   <div class='ocr_carea' id='block_1_80' title="bbox 1123 1332 1909 1371">
    <p class='ocr_par' dir='ltr' id='par_1_80' title="bbox 1123 1332 1909 1371">
     <span class='ocr_line' id='line_1_80' title="bbox 1123 1332 1909 1371; baseline 0 -9"><span class='ocrx_word' id='word_1_560' title='bbox 1123 1336 1266 1369; x_wconf 84' lang='lat' dir='ltr'><strong>Dominus,</strong></span> <span class='ocrx_word' id='word_1_561' title='bbox 1283 1340 1310 1364; x_wconf 89' lang='lat' dir='ltr'><strong>et</strong></span> <span class='ocrx_word' id='word_1_562' title='bbox 1325 1332 1411 1364; x_wconf 86' lang='lat' dir='ltr'><strong>Filius</strong></span> <span class='ocrx_word' id='word_1_563' title='bbox 1422 1336 1505 1371; x_wconf 80' lang='lat' dir='ltr'><strong>regis,</strong></span> <span class='ocrx_word' id='word_1_564' title='bbox 1520 1340 1562 1364; x_wconf 82' lang='lat' dir='ltr'><strong>est</strong></span> <span class='ocrx_word' id='word_1_565' title='bbox 1576 1336 1702 1363; x_wconf 85' lang='lat' dir='ltr'><strong>omnium</strong></span> <span class='ocrx_word' id='word_1_566' title='bbox 1728 1336 1872 1365; x_wconf 84' lang='lat' dir='ltr'><strong>Conditor.</strong></span> <span class='ocrx_word' id='word_1_567' title='bbox 1883 1340 1909 1362; x_wconf 79' lang='lat' dir='ltr'><strong>et</strong></span> 
     </span>
    </p>
   </div>
   <div class='ocr_carea' id='block_1_81' title="bbox 1123 1381 1908 1417">
    <p class='ocr_par' dir='ltr' id='par_1_81' title="bbox 1123 1381 1908 1417">
     <span class='ocr_line' id='line_1_81' title="bbox 1123 1381 1908 1417; baseline -0.001 -8"><span class='ocrx_word' id='word_1_568' title='bbox 1123 1381 1248 1409; x_wconf 86' lang='lat' dir='ltr'><strong>Salvator</strong></span> <span class='ocrx_word' id='word_1_569' title='bbox 1271 1383 1414 1409; x_wconf 88' lang='lat' dir='ltr'><strong>hominum</strong></span> <span class='ocrx_word' id='word_1_570' title='bbox 1442 1382 1579 1410; x_wconf 83' lang='lat' dir='ltr'><strong>Christus.</strong></span> <span class='ocrx_word' id='word_1_571' title='bbox 1609 1382 1697 1410; x_wconf 76' lang='lat' dir='ltr'><strong>Amici</strong></span> <span class='ocrx_word' id='word_1_572' title='bbox 1729 1386 1795 1410; x_wconf 87' lang='lat' dir='ltr'><strong>sunt</strong></span> <span class='ocrx_word' id='word_1_573' title='bbox 1819 1381 1908 1417; x_wconf 83' lang='lat' dir='ltr'><strong>justi:</strong></span> 
     </span>
    </p>
   </div>
   <div class='ocr_carea' id='block_1_82' title="bbox 1123 1427 1910 1464">
    <p class='ocr_par' dir='ltr' id='par_1_82' title="bbox 1123 1427 1910 1464">
     <span class='ocr_line' id='line_1_82' title="bbox 1123 1427 1910 1464; baseline -0.003 -9"><span class='ocrx_word' id='word_1_574' title='bbox 1123 1432 1229 1461; x_wconf 89' lang='lat' dir='ltr'><strong>contra,</strong></span> <span class='ocrx_word' id='word_1_575' title='bbox 1243 1428 1347 1455; x_wconf 82' lang='lat' dir='ltr'><strong>inimici</strong></span> <span class='ocrx_word' id='word_1_576' title='bbox 1362 1432 1424 1456; x_wconf 90' lang='lat' dir='ltr'><strong>sunt</strong></span> <span class='ocrx_word' id='word_1_577' title='bbox 1451 1429 1527 1464; x_wconf 93' lang='lat' dir='ltr'><strong>impii</strong></span> <span class='ocrx_word' id='word_1_578' title='bbox 1551 1433 1711 1463; x_wconf 84' lang='lat' dir='ltr'><strong>peccatores</strong></span> <span class='ocrx_word' id='word_1_579' title='bbox 1728 1437 1734 1454; x_wconf 94' lang='lat'>:</span> <span class='ocrx_word' id='word_1_580' title='bbox 1753 1435 1823 1463; x_wconf 89' lang='lat' dir='ltr'><strong>quos</strong></span> <span class='ocrx_word' id='word_1_581' title='bbox 1839 1427 1910 1454; x_wconf 81' lang='lat' dir='ltr'><strong>enim</strong></span> 
     </span>
    </p>
   </div>
   <div class='ocr_carea' id='block_1_83' title="bbox 1123 1471 1910 1507">
    <p class='ocr_par' dir='ltr' id='par_1_83' title="bbox 1123 1471 1910 1507">
     <span class='ocr_line' id='line_1_83' title="bbox 1123 1471 1910 1507; baseline 0 -9"><span class='ocrx_word' id='word_1_582' title='bbox 1123 1472 1191 1498; x_wconf 91' lang='lat' dir='ltr'><strong>alios</strong></span> <span class='ocrx_word' id='word_1_583' title='bbox 1204 1479 1264 1499; x_wconf 84' lang='lat' dir='ltr'><strong>esse</strong></span> <span class='ocrx_word' id='word_1_584' title='bbox 1284 1471 1468 1505; x_wconf 80' lang='lat' dir='ltr'><strong>dicam?Quo</strong></span> <span class='ocrx_word' id='word_1_585' title='bbox 1489 1477 1582 1499; x_wconf 87' lang='lat' dir='ltr'><strong>autem</strong></span> <span class='ocrx_word' id='word_1_586' title='bbox 1605 1476 1738 1507; x_wconf 79' lang='lat' dir='ltr'><strong>paternos</strong></span> <span class='ocrx_word' id='word_1_587' title='bbox 1756 1472 1861 1499; x_wconf 89' lang='lat' dir='ltr'><strong>amicos</strong></span> <span class='ocrx_word' id='word_1_588' title='bbox 1875 1472 1910 1498; x_wconf 91' lang='lat' dir='ltr'><strong>in-</strong></span> 
     </span>
    </p>
   </div>
   <div class='ocr_carea' id='block_1_84' title="bbox 1124 1517 1911 1553">
    <p class='ocr_par' dir='ltr' id='par_1_84' title="bbox 1124 1517 1911 1553">
     <span class='ocr_line' id='line_1_84' title="bbox 1124 1517 1911 1553; baseline -0.001 -8"><span class='ocrx_word' id='word_1_589' title='bbox 1124 1517 1243 1549; x_wconf 72' lang='lat' dir='ltr'><strong>duxerit,</strong></span> <span class='ocrx_word' id='word_1_590' title='bbox 1279 1525 1392 1553; x_wconf 81' lang='lat' dir='ltr'><strong>regnum</strong></span> <span class='ocrx_word' id='word_1_591' title='bbox 1420 1518 1532 1546; x_wconf 76' lang='lat' dir='ltr'><strong>cmleste</strong></span> <span class='ocrx_word' id='word_1_592' title='bbox 1565 1518 1705 1553; x_wconf 80' lang='lat' dir='ltr'><strong>quispiam</strong></span> <span class='ocrx_word' id='word_1_593' title='bbox 1737 1526 1793 1545; x_wconf 88' lang='lat' dir='ltr'><strong>non</strong></span> <span class='ocrx_word' id='word_1_594' title='bbox 1822 1518 1911 1552; x_wconf 79' lang='lat' dir='ltr'><strong>inepte</strong></span> 
     </span>
    </p>
   </div>
   <div class='ocr_carea' id='block_1_85' title="bbox 1125 1563 1235 1590">
    <p class='ocr_par' dir='ltr' id='par_1_85' title="bbox 1125 1563 1235 1590">
     <span class='ocr_line' id='line_1_85' title="bbox 1125 1563 1235 1590; baseline 0 0"><span class='ocrx_word' id='word_1_595' title='bbox 1125 1563 1235 1590; x_wconf 81' lang='lat' dir='ltr'><strong>dixerit.</strong></span> 
     </span>
    </p>
   </div>
   <div class='ocr_carea' id='block_1_86' title="bbox 1159 1607 1912 1644">
    <p class='ocr_par' dir='ltr' id='par_1_86' title="bbox 1159 1607 1912 1644">
     <span class='ocr_line' id='line_1_86' title="bbox 1159 1607 1912 1644; baseline -0.001 -8"><span class='ocrx_word' id='word_1_596' title='bbox 1159 1609 1241 1636; x_wconf 62' lang='lat' dir='ltr'><strong>Cano.</strong></span> <span class='ocrx_word' id='word_1_597' title='bbox 1259 1609 1426 1636; x_wconf 85' lang='lat' dir='ltr'><strong>Dcxterrime</strong></span> <span class='ocrx_word' id='word_1_598' title='bbox 1445 1609 1614 1642; x_wconf 73' lang='lat' dir='ltr'><strong>intellexisti,</strong></span> <span class='ocrx_word' id='word_1_599' title='bbox 1627 1614 1655 1637; x_wconf 88' lang='lat' dir='ltr'><strong>et</strong></span> <span class='ocrx_word' id='word_1_600' title='bbox 1668 1609 1855 1644; x_wconf 58' lang='lat' dir='ltr'><strong>pulcherrime</strong></span> <span class='ocrx_word' id='word_1_601' title='bbox 1867 1607 1912 1635; x_wconf 89' lang='lat' dir='ltr'><strong>de-</strong></span> 
     </span>
    </p>
   </div>
   <div class='ocr_carea' id='block_1_87' title="bbox 1123 1657 1911 1693">
    <p class='ocr_par' dir='ltr' id='par_1_87' title="bbox 1123 1657 1911 1693">
     <span class='ocr_line' id='line_1_87' title="bbox 1123 1657 1911 1693; baseline 0 -10"><span class='ocrx_word' id='word_1_602' title='bbox 1123 1657 1244 1685; x_wconf 84' lang='lat' dir='ltr'><strong>clarasti.</strong></span> <span class='ocrx_word' id='word_1_603' title='bbox 1259 1657 1353 1685; x_wconf 84' lang='lat' dir='ltr'><strong>Gratia</strong></span> <span class='ocrx_word' id='word_1_604' title='bbox 1374 1657 1497 1690; x_wconf 87' lang='lat' dir='ltr'><strong>Christo,</strong></span> <span class='ocrx_word' id='word_1_605' title='bbox 1527 1658 1574 1693; x_wconf 89' lang='lat' dir='ltr'><strong>qui</strong></span> <span class='ocrx_word' id='word_1_606' title='bbox 1607 1658 1660 1685; x_wconf 91' lang='lat' dir='ltr'><strong>hoc</strong></span> <span class='ocrx_word' id='word_1_607' title='bbox 1683 1658 1731 1685; x_wconf 93' lang='lat' dir='ltr'><strong>tibi</strong></span> <span class='ocrx_word' id='word_1_608' title='bbox 1757 1657 1911 1692; x_wconf 86' lang='lat' dir='ltr'><strong>inspiravit.</strong></span> 
     </span>
    </p>
   </div>
   <div class='ocr_carea' id='block_1_88' title="bbox 1124 1703 1912 1739">
    <p class='ocr_par' dir='ltr' id='par_1_88' title="bbox 1124 1703 1912 1739">
     <span class='ocr_line' id='line_1_88' title="bbox 1124 1703 1912 1739; baseline -0.003 -9"><span class='ocrx_word' id='word_1_609' title='bbox 1124 1703 1317 1730; x_wconf 82' lang='lat' dir='ltr'><strong>Verumtamen</strong></span> <span class='ocrx_word' id='word_1_610' title='bbox 1351 1704 1422 1730; x_wconf 86' lang='lat' dir='ltr'><strong>scito</strong></span> <span class='ocrx_word' id='word_1_611' title='bbox 1451 1704 1610 1739; x_wconf 75' lang='lat' dir='ltr'><strong>paradigma</strong></span> <span class='ocrx_word' id='word_1_612' title='bbox 1632 1711 1687 1731; x_wconf 90' lang='lat' dir='ltr'><strong>non</strong></span> <span class='ocrx_word' id='word_1_613' title='bbox 1717 1709 1912 1738; x_wconf 81' lang='lat' dir='ltr'><strong>usquequaque</strong></span> 
     </span>
    </p>
   </div>
   <div class='ocr_carea' id='block_1_89' title="bbox 1126 1751 1910 1786">
    <p class='ocr_par' dir='ltr' id='par_1_89' title="bbox 1126 1751 1910 1786">
     <span class='ocr_line' id='line_1_89' title="bbox 1126 1751 1910 1786; baseline -0.001 -9"><span class='ocrx_word' id='word_1_614' title='bbox 1126 1751 1163 1777; x_wconf 90' lang='lat' dir='ltr'><strong>illi</strong></span> <span class='ocrx_word' id='word_1_615' title='bbox 1179 1751 1326 1785; x_wconf 88' lang='lat' dir='ltr'><strong>quadrare.</strong></span> <span class='ocrx_word' id='word_1_616' title='bbox 1343 1752 1422 1786; x_wconf 84' lang='lat' dir='ltr'><strong>cujus</strong></span> <span class='ocrx_word' id='word_1_617' title='bbox 1434 1756 1476 1778; x_wconf 92' lang='lat' dir='ltr'><strong>est</strong></span> <span class='ocrx_word' id='word_1_618' title='bbox 1492 1752 1662 1786; x_wconf 80' lang='lat' dir='ltr'><strong>paradigma.</strong></span> <span class='ocrx_word' id='word_1_619' title='bbox 1684 1751 1745 1778; x_wconf 85' lang='lat' dir='ltr'><strong>Non</strong></span> <span class='ocrx_word' id='word_1_620' title='bbox 1768 1751 1844 1778; x_wconf 84' lang='lat' dir='ltr'><strong>enim</strong></span> <span class='ocrx_word' id='word_1_621' title='bbox 1857 1751 1910 1785; x_wconf 83' lang='lat' dir='ltr'><strong>jam</strong></span> 
     </span>
    </p>
   </div>
   <div class='ocr_carea' id='block_1_90' title="bbox 1126 1796 1911 1831">
    <p class='ocr_par' dir='ltr' id='par_1_90' title="bbox 1126 1796 1911 1831">
     <span class='ocr_line' id='line_1_90' title="bbox 1126 1796 1911 1831; baseline -0.001 -8"><span class='ocrx_word' id='word_1_622' title='bbox 1126 1796 1293 1831; x_wconf 74' lang='lat' dir='ltr'><strong>paradigma,</strong></span> <span class='ocrx_word' id='word_1_623' title='bbox 1307 1796 1354 1824; x_wconf 88' lang='lat' dir='ltr'><strong>sed</strong></span> <span class='ocrx_word' id='word_1_624' title='bbox 1371 1797 1537 1825; x_wconf 86' lang='lat' dir='ltr'><strong>omnimodis</strong></span> <span class='ocrx_word' id='word_1_625' title='bbox 1553 1798 1627 1825; x_wconf 85' lang='lat' dir='ltr'><strong>idem</strong></span> <span class='ocrx_word' id='word_1_626' title='bbox 1643 1797 1726 1825; x_wconf 85' lang='lat' dir='ltr'><strong>foret.</strong></span> <span class='ocrx_word' id='word_1_627' title='bbox 1747 1798 1784 1824; x_wconf 80' lang='lat' dir='ltr'><strong>De</strong></span> <span class='ocrx_word' id='word_1_628' title='bbox 1799 1796 1911 1824; x_wconf 89' lang='lat' dir='ltr'><strong>Christo</strong></span> 
     </span>
    </p>
   </div>
   <div class='ocr_carea' id='block_1_91' title="bbox 1127 1842 1914 1877">
    <p class='ocr_par' dir='ltr' id='par_1_91' title="bbox 1127 1842 1914 1877">
     <span class='ocr_line' id='line_1_91' title="bbox 1127 1842 1914 1877; baseline 0.001 -10"><span class='ocrx_word' id='word_1_629' title='bbox 1127 1842 1280 1870; x_wconf 86' lang='lat' dir='ltr'><strong>vaticinans</strong></span> <span class='ocrx_word' id='word_1_630' title='bbox 1305 1842 1389 1870; x_wconf 83' lang='lat' dir='ltr'><strong>Jaeob</strong></span> <span class='ocrx_word' id='word_1_631' title='bbox 1407 1843 1574 1877; x_wconf 84' lang='lat' dir='ltr'><strong>patriarcha,</strong></span> <span class='ocrx_word' id='word_1_632' title='bbox 1595 1853 1605 1869; x_wconf 69' lang='grc' dir='ltr'><strong>ε</strong></span> <span class='ocrx_word' id='word_1_633' title='bbox 1624 1843 1799 1871; x_wconf 79' lang='lat' dir='ltr'><strong>Recumbchs</strong></span> <span class='ocrx_word' id='word_1_634' title='bbox 1813 1843 1914 1870; x_wconf 72' lang='lat' dir='ltr'><strong>donni-</strong></span> 
     </span>
    </p>
   </div>
   <div class='ocr_carea' id='block_1_92' title="bbox 1127 1888 1912 1923">
    <p class='ocr_par' dir='ltr' id='par_1_92' title="bbox 1127 1888 1912 1923">
     <span class='ocr_line' id='line_1_92' title="bbox 1127 1888 1912 1923; baseline 0.003 -10"><span class='ocrx_word' id='word_1_635' title='bbox 1127 1888 1166 1915; x_wconf 89' lang='lat' dir='ltr'><strong>vit</strong></span> <span class='ocrx_word' id='word_1_636' title='bbox 1184 1893 1213 1914; x_wconf 93' lang='lat' dir='ltr'><strong>ut</strong></span> <span class='ocrx_word' id='word_1_637' title='bbox 1226 1888 1268 1914; x_wconf 88' lang='lat' dir='ltr'><strong>leo</strong></span> <span class='ocrx_word' id='word_1_638' title='bbox 1286 1888 1317 1919; x_wconf 81' lang='lat'><strong>&quot;,</strong></span> <span class='ocrx_word' id='word_1_639' title='bbox 1336 1898 1344 1914; x_wconf 78' lang='grc' dir='ltr'>ι</span> <span class='ocrx_word' id='word_1_640' title='bbox 1365 1889 1463 1923; x_wconf 87' lang='lat' dir='ltr'><strong>ittqttit.</strong></span> <span class='ocrx_word' id='word_1_641' title='bbox 1481 1890 1602 1917; x_wconf 88' lang='lat' dir='ltr'><strong>Rursum</strong></span> <span class='ocrx_word' id='word_1_642' title='bbox 1619 1890 1686 1916; x_wconf 85' lang='lat' dir='ltr'><strong>alibi</strong></span> <span class='ocrx_word' id='word_1_643' title='bbox 1706 1897 1787 1916; x_wconf 91' lang='lat' dir='ltr'><strong>ursus</strong></span> <span class='ocrx_word' id='word_1_644' title='bbox 1806 1897 1822 1916; x_wconf 71' lang='grc' dir='ltr'><strong>τι</strong></span> <span class='ocrx_word' id='word_1_645' title='bbox 1840 1889 1912 1916; x_wconf 90' lang='lat' dir='ltr'><strong>Scri-</strong></span> 
     </span>
    </p>
   </div>
   <div class='ocr_carea' id='block_1_93' title="bbox 1126 1934 1913 1970">
    <p class='ocr_par' dir='ltr' id='par_1_93' title="bbox 1126 1934 1913 1970">
     <span class='ocr_line' id='line_1_93' title="bbox 1126 1934 1913 1970; baseline 0 -10"><span class='ocrx_word' id='word_1_646' title='bbox 1126 1938 1206 1969; x_wconf 86' lang='lat' dir='ltr'><strong>ptura</strong></span> <span class='ocrx_word' id='word_1_647' title='bbox 1224 1934 1326 1961; x_wconf 90' lang='lat' dir='ltr'><strong>dicitur</strong></span> <span class='ocrx_word' id='word_1_648' title='bbox 1346 1935 1379 1960; x_wconf 85' lang='lat'><strong>”.</strong></span> <span class='ocrx_word' id='word_1_649' title='bbox 1400 1934 1522 1962; x_wconf 81' lang='lat' dir='ltr'><strong>Diliicilia</strong></span> <span class='ocrx_word' id='word_1_650' title='bbox 1543 1935 1622 1970; x_wconf 85' lang='lat' dir='ltr'><strong>plane</strong></span> <span class='ocrx_word' id='word_1_651' title='bbox 1639 1940 1667 1962; x_wconf 88' lang='lat' dir='ltr'><strong>et</strong></span> <span class='ocrx_word' id='word_1_652' title='bbox 1682 1935 1846 1970; x_wconf 81' lang='lat' dir='ltr'><strong>sytnbolica,</strong></span> <span class='ocrx_word' id='word_1_653' title='bbox 1860 1942 1913 1961; x_wconf 87' lang='lat' dir='ltr'><strong>non</strong></span> 
     </span>
    </p>
   </div>
   <div class='ocr_carea' id='block_1_94' title="bbox 1129 1980 1914 2015">
    <p class='ocr_par' dir='ltr' id='par_1_94' title="bbox 1129 1980 1914 2015">
     <span class='ocr_line' id='line_1_94' title="bbox 1129 1980 1914 2015; baseline -0.003 -8"><span class='ocrx_word' id='word_1_654' title='bbox 1129 1986 1218 2008; x_wconf 89' lang='lat' dir='ltr'><strong>tamen</strong></span> <span class='ocrx_word' id='word_1_655' title='bbox 1233 1989 1267 2008; x_wconf 76' lang='lat' dir='ltr'><strong>ex</strong></span> <span class='ocrx_word' id='word_1_656' title='bbox 1283 1980 1326 2007; x_wconf 84' lang='lat' dir='ltr'><strong>itis</strong></span> <span class='ocrx_word' id='word_1_657' title='bbox 1348 1980 1462 2007; x_wconf 88' lang='lat' dir='ltr'><strong>audebit</strong></span> <span class='ocrx_word' id='word_1_658' title='bbox 1477 1981 1613 2015; x_wconf 89' lang='lat' dir='ltr'><strong>quispiam</strong></span> <span class='ocrx_word' id='word_1_659' title='bbox 1637 1981 1770 2008; x_wconf 87' lang='lat' dir='ltr'><strong>rationem</strong></span> <span class='ocrx_word' id='word_1_660' title='bbox 1795 1980 1914 2007; x_wconf 84' lang='lat' dir='ltr'><strong>ferarum</strong></span> 
     </span>
    </p>
   </div>
   <div class='ocr_carea' id='block_1_95' title="bbox 1127 2025 1915 2061">
    <p class='ocr_par' dir='ltr' id='par_1_95' title="bbox 1127 2025 1915 2061">
     <span class='ocr_line' id='line_1_95' title="bbox 1127 2025 1915 2061; baseline -0.001 -8"><span class='ocrx_word' id='word_1_661' title='bbox 1127 2026 1216 2054; x_wconf 88' lang='lat' dir='ltr'><strong>Verbo</strong></span> <span class='ocrx_word' id='word_1_662' title='bbox 1232 2033 1264 2053; x_wconf 85' lang='lat' dir='ltr'><strong>ac</strong></span> <span class='ocrx_word' id='word_1_663' title='bbox 1281 2027 1397 2053; x_wconf 90' lang='lat' dir='ltr'><strong>Domino</strong></span> <span class='ocrx_word' id='word_1_664' title='bbox 1414 2033 1530 2061; x_wconf 86' lang='lat' dir='ltr'><strong>prorsus</strong></span> <span class='ocrx_word' id='word_1_665' title='bbox 1558 2026 1721 2053; x_wconf 86' lang='lat' dir='ltr'><strong>attribucrc.</strong></span> <span class='ocrx_word' id='word_1_666' title='bbox 1751 2026 1830 2059; x_wconf 83' lang='lat' dir='ltr'><strong>Quod</strong></span> <span class='ocrx_word' id='word_1_667' title='bbox 1851 2025 1915 2052; x_wconf 79' lang='lat' dir='ltr'><strong>utile</strong></span> 
     </span>
    </p>
   </div>
   <div class='ocr_carea' id='block_1_96' title="bbox 1128 2071 1916 2109">
    <p class='ocr_par' dir='ltr' id='par_1_96' title="bbox 1128 2071 1916 2109">
     <span class='ocr_line' id='line_1_96' title="bbox 1128 2071 1916 2109; baseline -0.001 -11"><span class='ocrx_word' id='word_1_668' title='bbox 1128 2076 1219 2103; x_wconf 89' lang='lat' dir='ltr'><strong>est,et</strong></span> <span class='ocrx_word' id='word_1_669' title='bbox 1238 2071 1272 2098; x_wconf 90' lang='lat' dir='ltr'><strong>ad</strong></span> <span class='ocrx_word' id='word_1_670' title='bbox 1286 2080 1344 2098; x_wconf 84' lang='lat' dir='ltr'><strong>rem</strong></span> <span class='ocrx_word' id='word_1_671' title='bbox 1371 2071 1446 2103; x_wconf 86' lang='lat' dir='ltr'><strong>facit,</strong></span> <span class='ocrx_word' id='word_1_672' title='bbox 1465 2071 1491 2098; x_wconf 91' lang='lat' dir='ltr'><strong>id</strong></span> <span class='ocrx_word' id='word_1_673' title='bbox 1509 2072 1645 2109; x_wconf 80' lang='lat' dir='ltr'><strong>duntaxat</strong></span> <span class='ocrx_word' id='word_1_674' title='bbox 1666 2079 1681 2098; x_wconf 91' lang='lat' dir='ltr'><strong>a</strong></span> <span class='ocrx_word' id='word_1_675' title='bbox 1702 2071 1769 2099; x_wconf 82' lang='lat' dir='ltr'><strong>feris</strong></span> <span class='ocrx_word' id='word_1_676' title='bbox 1789 2076 1916 2098; x_wconf 87' lang='lat' dir='ltr'><strong>mutuan-</strong></span> 
     </span>
    </p>
   </div>
   <div class='ocr_carea' id='block_1_97' title="bbox 1129 2117 1916 2152">
    <p class='ocr_par' dir='ltr' id='par_1_97' title="bbox 1129 2117 1916 2152">
     <span class='ocr_line' id='line_1_97' title="bbox 1129 2117 1916 2152; baseline -0.003 -8"><span class='ocrx_word' id='word_1_677' title='bbox 1129 2117 1193 2144; x_wconf 90' lang='lat' dir='ltr'><strong>dum</strong></span> <span class='ocrx_word' id='word_1_678' title='bbox 1207 2122 1268 2144; x_wconf 89' lang='lat' dir='ltr'><strong>est:</strong></span> <span class='ocrx_word' id='word_1_679' title='bbox 1290 2117 1363 2152; x_wconf 91' lang='lat' dir='ltr'><strong>quod</strong></span> <span class='ocrx_word' id='word_1_680' title='bbox 1392 2118 1585 2152; x_wconf 89' lang='lat' dir='ltr'><strong>blasphemum</strong></span> <span class='ocrx_word' id='word_1_681' title='bbox 1604 2122 1632 2144; x_wconf 93' lang='lat' dir='ltr'><strong>et</strong></span> <span class='ocrx_word' id='word_1_682' title='bbox 1656 2117 1812 2148; x_wconf 87' lang='lat' dir='ltr'><strong>rancidum,</strong></span> <span class='ocrx_word' id='word_1_683' title='bbox 1837 2117 1916 2144; x_wconf 73' lang='lat' dir='ltr'><strong>reln-</strong></span> 
     </span>
    </p>
   </div>
   <div class='ocr_carea' id='block_1_98' title="bbox 1130 2161 1916 2198">
    <p class='ocr_par' dir='ltr' id='par_1_98' title="bbox 1130 2161 1916 2198">
     <span class='ocr_line' id='line_1_98' title="bbox 1130 2161 1916 2198; baseline -0.004 -8"><span class='ocrx_word' id='word_1_684' title='bbox 1130 2164 1281 2197; x_wconf 89' lang='lat' dir='ltr'><strong>qucndtttn.</strong></span> <span class='ocrx_word' id='word_1_685' title='bbox 1296 2163 1362 2195; x_wconf 83' lang='lat' dir='ltr'><strong>Leu,</strong></span> <span class='ocrx_word' id='word_1_686' title='bbox 1384 2169 1520 2198; x_wconf 87' lang='lat' dir='ltr'><strong>quatenus</strong></span> <span class='ocrx_word' id='word_1_687' title='bbox 1540 2163 1700 2190; x_wconf 87' lang='lat' dir='ltr'><strong>animalium</strong></span> <span class='ocrx_word' id='word_1_688' title='bbox 1719 2170 1766 2189; x_wconf 86' lang='lat' dir='ltr'><strong>rex</strong></span> <span class='ocrx_word' id='word_1_689' title='bbox 1787 2167 1816 2189; x_wconf 90' lang='lat' dir='ltr'><strong>et</strong></span> <span class='ocrx_word' id='word_1_690' title='bbox 1840 2161 1916 2189; x_wconf 86' lang='lat' dir='ltr'><strong>terri-</strong></span> 
     </span>
    </p>
   </div>
   <div class='ocr_carea' id='block_1_99' title="bbox 1131 2209 1917 2244">
    <p class='ocr_par' dir='ltr' id='par_1_99' title="bbox 1131 2209 1917 2244">
     <span class='ocr_line' id='line_1_99' title="bbox 1131 2209 1917 2244; baseline -0.003 -9"><span class='ocrx_word' id='word_1_691' title='bbox 1131 2209 1205 2240; x_wconf 89' lang='lat' dir='ltr'><strong>bilis,</strong></span> <span class='ocrx_word' id='word_1_692' title='bbox 1231 2209 1295 2236; x_wconf 91' lang='lat' dir='ltr'><strong>huic</strong></span> <span class='ocrx_word' id='word_1_693' title='bbox 1313 2209 1510 2244; x_wconf 88' lang='lat' dir='ltr'><strong>comparationi</strong></span> <span class='ocrx_word' id='word_1_694' title='bbox 1537 2209 1635 2236; x_wconf 84' lang='lat' dir='ltr'><strong>servit.</strong></span> <span class='ocrx_word' id='word_1_695' title='bbox 1661 2209 1748 2236; x_wconf 91' lang='lat' dir='ltr'><strong>Ursus</strong></span> <span class='ocrx_word' id='word_1_696' title='bbox 1770 2212 1874 2237; x_wconf 83' lang='lat' dir='ltr'><strong>autem.</strong></span> <span class='ocrx_word' id='word_1_697' title='bbox 1890 2210 1917 2233; x_wconf 91' lang='lat' dir='ltr'><strong>ut</strong></span> 
     </span>
    </p>
   </div>
   <div class='ocr_carea' id='block_1_100' title="bbox 1097 2253 1916 2291">
    <p class='ocr_par' dir='ltr' id='par_1_100' title="bbox 1097 2253 1916 2291">
     <span class='ocr_line' id='line_1_100' title="bbox 1097 2253 1916 2291; baseline -0.002 -10"><span class='ocrx_word' id='word_1_698' title='bbox 1097 2255 1116 2280; x_wconf 73' lang='grc' dir='ltr'><strong>Β</strong></span> <span class='ocrx_word' id='word_1_699' title='bbox 1132 2256 1261 2290; x_wconf 86' lang='lat' dir='ltr'><strong>quiddam</strong></span> <span class='ocrx_word' id='word_1_700' title='bbox 1279 2256 1502 2291; x_wconf 86' lang='lat' dir='ltr'><strong>naturajustutn,</strong></span> <span class='ocrx_word' id='word_1_701' title='bbox 1518 2260 1546 2283; x_wconf 89' lang='lat' dir='ltr'><strong>et</strong></span> <span class='ocrx_word' id='word_1_702' title='bbox 1562 2255 1677 2282; x_wconf 89' lang='lat' dir='ltr'><strong>ultionis</strong></span> <span class='ocrx_word' id='word_1_703' title='bbox 1691 2259 1836 2289; x_wconf 81' lang='lat' dir='ltr'><strong>expetens.</strong></span> <span class='ocrx_word' id='word_1_704' title='bbox 1854 2253 1916 2280; x_wconf 84' lang='lat' dir='ltr'><strong>Tale</strong></span> 
     </span>
    </p>
   </div>
   <div class='ocr_carea' id='block_1_101' title="bbox 1128 2299 1915 2337">
    <p class='ocr_par' dir='ltr' id='par_1_101' title="bbox 1128 2299 1915 2337">
     <span class='ocr_line' id='line_1_101' title="bbox 1128 2299 1915 2337; baseline -0.005 -9"><span class='ocrx_word' id='word_1_705' title='bbox 1128 2306 1171 2329; x_wconf 74' lang='lat' dir='ltr'><strong>est</strong></span> <span class='ocrx_word' id='word_1_706' title='bbox 1186 2302 1358 2337; x_wconf 75' lang='lat' dir='ltr'><strong>paradigma.</strong></span> <span class='ocrx_word' id='word_1_707' title='bbox 1374 2310 1429 2329; x_wconf 91' lang='lat' dir='ltr'><strong>non</strong></span> <span class='ocrx_word' id='word_1_708' title='bbox 1457 2302 1547 2328; x_wconf 90' lang='lat' dir='ltr'><strong>simile</strong></span> <span class='ocrx_word' id='word_1_709' title='bbox 1567 2306 1595 2328; x_wconf 90' lang='lat' dir='ltr'><strong>et</strong></span> <span class='ocrx_word' id='word_1_710' title='bbox 1617 2307 1711 2335; x_wconf 89' lang='lat' dir='ltr'><strong>aptum</strong></span> <span class='ocrx_word' id='word_1_711' title='bbox 1739 2299 1915 2327; x_wconf 82' lang='lat' dir='ltr'><strong>omnimodis.</strong></span> 
     </span>
    </p>
   </div>
   <div class='ocr_carea' id='block_1_102' title="bbox 1127 2345 1917 2380">
    <p class='ocr_par' dir='ltr' id='par_1_102' title="bbox 1127 2345 1917 2380">
     <span class='ocr_line' id='line_1_102' title="bbox 1127 2345 1917 2380; baseline -0.006 -6"><span class='ocrx_word' id='word_1_712' title='bbox 1127 2348 1193 2380; x_wconf 81' lang='lat' dir='ltr'><strong>Qua:</strong></span> <span class='ocrx_word' id='word_1_713' title='bbox 1222 2353 1313 2374; x_wconf 88' lang='lat' dir='ltr'><strong>autem</strong></span> <span class='ocrx_word' id='word_1_714' title='bbox 1346 2347 1411 2374; x_wconf 88' lang='lat' dir='ltr'><strong>tnilti</strong></span> <span class='ocrx_word' id='word_1_715' title='bbox 1438 2347 1554 2374; x_wconf 88' lang='lat' dir='ltr'><strong>dicenda</strong></span> <span class='ocrx_word' id='word_1_716' title='bbox 1586 2350 1690 2374; x_wconf 87' lang='lat' dir='ltr'><strong>restattt</strong></span> <span class='ocrx_word' id='word_1_717' title='bbox 1720 2353 1753 2373; x_wconf 86' lang='lat' dir='ltr'><strong>ea</strong></span> <span class='ocrx_word' id='word_1_718' title='bbox 1780 2345 1917 2380; x_wconf 83' lang='lat' dir='ltr'><strong>posterius</strong></span> 
     </span>
    </p>
   </div>
   <div class='ocr_carea' id='block_1_103' title="bbox 1129 2391 1915 2427">
    <p class='ocr_par' dir='ltr' id='par_1_103' title="bbox 1129 2391 1915 2427">
     <span class='ocr_line' id='line_1_103' title="bbox 1129 2391 1915 2427; baseline -0.006 -7"><span class='ocrx_word' id='word_1_719' title='bbox 1129 2394 1228 2420; x_wconf 89' lang='lat' dir='ltr'><strong>tlicatu.</strong></span> <span class='ocrx_word' id='word_1_720' title='bbox 1260 2393 1339 2420; x_wconf 86' lang='lat' dir='ltr'><strong>Nune</strong></span> <span class='ocrx_word' id='word_1_721' title='bbox 1363 2393 1435 2427; x_wconf 85' lang='lat' dir='ltr'><strong>quod</strong></span> <span class='ocrx_word' id='word_1_722' title='bbox 1459 2393 1492 2419; x_wconf 89' lang='lat' dir='ltr'><strong>ad</strong></span> <span class='ocrx_word' id='word_1_723' title='bbox 1530 2392 1676 2419; x_wconf 85' lang='lat' dir='ltr'><strong>utilitatem</strong></span> <span class='ocrx_word' id='word_1_724' title='bbox 1711 2395 1785 2418; x_wconf 87' lang='lat' dir='ltr'><strong>tuam</strong></span> <span class='ocrx_word' id='word_1_725' title='bbox 1805 2391 1915 2421; x_wconf 81' lang='lat' dir='ltr'><strong>addam.</strong></span> 
     </span>
    </p>
   </div>
   <div class='ocr_carea' id='block_1_104' title="bbox 1128 2437 1917 2471">
    <p class='ocr_par' dir='ltr' id='par_1_104' title="bbox 1128 2437 1917 2471">
     <span class='ocr_line' id='line_1_104' title="bbox 1128 2437 1917 2471; baseline -0.006 -5"><span class='ocrx_word' id='word_1_726' title='bbox 1128 2439 1215 2466; x_wconf 89' lang='lat' dir='ltr'><strong>sancti</strong></span> <span class='ocrx_word' id='word_1_727' title='bbox 1233 2439 1394 2466; x_wconf 88' lang='lat' dir='ltr'><strong>Damasceni</strong></span> <span class='ocrx_word' id='word_1_728' title='bbox 1423 2443 1477 2465; x_wconf 88' lang='lat' dir='ltr'><strong>est.</strong></span> <span class='ocrx_word' id='word_1_729' title='bbox 1507 2438 1692 2469; x_wconf 86' lang='lat' dir='ltr'><strong>Docctenim,</strong></span> <span class='ocrx_word' id='word_1_730' title='bbox 1720 2441 1749 2464; x_wconf 92' lang='lat' dir='ltr'><strong>et</strong></span> <span class='ocrx_word' id='word_1_731' title='bbox 1775 2437 1917 2471; x_wconf 84' lang='lat' dir='ltr'><strong>perspicue</strong></span> 
     </span>
    </p>
   </div>
   <div class='ocr_carea' id='block_1_105' title="bbox 1130 2483 1916 2515">
    <p class='ocr_par' dir='ltr' id='par_1_105' title="bbox 1130 2483 1916 2515">
     <span class='ocr_line' id='line_1_105' title="bbox 1130 2483 1916 2515; baseline -0.004 -4"><span class='ocrx_word' id='word_1_732' title='bbox 1130 2485 1312 2515; x_wconf 84' lang='lat' dir='ltr'><strong>demonstrat,</strong></span> <span class='ocrx_word' id='word_1_733' title='bbox 1331 2484 1358 2510; x_wconf 92' lang='lat' dir='ltr'><strong>in</strong></span> <span class='ocrx_word' id='word_1_734' title='bbox 1374 2483 1484 2511; x_wconf 86' lang='lat' dir='ltr'><strong>Christo</strong></span> <span class='ocrx_word' id='word_1_735' title='bbox 1503 2484 1661 2511; x_wconf 90' lang='lat' dir='ltr'><strong>viventibus</strong></span> <span class='ocrx_word' id='word_1_736' title='bbox 1686 2484 1757 2510; x_wconf 84' lang='lat' dir='ltr'><strong>hanc</strong></span> <span class='ocrx_word' id='word_1_737' title='bbox 1786 2483 1916 2510; x_wconf 86' lang='lat' dir='ltr'><strong>rationem</strong></span> 
     </span>
    </p>
   </div>
   <div class='ocr_carea' id='block_1_106' title="bbox 1131 2528 1916 2564">
    <p class='ocr_par' dir='ltr' id='par_1_106' title="bbox 1131 2528 1916 2564">
     <span class='ocr_line' id='line_1_106' title="bbox 1131 2528 1916 2564; baseline -0.005 -7"><span class='ocrx_word' id='word_1_738' title='bbox 1131 2530 1218 2557; x_wconf 90' lang='lat' dir='ltr'><strong>multo</strong></span> <span class='ocrx_word' id='word_1_739' title='bbox 1241 2530 1424 2557; x_wconf 86' lang='lat' dir='ltr'><strong>verissimam.</strong></span> <span class='ocrx_word' id='word_1_740' title='bbox 1457 2530 1541 2557; x_wconf 86' lang='lat' dir='ltr'><strong>Docet</strong></span> <span class='ocrx_word' id='word_1_741' title='bbox 1568 2537 1632 2556; x_wconf 90' lang='lat' dir='ltr'><strong>vero</strong></span> <span class='ocrx_word' id='word_1_742' title='bbox 1650 2537 1698 2564; x_wconf 83' lang='lat' dir='ltr'><strong>per</strong></span> <span class='ocrx_word' id='word_1_743' title='bbox 1716 2528 1831 2560; x_wconf 88' lang='lat' dir='ltr'><strong>iambos,</strong></span> <span class='ocrx_word' id='word_1_744' title='bbox 1854 2535 1916 2554; x_wconf 88' lang='lat' dir='ltr'><strong>num</strong></span> 
     </span>
    </p>
   </div>
   <div class='ocr_carea' id='block_1_107' title="bbox 1132 2571 1916 2610">
    <p class='ocr_par' dir='ltr' id='par_1_107' title="bbox 1132 2571 1916 2610">
     <span class='ocr_line' id='line_1_107' title="bbox 1132 2571 1916 2610; baseline -0.006 -8"><span class='ocrx_word' id='word_1_745' title='bbox 1132 2576 1295 2610; x_wconf 87' lang='lat' dir='ltr'><strong>simpliciter</strong></span> <span class='ocrx_word' id='word_1_746' title='bbox 1307 2582 1404 2602; x_wconf 86' lang='lat' dir='ltr'><strong>omnes</strong></span> <span class='ocrx_word' id='word_1_747' title='bbox 1417 2574 1545 2602; x_wconf 88' lang='lat' dir='ltr'><strong>Christus</strong></span> <span class='ocrx_word' id='word_1_748' title='bbox 1555 2574 1628 2609; x_wconf 85' lang='lat' dir='ltr'><strong>apud</strong></span> <span class='ocrx_word' id='word_1_749' title='bbox 1641 2575 1745 2601; x_wconf 87' lang='lat' dir='ltr'><strong>inferos</strong></span> <span class='ocrx_word' id='word_1_750' title='bbox 1756 2571 1916 2603; x_wconf 81' lang='lat' dir='ltr'><strong>salvaverit,</strong></span> 
     </span>
    </p>
   </div>
   <div class='ocr_carea' id='block_1_108' title="bbox 1134 2619 1852 2655">
    <p class='ocr_par' dir='ltr' id='par_1_108' title="bbox 1134 2619 1852 2655">
     <span class='ocr_line' id='line_1_108' title="bbox 1134 2619 1852 2655; baseline -0.001 -9"><span class='ocrx_word' id='word_1_751' title='bbox 1134 2629 1167 2647; x_wconf 87' lang='lat' dir='ltr'><strong>an</strong></span> <span class='ocrx_word' id='word_1_752' title='bbox 1181 2621 1228 2655; x_wconf 91' lang='lat' dir='ltr'><strong>qui</strong></span> <span class='ocrx_word' id='word_1_753' title='bbox 1246 2621 1282 2647; x_wconf 90' lang='lat' dir='ltr'><strong>ibi</strong></span> <span class='ocrx_word' id='word_1_754' title='bbox 1296 2620 1482 2651; x_wconf 84' lang='lat' dir='ltr'><strong>crediderant,</strong></span> <span class='ocrx_word' id='word_1_755' title='bbox 1497 2620 1571 2654; x_wconf 87' lang='lat' dir='ltr'><strong>quod</strong></span> <span class='ocrx_word' id='word_1_756' title='bbox 1589 2619 1782 2654; x_wconf 84' lang='lat' dir='ltr'><strong>recipiendum</strong></span> <span class='ocrx_word' id='word_1_757' title='bbox 1801 2619 1852 2654; x_wconf 84' lang='lat' dir='ltr'><strong>(a).</strong></span> 
     </span>
    </p>
   </div>
   <div class='ocr_carea' id='block_1_109' title="bbox 326 2770 1917 2810">
    <p class='ocr_par' dir='ltr' id='par_1_109' title="bbox 326 2770 1917 2810">
     <span class='ocr_line' id='line_1_109' title="bbox 326 2770 1917 2810; baseline -0.003 -8"><span class='ocrx_word' id='word_1_758' title='bbox 326 2776 364 2810; x_wconf 87' lang='lat' dir='ltr'><strong>(u)</strong></span> <span class='ocrx_word' id='word_1_759' title='bbox 384 2775 546 2802; x_wconf 86' lang='lat' dir='ltr'><strong>Sermonem</strong></span> <span class='ocrx_word' id='word_1_760' title='bbox 565 2775 638 2801; x_wconf 90' lang='lat' dir='ltr'><strong>hunc</strong></span> <span class='ocrx_word' id='word_1_761' title='bbox 653 2782 707 2802; x_wconf 85' lang='lat' dir='ltr'><strong>non</strong></span> <span class='ocrx_word' id='word_1_762' title='bbox 720 2782 794 2810; x_wconf 46' lang='lat' dir='ltr'><strong>esse,</strong></span> <span class='ocrx_word' id='word_1_763' title='bbox 803 2774 976 2810; x_wconf 76' lang='lat' dir='ltr'><strong>Damztsccni,</strong></span> <span class='ocrx_word' id='word_1_764' title='bbox 992 2779 1106 2810; x_wconf 76' lang='lat' dir='ltr'><strong>propter</strong></span> <span class='ocrx_word' id='word_1_765' title='bbox 1124 2774 1311 2810; x_wconf 64' lang='lat' dir='ltr'><strong>characterem</strong></span> <span class='ocrx_word' id='word_1_766' title='bbox 1324 2771 1558 2810; x_wconf 19' lang='lat' dir='ltr'><strong>ia_u_tborum,_‘hoc</strong></span> <span class='ocrx_word' id='word_1_767' title='bbox 1573 2778 1614 2800; x_wconf 91' lang='lat' dir='ltr'><strong>est</strong></span> <span class='ocrx_word' id='word_1_768' title='bbox 1626 2793 1645 2810; x_wconf 86' lang='lat'><strong>,_</strong></span> <span class='ocrx_word' id='word_1_769' title='bbox 1659 2773 1724 2810; x_wconf 31' lang='lat' dir='ltr'><strong>quia.</strong></span> <span class='ocrx_word' id='word_1_770' title='bbox 1745 2770 1844 2810; x_wconf 77' lang='lat' dir='ltr'><strong>iambis</strong></span> <span class='ocrx_word' id='word_1_771' title='bbox 1853 2777 1917 2810; x_wconf 48' lang='lat' dir='ltr'><strong>con:</strong></span> 
     </span>
    </p>
   </div>
   <div class='ocr_carea' id='block_1_110' title="bbox 295 2803 1917 2845">
    <p class='ocr_par' dir='ltr' id='par_1_110' title="bbox 295 2803 1917 2845">
     <span class='ocr_line' id='line_1_110' title="bbox 295 2803 1917 2845; baseline -0.004 -8"><span class='ocrx_word' id='word_1_772' title='bbox 295 2803 414 2845; x_wconf 78' lang='lat' dir='ltr'><strong>scriptus</strong></span> <span class='ocrx_word' id='word_1_773' title='bbox 442 2810 488 2839; x_wconf 85' lang='lat' dir='ltr'><strong>sit.</strong></span> <span class='ocrx_word' id='word_1_774' title='bbox 503 2810 620 2836; x_wconf 86' lang='lat' dir='ltr'><strong>atlirmat</strong></span> <span class='ocrx_word' id='word_1_775' title='bbox 636 2809 661 2836; x_wconf 92' lang='lat' dir='ltr'><strong>in</strong></span> <span class='ocrx_word' id='word_1_776' title='bbox 692 2803 814 2845; x_wconf 61' lang='lat' dir='ltr'><strong>margine</strong></span> <span class='ocrx_word' id='word_1_777' title='bbox 836 2809 959 2836; x_wconf 79' lang='lat' dir='ltr'><strong>scholion</strong></span> <span class='ocrx_word' id='word_1_778' title='bbox 976 2803 1163 2842; x_wconf 43' lang='lat' dir='ltr'><strong>{quanquam</strong></span> <span class='ocrx_word' id='word_1_779' title='bbox 1180 2807 1275 2845; x_wconf 87' lang='lat' dir='ltr'><strong>in_i|lis</strong></span> <span class='ocrx_word' id='word_1_780' title='bbox 1290 2807 1389 2845; x_wconf 84' lang='lat' dir='ltr'><strong>iau_tb_is</strong></span> <span class='ocrx_word' id='word_1_781' title='bbox 1409 2814 1463 2845; x_wconf 85' lang='lat' dir='ltr'><strong>non</strong></span> <span class='ocrx_word' id='word_1_782' title='bbox 1480 2803 1917 2845; x_wconf 25' lang='lat' dir='ltr'><strong>dimqnsiqttis’syllabarum,sed</strong></span> 
     </span>
    </p>
   </div>
   <div class='ocr_carea' id='block_1_111' title="bbox 293 2840 1918 2878">
    <p class='ocr_par' dir='ltr' id='par_1_111' title="bbox 293 2840 1918 2878">
     <span class='ocr_line' id='line_1_111' title="bbox 293 2840 1918 2878; baseline -0.002 -7"><span class='ocrx_word' id='word_1_783' title='bbox 293 2840 392 2878; x_wconf 50' lang='lat' dir='ltr'><strong>petit-nn</strong></span> <span class='ocrx_word' id='word_1_784' title='bbox 415 2846 483 2871; x_wconf 86' lang='lat' dir='ltr'><strong>ratio</strong></span> <span class='ocrx_word' id='word_1_785' title='bbox 501 2845 594 2871; x_wconf 87' lang='lat' dir='ltr'><strong>ltabita</strong></span> <span class='ocrx_word' id='word_1_786' title='bbox 610 2849 652 2871; x_wconf 89' lang='lat' dir='ltr'><strong>est</strong></span> <span class='ocrx_word' id='word_1_787' title='bbox 667 2840 769 2878; x_wconf 61' lang='lat' dir='ltr'><strong>potius.</strong></span> <span class='ocrx_word' id='word_1_788' title='bbox 794 2844 841 2871; x_wconf 79' lang='lat' dir='ltr'><strong>Est</strong></span> <span class='ocrx_word' id='word_1_789' title='bbox 861 2849 951 2870; x_wconf 86' lang='lat' dir='ltr'><strong>autem</strong></span> <span class='ocrx_word' id='word_1_790' title='bbox 971 2840 1063 2870; x_wconf 81' lang='lat' dir='ltr'><strong>seruio</strong></span> <span class='ocrx_word' id='word_1_791' title='bbox 1085 2840 1133 2869; x_wconf 72' lang='lat' dir='ltr'><strong>seu</strong></span> <span class='ocrx_word' id='word_1_792' title='bbox 1150 2843 1239 2868; x_wconf 81' lang='lat' dir='ltr'><strong>oratio</strong></span> <span class='ocrx_word' id='word_1_793' title='bbox 1256 2848 1304 2878; x_wconf 72' lang='lat' dir='ltr'><strong>pro</strong></span> <span class='ocrx_word' id='word_1_794' title='bbox 1319 2841 1459 2878; x_wconf 74' lang='lat' dir='ltr'><strong>defunctis</strong></span> <span class='ocrx_word' id='word_1_795' title='bbox 1472 2847 1535 2878; x_wconf 65' lang='lat' dir='ltr'><strong>eum</strong></span> <span class='ocrx_word' id='word_1_796' title='bbox 1549 2840 1599 2866; x_wconf 90' lang='lat' dir='ltr'><strong>hac</strong></span> <span class='ocrx_word' id='word_1_797' title='bbox 1614 2841 1795 2875; x_wconf 77' lang='lat' dir='ltr'><strong>inscriptione</strong></span> <span class='ocrx_word' id='word_1_798' title='bbox 1813 2849 1819 2867; x_wconf 93' lang='lat'>:</span> <span class='ocrx_word' id='word_1_799' title='bbox 1843 2840 1918 2872; x_wconf 76' lang='lat' dir='ltr'><strong>Quod</strong></span> 
     </span>
    </p>
   </div>
   <div class='ocr_carea' id='block_1_112' title="bbox 294 2874 1623 2914">
    <p class='ocr_par' dir='ltr' id='par_1_112' title="bbox 294 2874 1623 2914">
     <span class='ocr_line' id='line_1_112' title="bbox 294 2874 1623 2914; baseline -0.004 -8"><span class='ocrx_word' id='word_1_800' title='bbox 294 2874 310 2907; x_wconf 83' lang='lat' dir='ltr'><strong>ii</strong></span> <span class='ocrx_word' id='word_1_801' title='bbox 328 2882 372 2914; x_wconf 82' lang='lat' dir='ltr'><strong>qui</strong></span> <span class='ocrx_word' id='word_1_802' title='bbox 386 2888 443 2906; x_wconf 79' lang='lat' dir='ltr'><strong>rum</strong></span> <span class='ocrx_word' id='word_1_803' title='bbox 457 2879 509 2913; x_wconf 79' lang='lat' dir='ltr'><strong>ﬁde</strong></span> <span class='ocrx_word' id='word_1_804' title='bbox 522 2888 553 2906; x_wconf 73' lang='lat' dir='ltr'><strong>ex</strong></span> <span class='ocrx_word' id='word_1_805' title='bbox 571 2874 682 2906; x_wconf 65' lang='grc' dir='ltr'><strong>Ιιιιειτὶιὶι</strong></span> <span class='ocrx_word' id='word_1_806' title='bbox 701 2883 875 2909; x_wconf 70' lang='lat' dir='ltr'><strong>excesserunt,</strong></span> <span class='ocrx_word' id='word_1_807' title='bbox 895 2880 1011 2905; x_wconf 77' lang='lat' dir='ltr'><strong>rit-urunt</strong></span> <span class='ocrx_word' id='word_1_808' title='bbox 1026 2878 1110 2904; x_wconf 77' lang='lat' dir='ltr'><strong>missis</strong></span> <span class='ocrx_word' id='word_1_809' title='bbox 1122 2882 1146 2903; x_wconf 69' lang='lat' dir='ltr'><strong>et</strong></span> <span class='ocrx_word' id='word_1_810' title='bbox 1168 2877 1299 2909; x_wconf 64' lang='lat' dir='ltr'><strong>(verte/irit:</strong></span> <span class='ocrx_word' id='word_1_811' title='bbox 1310 2876 1450 2910; x_wconf 82' lang='lat' dir='ltr'><strong>juvnulur.</strong></span> <span class='ocrx_word' id='word_1_812' title='bbox 1474 2874 1623 2902; x_wconf 72' lang='lat' dir='ltr'><strong>PONTANI&#39;S.</strong></span> 
     </span>
    </p>
   </div>
  </div>
