2034 3153
438 216 551 247 (ἸᾹΡυΤ
570 218 626 245 XII.

141 267 168 295 S.
189 266 297 294 Joannis
316 265 471 292 Dnmasteni
490 265 571 296 locus,
588 265 619 291 de
632 265 664 291 iis
677 273 740 300 quos
753 264 870 292 Christus
893 263 924 290 ab

407 301 498 334 inferis
522 300 652 327 liberarit.

180 358 218 385 Ac
232 357 357 384 nonnulli
371 357 482 392 quidem
500 366 549 392 per
560 365 619 388 eos,
645 357 692 392 qui
709 362 773 385 ante
798 357 924 384 credide-

144 408 216 435 runt.
235 404 328 431 Patres
340 409 368 430 et
384 404 543 438 prophetas,
572 409 598 431 et
618 404 737 440 judices,
753 409 780 431 et
797 411 884 439 reges,
897 408 926 430 et

140 450 276 485 principes
292 450 459 485 intelligunt,
478 450 602 485 aliosque
622 450 781 482 nonnullos,
797 448 923 477 llebraici

139 496 241 530 populi,
257 496 303 530 qui
329 496 407 523 facile
436 497 574 524 recenseri
591 501 717 531 possunt,
739 496 925 530 omnibusque

138 541 193 568 noti
206 549 238 568 ac
255 542 391 576 perspicui
406 548 480 570 sunt.
501 542 557 570 Nos
572 550 638 570 vero
656 543 789 570 adversus
804 550 853 570 eos
875 542 922 577 qui

138 587 173 614 ita
189 587 321 618 sentiunt,
338 587 372 614 ad
389 587 463 614 hunc
477 588 589 616 modum
605 589 775 616 disseremus
789 588 864 616 :‘Nec
877 588 926 616 be-

137 633 226 660 neficii
244 634 305 660 loco
322 633 491 666 ducendum,
509 642 559 662 nec
576 642 678 661 novum
701 642 734 661 ac
754 635 854 661 mirum
873 634 926 661 hoc

137 679 303 707 censendum
319 684 371 710 est,
389 680 422 707 iis
440 680 571 708 nimirum
599 681 647 715 qui
662 680 835 708 crediderint
850 681 925 707 salu-

138 730 190 752 tem
206 733 221 752 a
236 726 347 753 Christo
367 727 475 754 allatam
491 735 551 754 esse
568 736 574 754 :
595 727 696 762 qulppe
704 735 765 754 cum
779 727 854 754 solus
870 727 927 761 ipse

136 771 221 799 Judcx
237 772 365 806 mquitate
378 778 498 807 praestet,
513 781 564 800 nec
576 773 717 807 periturus
732 773 781 805 sit,
799 772 928 807 quisquis

136 818 222 853 ipsius
239 820 330 846 verbis
349 819 430 847 ﬁdem
448 820 620 847 adhibuerit.
641 813 776 853 Quocirca
794 827 842 847 eos
868 827 927 846 om-

136 874 184 893 nes
200 866 317 894 salutem
335 866 483 900 consequi,
499 870 582 901 alque
600 866 632 893 ad
647 866 694 893 Dei
711 873 742 893 ac
759 865 867 893 Domini
879 865 927 893 de-

138 918 268 938 scensum
287 910 388 938 inferni
402 911 520 938 vinculis
536 911 617 944 solvi,
628 918 741 938 necesse
752 915 822 938 erat.
842 910 927 945 quue

134 959 162 982 et
177 955 265 990 ipsius
291 955 463 990 providentia
488 955 614 991 contigit.
635 956 669 983 At
685 963 751 982 vero
765 955 858 983 cuncti
875 955 925 986 illi,

134 1009 194 1029 mea
216 1003 327 1036 quidem
355 1002 503 1034 sententia,
527 1003 585 1030 sola
600 1002 687 1036 ipsius
708 1001 879 1037 benignitate
894 1009 926 1028 ac

133 1047 324 1075 misericordia
342 1048 459 1075 salutem
476 1054 654 1082 acceperunt,
672 1047 720 1082 qui
736 1048 844 1075 etiamsi
856 1047 926 1074 alio-

133 1093 180 1127 qui
196 1094 258 1121 vitm
270 1094 389 1128 puritate
404 1094 613 1125 excelluissent,
640 1098 723 1128 atque
745 1094 856 1128 optimis
868 1094 927 1129 qui-

131 1139 242 1174 busque
257 1140 412 1167 actionibus
437 1140 574 1175 perfuncti
604 1139 733 1172 fuissent,
761 1141 880 1168 tenuiter
896 1147 928 1167 ac

133 1189 332 1218 temperanter,
349 1189 378 1211 et
392 1190 467 1212 caste
494 1185 636 1216 vixissent,
652 1190 743 1212 tamen
773 1193 870 1220 puram
894 1193 926 1212 ac

132 1230 258 1257 divinam
279 1230 360 1257 fidem
374 1230 587 1265 haudquaquam
615 1236 812 1266 perceperunt,
832 1236 861 1258 ut
879 1233 926 1266 qui

132 1277 210 1303 nulla
226 1277 339 1303 omnino
359 1276 517 1311 disciplina,
539 1281 586 1304 aut
602 1277 766 1312 cujusquam
797 1278 927 1313 magiste-

132 1323 175 1348 rio
188 1322 292 1349 eruditi
324 1322 482 1357 excultique
512 1323 640 1350 fuissent.
665 1322 721 1350 llos
750 1323 853 1358 quippe
880 1325 926 1351 ille

132 1368 259 1395 omnium
275 1367 434 1396 moderator
449 1376 481 1395 ac
499 1368 633 1395 Dominus
648 1369 756 1396 retibus
769 1369 870 1397 divinis
885 1369 927 1396 in-

132 1413 227 1441 clusos
241 1413 360 1441 sublime
386 1413 479 1446 traxit,
501 1413 598 1448 eisque
613 1422 677 1441 cum
706 1414 864 1442 divinorum
880 1423 925 1442 ra-

132 1460 243 1487 diorum
261 1460 436 1495 splendorem
460 1460 610 1495 iniecisset,
633 1468 666 1488 ac
691 1460 818 1489 veritatis
831 1461 924 1488 lumen

132 1505 312 1538 ostendisset,
330 1505 366 1532 ita
381 1512 477 1532 eorum
500 1505 608 1532 animos
635 1505 750 1537 inﬂexit,
769 1510 800 1532 ut
817 1506 845 1533 in
861 1514 924 1533 eum

131 1551 291 1579 crederent.
309 1550 403 1585 Neque
421 1550 494 1578 enim
515 1551 562 1577 illa
587 1556 683 1578 natura
703 1545 869 1579 misericors
885 1544 924 1579 tot

130 1596 244 1623 labores
259 1596 360 1623 frustra
374 1601 459 1630 atque
475 1595 613 1622 incassum
637 1595 671 1623 ab
695 1595 762 1630 ipsis
776 1602 922 1632 susceptos

131 1641 217 1670 fuisse
236 1641 403 1669 sustinebat.
421 1640 613 1669 Pcrdiliicilem
626 1642 712 1674 enim,
736 1648 765 1670 et
784 1651 924 1670 arumno-

130 1695 199 1720 sam,
219 1695 266 1719 ac,
282 1695 364 1722 supra
380 1695 462 1722 quam
489 1687 544 1714 dici
565 1692 657 1722 queat,
680 1693 823 1723 angustam
839 1689 923 1716 vitam

130 1733 279 1760 duxerant.
296 1733 363 1760 Natu
377 1737 405 1760 et
426 1727 510 1760 animi
522 1733 778 1767 perturbationibus
804 1735 925 1769 impera~

130 1783 241 1812 verant,
257 1782 285 1806 et
309 1779 466 1813 voluptates
489 1783 662 1813 respuerant,
680 1784 708 1806 et
732 1784 923 1815 paupertatem

129 1834 160 1853 ac
172 1825 377 1854 continentiam
393 1826 427 1852 ad
442 1830 596 1853 extremum
619 1834 707 1861 usque
723 1827 877 1859 coluerant,
897 1831 926 1853 et

131 1871 235 1907 vigiliis
251 1878 311 1898 sese
324 1870 502 1898 confecerant
522 1880 528 1897 :
547 1876 630 1906 atque
646 1876 675 1898 ut
688 1873 784 1906 paucis
804 1871 926 1906 comple-

129 1922 199 1948 ctar,
217 1916 314 1944 omnia
326 1916 438 1944 virtutis
456 1916 554 1951 gratia,
584 1917 657 1944 haud
676 1917 719 1951 pie
743 1917 782 1943 illi
799 1917 923 1951 quidem,

130 1962 176 1989 sed
190 1968 285 1990 tamen
297 1961 485 1996 expleverant,
498 1969 668 1995 summaeque
687 1961 869 1988 Providentia:
884 1963 926 1996 (ut

130 2008 247 2043 quidem
265 2007 332 2042 ipsis
355 2007 513 2042 videbatur)
550 2007 786 2042 praestantissime,
816 2009 925 2036 tametsi

130 2062 185 2081 non
200 2055 264 2081 sine
278 2053 380 2081 erroris
397 2054 470 2085 labe,
484 2053 589 2081 cultum
608 2059 636 2081 et
651 2055 859 2082 venerationem
875 2055 925 2081 ad.

131 2100 294 2127 hibuerant.
308 2099 380 2132 Quin
395 2099 507 2126 fuerunt
521 2099 606 2126 etiam
632 2100 770 2132 nonnulli,
788 2100 836 2135 qui
851 2100 908 2127 divi
919 2115 925 2121 -

132 2155 195 2174 nam
228 2147 428 2182 omnipotentis
459 2145 605 2173 Trinitatis
630 2145 724 2179 ﬁdem,
747 2146 856 2174 exiliter
885 2146 924 2173 illi

130 2192 246 2226 quidem
271 2199 303 2218 ac
323 2192 503 2226 perobscurc,
532 2192 580 2219 sed
602 2196 693 2219 tamen
729 2196 922 2227 perceperunt.

131 2238 185 2265 Alii
222 2238 307 2266 Verbi
335 2239 564 2270 incarnationem,
594 2238 819 2272 venerandosque
836 2238 923 2271 ipsius

131 2284 286 2314 cruciatus,
304 2284 480 2318 reditumque
494 2283 527 2310 ad
547 2284 632 2309 vitam
658 2282 854 2317 praedicarunt.
870 2282 924 2309 Alii

131 2335 226 2358 ortum
244 2339 277 2357 ex
291 2330 410 2365 Virgine,
423 2336 505 2365 atque
528 2330 598 2357 adeo
617 2337 715 2357 nomen
730 2329 817 2364 ipsius
834 2338 925 2357 enun-

133 2377 286 2404 tiaverunt.
318 2385 326 2401 ι
348 2377 442 2408 Maria,
477 2377 576 2411 inquit,
611 2384 710 2403 nomen
742 2377 841 2411 puella:
854 2376 885 2402 “l.
914 2385 922 2400 ι

131 2421 304 2448 Αιῑὶτιιτειιδ
317 2421 415 2447 eximia
428 2421 472 2447 illa
484 2421 588 2452 omnia,
602 2426 763 2455 naturaeque
776 2420 832 2447 vim
844 2427 925 2447 exce-

129 2465 242 2498 dentia,
265 2473 281 2491 a
294 2464 405 2492 Christo
424 2467 498 2493 edita
517 2467 650 2494 miracula
681 2467 825 2494 vaticinati
848 2471 924 2498 sunt,

130 2513 187 2540 hoc
205 2516 260 2544 cst,
278 2515 450 2538 mortuorum
474 2512 680 2544 excitationem,
701 2520 848 2544 caecorum,
867 2521 926 2540 Inu-

131 2564 240 2590 torutn,
271 2557 461 2591 lvprosorum,
491 2557 660 2591 sul‘dorum,
696 2559 925 2590 febricitantium,

132 2603 364 2640 hydropicorum,
389 2610 421 2629 ac
456 2610 553 2630 manus
577 2604 703 2631 siccitate
729 2605 925 2637 laborantium,

131 2649 362 2685 paralytieorum,
382 2654 464 2682 atque
476 2656 571 2675 eorum
586 2649 634 2683 qui
651 2650 806 2677 daemonum
826 2651 921 2677 intem-

135 2696 223 2730 periis
251 2695 432 2725 vexabantur,
461 2695 646 2727 curationem,
673 2696 925 2723 obainbulationem

135 2742 202 2769 item
218 2741 245 2767 in
258 2741 335 2771 mari,
351 2746 379 2768 et
395 2748 495 2775 panum
511 2748 543 2768 ac
558 2741 675 2776 pisciqu
692 2742 926 2774 benedictionem,

136 2793 291 2821 rursusque
302 2793 378 2820 aquae
392 2787 418 2812 in
430 2786 524 2813 vinum
540 2787 795 2820 commutationem,
809 2789 925 2816 hiemar-

175 2877 198 2893 "
232 2876 298 2905 an.
317 2878 387 2911 i,27.
423 2879 445 2894 ’ν
467 2879 520 2906 lsa.
540 2877 633 2910 v1,10.

841 159 924 190 DIOP

978 158 1016 188 Α.
1713 158 1767 191 ’ἶξὲ

944 219 967 248 Α
982 218 1094 245 rhoissa-
1112 217 1242 252 denique,
1260 223 1288 244 et
1302 224 1392 244 curva:
1405 225 1518 252 prorsus
1535 218 1705 246 mulierculas
1725 226 1771 245 sa-

980 265 1118 291 nationem
1135 271 1188 290 una
1201 271 1263 290 cum
1279 264 1492 299 quamplurimis
1522 265 1582 292 aliis
1599 265 1681 292 rebus
1696 273 1768 299 pra:-

980 310 1115 338 dicentes.
1128 310 1194 342 Hos,
1206 309 1330 344 inquam,
1340 310 1527 342 divina,Verbi
1539 312 1661 345 potentia
1672 312 1762 346 perire

980 357 1203 391 optimarumque
1216 356 1357 384 actionum
1367 358 1458 385 fructu
1470 365 1574 389 carere,
1584 359 1695 385 minime
1707 367 1769 386 sus-

981 403 1075 430 tinuit.
1101 403 1246 438 Temporis
1269 404 1343 431 enim
1374 412 1438 439 pars
1465 404 1541 439 ipsis,
1571 410 1601 432 ut
1641 405 1770 437 diximus,

981 448 1165 480 commodata,
1195 449 1223 475 in
1239 449 1437 476 obscuritatem
1452 450 1666 485 haudquaquam
1682 450 1741 478 abit
1760 461 1767 478 :

980 501 1075 520 verum
1088 493 1178 520 omnis
1198 494 1231 521 iis
1244 495 1365 529 quivitte
1384 495 1553 522 curriculum
1573 495 1690 523 honeste
1705 503 1773 523 eon-

981 539 1109 572 fecerint,
1142 545 1262 573 servata,
1293 541 1475 569 cumulatiore
1504 547 1600 577 postea
1640 550 1771 570 mensura

981 585 1110 612 refertur.
1127 585 1230 614 Contra
1248 587 1295 621 qui
1309 588 1427 622 turpiter
1440 596 1471 615 ac
1485 588 1617 616 scelerate
1631 588 1771 620 vixerunt,

981 631 1106 667 nihilque
1121 633 1250 665 omnino,
1276 633 1348 668 quod
1372 642 1436 661 cum
1467 635 1568 662 virtute
1592 636 1772 670 conjunclum

980 682 1066 711 esset,
1078 685 1208 714 egerunt,
1224 687 1274 707 nec
1288 688 1381 708 semen
1400 681 1499 713 ullum,
1515 685 1564 708 aut
1585 681 1705 709 fructum
1723 682 1772 708 ha-

981 724 1123 757 buerunt;
1148 733 1245 753 verum
1261 731 1289 754 et
1306 727 1374 758 vita,
1387 732 1414 755 et
1428 735 1566 760 sermone,
1583 733 1612 756 et
1627 729 1680 755 fide
1695 736 1773 763 pror-

981 779 1029 799 sus
1045 771 1222 805 aberrarunt,
1240 781 1292 801 nec
1315 774 1407 808 pluvia
1427 774 1521 801 divina
1547 775 1657 802 etelitus
1674 775 1700 802 in
1725 782 1773 802 eos

982 816 1149 849 fusa,ullum
1161 826 1273 853 germen
1291 819 1438 846 ediderunt
1454 820 1554 855 (neque
1577 820 1650 848 enim
1667 825 1696 847 ut
1716 821 1772 856 jam

982 869 1052 890 ame
1068 862 1173 890 dictum
1198 868 1250 896 est,
1272 869 1424 893 sementem
1439 866 1522 893 ullam
1549 867 1687 902 fecerunt)
1710 874 1772 898 nec,

981 911 1011 933 ut
1028 915 1141 942 prorsus
1159 909 1278 942 steriles,
1291 910 1422 939 illucente
1439 912 1532 946 gloriae
1554 913 1612 940 sole
1630 917 1773 941 maturue-

981 958 1046 980 runt
1059 963 1065 980 :
1077 954 1253 989 hisprofecto
1267 956 1345 983 nullo
1359 957 1441 984 modo
1453 957 1579 986 Christus
1593 958 1707 994 profuit.
1721 967 1773 987 nec

980 998 1082 1032 lapsos,
1096 1003 1128 1026 ut
1143 1000 1253 1034 opinor,
1269 1008 1364 1028 secum
1380 1003 1527 1035 excitavit,
1558 1008 1588 1030 ut
1613 1005 1661 1039 qui
1685 1005 1774 1032 salute

980 1045 1089 1078 penitus
1105 1045 1212 1082 indigni
1225 1053 1330 1075 essent.
1347 1048 1419 1081 Quin
1443 1057 1476 1077 ne
1498 1049 1525 1077 in
1543 1050 1634 1084 ipsum
1660 1051 1771 1086 quidem

979 1097 1028 1117 eos
1038 1091 1190 1124 credidisse
1209 1093 1347 1120 existimo.
1367 1094 1477 1122 Primus
1497 1096 1599 1123 etenim
1614 1097 1659 1123 ille
1675 1104 1709 1124 ex
1726 1105 1772 1124 su-

980 1137 1076 1170 perbia
1091 1137 1117 1164 in
1147 1138 1278 1166 tenebras
1312 1139 1406 1174 lapsus
1428 1141 1523 1174 draco,
1540 1150 1622 1176 quem
1638 1143 1664 1169 in
1684 1143 1772 1178 prima

979 1185 1060 1208 astate
1075 1182 1232 1215 coluerunt,
1243 1188 1351 1211 mentes
1368 1192 1478 1218 eorum,
1494 1193 1525 1213 ac
1540 1187 1698 1221 spirituales
1709 1196 1773 1216 cor-

979 1225 1022 1253 dis
1034 1227 1130 1254 oculos
1141 1229 1264 1260 caecavit,
1278 1234 1307 1256 ut
1319 1229 1445 1258 videntes
1456 1239 1510 1258 non
1523 1231 1662 1263 viderent.
1678 1242 1772 1268 quem-

978 1272 1126 1299 admodum
1143 1274 1276 1308 scriptum
1305 1280 1346 1302 est
1360 1276 1380 1291 "
1392 1296 1399 1306 ,
1410 1281 1438 1303 et
1455 1277 1639 1312 intelligentes
1648 1279 1763 1306 omnino

980 1325 1034 1344 non
1052 1318 1247 1354 intelligerent.
1266 1321 1477 1356 Reliquiautem
1491 1331 1597 1357 omnes,
1619 1325 1664 1359 qui
1677 1333 1772 1352 semen

978 1369 1171 1398 susceperunt,
1197 1365 1293 1401 illapsa
1321 1367 1415 1402 pluvia
1442 1377 1554 1404 germen
1581 1370 1770 1404 protulerunt,

978 1412 1061 1443 atque
1077 1416 1174 1438 exorto
1188 1411 1246 1439 sole
1257 1413 1447 1442 maturitatem
1469 1420 1679 1444 contraxerunt.

1279 1480 1392 1509 CAPUT
1407 1480 1475 1512 XIIL

977 1538 1037 1572 Qua
1050 1539 1156 1566 demunt
1170 1540 1273 1566 ratione
1283 1540 1409 1578 qna'libe!
1424 1542 1515 1568 anima
1527 1550 1603 1569 suum
1620 1544 1700 1578 ipsius
1715 1553 1773 1573 cor-

1100 1583 1149 1609 pus
1162 1583 1177 1601 a
1191 1576 1300 1601 mortuis
1316 1577 1443 1602 exsislens
1471 1576 1646 1613 recognoscei.

1011 1644 1109 1671 ANIHA.
1134 1643 1243 1678 Optime
1269 1651 1333 1671 vero
1361 1652 1417 1671 rem
1449 1645 1612 1680 explanasti,
1649 1647 1771 1683 mihique

977 1690 1125 1717 tradidisti.
1145 1689 1273 1717 Divinum
1290 1690 1342 1717 hoc
1359 1691 1546 1718 testimonium
1569 1693 1731 1727 amplector,
1743 1700 1772 1722 et

975 1744 1009 1764 eo
1019 1744 1079 1764 sum
1092 1741 1231 1763 contenta.
1244 1735 1297 1763 Sed
1309 1736 1382 1763 enim
1391 1736 1465 1763 aliud
1480 1737 1569 1764 habeo
1579 1738 1772 1772 quaerendum,

977 1786 1058 1816 atquc
1076 1781 1114 1814 id,
1127 1785 1156 1807 ut
1171 1781 1279 1815 opinor,
1293 1780 1412 1808 dillicile.
1428 1780 1485 1808 Hoc
1502 1782 1584 1808 etiam
1600 1790 1648 1816 pro
1665 1783 1773 1810 viribus

977 1828 1032 1854 tuis
1046 1827 1153 1854 solvere
1168 1827 1245 1854 velis.
1260 1825 1328 1853 Cum
1345 1826 1419 1853 enim
1433 1827 1547 1854 mortale
1561 1835 1661 1862 corpus
1677 1829 1770 1857 anima

978 1873 1140 1900 immortalis
1155 1872 1319 1904 deseruerit,
1331 1880 1450 1906 quonam
1466 1873 1547 1900 modo
1559 1874 1585 1900 id
1602 1875 1675 1908 quod
1690 1880 1770 1903 teter-

977 1925 1042 1943 num
1058 1922 1111 1949 est,
1122 1917 1177 1951 jam
1190 1920 1350 1950 corruptum
1363 1924 1395 1944 ae
1410 1917 1532 1944 deletum
1547 1918 1672 1946 invenire
1686 1925 1770 1955 atque

977 1969 1140 1997 cognoscere
1152 1961 1274 1988 valebit?
1288 1961 1319 1988 Et
1332 1962 1384 1988 alia
1398 1962 1508 1997 reliquit
1520 1971 1621 1998 corpus
1632 1965 1770 1998 mutilum,

977 2008 1029 2035 alia
1045 2008 1169 2040 surdum,
1197 2007 1250 2034 alia
1279 2007 1463 2040 surdastrum,
1492 2009 1544 2036 alia
1573 2014 1691 2043 mutum,
1718 2011 1772 2039 alia

977 2055 1106 2081 virilitate
1121 2054 1279 2089 spoliatum,
1298 2055 1350 2082 alia
1377 2062 1511 2088 macrum,
1530 2056 1581 2083 alia
1599 2057 1643 2083 vix
1662 2057 1772 2085 ossibus

978 2101 1094 2132 haerens,
1108 2100 1159 2126 alia
1170 2100 1281 2135 pingue,
1292 2100 1414 2134 plenum,
1429 2109 1586 2134 earnosum,
1599 2110 1692 2137 grave,
1711 2103 1773 2130 inu-

977 2146 1034 2179 tile,
1050 2137 1231 2178 ventriosum,
1246 2147 1421 2181 putredinem
1440 2155 1544 2175 meram
1563 2153 1589 2175 et
1606 2157 1770 2176 marcorem.

979 2191 1036 2219 Alia
1047 2192 1181 2227 juvenile,
1196 2191 1331 2219 imberbe.
1345 2193 1404 2220 Alia
1416 2198 1495 2221 aetate
1506 2194 1696 2229 languescens.
1711 2196 1773 2223 Alia

977 2237 1077 2271 pedum
1089 2241 1117 2264 et
1141 2244 1271 2264 manuum
1285 2245 1336 2264 usu
1351 2238 1525 2269 destitutum,
1550 2239 1609 2266 Alia
1632 2240 1768 2272 infantile,

975 2290 1064 2317 nuper
1078 2287 1183 2314 natum,
1205 2282 1233 2308 in
1249 2283 1329 2309 cunis
1348 2283 1439 2310 adhuc
1462 2285 1587 2319 vagiens.
1612 2286 1671 2312 Alia
1702 2293 1771 2312 con-

975 2328 1077 2356 fectum
1093 2329 1181 2361 senio,
1197 2333 1225 2355 et
1238 2330 1313 2364 rugis
1330 2334 1482 2357 exaratum.
1505 2331 1566 2357 Alia
1582 2339 1659 2358 coma
1682 2332 1769 2366 nigra,

975 2370 1027 2401 alia
1039 2374 1230 2409 subargentea,
1245 2382 1292 2401 seu
1305 2375 1511 2402 candidissima.
1536 2375 1575 2402 Tu
1591 2381 1678 2402 tamen
1696 2383 1771 2403 asse-

975 2422 1014 2450 ris
1027 2422 1055 2448 in
1071 2422 1209 2448 conuuuni
1223 2422 1426 2449 resurrectione
1447 2422 1608 2454 excitatum,
1623 2427 1651 2449 et
1678 2427 1769 2450 muta-

976 2473 1034 2496 tum
1055 2469 1100 2499 iri.
1112 2473 1141 2496 et
1158 2468 1211 2495 tale
1229 2467 1365 2501 futurum,
1381 2468 1462 2503 quale
1480 2468 1561 2503 primi
1590 2468 1710 2503 parentis
1734 2469 1770 2497 ab

976 2514 1056 2541 initio
1084 2513 1137 2542 fuit
1162 2513 1317 2543 conditum.
1352 2521 1450 2548 expers
1477 2514 1587 2541 habitus
1609 2515 1718 2549 pristini
1742 2521 1770 2543 ct

976 2565 1114 2594 notarum,
1132 2559 1233 2595 quibus
1249 2564 1329 2586 antea
1350 2559 1493 2594 prteditum
1517 2560 1577 2587 fuit.

1010 2607 1092 2634 CARO.
1112 2607 1209 2633 Mirum
1225 2606 1354 2641 quiddam
1370 2611 1398 2633 et
1414 2606 1567 2633 inauditum
1588 2607 1662 2634 audi.
1681 2607 1720 2634 Nc
1741 2611 1770 2634 tu

981 2655 1037 2681 illic
1056 2658 1161 2680 natura:
1188 2652 1382 2687 proprietatem
1407 2657 1435 2679 et
1451 2653 1547 2680 faciem
1577 2661 1702 2687 qumras;
1721 2654 1771 2681 sed

980 2700 1072 2728 omnia
1089 2707 1171 2733 supra
1188 2703 1315 2725 naturam
1335 2698 1393 2725 fore
1407 2698 1488 2724 crede
1505 2703 1533 2724 et
1555 2698 1714 2733 imaginare.
1741 2698 1771 2724 In

981 2745 1032 2772 hac
1049 2745 1123 2771 enim
1142 2744 1197 2770 vita
1214 2742 1370 2778 hujusmodi
1388 2742 1552 2770 ditl‘ercntize
1577 2750 1608 2769 ac
1625 2747 1706 2773 notae,
1725 2742 1771 2770 hic

980 2791 1095 2818 ali‘cctus
1110 2790 1164 2823 isti,
1178 2789 1381 2824 aliectuumqne
1397 2788 1523 2822 miseriae,
1540 2796 1607 2823 quas
1623 2789 1650 2816 in
1671 2796 1770 2824 corpo-
