2034 3153
269 157 322 190 783

269 260 332 288 culo
343 259 410 286 nihil
423 258 520 284 horum
532 260 672 287 cemetur,
687 255 733 282 sed
747 255 820 282 sicut
829 255 961 282 Dominus
970 255 1056 288 novit,

269 305 413 341 etjudicio
430 302 502 338 quod
520 303 576 336 ipse
590 302 651 332 scit.
669 301 800 328 ineffabili
818 301 899 328 modo
914 301 1059 335 spiritibus

270 352 346 386 signa
364 349 512 380 dabuntur,
535 347 635 382 quibus
651 346 840 381 unusquisque
860 354 960 381 corpus
978 354 1058 374 suum

271 399 465 431 recognoscat:
483 392 715 428 quemadmodum
727 399 792 419 oves
798 399 861 419 suos
870 399 955 427 agnos
962 392 990 419 in
999 392 1042 419 ovi
1049 407 1058 411 -

270 441 353 473 libus,
366 439 543 474 vicissimque
553 438 615 474 agni
628 442 745 464 malrum
754 444 865 464 suarum
881 437 965 464 ubera
978 445 1060 472 agno-

268 492 358 515 scunt.
378 486 438 513 Non
461 485 534 513 enim
553 491 587 511 ex
604 484 693 519 signo,
722 487 770 510 aut
786 491 819 510 ex
846 483 939 518 aliquo
957 483 1058 510 indicio

268 531 449 567 aspectabili;
465 530 512 558 sed
530 538 561 557 ex
587 529 672 556 odore
689 529 807 564 quodam
821 536 909 563 eoque
925 529 984 555 solo
999 536 1059 555 mu—

267 582 345 604 tuum
360 579 538 612 cognoscunt,
552 581 584 602 ut
603 581 775 608 unaquzeque
790 573 887 608 procul
914 573 949 599 ad
978 581 1058 600 suum

267 626 404 650 accurrat.
422 621 593 656 Frequenter
609 627 659 655 ego
680 619 755 646 mille
768 626 834 646 oves
846 619 946 646 vidiab
961 619 1060 650 herba,

265 672 293 695 el
312 668 422 703 pascuis
436 667 464 694 iu
476 666 559 694 ovilia
578 666 736 697 redeuntes,
752 669 780 691 et
799 668 885 692 matre
902 664 984 691 etiam
1001 664 1061 690 lon-

266 715 327 749 gius
340 721 440 749 agnum
455 713 623 747 requirente,
635 711 767 739 accedere
783 711 861 742 alios.
878 710 993 740 aliarum
1008 710 1060 737 fte-

268 765 323 787 tus.
346 759 446 786 Verum
471 759 516 785 illa
543 758 652 793 penitus
677 757 794 792 negabat
810 757 906 788 ubera,
936 760 963 783 et
982 755 1061 784 lactis

268 805 479 836 nutrimentum,
494 811 545 831 nec
565 811 613 831 eos
626 802 799 834 admittebat,
818 805 931 836 propter
944 801 1059 828 odorem

268 851 389 878 alienum
405 858 414 876 :
439 857 519 876 suum
548 854 651 881 autem,
668 855 750 883 quem
773 855 807 875 ex
825 847 911 874 odore
936 847 1060 874 interno-

268 896 372 928 scebat,
385 903 440 923 non
451 895 625 923 excludebat.
641 894 687 922 Sic
697 893 821 920 omnium
835 899 982 927 Corporum
996 896 1060 919 tunc
1075 890 1099 920 Β

267 950 377 977 quoque
397 942 443 969 liet
465 941 579 977 agnitio,
605 948 656 976 per
674 940 818 971 indicium,
834 939 907 974 quod
928 937 1062 965 divinitus

268 988 389 1020 dabitur,
403 995 466 1015 cum
484 988 518 1015 ad
534 987 605 1014 tubae
623 986 744 1014 caelestis
763 985 883 1013 sonitum
910 984 1033 1012 rediviva
1046 991 1061 1010 e

268 1033 401 1069 sepulcris
429 1033 591 1068 prodibuut.
621 1033 735 1068 Signum
765 1031 834 1059 illud
869 1038 921 1067 ego
949 1030 1061 1066 quidem

267 1081 374 1116 ignoro,
391 1080 440 1107 soli
456 1079 599 1108 Conditori
614 1083 721 1106 notum.
740 1078 798 1105 Non
813 1078 886 1105 enim
901 1077 953 1105 sub
964 1084 1062 1105 sensus

267 1126 340 1154 cadit
353 1134 403 1153 nec
417 1131 458 1153 est
472 1130 650 1160 corporatum
666 1133 672 1150 :
690 1124 736 1151 sed
759 1123 938 1159 intelligentia
956 1127 1060 1150 tantum

266 1172 371 1208 percipi
388 1176 487 1206 potest.

567 1226 679 1255 CAPUT
693 1226 763 1254 XIV.

273 1286 425 1314 Generatim
451 1294 540 1312 omnes
555 1287 624 1313 inter
638 1293 666 1311 se
680 1286 827 1319 agnituros,
853 1285 934 1310 donec
960 1284 1007 1310 alii
1028 1285 1062 1310 ad

306 1323 453 1350 dexteram.
483 1321 529 1348 alii
557 1321 590 1347 ad
620 1319 876 1347 sinistruntludicis
893 1323 1060 1352 separentur.

304 1355 372 1383 Inde
385 1356 471 1390 justas
484 1357 511 1382 in
523 1363 626 1382 omnem
647 1354 832 1384 wternitatem,
848 1358 995 1386 peccatores
1010 1361 1060 1379 au-

305 1395 356 1418 tem
371 1389 423 1418 non
436 1390 550 1425 amplius
577 1394 695 1416 mutuum
714 1389 866 1415 nasciturus.

304 1447 365 1474 Non
377 1446 466 1474 solum
480 1445 598 1480 quisque
615 1452 714 1479 corpus
741 1452 832 1476 suum,
845 1449 875 1470 ut
889 1443 968 1470 allata
984 1443 1060 1470 sinti-

269 1492 383 1520 litudine
404 1490 614 1522 declaravimus,
631 1490 679 1517 sed
698 1489 779 1517 etiam
796 1488 903 1524 cognati
931 1492 1061 1523 cognatos

267 1543 295 1566 et
312 1538 425 1570 amicos,
445 1541 471 1565 et
488 1543 585 1564 omnes
599 1535 645 1562 alii
667 1535 738 1562 inter
753 1542 783 1562 se
800 1538 960 1569 agnoscent.
988 1534 1059 1561 Neu-

271 1586 374 1620 tiquam
393 1583 466 1611 enim
488 1582 652 1617 putandum,
670 1580 829 1614 neutiquam
848 1578 1061 1606 existimandum

270 1639 326 1658 non
344 1629 467 1665 singulos
482 1627 637 1662 singulisin
655 1627 699 1653 illa
713 1625 853 1652 communi
879 1625 1001 1651 omnium
1018 1631 1062 1651 re-

271 1676 445 1703 surrectione
469 1677 497 1700 ct
520 1672 626 1707 judicio
650 1676 731 1698 notus
755 1671 825 1697 fore.
849 1670 936 1696 Erunt
957 1669 1061 1703 utique,

269 1721 317 1749 sed
333 1729 366 1749 eo
381 1719 463 1747 modo
473 1726 529 1754 quo
538 1718 608 1750 dixi,
622 1725 676 1744 non
693 1724 741 1752 per
758 1716 871 1750 ﬁguram
885 1720 914 1741 et
930 1714 1062 1741 indicium

268 1767 409 1803 signorum
440 1764 634 1800 corporalium,
663 1763 710 1804 sed
741 1761 826 1797 signis
857 1760 1024 1796 quibusdam
1048 1768 1063 1786 a

268 1815 383 1843 materia
401 1818 428 1842 et
440 1820 556 1847 corpore
578 1812 719 1847 seiunctis.

304 1862 401 1889 Annia.
416 1860 449 1887 Et
465 1859 537 1886 unde
554 1863 663 1886 constat
677 1858 767 1885 istud?
778 1859 841 1892 quis
856 1857 939 1892 hujus
953 1861 1062 1883 senten-

269 1909 313 1936 tia:
326 1906 423 1935 testis?
439 1905 466 1933 Si
480 1905 553 1933 enim
569 1909 652 1932 testes
667 1905 783 1931 idoneos
800 1903 920 1935 dederis,
942 1903 1062 1932 credant,

267 1958 295 1981 ct
314 1952 437 1989 probabo
456 1962 462 1979 :
485 1952 589 1978 interea
607 1950 687 1978 ﬁdem
701 1958 755 1977 non
773 1949 902 1985 adiungo.

304 2000 387 2026 Cano.
406 1998 528 2025 Primum
546 1997 610 2024 audi
627 1996 768 2023 Christum
791 1997 819 2022 iu
843 1995 1000 2030 Evangelio,
1017 1995 1062 2022 ubi

268 2046 302 2072 de
321 2045 374 2072 hoc
386 2045 512 2079 dogmate
540 2043 683 2078 perspicue
714 2042 847 2076 loquitur,
877 2041 971 2075 aitque
995 2040 1063 2066 divi-

270 2096 325 2118 tem
342 2090 418 2116 illum
433 2089 577 2123 agnovisse
599 2087 732 2114 Lazarum
752 2087 780 2112 in
802 2087 863 2112 sinu
883 2085 999 2112 Abrahae.
1019 2092 1062 2111 re-

272 2136 462 2171 quiescenlem
482 2135 514 2161 ³⁸.
544 2133 616 2160 Alibi
641 2141 736 2160 rursus
760 2132 793 2158 ad
819 2131 928 2158 Iudaeos
953 2130 1062 2165 inquit:

273 2191 282 2207 ι
302 2181 370 2208 Cum
391 2180 518 2207 videritis
541 2178 690 2209 Abraham,
709 2182 737 2204 et
766 2177 850 2208 Isaac,
877 2180 905 2203 et
921 2176 1016 2208 Jacob,
1037 2181 1064 2202 et

885 155 1057 185 PHILIPPI
1078 156 1272 186 SOLITARII

269 214 347 242 ribus
362 209 532 242 enumeravi,
550 213 700 237 cernuntur
717 217 724 237 :
746 209 772 235 in
796 207 888 236 futuro
901 216 992 236 autem
1006 218 1056 237 sm-
1073 213 1095 240 Α

1843 159 1895 190 Ἷὶέι

1146 211 1240 237 Λκιιιι.
1261 211 1392 237 Dominus
1408 210 1479 237 inter
1493 218 1598 243 omnes,
1614 215 1641 238 et
1656 216 1717 239 ante
1734 220 1835 240 omnes
1853 215 1901 243 tida,

1109 257 1307 293 dignissimus;
1330 257 1351 284 si
1366 257 1440 284 aliud
1461 257 1647 284 testimonium
1669 259 1840 293 suppeditat,
1865 260 1902 287 di-

1109 304 1160 330 ctis
1177 303 1225 330 abs
1239 307 1263 330 te
1283 307 1376 337 aptum
1393 306 1421 329 et
1436 302 1615 332 conveniens,
1631 302 1714 329 addas
1734 303 1815 330 licet.

1143 348 1225 376 Cano.
1239 348 1358 374 Plurima
1375 355 1440 374 vero
1456 347 1643 382 suppeditant.
1658 347 1856 376 Verumtamen
1870 358 1901 377 ex

1083 411 1090 417 -
1111 399 1185 421 tanto
1206 401 1322 421 numero
1333 402 1392 427 non
1408 393 1460 420 nisi
1478 393 1540 424 tria,
1556 398 1677 427 quatuor
1705 398 1753 420 aut
1770 395 1900 429 quinque,

1109 448 1197 474 eaque
1216 448 1230 466 a
1254 440 1420 474 primoribus
1442 439 1570 466 Ecclesire
1588 439 1723 473 magistris
1742 440 1828 474 petita
1846 449 1903 475 pro-

1110 488 1207 515 feram.
1219 486 1258 513 Nc
1270 486 1349 521 longe
1365 485 1471 518 abeam,
1490 485 1703 521 Chrysostomus
1719 486 1795 513 inter
1811 487 1900 514 Patres

1110 532 1236 562 eximius,
1254 531 1462 566 prmclarissimc
1473 531 1514 558 sic
1533 531 1629 557 docet:
1643 540 1651 556 ι
1665 531 1724 557 Non
1735 531 1827 558 solum
1838 540 1901 566 quos

1110 577 1239 604 novimus
1256 577 1403 604 familiares
1415 583 1607 612 agnoscemus,
1628 577 1674 603 sed
1698 576 1786 603 etiam
1806 577 1901 611 quibus

1111 631 1251 658 nunquam
1277 623 1327 650 visi
1356 630 1461 653 sumusI
1489 626 1536 649 aut
1559 629 1629 657 quos
1655 627 1734 648 antea
1765 630 1900 657 nunquam

1111 670 1238 698 novimus
1251 669 1398 701 Abraham,
1415 669 1501 700 lsaae,
1518 669 1616 700 Jacob,
1637 675 1735 695 omnes
1754 672 1831 694 retro
1857 676 1899 702 pa-

1112 715 1248 742 triarchas
1266 722 1351 749 usque
1377 714 1411 741 ab
1426 714 1544 749 origine,
1571 713 1729 748 prophetas,
1759 717 1900 748 martyres,

1114 760 1217 791 Patres,
1232 760 1378 794 apostolos,
1394 767 1489 787 omnes
1502 758 1548 793 qui
1561 760 1593 785 ah
1607 759 1722 792 Adamo,
1738 759 1804 786 inde
1819 767 1900 794 usque

1113 815 1127 833 a
1148 807 1299 842 primordio
1322 807 1356 834 ad
1382 807 1462 834 finem
1489 805 1631 841 propagati
1655 809 1731 838 sunt,
1746 805 1850 832 viritim
1875 812 1900 833 et

1113 853 1259 888 separatim
1275 853 1474 888 perfectissime
1492 860 1651 888 cognosces.
1667 852 1777 879 Similia
1790 852 1900 879 Basilius

1114 899 1141 926 in
1153 898 1278 926 oratione
1291 903 1387 926 contra
1401 898 1500 926 divites
1516 905 1623 925 avaros.
1636 897 1782 930 Quomodo
1796 905 1899 924 causata

1112 943 1246 975 dicturus,
1261 943 1359 978 inquit,
1373 951 1466 970 coram
1481 943 1554 978 justo
1570 942 1665 970 Judice
1681 946 1707 969 te
1725 942 1856 969 defendes
1870 942 1900 968 ab

1112 990 1146 1017 iis
1158 990 1204 1025 qui
1218 990 1267 1017 abs
1280 995 1304 1017 te
1321 990 1441 1017 lacessiri
1456 989 1558 1017 acriter
1574 988 1735 1016 instabunt?
1755 988 1822 1015 Nam
1839 995 1900 1022 quo-

1112 1044 1220 1071 cunque
1235 1036 1330 1063 oculos
1345 1035 1536 1068 cireumferes,
1552 1036 1662 1062 umbras
1678 1035 1784 1069 ubique
1796 1034 1901 1061 simula-

1113 1090 1213 1117 craqttc
1230 1082 1364 1109 malorum
1378 1081 1506 1117 aspicies.
1528 1082 1598 1109 llinc
1611 1081 1803 1116 Orphanorum
1817 1081 1898 1114 lacry-

1112 1137 1172 1160 mre,
1192 1129 1266 1156 illinc
1282 1128 1427 1155 viduarum
1452 1129 1581 1163 gemitus,
1602 1127 1714 1155 aliunde
1742 1127 1795 1154 abs
1809 1131 1834 1153 te
1854 1135 1898 1160 op-

1113 1175 1198 1210 pressi
1213 1182 1367 1209 pauperes:
1381 1175 1453 1202 servi
1480 1182 1550 1209 quos
1575 1174 1713 1207 lacerasti,
1727 1173 1899 1201 vulneribus-

1112 1228 1166 1255 que
1193 1220 1308 1247 all'ecisti
1337 1228 1344 1246 :
1374 1219 1456 1247 vicini
1487 1227 1557 1254 quos
1578 1219 1611 1246 ad
1634 1219 1702 1246 iram
1728 1219 1897 1254 provocasti:

1113 1271 1210 1293 cuncta
1224 1266 1270 1293 hic
1282 1266 1414 1293 adversus
1426 1271 1452 1293 te
1469 1265 1630 1293 consistent.
1646 1265 1748 1292 Scribit
1765 1269 1793 1292 et
1805 1264 1900 1300 Grego-

1113 1312 1170 1340 rius
1185 1312 1339 1347 Theologus
1353 1313 1379 1339 in
1392 1312 1464 1339 hunc
1478 1312 1590 1339 modum
1602 1320 1608 1338 :
1620 1311 1697 1338 Tunc
1712 1315 1740 1338 et
1760 1311 1900 1338 Caesarium

1112 1357 1173 1385 luce
1198 1357 1349 1385 clarissima
1372 1357 1569 1385 circumfusum
1593 1357 1701 1389 videbo,
1719 1358 1812 1392 qualis
1839 1356 1900 1383 mihi

1113 1404 1290 1438 perquietem
1306 1403 1464 1438 frequenter
1477 1403 1613 1439 apparuit.
1628 1403 1699 1436 Quid
1713 1411 1783 1430 vero
1800 1404 1898 1434 beatus,

1112 1453 1140 1476 et
1159 1449 1286 1484 lacrymis
1311 1449 1436 1476 addictus
1465 1449 1511 1477 ille
1538 1449 1657 1484 Ephrem
1686 1448 1797 1484 Syrus?
1818 1449 1899 1481 Tunc,

1113 1495 1214 1529 inquit,
1228 1495 1308 1522 liberi
1327 1501 1456 1529 parentes
1473 1503 1538 1523 suos
1555 1495 1734 1531 redarguunt,
1749 1495 1825 1530 quod
1839 1494 1902 1522 nihil

1113 1548 1228 1576 operum
1243 1541 1429 1577 legitimorum
1446 1542 1573 1570 fecerint.
1591 1543 1625 1569 Et
1639 1543 1696 1574 alii,
1714 1551 1779 1570 cum
1792 1543 1901 1570 ridcrint

1115 1590 1196 1613 notus
1211 1595 1243 1614 ac
1261 1587 1411 1615 familiares
1440 1595 1504 1615 cum
1525 1588 1634 1619 ovibus.
1661 1593 1690 1615 ut
1714 1589 1858 1624 optabant,
1872 1589 1900 1614 ad

1114 1633 1253 1660 dexteram
1268 1634 1426 1666 collocatos,
1446 1635 1671 1662 Iamentabuntur
1694 1635 1729 1662 ob
1744 1635 1900 1670 disiunctio

1114 1686 1188 1711 netu,
1203 1678 1317 1710 flebunt,
1328 1678 1472 1707 dolebunt.
1487 1679 1600 1714 Magnus
1611 1680 1781 1708 Athanasius
1797 1681 1901 1708 Alexan-

1114 1722 1255 1750 drinorum
1268 1725 1423 1758 episcopus.
1438 1725 1568 1753 doctrinre
1580 1725 1737 1753 outhodoxze
1751 1733 1900 1761 propugna-

1116 1773 1166 1798 tor.
1181 1768 1389 1795 fundamentum
1398 1773 1425 1795 et
1441 1769 1526 1802 basis,
1540 1770 1579 1797 sic
1592 1770 1648 1797 ait:
1664 1770 1759 1798 Ethoc
1771 1772 1900 1805 iustorum

1114 1814 1258 1841 animabus
1274 1816 1414 1849 prmiuium
1429 1823 1589 1842 concessum
1611 1821 1663 1847 est.
1688 1821 1717 1844 ut
1732 1824 1796 1844 cum
1815 1824 1899 1843 resur-

1114 1859 1245 1890 rexerint,
1263 1867 1359 1886 omnes
1380 1865 1587 1895 recognoscant,
1610 1869 1718 1896 unaque
1737 1861 1806 1894 sint,
1825 1860 1899 1888 simul

1115 1903 1219 1936 vivant,
1243 1905 1324 1931 simul
1348 1904 1484 1938 habitent,
1512 1905 1634 1933 fruentes
1653 1906 1751 1941 gloria,
1782 1911 1811 1934 et
1839 1913 1896 1933 eum

1114 1950 1223 1978 Christo
1238 1958 1326 1978 alvum
1355 1951 1497 1979 ducentes.
1524 1952 1686 1980 Peccatores
1702 1957 1795 1979 autem
1823 1952 1899 1980 etiam

1115 1997 1177 2028 hoc,
1192 2002 1289 2031 praeter
1312 1997 1365 2024 alia
1388 1997 1542 2032 privantur.
1559 2006 1613 2025 non
1635 1998 1769 2026 habentes
1787 1998 1898 2034 agnitio-

1115 2050 1188 2074 nem,
1209 2042 1279 2069 sicut
1293 2050 1343 2070 ncc
1360 2042 1439 2069 aliam
1451 2042 1671 2074 delectationem.
1684 2051 1717 2070 et
1729 2052 1785 2078 quo
1795 2053 1810 2071 a
1826 2042 1900 2079 justis

1115 2087 1232 2121 separati
1255 2086 1371 2115 fuerint.
1387 2087 1463 2114 Sicut
1491 2087 1574 2118 igitur
1600 2088 1745 2120 actiones,
1761 2095 1791 2116 cl.
1816 2087 1898 2114 omnia

1116 2137 1180 2159 tunc
1204 2133 1346 2160 manifesta
1368 2137 1460 2165 erunt,
1475 2134 1510 2160 ita
1527 2133 1608 2160 etiam
1627 2134 1758 2161 omnibus
1783 2133 1899 2161 omnium

1115 2177 1198 2204 facies
1220 2183 1292 2204 nota.-
1311 2185 1317 2203 :
1333 2178 1431 2209 donec,
1451 2183 1481 2204 ut
1507 2178 1574 2209 dixi,
1601 2180 1794 2214 segregatione
1825 2180 1899 2209 facta,

269 2233 365 2253 otnnes
380 2225 530 2261 prophetas
543 2224 570 2251 in
586 2231 671 2258 regno
696 2223 756 2254 Dci,
778 2230 825 2249 vos
849 2226 941 2249 autem
969 2222 1064 2256 expel—
1082 2237 1102 2264 ο
1116 2224 1232 2259 quisque
1247 2224 1280 2250 ad
1294 2225 1383 2251 locum
1397 2232 1478 2259 quem
1492 2226 1606 2253 sortitus
1618 2226 1681 2257 erit,
1697 2227 1799 2254 missus
1811 2225 1898 2253 fuerit.

270 2272 334 2299 li“.
357 2281 366 2296 ι
385 2271 435 2298 llic
454 2271 529 2297 clara
542 2269 656 2305 agnitio,
673 2269 825 2303 notitiaquc
838 2269 1012 2303 exprimitur.
1030 2268 1064 2294 Et

269 2318 394 2352 quamvis
410 2317 466 2344 hate
480 2316 531 2343 sub
545 2316 674 2351 parabola
690 2315 827 2347 dicantur,
840 2320 929 2342 tamen
944 2319 972 2341 tu
989 2314 1064 2341 nullo

268 2363 349 2390 modo
365 2362 628 2390 dubita..Parabolue
647 2363 719 2389 enim
738 2369 829 2388 rerum
847 2361 1002 2393 futurarum
1016 2368 1062 2388 so-

268 2410 324 2436 lent
339 2417 399 2436 esse
416 2409 559 2444 imagines,
571 2414 599 2436 et
622 2409 674 2436 illae
700 2409 836 2443 inprimis,
864 2416 924 2443 qua:
949 2408 983 2434 ab
1007 2408 1063 2442 ipsa

269 2456 398 2488 Veritate,
411 2455 531 2487 Christo,
545 2454 668 2489 inquam.
678 2455 770 2481 futura
780 2454 944 2489 praelicentc
953 2454 1064 2488 prolatae

267 2502 352 2529 sunt‘.

304 2551 326 2566 ¹⁰
357 2550 422 2578 Luc.
440 2559 495 2582 xw,
507 2550 553 2577 22.
589 2550 609 2565 "
624 2549 692 2576 Luc.
707 2557 765 2579 xm,
777 2547 822 2575 28.

1111 2271 1150 2300 Ad
1167 2271 1254 2297 Deum
1272 2270 1384 2305 quidem
1414 2271 1492 2306 justi,
1511 2276 1539 2299 et
1561 2272 1671 2298 ordines
1695 2277 1870 2299 sanctorum:
1885 2277 1899 2297 e

1110 2319 1220 2345 diverso
1232 2323 1390 2352 peccatores
1402 2318 1436 2344 ad
1448 2318 1507 2344 loca
1523 2318 1635 2345 horrida
1645 2319 1806 2346 catervatim
1821 2317 1900 2345 abdu-

1111 2367 1221 2394 centur,
1248 2368 1506 2398 cognoscenturqne
1531 2363 1565 2390 ab
1590 2363 1670 2396 aliis;
1700 2364 1751 2399 ipsi
1781 2365 1851 2391 inter
1873 2369 1900 2389 se

1113 2410 1227 2436 minimc
1244 2414 1436 2444 agnoscentes,
1462 2409 1531 2435 alios
1542 2408 1576 2435 ad
1601 2409 1732 2444 majorem
1752 2410 1898 2436 cruciatum

1112 2463 1192 2482 suum
1205 2458 1355 2489 agnoscent
1368 2454 1416 2488 t9).
1432 2453 1500 2480 Nam
1512 2454 1534 2481 si
1547 2459 1612 2481 tunc
1630 2454 1664 2481 ab
1676 2455 1736 2482 aliis
1758 2463 1810 2482 non
1823 2460 1901 2488 agno-

1115 2506 1269 2532 scerentur,
1286 2507 1404 2534 quanam
1432 2499 1581 2533 ignominia
1600 2500 1726 2526 scelerati
1743 2500 1780 2526 illi
1801 2500 1899 2534 plecte-

906 2595 1015 2626 Jacobi
1033 2595 1170 2626 Gretscti
1190 2599 1283 2625 ιιιιιω.

302 2649 340 2683 (9)
357 2648 433 2681 Quod
451 2647 572 2674 damnati
590 2655 619 2674 se
635 2652 731 2674 multh
749 2655 802 2674 non
820 2651 981 2682 agnoscant,
1001 2654 1055 2683 non

266 2685 378 2711 videtur
393 2683 460 2711 satis
471 2683 615 2709 confornte
629 2690 707 2714 vero,
719 2683 846 2717 idemque
859 2682 992 2709 asseritur
1005 2682 1054 2708 ltb.

1113 2655 1158 2678 tv,
1181 2654 1241 2681 cap.
1273 2646 1340 2678 ult.;
1372 2653 1433 2672 nam
1463 2653 1545 2680 quem
1569 2650 1716 2674 damnatus
1740 2643 1850 2681 videbit
1874 2642 1899 2669 in

1113 2679 1250 2709 infernum
1266 2702 1273 2714 ,
1307 2681 1411 2715 judicio
1433 2679 1559 2716 peracto,
1591 2681 1720 2712 detrudi,
1745 2686 1791 2707 aut
1814 2679 1898 2712 reipsa

1001 2737 1138 2768 Scholia.

299 2794 310 2804 ‘
323 2792 484 2819 Theodorus
496 2790 613 2819 Studita.
632 2790 765 2818 Parabola
780 2797 816 2818 est
829 2793 925 2823 oratio,
941 2799 972 2817 ea:
987 2798 1057 2825 pra?—

266 2827 382 2855 sentibus
403 2827 477 2853 rebus
494 2827 598 2860 futuras
623 2827 756 2858 indicans.
780 2835 836 2859 seu,
859 2827 946 2861 imago
970 2833 1058 2852 rerum

268 2865 429 2897 laturarum,
453 2869 498 2889 seu
514 2861 666 2895 futurarum
684 2869 771 2888 rerum
786 2861 940 2894 similitudo,
963 2865 986 2887 et
1001 2869 1058 2895 ερε-

1113 2791 1162 2816 cies
1190 2790 1366 2823 respondens:
1390 2789 1519 2824 siquidem
1548 2798 1623 2824 nemo
1644 2796 1761 2822 unquam
1782 2787 1837 2820 ejus
1863 2784 1899 2811 [εἰ

1113 2826 1207 2859 alferrc
1225 2825 1380 2859 pat'nltolant
1394 2823 1489 2860 potuit,
1504 2832 1562 2857 qua:
1577 2823 1636 2857 ﬁeri
1649 2824 1813 2858 nequivisset.
