2034 3153
117 228 166 260 785

827 230 1006 260 DIOPTRA.

1682 233 1738 264 ’785

117 283 227 312 rentur?
243 291 303 318 qua:
321 289 387 311 tunc
410 284 507 311 acerba
530 288 558 311 ct
580 284 750 311 intoleranda
773 288 826 317 est,
843 291 905 310 cum
924 287 941 313 Λ
958 284 1114 310 absolutum
1130 284 1234 319 utique.
1253 285 1314 312 Etsi
1328 285 1459 320 bipertito
1474 286 1592 318 dividar.
1605 289 1746 322 quomodo

117 331 175 364 quis
190 329 294 355 alienos
315 329 400 361 novit,
418 334 444 357 et
464 328 498 356 ab
524 329 558 356 iis
582 328 714 356 noscilur.
740 328 902 362 Quicunque

116 375 184 402 enim
199 373 328 400 multatur
342 381 390 400 seu
407 374 563 405 damnatur,
581 382 634 401 non
648 382 740 402 coratn
754 374 788 401 iis
802 374 904 408 quibus

117 421 231 455 ignotus.
246 419 292 447 sed
307 419 409 454 quibus
427 425 508 447 notus
521 425 563 447 est
574 420 724 448 erubescit.
742 420 808 447 Nam
822 427 902 454 quem

117 473 192 493 nemo
207 465 293 496 novit,
310 474 359 492 cur
376 465 479 500 pudore
500 466 696 494 sniIundatur?
708 471 735 493 at
753 470 834 493 notus
844 465 902 492 suf-

117 509 244 536 fundatur
262 517 373 536 necesse
388 514 440 537 cst.
459 510 492 536 Et
510 511 560 538 ltoc
579 511 689 545 quidem
706 510 863 545 hujusmodi
877 515 905 537 et

116 558 166 586 cst.
182 559 209 582 et
224 554 349 581 dicitur:
374 560 402 582 et
427 563 523 583 omnes
547 556 679 591 (exceptis
702 563 771 591 quos
796 556 903 590 excepi)

116 601 233 628 vicissim
258 606 416 636 agnoscent.
443 601 484 629 Tu
505 610 570 630 vero
593 602 659 638 quid
677 602 710 629 de
731 602 790 629 istis
806 602 904 637 proba-

117 646 235 673 tionibus
260 646 368 673 sentis?
388 646 495 678 Credis,
527 655 561 675 an
577 655 632 675 non
655 647 766 675 credis?
784 652 812 674 ut
838 647 903 674 tnilti

115 692 231 719 videtur.

415 762 528 791 CAPUT
547 763 602 791 XV.

115 817 209 852 Magno
231 823 256 845 ct
289 820 428 846 nouissimo
449 820 490 846 die
510 821 659 847 universam
684 824 835 846 creaturam
871 818 905 844 ad

146 855 258 886 speciem
274 853 473 889 elegantiorem.
485 859 509 881 et
521 855 754 889 incorruptionem,
769 853 905 881 similiter-

151 897 201 922 que
214 890 333 916 humana
352 898 462 923 corpora
480 895 503 916 ct
520 891 624 916 animas
639 891 666 916 in
692 890 783 916 melius
808 890 905 915 immu-

148 928 232 950 ntlum
243 926 275 951 iri
286 923 362 959 (l0):
375 922 497 951 ett-urunt
511 930 598 959 partes
609 926 674 952 dans
684 926 720 957 (in
732 924 825 960 quibus
835 922 905 950 acili-

147 963 186 984 τρι
202 960 268 985 inest
284 956 415 986 irascendi
440 965 464 985 et
485 956 681 994 co'ncupiscandi
697 956 746 993 vis}
763 959 904 987 desituros.
922 956 943 983 Β

146 994 178 1019 τὸ
190 995 250 1020 κατ’
262 994 354 1021 εἰκόνα
366 1002 425 1021 cum
444 995 584 1029 archetypo
597 999 780 1029 comparatur.

147 1061 422 1096 Amm.Neutiquam
438 1061 481 1088 his
505 1061 585 1088 [idem
608 1061 734 1096 denego;
757 1061 803 1096 qui
832 1061 906 1088 enim

109 1107 226 1141 possint,
247 1115 309 1134 cutn
328 1113 355 1134 tu
376 1108 429 1134 ista
453 1111 508 1133 tam
532 1114 595 1134 vere
610 1114 642 1134 ac
658 1107 756 1134 merito
769 1107 907 1134 disserue-

110 1153 150 1180 ris
173 1156 203 1180 et
221 1153 370 1180 docueris?
390 1153 482 1188 potius
498 1152 547 1179 tibi
571 1153 605 1180 de
628 1153 768 1187 persoluto
793 1152 907 1187 qumsito

108 1204 174 1224 meo
183 1197 285 1232 gratias
292 1197 391 1229 habeo,
400 1197 509 1232 quando
517 1205 550 1224 ex
558 1197 659 1224 Christi
670 1205 716 1224 ore
725 1197 808 1224 didici
827 1205 907 1224 omne

106 1243 230 1270 verbum
250 1243 306 1270 ﬁeri
321 1243 464 1275 credibile,
479 1243 501 1270 si
517 1251 532 1270 a
543 1243 651 1270 duobus
666 1248 713 1270 aut
729 1243 817 1271 tribus
832 1243 908 1270 testi-

107 1289 162 1316 bus
179 1288 477 1316 fuerit‘conlirmatum.
493 1289 594 1316 Verum
609 1293 694 1316 restat
708 1289 820 1324 insuper
834 1289 906 1316 a!iud

107 1336 235 1370 ζήτημα,
256 1335 334 1370 cujus
353 1335 539 1370 cognitionem
566 1336 753 1370 maximopere
768 1335 906 1362 desidero.

108 1382 248 1409 Existimo
261 1382 335 1409 enim
347 1381 430 1417 (sicut
443 1386 501 1409 tute
517 1390 599 1416 supra
610 1382 740 1416 docuisti)
755 1387 781 1409 et
796 1382 906 1413 malum,

103 1432 135 1455 et
150 1433 266 1460 terram,
278 1433 305 1456 et
318 1436 427 1455 omnem
438 1428 557 1462 denique
568 1433 720 1455 creaturam
737 1428 764 1454 in
779 1436 908 1454 consuto-

108 1475 235 1502 tnatione
250 1474 343 1501 saeculi
365 1474 399 1501 ad
424 1478 549 1501 naturam
564 1474 789 1501 excellentiorem
824 1474 904 1501 reda-

108 1524 185 1547 ctum
202 1519 236 1546 iri
251 1520 340 1547 :sicut
355 1525 383 1547 et
396 1527 511 1554 corpora
524 1520 665 1546 hominum
682 1519 709 1546 itt
723 1520 804 1546 vitatu
817 1528 903 1547 rever-

108 1572 205 1590 sorum
215 1583 222 1595 ,
243 1565 423 1591 mutationem
438 1570 542 1592 natura:
559 1565 585 1591 itt
596 1565 694 1592 melius
709 1565 904 1600 adipiscentur.

107 1609 161 1636 Sed
178 1609 206 1636 in
229 1617 285 1641 me,
302 1615 329 1636 ct
345 1610 413 1636 meis
431 1610 524 1641 rebus.
542 1609 597 1639 die,
622 1609 748 1641 obsecro,
767 1610 905 1644 quomodo
919 1623 941 1651 ρ

107 1659 175 1682 tunc
192 1663 239 1682 res
254 1663 284 1682 se
301 1655 433 1682 habebit?
450 1656 540 1690 Egone
563 1655 624 1681 talis
649 1654 731 1682 etiam
755 1660 819 1682 tunc
846 1663 904 1688 ero,

106 1701 199 1735 qualis
231 1700 316 1727 modo
342 1701 421 1728 sum?
453 1709 561 1735 nempe,
591 1701 743 1728 secundum
772 1701 906 1736 triplicetn

107 1747 284 1777 facultatem.
314 1752 342 1774 et
365 1748 417 1774 alia
442 1755 502 1782 qua:
527 1748 561 1774 de
586 1756 629 1775 tne
651 1747 806 1779 traduntur,
832 1753 860 1775 et
878 1748 906 1774 itt

105 1794 150 1821 his
167 1793 357 1822 immutabilis
376 1794 485 1829 penitus
505 1802 602 1821 cernar
621 1799 649 1821 ct
671 1795 697 1821 in
723 1802 804 1821 omne
819 1803 907 1821 aevum

106 1841 147 1867 sic
170 1840 317 1875 tripartita
346 1841 446 1872 vivam,
473 1847 637 1875 uttaqttaque
662 1845 752 1874 parte.
779 1839 908 1866 nimirum

106 1885 228 1919 ratione,
267 1885 318 1916 ira,
352 1890 379 1912 ct
409 1886 558 1920 cupiditate
585 1885 726 1912 deﬁnitam
761 1885 814 1912 sibi
845 1885 908 1912 fun-

105 1932 229 1959 ctionctn
259 1932 428 1959 exercente?
448 1932 514 1959 Nam
530 1932 552 1959 si
576 1937 603 1958 et
630 1931 658 1958 itt
687 1931 778 1958 futuro
809 1931 909 1958 saeculo

105 1978 273 2013 hujusmodi
288 1982 388 2004 statum
408 1977 518 2010 tenebo,
533 1978 633 2004 iterum
654 1976 909 2012 perturbationibus

104 2025 252 2060 subjecta,
268 2028 296 2051 et
315 2024 511 2056 contaminata,
525 2028 552 2050 ct
567 2023 676 2056 vitiosa,
696 2022 761 2049 dum
778 2022 820 2049 vis
835 2021 910 2049 ἱειωο

105 2071 256 2106 tripartita
280 2070 313 2097 ad
333 2070 427 2097 illicita
452 2078 494 2097 me
515 2069 659 2104 pertrahit,
680 2068 769 2096 anima
786 2068 909 2103 profecto

104 2117 132 2143 itt
146 2121 223 2144 statu
244 2117 376 2150 puritatis
389 2120 416 2144 et
433 2116 595 2143 innocentia:
611 2115 771 2150 neutiquam
785 2114 909 2142 versabi-

105 2166 161 2187 tur.
179 2160 269 2193 Quod
287 2161 309 2187 si
328 2160 446 2188 fortasse
461 2168 493 2187 ex
519 2160 562 2187 his
578 2159 666 2187 tribus
684 2160 752 2187 duas
780 2159 907 2190 amisero.

103 2207 257 2242 quomodo
283 2206 316 2233 iis
342 2206 491 2241 deperditis
517 2205 648 2240 perfectio
673 2213 731 2232 mea
758 2205 910 2232 constabit?

107 2253 177 2280 Nam
196 2253 245 2280 cui
264 2253 344 2287 plane
362 2252 438 2280 deest
455 2251 570 2287 aliquid,
589 2259 643 2278 non
661 2256 703 2279 est
717 2251 868 2286 perfectum
882 2256 910 2278 et

956 329 1097 358 immutata
1115 337 1142 358 ct
1159 337 1285 360 ttuncala
1303 333 1500 368 plenitudinem
1521 335 1648 362 habebo?
1674 336 1746 362 Rur-

955 383 1025 406 sum.
1039 384 1093 411 quo
1111 382 1189 412 pacto
1206 383 1316 405 secetur
1332 385 1531 414 separeturquc
1551 379 1624 413 quod
1649 385 1745 406 natura

955 427 996 448 est
1014 421 1161 449 insecabile
1174 427 1203 449 et
1216 423 1419 458 inseparabile?
1438 424 1581 457 Quomodo
1606 430 1748 459 separetur

955 471 1166 502 separatumque
1181 470 1356 502 permaneat?
1367 469 1395 496 Si
1406 469 1490 500 enim,
1503 474 1533 496 ut
1543 469 1647 500 dixisti,
1661 475 1748 496 totum

956 513 1052 539 aninue
1064 513 1150 547 gratia
1164 512 1264 540 factum
1278 518 1330 543 est.
1343 514 1476 549 quidquid
1487 514 1620 542 Conditor
1635 519 1662 542 ct
1676 516 1747 542 Con-

957 561 1078 583 scrvator
1100 557 1239 591 produxit,
1261 558 1380 586 mundus
1400 564 1491 586 atttettt
1515 559 1565 587 iste
1585 561 1696 586 decreto
1717 570 1748 587 ac

957 605 1024 628 nutu
1038 601 1195 629 Conditoris
1219 611 1250 630 ac
1277 603 1384 630 Dotnini
1409 605 1435 631 in
1463 610 1563 632 statum
1586 606 1746 632 nobiliorem

957 646 1092 682 migrabit,
1106 652 1134 674 et
1159 648 1354 683 elegantiorem
1378 649 1494 677 fortnam
1511 651 1639 685 accipiet.
1666 659 1748 685 quam

956 702 1009 727 qua
1032 702 1104 721 nunc
1117 694 1251 729 superbit,
1278 695 1457 731 habitumque
1482 697 1696 731 splendidiorem
1719 705 1750 723 ac

956 739 1118 766 diviniorem
1128 746 1322 775 consequetur,
1334 741 1451 769 efﬁcitur
1460 742 1524 769 hinc
1536 742 1601 769 tnilti
1623 742 1749 777 injuriam

958 785 1082 820 irrogari.
1100 785 1169 818 Quid
1185 791 1212 812 tu
1233 786 1265 813 ad
1280 788 1336 814 hwc
1351 796 1357 814 :
1372 787 1399 814 Si
1414 788 1595 822 perseverabo
1607 796 1666 815 esse
1679 788 1750 819 talis,

956 831 1046 866 qualis
1062 831 1143 859 hodie
1156 841 1227 864 smn,
1244 841 1294 860 nec
1311 833 1345 860 ad
1360 833 1445 861 decus
1459 839 1486 861 et
1500 834 1614 869 glorianti
1633 834 1748 869 antplio-

958 885 1015 904 rem
1045 878 1191 912 provchar,
1227 879 1340 913 perinde
1363 885 1392 906 ut
1419 886 1517 907 czetcra
1541 881 1644 911 omnia,
1669 884 1751 914 atque

958 926 1040 953 etiam
1055 931 1095 958 tu,
1110 932 1137 954 et
1156 931 1211 953 tota
1229 926 1348 953 universi
1364 928 1479 961 species,
1497 928 1618 954 novitate
1633 927 1749 961 quadam

959 971 1142 998 condecorata
1169 976 1197 998 ct
1213 971 1359 1003 illustrala,
1375 976 1403 998 et
1424 972 1506 999 rebus
1522 973 1605 999 alium
1627 973 1750 999 ordinent

958 1020 1040 1050 atque
1055 1017 1164 1043 ntodum
1177 1019 1392 1051 pratstantiorem
1403 1018 1540 1049 videlicet,
1553 1024 1579 1044 at
1589 1018 1614 1044 in
1628 1018 1750 1044 omnium

958 1062 1046 1095 spatia
1075 1062 1237 1089 smt-uiorum
1267 1070 1479 1097 permansurum
1507 1064 1664 1090 tenentibus
1690 1072 1696 1089 :
1729 1064 1750 1090 si

957 1106 1071 1133 Creator
1094 1115 1203 1133 carnctn
1231 1107 1456 1134 contubernalem
1485 1116 1516 1135 ac
1537 1109 1637 1135 sociant
1664 1116 1750 1135 meam

959 1151 1112 1178 immolarit
1136 1156 1163 1178 et
1189 1151 1343 1184 honorarit,
1359 1157 1388 1179 ut
1406 1151 1529 1179 decrevit
1559 1158 1586 1179 et
1602 1153 1691 1184 decet,
1710 1159 1751 1178 me

958 1202 1048 1224 autettt
1064 1197 1203 1224 dominam
1217 1197 1275 1225 sine
1290 1198 1499 1225 honestamento
1517 1198 1670 1232 reliquerit,
1686 1198 1752 1233 quid

958 1243 1103 1270 dicemus?
1126 1243 1217 1270 inﬁma
1240 1244 1365 1274 summis,
1388 1251 1493 1271 summa
1518 1243 1618 1270 inlimis
1640 1244 1752 1270 omnino

957 1288 1157 1315 tnisccbuntur.
1174 1288 1316 1315 [tumulata
1338 1289 1412 1316 enim
1437 1289 1566 1316 inferiore
1588 1288 1753 1320 substantia,

958 1342 1011 1366 me,
1030 1342 1091 1369 qum
1106 1334 1139 1362 de
1152 1335 1325 1369 superiorum
1340 1335 1436 1362 ordine
1458 1343 1530 1367 sutn,
1552 1335 1626 1362 ttulla
1648 1335 1752 1362 ratione

958 1381 997 1408 fas
1010 1386 1051 1408 est
1067 1381 1204 1416 negligere
1222 1390 1227 1407 :
1243 1381 1289 1408 sed
1305 1389 1366 1408 cum
1383 1381 1552 1408 honorabilis
1579 1386 1607 1408 et
1626 1381 1752 1410 illustris,

956 1431 985 1452 et
1011 1431 1107 1452 ttatura
1132 1426 1184 1453 sint
1212 1426 1389 1456 admirabilis,
1412 1426 1526 1460 aequitas
1557 1425 1676 1460 postulat
1710 1432 1754 1452 me

957 1471 1081 1506 dignitati
1093 1480 1159 1499 mea:
1173 1479 1265 1506 paretn
1279 1472 1457 1499 mutationem
1469 1471 1596 1506 adipisci,
1607 1479 1668 1506 qua:
1682 1479 1752 1506 pra:-

956 1521 1062 1543 scntem
1084 1516 1154 1544 hanc
1175 1516 1363 1543 conditionem
1391 1523 1479 1542 meam
1509 1514 1656 1542 excellenti
1681 1522 1753 1548 prauo

957 1562 1056 1590 stantia
1071 1562 1165 1589 multis
1183 1561 1310 1596 partibus
1325 1565 1387 1596 post
1402 1568 1430 1588 se
1443 1560 1592 1596 relinquat.
1604 1559 1711 1587 Etenim
1729 1559 1752 1587 si

957 1612 985 1634 et
1002 1607 1149 1634 inanimem
1165 1612 1290 1635 naturam
1302 1608 1497 1634 imntutaturus
1509 1612 1562 1635 est.
1578 1611 1606 1633 et
1617 1603 1752 1640 quidquid

960 1653 1030 1679 inter
1050 1653 1175 1680 homines
1192 1654 1339 1685 ministrat,
1357 1661 1388 1680 ac
1401 1654 1497 1685 servit,
1516 1660 1559 1679 me
1577 1659 1657 1678 unattt
1674 1657 1753 1676 menv

961 1699 995 1726 tis
1009 1703 1036 1726 et
1059 1699 1166 1726 consilii
1189 1699 1363 1733 participem,
1378 1704 1405 1725 et
1427 1698 1460 1725 ad
1483 1698 1626 1733 imaginem
1642 1696 1688 1724 Dei
1712 1696 1751 1722 fa-

959 1750 1041 1775 ctam.
1057 1753 1090 1771 an
1111 1753 1164 1772 non
1186 1753 1319 1772 exornare
1337 1763 1344 1774 .
1356 1752 1390 1770 an
1419 1744 1568 1770 nonetiam
1587 1743 1647 1777 plus
1663 1750 1746 1776 quain

960 1790 1093 1817 nmndutn
1106 1790 1285 1818 eohonestare
1307 1790 1529 1817 convenit?1am
1555 1794 1581 1815 ttt
1607 1797 1649 1814 me
1671 1788 1752 1818 docc,

960 1836 1024 1871 quid
1044 1841 1202 1871 exspectare
1218 1840 1433 1862 consentaneum
1450 1835 1496 1862 sit.

995 1881 1077 1908 Citio.
1093 1881 1122 1907 In
1150 1881 1234 1907 altutu
1259 1879 1395 1914 quoddam
1427 1879 1539 1913 pelagus
1555 1875 1754 1910 cogitationum

960 1935 992 1954 ac
1011 1935 1138 1954 sensuum
1155 1934 1197 1953 me
1217 1925 1334 1953 inducis.
1349 1925 1426 1958 Quod
1445 1925 1518 1952 enitn
1534 1923 1646 1959 qu:eris,
1676 1922 1752 1948 labo—

962 1975 1063 2001 riosutn
1079 1978 1122 2000 cst
1137 1977 1166 2000 et
1176 1972 1329 2007 copiosum,
1347 1979 1397 1998 nec
1413 1971 1491 1998 facile
1503 1971 1563 2006 ejus
1576 1970 1665 1997 exitus
1680 1969 1755 1995 inve-

960 2019 1014 2047 ttiri
1028 2023 1127 2054 potest,
1147 2027 1197 2046 nec
1219 2023 1261 2046 est
1277 2023 1306 2045 ut
1319 2018 1464 2053 quisquam
1487 2017 1513 2043 id
1539 2024 1623 2052 parvo
1646 2014 1756 2049 negotio

961 2071 1123 2100 asscquatur
1137 2069 1164 2092 et
1183 2064 1326 2100 intelligat.
1340 2064 1447 2096 Haereo,
1462 2064 1555 2095 titttco,
1569 2062 1755 2089 obscuritates

961 2112 1142 2147 eta-nigmata
1161 2111 1291 2146 loqueris.
1313 2110 1470 2138 Doctiorem
1494 2115 1667 2144 penontare,
1687 2106 1755 2134 mihi

962 2165 991 2186 ιιι
1008 2158 1172 2194 intperitiori
1189 2158 1309 2193 ignosce.

996 2206 1093 2233 ANIHA.
1113 2205 1203 2232 Alium
1227 2204 1323 2231 audire
1356 2207 1384 2230 et
1412 2202 1446 2229 ab
1472 2203 1525 2229 alio
1548 2202 1654 2228 dist-ere
1681 2200 1754 2226 nolo.

962 2253 1028 2279 Nam
1047 2251 1119 2286 quod
1132 2250 1182 2278 tibi
1198 2249 1285 2282 adest,
1300 2257 1349 2277 cur
1365 2249 1390 2276 id
1413 2248 1523 2276 aliunde
1545 2248 1660 2282 pctitntn
1675 2246 1756 2273 eam?

755 2313 865 2344 Jacobi
883 2313 1020 2345 Gretseri
1039 2316 1134 2343 notae.

108 2380 137 2407 itt
159 2378 270 2406 inferni
291 2386 400 2405 carcere
418 2378 534 2408 versari.
552 2385 615 2405 eum
637 2377 732 2411 utique
749 2376 909 2404 damnatum
928 2380 948 2407 ι)
965 2378 1000 2404 ad
1027 2373 1357 2411 augmenlttntrsupplicit'.
1378 2371 1445 2411 haec
1469 2369 1624 2411 pttrandtts.
1644 2368 1754 2411 Dioptru

105 2422 172 2442 esse
189 2416 275 2439 certo
289 2418 446 2446 cognoscet,
463 2413 570 2440 etiamsi
587 2413 692 2439 nesciat
705 2412 769 2446 quis
786 2412 911 2447 qualisve

108 2451 147 2487 sit
167 2449 199 2475 itt
218 2447 419 2487 specie.n(_)uod
444 2452 536 2474 autem
552 2449 614 2482 quis
635 2455 797 2487 eumAquem
814 2447 911 2487 initae

106 2485 167 2523 vita
184 2482 280 2511 novit.
294 2486 323 2521 ιιι
335 2481 406 2522 [ilius
418 2481 569 2523 parentem,
582 2491 683 2523 parens
696 2481 793 2513 filium,
806 2482 911 2521 anticus

108 2520 257 2546 amicum.
278 2517 360 2543 etiam
379 2517 406 2543 itt
424 2517 471 2543 illo
492 2516 652 2544 calamitose
669 2521 742 2545 statu
769 2516 912 2551 agniturus

107 2554 156 2586 sit,
180 2553 210 2580 id
233 2551 367 2586 theologi,
382 2560 419 2583 tv,
436 2552 463 2578 d.
475 2553 535 2582 ult..
553 2558 680 2586 tattquam
700 2560 748 2587 per
767 2559 796 2579 se
815 2556 912 2578 notttm

108 2594 282 2623 supponere
299 2587 436 2623 videntur.
451 2587 544 2623 Neque
563 2587 695 2623 agnitioni
714 2587 779 2614 huic
803 2587 914 2614 obstant

110 2621 245 2650 tenebras
263 2622 316 2649 ille
331 2622 484 2648 exteriores
507 2622 534 2647 in
550 2630 618 2655 quas
635 2621 756 2649 damnati
780 2622 913 2648 dicuntttr

108 2658 234 2690 conjici,
259 2657 335 2691 quia,
355 2661 385 2683 ut
403 2660 478 2683 recte
497 2656 655 2688 Dttrandns,
675 2665 710 2687 tv,
728 2657 755 2683 d.
774 2657 818 2688 50.
836 2665 863 2690 ιι.
887 2658 913 2689 1,

108 2693 255 2727 explicat,
286 2694 398 2718 tenebrw
431 2691 559 2727 illiunon
584 2695 644 2717 sunt
668 2692 846 2726 intelligendw
869 2701 915 2725 per

110 2725 274 2754 carentium
291 2728 468 2753 onmimodum
492 2725 607 2754 luminis.
629 2727 672 2751 sed
695 2735 740 2760 per
754 2725 913 2757 carentium.

109 2768 139 2789 ut
159 2763 232 2788 visio
251 2762 308 2795 ejus
320 2766 356 2788 cat
370 2761 543 2789 delcctubilis.
556 2761 624 2786 unde
635 2761 700 2787 tales
713 2762 825 2788 (ent-bra:
838 2766 913 2788 erunt

109 2799 139 2823 in
159 2797 286 2831 inferno.
303 2797 364 2830 quia
379 2796 443 2822 nihil
457 2796 591 2830 perspicue
605 2796 748 2831 videbitur;
761 2797 805 2822 sed
817 2796 915 2822 solum-

113 2830 199 2859 modo
218 2832 344 2857 videbunt
355 2832 443 2858 ibisub
459 2831 573 2865 quatiunt
588 2830 772 2856 tenebrosilutc
784 2831 842 2861 illa,
857 2840 917 2865 quw

112 2867 294 2901 u/ﬂiclionem
324 2867 395 2893 cordi
409 2871 515 2901 possunt
545 2866 673 2900 ingerere.
693 2865 775 2897 Unde,
794 2867 916 2901 «(munuli

111 2900 250 2927 videbunt
274 2910 362 2935 plenas
373 2910 444 2931 suas.
461 2907 483 2928 ct
501 2901 560 2928 illos
573 2910 637 2934 quos
657 2909 744 2926 serum
757 2910 801 2934 per
815 2900 914 2926 malum

114 2935 279 2970 (’It‘lltplilllt
294 2942 361 2963 (rex.
371 2942 428 2963 runt
443 2937 473 2963 :(e
490 2939 601 2963 mundo:
619 2936 687 2970 quod
701 2940 783 2963 lutum
797 2936 866 2962 t't'tlt'l
881 2936 914 2961 cis

966 2403 1117 2440 arbitratur
1144 2409 1213 2436 nihil
1238 2403 1352 2442 prorsus
1378 2405 1491 2442 luminis
1512 2405 1545 2442 _in
1568 2404 1676 2430 inferno
1697 2403 1755 2429 fore

966 2452 1028 2482 post
1049 2450 1203 2482 extremum
1227 2440 1373 2478 judicium.
1394 2440 1477 2482 Quod
1496 2440 1753 2482 s'i___veru't.ttrcssct.

962 2473 1099 2509 sententia
1117 2473 1236 2514 Dioytra}
1258 2473 1753 2514 utcunqueprobabilisedit-eretur,

962 2517 1069 2545 tametsi
1096 2510 1173 2541 visus
1191 2522 1244 2540 non
1262 2513 1298 2540 sit
1314 2510 1396 2538 unica
1412 2510 1753 2547 agnoscendiquempiam

963 2543 1034 2580 ratio
1046 2561 1051 2577 :
1064 2559 1126 2577 nam
1138 2554 1166 2576 ct
1178 2548 1321 2579 auditu,ct
1334 2547 1360 2573 in
1372 2543 1493 2573 tenebris
1507 2543 1650 2584 constituti
1672 2550 1756 2584 agno.

963 2577 1039 2615 scere
1049 2585 1205 2620 qttctttpiatn
1219 2577 1363 2618 possumus
1373 2589 1381 2613 ;
1392 2580 1541 2615 praesertim
1552 2579 1574 2606 si
1586 2582 1664 2605 antea
1675 2577 1756 2604 nobis

964 2630 1018 2650 non
1036 2621 1120 2648 fuerit
1137 2620 1255 2653 ignotus.
1382 2651 1398 2655 __
1465 2650 1469 2655 _

1001 2656 1056 2689 (10)
1078 2655 1131 2682 Per
1147 2648 1244 2682 'totum
1268 2656 1352 2687 caput
1373 2650 1485 2689 disserit
1505 2653 1601 2677 auctor
1622 2648 1655 2675 de
1679 2651 1751 2689 statu

965 2683 1062 2719 animae
1074 2695 1135 2726 post
1147 2683 1376 2726 resurrectionem
1387 2687 1420 2726 ad
1432 2693 1532 2726 corpus
1545 2690 1685 2726 regressae.
1700 2683 1752 2726 Pro

964 2718 1066 2761 quibus
1074 2718 1183 2761 Irectius
1193 2723 1378 2761 intelligendis
1391 2722 1454 2761 lege
1464 2718 1639 2761 Franciscnm
1651 2718 1753 2761 auare;

966 2752 1083 2793 Min,
1101 2760 1128 2787 in
1147 2767 1175 2786 ut
1205 2767 1232 2793 p.
1251 2752 1465 2787 B.lel0ln:B:d.
1487 2756 1545 2794 Π..
1564 2758 1631 2794 seth
1658 2753 1691 2794 7,.
1706 2752 1751 2792 ubi

967 2791 1094 2824 accurate
1106 2791 1225 2829 explicat
1247 2802 1311 2829 qute
1321 2793 1443 2819 actiones
1455 2791 1553 2829 anima:
1561 2791 1751 2829 :jCL‘tlltsllila‘lll

968 2823 1083 2866 corpore
1096 2823 1215 2865 glorioso
1233 2823 1287 2866 sint
1302 2828 1417 2866 futur_a:;
1431 2834 1498 2866 nam
1513 2825 1546 2866 de
1561 2823 1626 2858 ipsis
1639 2823 1753 2866 inculta:

969 2860 1050 2898 tibiis,
1082 2860 1128 2892 sco
1153 2863 1283 2899 potentiis
1312 2861 1460 2900 sentiendi,
1483 2860 1680 2900 d_ubiu_nt__non
1712 2861 1755 2900 est

967 2901 1031 2936 quitt
1041 2893 1087 2928 eas
1101 2893 1291 2928 ontncsanima
1305 2897 1427 2932 corporis
1437 2895 1550 2931 gloriosi
1564 2893 1692 2921 habitura
1705 2893 1754 2919 sit.
