2034 3153
294 226 347 258 737

882 266 885 269 _
905 230 1078 260 PHlLlPPI
1101 231 1298 261 SOLITARII

1865 233 1916 264 788

295 282 411 315 QuIStam
436 281 516 308 alium
545 281 667 308 nondum
688 282 755 308 mihi
781 281 942 309 familiarem
967 284 1084 311 iuterro«
1101 288 1118 314 Α
1136 286 1222 317 adest,
1234 286 1344 320 propria
1360 293 1393 313 ex
1405 286 1534 313 omnibus
1548 295 1608 321 quae
1621 287 1765 317 habemus,
1782 292 1810 314 et
1827 295 1918 315 comes

294 327 434 362 gabo?Tu
455 328 558 356 intima.
580 332 607 353 et
628 332 755 362 tanquam
778 328 930 355 conviclrix
958 337 1028 357 mea.
1057 335 1085 356 tu

295 372 360 398 mihi
378 371 523 405 responde.
542 371 570 397 Si
593 371 799 404 detrectaveris,
830 373 900 400 scias
921 374 1013 406 velim,
1032 382 1085 400 non

295 423 320 444 te
335 417 404 443 alam
416 417 594 451 imposterum
608 426 615 450 ;
627 425 680 445 non
693 418 795 449 cibum,
805 426 857 445 non
870 423 965 454 potum
977 427 1084 446 mecum

293 463 381 490 sinam
403 471 511 498 capere.
757 464 775 487 \

327 511 410 538 Cano.
426 511 529 538 Tamen
548 511 623 538 canis
636 511 724 538 lorum
740 519 795 538 non
810 512 940 544 comedit,
954 517 985 539 ut
1003 513 1083 541 nosti.

292 556 361 590 Quia
380 565 444 584 vero
459 566 501 585 me
522 566 612 593 urges,
631 558 778 586 dicendum
796 563 838 586 est
855 566 905 592 pro
917 559 1035 586 viribus.
1051 560 1085 586 Et

291 608 372 630 antea
394 603 442 630 tibi
461 603 604 635 affirmavi.
618 609 646 631 et
658 605 757 632 iterum
770 605 887 637 afﬁrmo,
899 605 1084 632 architectum

293 649 480 676 univcrsitatis
495 650 577 685 hujus
595 656 640 677 tua
652 658 735 678 causa
751 651 883 678 mundum
900 651 974 678 hunc
991 651 1085 685 dupli-

291 703 362 727 cem,
380 696 550 730 superiorem
577 703 605 723 et
620 696 791 729 inferiorem,
808 700 860 724 sub
874 698 970 724 oculos
981 697 1082 725 caden-

292 746 347 768 tem
362 746 390 768 et
403 750 456 768 non
472 741 628 774 cadentem,
645 744 774 777 quodque
789 743 815 770 in
831 743 922 770 medio
935 743 1080 770 amborum

292 787 402 814 mistum
426 793 454 814 et
476 793 695 823 coagmentatum
719 794 769 820 est,
785 789 983 816 construxisse.
996 789 1082 822 Quem

292 840 354 859 cum
373 840 468 860 rursus
483 833 636 860 immutabit
658 839 685 860 et
705 834 856 865 innovabit,
871 834 954 861 etiam
971 838 1083 868 propter

292 883 320 906 t'e
344 883 475 913 tuumque
507 879 680 913 splendorem
719 883 746 905 et
771 879 885 913 gloriam
911 878 1081 906 innovabit:

290 931 350 951 mea
365 931 475 958 quoque
492 923 651 951 reformatio
670 929 698 951 et
717 923 824 951 reflctio
840 929 916 951 tuum
931 928 974 951 e51
985 924 1081 956 decus,

291 968 401 1003 quando
415 968 503 996 honor
519 969 643 1004 corporis
659 969 692 996 ad
714 969 752 1001 id,
777 969 850 1004 quod
874 969 907 996 ad
936 969 1082 1004 imaginem

290 1014 337 1041 Dei
351 1014 451 1041 factum
470 1019 520 1046 est,
539 1015 692 1042 redundat:
711 1015 782 1042 sicut
798 1019 904 1046 contra,
919 1015 942 1041 si
957 1019 1081 1041 contem-

290 1067 341 1086 nor
353 1064 380 1086 et
391 1055 552 1091 dedecoror,
569 1060 596 1087 id
611 1061 700 1095 ipsum
714 1067 824 1095 quoque
839 1064 884 1087 tua
899 1060 994 1087 refert.
1009 1060 1083 1087 Deus

289 1105 341 1133 sibi
360 1105 468 1139 suiﬁcit,
481 1106 556 1133 nullo
569 1107 668 1133 horum
680 1105 795 1141 indiget,
809 1113 863 1132 non
881 1105 985 1132 lumine
1010 1106 1076 1133 solis

288 1155 316 1177 ct
333 1151 414 1183 lunae,
441 1158 495 1178 non
523 1151 636 1178 orbibus
664 1151 834 1183 cccleslibus,
860 1159 915 1178 non
942 1155 1079 1178 terrarum

288 1196 394 1231 spoliis,
410 1204 465 1224 non
478 1202 597 1232 quatuor
614 1197 767 1224 elementis.
791 1197 863 1224 Nulli
889 1204 1002 1231 prorsus
1017 1204 1082 1231 ege-

288 1242 352 1268 stati
370 1241 493 1268 divinum
513 1241 619 1278 Numen
634 1242 801 1276 subjicitur:
823 1243 870 1277 qut
886 1242 959 1269 enim
976 1242 1030 1268 ulla
1052 1249 1082 1268 re

287 1287 403 1321 egeret?
423 1287 480 1322 (sed
501 1287 548 1314 tibi
567 1287 658 1315 omnia
673 1282 700 1315 et
724 1295 798 1314 nunc
815 1287 977 1322 impertivit,
1002 1291 1030 1313 et
1053 1286 1080 1313 in

286 1331 382 1358 futuro
398 1331 558 1366 impertiet).
580 1332 608 1359 Si
620 1340 686 1367 ergo
706 1332 750 1359 his
768 1340 827 1367 quae
843 1337 888 1358 tua
912 1339 993 1358 causa
1014 1340 1079 1365 pro-

287 1377 369 1404 ducta
395 1382 644 1410 sunt,oruamcnta
667 1379 771 1413 majora
798 1377 923 1412 quaedam
947 1377 1079 1408 conferet,

286 1422 332 1448 illa
347 1430 454 1457 quoque.
472 1427 584 1457 propter
610 1428 646 1453 te,
662 1428 691 1450 et
711 1429 756 1451 tua
781 1431 863 1453 causa
888 1423 1078 1451 conferentur.

286 1469 392 1496 Ablatis
404 1474 495 1497 autem
515 1469 563 1496 abs
581 1473 606 1496 te
622 1469 696 1497 hisce
712 1469 820 1497 duabus
844 1469 1031 1501 facultatibus,
1052 1470 1079 1497 in

286 1516 387 1550 quibus
400 1516 551 1550 cupidines,
565 1521 593 1542 et
612 1516 712 1542 irarum
728 1516 842 1543 ardores
856 1516 1003 1549 exsistunt,
1016 1516 1078 1550 qui-

287 1561 404 1589 buscum
421 1566 484 1588 nata
500 1567 527 1587 et
541 1561 634 1588 adulta
650 1569 690 1595 es,
705 1561 787 1589 simul
805 1567 879 1589 certe
894 1569 908 1589 a
920 1567 1019 1589 natura
1031 1566 1077 1589 tua

288 1607 393 1633 vitiosa:
414 1607 585 1639 affectiones,
602 1615 662 1642 quae
685 1615 718 1634 ex
742 1608 816 1634 hisce
832 1608 866 1634 ad
883 1608 1079 1635 detrimentum

288 1658 365 1679 tuum
379 1653 524 1687 prodeunt,
536 1653 705 1680 auferentur.
720 1653 759 1689 (Si
772 1658 863 1681 tamen
876 1654 913 1681 ita
924 1662 971 1681 eas
981 1662 1078 1682 vocare

287 1699 361 1730 lit-ct,
382 1699 454 1726 unde
475 1707 664 1734 smpenumcro
679 1700 793 1734 optima,
818 1704 845 1727 et
873 1700 990 1735 plurima
1012 1709 1078 1728 sane

289 1751 461 1778 I-romanaut.
478 1745 545 1772 Nam
571 1746 594 1773 si
620 1753 708 1778 mens,
727 1746 958 1780 quemadmodum
984 1747 1076 1780 debet,

288 1792 416 1819 omnibus
441 1792 584 1826 praesideat
616 1796 699 1827 atque
733 1793 869 1827 imperet!
900 1793 1076 1820 aﬂ‘cctionum

288 1846 367 1865 usum
386 1838 483 1865 rationi
498 1839 724 1872 convenientem;
745 1840 787 1866 sin
803 1842 905 1870 autem,
918 1839 1077 1866 earumdem

289 1890 368 1910 usum
384 1890 398 1909 a
417 1883 523 1910 ratione
538 1891 676 1915 aversum,
689 1888 717 1911 et
729 1884 825 1911 vitium
839 1884 981 1911 nominare
995 1892 1079 1919 opor-

287 1929 348 1963 tet)
365 1928 471 1963 E,‘enim
493 1928 515 1956 si
541 1929 595 1956 illis
608 1937 712 1962 careas,
728 1929 810 1956 simul
827 1937 905 1957 cares
931 1930 995 1960 bile.
1028 1930 1077 1962 ira,

287 1969 429 2001 iracundia
452 1978 480 2001 et
497 1974 658 2009 iniuriarum
680 1975 822 2007 memoria,
841 1975 950 2007 timore,
975 1975 1079 2002 timidi—

287 2025 363 2052 tate;
381 2027 432 2046 nec
446 2024 488 2046 cst
508 2020 562 2046 ulla
576 2021 647 2055 apud
667 2025 692 2047 te
721 2021 845 2053 audacia,
864 2029 918 2048 non
939 2022 1078 2049 aemulatio

287 2065 471 2093 contentionis
495 2072 608 2096 amans,
628 2073 682 2092 non
699 2066 825 2100 voluptas
850 2066 939 2100 aliqua
965 2067 1079 2094 rationis

288 2117 398 2144 expers,
413 2117 473 2144 qua:
490 2110 610 2136 animum
637 2110 709 2137 finde
729 2111 850 2138 concitet
865 2111 930 2138 :scd
952 2116 982 2138 ut
997 2112 1077 2138 simul

289 2155 419 2189 ingressas
445 2159 519 2184 sunt,
541 2155 581 2181 sic
605 2155 686 2182 simul
713 2155 825 2182 abeunt.
842 2156 1025 2191 Supercilium
1051 2161 1079 2184 et

290 2202 437 2228 ostentatio
459 2201 616 2232 cessabunt,
629 2201 651 2228 si
673 2200 712 2227 ira
735 2201 816 2228 desit.
837 2201 898 2228 Non
919 2201 972 2229 erit
999 2201 1076 2233 ﬁdes,

289 2254 344 2274 non
361 2254 433 2281 spes,
449 2247 470 2274 si
486 2254 540 2273 nou
559 2246 595 2274 sit
609 2246 755 2282 cupiditas.
770 2247 901 2274 Memoria
919 2251 1075 2274 evanescet.

1138 332 1288 358 individua.
1306 331 1366 358 Haec
1377 331 1457 358 ambo
1467 337 1558 359 autem
1574 332 1710 367 principio
1724 340 1778 359 non
1796 333 1922 360 habuisse

1139 381 1163 402 te
1193 377 1272 407 scias,
1290 377 1344 403 vim
1377 377 1587 411 concupiscendi
1628 382 1656 404 et
1686 377 1820 404 irascendi
1849 383 1921 412 puta,

1137 429 1216 451 erant
1231 424 1304 450 enim
1325 424 1440 450 rationis
1457 424 1598 458 expertia;
1615 424 1663 451 sed
1685 424 1824 459 posterius
1840 424 1922 450 indita

1139 467 1199 498 tibi,
1215 472 1242 494 et
1259 468 1383 502 apposita
1405 472 1469 495 sunt
1482 470 1511 500 ",
1529 473 1658 502 tanquam
1673 477 1748 495 arma
1761 469 1795 495 ad
1811 469 1922 503 propul-

1136 514 1252 542 sandum
1279 515 1537 549 devincendumque
1555 515 1757 546 adversarium,
1789 520 1820 542 ut
1836 523 1922 549 neque

1137 561 1294 587 vulneraret
1307 566 1343 592 te,
1359 560 1458 587 nudam
1472 561 1594 592 intuens,
1612 561 1809 595 nequcjaculis
1827 560 1922 595 igneis,

1136 611 1163 633 et
1179 607 1267 633 acutis
1279 606 1382 633 feriret.
1402 606 1492 633 Finito
1510 611 1599 633 autem
1623 606 1705 637 bello,
1722 606 1923 640 prostratisque

1138 652 1269 683 inimicis,
1285 656 1312 678 et
1337 659 1404 686 pace
1428 651 1654 685 tranquillissima
1685 656 1846 681 consecuta,
1876 651 1923 677 im-

1136 697 1343 732 pressioueque,
1353 697 1436 729 lucta,
1446 701 1474 724 et
1483 704 1571 731 pugna
1581 696 1725 726 confectis,
1741 696 1923 730 hostibusque

1136 742 1234 769 robore
1257 746 1285 769 ct
1311 742 1425 769 audacia
1454 742 1586 776 spoliatis,
1608 746 1636 768 et
1655 742 1736 775 longe
1750 741 1778 768 in
1792 741 1923 776 gehennaa

1136 787 1224 821 ignem
1247 787 1388 822 projectis,
1404 787 1468 821 quid
1486 787 1538 813 ista
1566 787 1641 813 velut
1657 794 1734 814 arma
1757 786 1792 812 de
1824 790 1923 812 caetero

1136 833 1184 859 tibi
1216 832 1377 867 proderunt,
1409 832 1514 859 videnti
1545 836 1573 859 et
1600 831 1701 858 ridenti
1733 831 1922 858 adversarium

1132 880 1187 913 jam
1196 878 1360 904 exstinctum
1372 877 1491 904 tAderat
1503 881 1594 904 autem
1607 877 1655 904 tibi
1672 884 1734 904 cum
1744 880 1837 903 mente
1854 876 1923 902 ratio

1136 931 1202 959 pura
1214 929 1289 958 puta,
1309 923 1471 955 castissima,
1490 923 1648 950 sinceritate
1662 922 1780 957 fulgens,
1796 922 1839 948 vis
1857 929 1919 948 eon-

1100 961 1120 987 B
1137 969 1296 1004 templandi,
1320 963 1472 1004 iudicandi,
1488 974 1516 996 et
1535 969 1595 1004 ejus
1613 969 1680 996 idem
1695 967 1842 998 divinitas;
1856 967 1921 994 sim-

1138 1015 1257 1049 plicitas,
1278 1023 1340 1042 cum
1368 1023 1421 1049 qua
1442 1015 1582 1042 conditum
1607 1020 1659 1046 est,
1677 1014 1751 1048 quod
1769 1018 1812 1040 est
1826 1020 1922 1040 secun-

1137 1061 1202 1087 dum
1229 1061 1372 1095 imaginem
1393 1060 1450 1087 Dei.
1476 1060 1560 1093 Quale
1585 1059 1709 1086 divinum
1738 1059 1920 1093 spiraculum,

1136 1115 1186 1142 per
1209 1107 1282 1140 quod
1299 1106 1437 1135 subsistis.
1452 1114 1466 1133 a
1488 1105 1624 1140 principio
1640 1105 1772 1137 habuisti,
1803 1104 1856 1130 tale
1880 1112 1922 1130 re-

1135 1152 1230 1186 cipies,
1249 1157 1331 1186 atque
1352 1152 1416 1178 hinc
1449 1151 1632 1181 nobilissima,
1648 1155 1677 1178 et
1712 1150 1920 1180 formosissima,

1135 1203 1163 1224 et
1183 1205 1265 1232 supra
1288 1205 1384 1224 omnes
1398 1197 1509 1224 ordines
1523 1196 1677 1224 cmlestium
1695 1195 1852 1230 apparebis.
1868 1195 1922 1221 Au-

1136 1243 1194 1270 ditu
1224 1251 1337 1273 novum.
1351 1247 1379 1270 et
1405 1243 1463 1270 visu
1481 1242 1653 1270 tremendum
1671 1241 1734 1273 erit,
1750 1241 1889 1276 quomodo
1906 1247 1920 1266 a

1135 1289 1221 1323 gloria
1235 1289 1261 1314 in
1272 1288 1461 1315 sublimiorem
1473 1287 1587 1322 gloriam
1599 1287 1743 1314 ascendes.
1759 1286 1818 1313 Hoc
1830 1291 1920 1312 tamen

1136 1335 1196 1361 κατ’
1208 1335 1301 1361 εἰκόνα
1321 1335 1355 1360 ad
1366 1335 1507 1368 imaginem
1524 1333 1580 1363 Dei,
1598 1340 1678 1359 nosse
1694 1336 1803 1367 oportet
1821 1331 1920 1358 arche-

1136 1384 1201 1416 typo
1214 1387 1274 1407 esse
1287 1379 1386 1410 simile,
1401 1383 1429 1406 et
1446 1378 1478 1405 ad
1494 1377 1561 1405 illud
1575 1377 1728 1404 imitatione
1741 1375 1919 1404 contendere.

1135 1434 1168 1453 eo
1185 1425 1323 1460 respicere
1338 1434 1344 1452 :
1362 1425 1467 1459 etquod
1480 1428 1570 1451 mente
1585 1426 1690 1450 tantum
1701 1426 1729 1449 et
1741 1421 1921 1455 intelligentia

1135 1472 1303 1503 continetur,
1315 1470 1385 1497 velle
1399 1470 1439 1496 illi
1455 1469 1540 1497 menti
1563 1469 1662 1497 divinae
1686 1467 1804 1495 evadere
1818 1464 1934 1494 simile.'

1135 1517 1193 1544 Non
1221 1520 1348 1551 apportat
1376 1516 1486 1548 molem,
1507 1523 1558 1542 nec
1584 1514 1773 1545 latitudinem,
1793 1520 1846 1540 nec
1861 1520 1921 1546 pro-

1135 1565 1389 1592 funditatem:non
1418 1563 1605 1595 intervallum,
1624 1570 1678 1589 non
1706 1560 1919 1592 dimensionem,

1136 1618 1189 1637 non
1205 1617 1362 1637 mensuram
1380 1618 1386 1636 :
1400 1609 1434 1636 ab
1448 1609 1524 1636 hisce
1534 1608 1662 1635 omnibus
1677 1606 1790 1633 omnino
1802 1605 1919 1632 liberum

1132 1660 1184 1689 est,
1199 1656 1258 1684 κατ’
1272 1655 1364 1683 εἰκόνα
1378 1655 1449 1690 quod
1462 1659 1505 1682 est
1521 1654 1547 1681 in
1563 1655 1665 1683 anima.
1678 1652 1752 1680 aliud
1765 1651 1918 1686 quidduam

1133 1708 1185 1734 est,
1205 1702 1278 1737 quod
1297 1711 1329 1730 ex
1338 1701 1544 1736 comparatione
1564 1699 1597 1726 ad
1613 1699 1782 1733 archetypon
1795 1697 1918 1724 omnium

1134 1749 1358 1784 antiquissimum
1389 1752 1417 1774 et
1446 1746 1607 1776 maximum,
1620 1749 1647 1772 et
1664 1743 1738 1779 quod
1766 1742 1919 1770 secundum

1133 1798 1239 1821 natura:
1254 1801 1309 1820 suae
1324 1792 1518 1827 proprietatem
1545 1790 1626 1817 simul
1644 1795 1672 1816 et
1695 1788 1780 1816 semel
1798 1788 1852 1815 tale
1867 1792 1918 1818 est,

1134 1839 1322 1874 intelligimus.
1337 1837 1404 1864 illud
1422 1836 1540 1872 primum
1556 1840 1584 1862 et
1597 1835 1763 1867 inereatum,
1777 1833 1831 1860 hoc
1844 1840 1920 1860 cree-

1134 1891 1191 1913 tum
1203 1889 1256 1913 est.
1268 1883 1337 1911 Illud
1353 1887 1451 1910 natura
1463 1887 1507 1909 est
1521 1889 1620 1916 expers
1637 1880 1777 1915 principii,
1796 1879 1918 1905 omnium

1133 1940 1224 1959 rerum
1238 1930 1374 1966 princeps,
1390 1933 1418 1956 et
1428 1928 1506 1963 plena
1516 1934 1598 1954 causa
1614 1935 1621 1953 :
1636 1926 1690 1953 hoc
1704 1928 1796 1952 autem
1805 1924 1918 1951 omnino

1134 1978 1237 2012 coepit:
1254 1981 1296 2004 est
1321 1974 1457 2010 siquidem
1490 1980 1536 2000 res
1561 1972 1671 1999 condita
1685 1971 1747 2006 (nec
1770 1971 1844 1997 enim
1863 1971 1916 2004 jam

1135 2025 1222 2058 imago
1235 2022 1290 2050 dici
1312 2025 1411 2056 potest,
1431 2020 1455 2047 si
1475 2026 1583 2053 semper
1596 2017 1648 2052 est)
1664 2016 1815 2050 exemplari
1831 2015 1918 2050 primo

1131 2071 1235 2104 absque
1245 2067 1396 2095 mutatione
1405 2073 1486 2102 quam
1497 2064 1679 2092 simillimum.
1693 2063 1750 2089 Hoc
1761 2063 1846 2097 igitur
1861 2069 1918 2088 ma-

1133 2116 1231 2142 nifeste
1248 2117 1340 2142 creata
1362 2116 1472 2144 natura,
1499 2115 1528 2138 et
1544 2110 1684 2137 conditum
1707 2108 1850 2143 quippiam
1866 2111 1916 2134 εει.

1132 2161 1235 2188 Natura
1246 2164 1337 2186 autem
1349 2161 1377 2185 et
1391 2157 1461 2183 ratio
1476 2155 1661 2185 conditorum,
1673 2153 1738 2187 quid
1750 2152 1860 2179 tandem
1872 2152 1916 2180 sit.

1131 2206 1199 2233 satis
1225 2205 1322 2232 claret.
1337 2202 1415 2236 Quod
1432 2202 1454 2228 si
1481 2207 1576 2227 verum
1596 2203 1639 2227 cst
1657 2198 1731 2233 quod
1751 2198 1865 2227 dicitur,
1881 2196 1917 2224 si-

1132 2251 1188 2278 cuti
1218 2251 1299 2284 plane
1329 2253 1381 2280 est,
1394 2254 1475 2282 quam
1500 2251 1530 2273 tu
1547 2245 1676 2280 majorem
1703 2245 1775 2270 hanc
1790 2243 1915 2277 gloriam,

289 2293 356 2326 Quis
371 2292 443 2319 enim
455 2292 513 2327 ejus
529 2292 616 2320 usus?
631 2293 720 2327 Atque
736 2293 794 2320 haec
813 2293 936 2328 quinque
953 2298 1017 2320 sunt
1035 2301 1074 2319 ra~
1094 2293 1116 2319 Ι)
1131 2302 1178 2324 aut
1191 2304 1272 2331 quem
1303 2295 1385 2322 alium
1407 2293 1552 2324 honorem,
1566 2291 1660 2318 divino
1685 2289 1914 2324 praestantiorem,

288 2339 382 2371 tionis,
397 2344 428 2365 ut
445 2339 482 2365 ita
499 2338 599 2371 dicam,
615 2338 737 2373 germina
749 2341 767 2366 '.

323 2385 439 2412 Vacabis
451 2385 532 2420 igitur
543 2385 583 2412 ira
594 2391 620 2412 et
635 2385 798 2420 cupiditate,
818 2393 865 2412 seu
879 2387 1081 2420 concupiscen-

288 2431 337 2458 tia.
352 2430 420 2457 Cum
438 2431 512 2458 enim
532 2430 565 2457 ad
586 2430 675 2465 ipsum
702 2431 782 2457 ﬁnem
805 2435 832 2457 et
863 2438 1015 2458 extremum
1031 2439 1080 2458 eo-

289 2484 361 2508 rum,
380 2476 406 2503 in
420 2484 481 2511 qua:
499 2476 637 2511 appetitus
650 2476 737 2503 fertur
761 2476 929 2510 perveneris,
943 2477 1018 2503 nullo
1034 2477 1081 2503 ho-

287 2530 348 2549 rmn
359 2522 407 2549 tibi
420 2530 489 2557 opus
499 2522 553 2550 erit
571 2522 669 2556 :longe
682 2523 820 2550 recedent.
838 2523 963 2550 Veterem
973 2523 1074 2558 quippe

288 2567 430 2594 hominem
451 2569 560 2602 penitus
576 2576 690 2600 exuens,
711 2576 764 2595 una
780 2576 843 2595 cum
862 2568 921 2602 ipso
938 2568 1073 2603 quidquid

288 2613 371 2640 habet
398 2613 486 2645 exuis,
514 2613 669 2648 iterumque
690 2613 723 2640 ad
750 2614 832 2641 vitam
847 2614 1075 2641 omuidoloreli-

288 2661 382 2687 heram
409 2660 539 2687 recurris.
568 2660 630 2688 Sola
659 2660 780 2688 Charitas
800 2661 826 2687 in
841 2665 1005 2695 perpetuum
1026 2660 1073 2686 tibi

1131 2342 1180 2369 tibi
1198 2340 1393 2375 concupiscis?
1410 2339 1471 2366 Haec
1488 2345 1503 2364 a
1519 2344 1561 2364 me
1584 2336 1722 2370 disputata
1743 2333 1916 2364 intellexisti,

1131 2393 1161 2416 ut
1189 2388 1297 2422 opinor.
1317 2387 1406 2414 Unum
1431 2393 1462 2411 ea
1487 2384 1556 2410 citra
1579 2381 1781 2409 dubitationem
1807 2379 1916 2409 credas,

1130 2437 1157 2460 ct
1171 2432 1281 2466 probes,
1293 2435 1321 2457 et
1339 2429 1477 2459 admittas,
1495 2435 1529 2454 an
1543 2427 1621 2453 nihili
1645 2425 1780 2456 facienda,
1797 2429 1826 2451 et
1839 2424 1915 2454 faISa,

1129 2483 1157 2504 et
1171 2481 1265 2511 aperte
1280 2475 1408 2505 ridicula,
1425 2479 1454 2500 et
1475 2480 1562 2507 nugas
1579 2471 1716 2498 arbitrere
1738 2469 1822 2504 (quod
1840 2469 1916 2503 equi-

1132 2523 1195 2550 dem
1225 2530 1278 2548 nou
1295 2520 1371 2555 puto)
1395 2527 1476 2546 nosse
1499 2518 1589 2553 cupio.
1604 2516 1653 2544 Dic
1674 2515 1740 2550 quid
1754 2514 1877 2545 laudent,
1889 2517 1916 2540 ct

1133 2567 1271 2602 quomodo
1288 2567 1321 2592 de
1339 2565 1381 2592 his
1398 2564 1511 2592 sentias.

1165 2613 1263 2642 Amm,
1281 2611 1340 2638 Non
1366 2617 1416 2644 ego
1430 2609 1482 2636 ista
1509 2607 1587 2634 nihili
1619 2606 1701 2635 facio,
1735 2605 1817 2636 absit,
1844 2604 1915 2630 Deus

1129 2658 1243 2685 meliora
1262 2666 1268 2684 :
1288 2656 1335 2683 sed
1361 2655 1483 2682 delector
1501 2654 1583 2681 dictis
1614 2652 1676 2682 tuis,
1695 2651 1838 2678 verissime
1855 2657 1912 2676 am—

1019 2731 1156 2762 Scholia.

324 2799 333 2806 ⁹
350 2796 509 2828 Gregorius.
540 2795 693 2822 Memoriam
722 2795 831 2821 dicimus
853 2796 882 2820 (lc
907 2796 937 2821 iis
960 2803 1016 2826 qua:
1040 2793 1075 2819 nr.’

290 2831 372 2857 brum
391 2837 414 2857 ct
440 2831 528 2857 divina
543 2834 672 2864 spectant.
695 2830 765 2857 Nam
777 2830 844 2861 quod
862 2829 941 2856 oculis
958 2838 1071 2862 usurpa-

291 2871 343 2893 tur.
365 2866 491 2892 memoria
517 2873 567 2890 non
579 2865 686 2899 indiget.
701 2865 831 2891 Similiter
846 2870 868 2890 ct
888 2865 963 2897 fides,
978 2869 1000 2889 et
1015 2871 1072 2896 δρινκ

291 2905 351 2924 Imu:
370 2909 419 2925 nun
441 2900 551 2925 tulerunt
564 2907 571 2924 :
584 2899 640 2925 sola
652 2901 767 2926 rlmrillrs
789 2907 870 2930 neque
884 2907 952 2924 mer
969 2899 1071 2927 dmiuil,

292 2942 337 2958 ιιιτι·
353 2935 376 2960 iu
399 2935 485 2968 futuro
501 2934 610 2966 «lcainel,
630 2935 675 2960 sed
690 2939 807 2969 augeam"!
820 2934 942 2968 amp/ius.

1165 2794 1184 2802 "
1197 2791 1354 2826 Gregorius.
1367 2789 1484 2826 Simplex
1495 2794 1519 2826 et
1534 2788 1672 2826 uniformis
1688 2787 1719 2812 ab
1734 2786 1810 2812 initio
1823 2784 1912 2826 animo

1129 2824 1266 2862 procreati:
1289 2830 1337 2855 est,
1357 2824 1524 2862 ινιτοιιψιιιδιίἓ
1541 2824 1740 2862 inquam-nutrit
1768 2824 1857 2862 meme
1867 2826 1912 2862 sua

1129 2853 1152 2888 iit
1177 2862 1289 2889 ratione.
1320 2853 1389 2894 quin!
1415 2853 1471 2884 erat
1487 2853 1615 2894 tlivinitm
1641 2855 1708 2894 illud
1740 2853 1911 2894 “oratr-tilum.

1131 2897 1226 2923 Deinde
1240 2897 1276 2922 sic
1287 2889 1332 2921 illi
1346 2895 1385 2920 ira
1398 2897 1421 2919 et
1433 2893 1560 2926 cupiditas
1577 2895 1674 2917 natura
1689 2889 1842 2916 irrationali
1852 2895 1911 2915 con-

1128 2936 1225 2957 stantes
1245 2930 1372 2964 repulnla’
1383 2933 1452 2954 sunt.
