2034 3153
135 198 185 230 ’189

838 195 1016 226 DlOPTRA.

1701 193 1757 225 790

134 257 244 292 plector,
261 255 392 289 suscipio,
406 256 562 290 acquiesco,
576 253 709 286 admiror,
723 252 831 283 solutis,
853 260 913 287 quae
931 254 951 282 Α
967 252 1018 278 vim
1046 251 1255 286 com-apiscendi.
1282 256 1309 278 et
1344 251 1373 277 τδ
1389 251 1540 286 Θυμοειδὲς,
1572 251 1598 278 id
1628 257 1680 282 est.
1703 252 1756 278 vim

132 301 301 332 dubitabam,
316 305 448 336 quantum
465 301 532 328 satis
549 305 602 328 cst.
616 299 644 327 Si
668 299 748 326 ﬁdem
770 299 914 333 denegem,

134 346 228 374 merito
242 345 440 380 reprehendar.
454 345 509 373 Nec
519 350 562 373 est
575 345 746 372 orthodoxus
758 352 808 371 nec
833 344 916 370 habet

132 396 235 426 partem
254 398 317 417 cum
334 390 423 418 Verbo
436 399 468 418 ac
483 391 608 421 Domino,
624 390 671 425 qui
686 389 729 416 ltis
741 389 915 419 adversatur,

132 443 181 463 nec
194 435 292 470 dignus
306 435 379 462 illius
391 435 496 470 nuptiis
511 440 539 462 et
560 435 681 462 thalamo
695 444 702 462 :
714 435 762 462 sed
786 434 914 463 inﬁdelis,

131 482 318 516 blasphemus,
344 481 503 509 Sadducmis
528 481 650 509 deterior
673 483 838 509 censendus.
860 480 917 514 Ego

131 535 204 559 vero,
218 528 305 562 gratia
319 527 432 560 Christi,
449 528 497 554 abs
521 533 545 554 te
567 527 668 555 auditis
687 527 767 554 ﬁdem
786 527 915 561 adjungo,

129 579 155 599 et
169 573 204 600 ita
227 573 298 600 facta
319 581 380 600 esse
409 573 476 606 lucc,
495 579 524 601 ut
538 577 565 600 tu
592 573 686 606 doces,
713 581 766 600 non
782 579 916 607 repugno.

129 619 209 645 Nullo
223 619 304 646 modo
317 619 488 648 contradico.
506 620 588 647 crede
603 619 682 650 milti,
698 623 726 646 et
740 619 775 646 ita
788 619 835 645 libi
855 626 917 653 per«

128 664 224 691 suade.
242 665 310 691 Illud
324 665 514 692 tantummodo
531 670 557 692 te
572 665 699 697 obsecro,
711 669 740 692 ut
753 664 834 692 dictis
847 672 917 699 quo-

128 718 181 745 que
194 710 437 738 conﬁrmationem
446 711 588 739 adhibeas.
597 711 684 744 Quam
700 711 723 738 si
736 718 787 745 pro
800 711 918 745 quzesito

128 763 272 790 accepero,
295 756 467 784 satisfactum
491 757 558 784 mihi
582 756 684 791 putabo
708 757 736 783 in
762 756 916 783 omnibus:

127 809 156 828 et
178 802 232 830 hoc
261 810 317 837 pra:
337 803 397 829 aliis
423 804 578 835 immotum,
600 803 806 835 inconcussutn,
823 807 850 830 et
865 803 918 829 alta

128 847 221 875 radice
240 848 322 876 ﬁxum
351 857 383 877 ac
407 849 515 876 ﬁrmum
547 849 574 876 in
594 855 707 884 pectore
737 850 917 877 conservabo.

126 893 247 920 Tantum
256 902 330 923 cave.
339 904 372 922 nc
380 896 472 931 aliquo
484 895 564 923 modo
573 903 655 923 voces
665 896 739 930 ipsas
747 900 916 927 commutes;

125 939 174 966 sed
190 944 220 966 ut
234 945 308 972 sunt.
328 942 364 969 ita
378 942 490 972 referas,
506 946 534 969 et
551 942 583 968 ad
607 944 722 969 verbum
747 941 844 969 recita.

430 987 545 1015 CAPUT
560 987 629 1016 XVI.

125 1035 158 1062 Β.
183 1034 306 1069 Gregorii
321 1034 432 1068 Nyssent'
462 1033 532 1060 locus
550 1034 581 1060 de
603 1034 694 1061 animo
725 1035 920 1069 tripartito,”

160 1068 342 1103 disputatione
360 1070 392 1095 de
406 1069 497 1095 animo
507 1074 532 1095 et
559 1069 759 1100 resurrectione,
778 1077 836 1095 cum
855 1068 913 1095 Ma-

159 1106 239 1132 crino
253 1112 343 1132 sorore
360 1104 450 1131 habita
464 1103 515 1138 (α).

161 1163 369 1190 Ιατειικοολτιο.
384 1162 513 1190 Animum
526 1163 604 1190 aiunt
624 1171 685 1190 esse
704 1163 918 1191 intellectualem

122 1213 269 1240 naturam.
284 1214 313 1236 et
337 1210 563 1237 instrumentario
589 1211 697 1244 corpori
722 1211 834 1237 vitalem
864 1211 919 1237 vim

121 1255 157 1282 ad
174 1263 308 1282 sensuum
317 1255 492 1283 efﬁcientiam
501 1261 583 1291 atque
595 1256 731 1283 actionem
745 1257 919 1291 ingenerare.

123 1301 196 1327 Nam
214 1309 272 1328 non
299 1302 387 1328 solum
402 1302 474 1329 circa
490 1310 550 1329 eam
567 1303 668 1329 mentis
682 1307 782 1329 nostra:
792 1302 920 1337 agitatio-

122 1355 203 1378 nem.
234 1356 288 1382 qtta
318 1348 449 1376 scientias
475 1349 644 1383 percipimus
676 1357 708 1376 ac
734 1350 919 1384 speculamur,

123 1394 225 1422 (δαῖε-ει
253 1399 282 1421 et
298 1399 410 1421 artuosa
439 1395 529 1421 anima
547 1399 640 1422 nostra
655 1399 707 1427 est,
720 1403 769 1430 per
783 1403 843 1423 eam
861 1403 922 1430 qua:

123 1444 223 1477 mente
235 1444 353 1472 constat,
363 1445 390 1467 et
404 1440 586 1475 intelligentia
603 1449 659 1468 sum
672 1446 778 1468 naturte
790 1442 844 1468 vim
856 1442 919 1469 talia

123 1485 261 1517 cﬂicicns,
280 1493 369 1520 neque
379 1486 502 1513 sensoria
517 1493 591 1516 vasa,
608 1486 845 1521 instrumentaque
863 1487 919 1514 sola

123 1532 158 1559 ad
178 1532 337 1559 naturalem
355 1532 540 1563 efﬁcientiam,
558 1533 803 1568 operationemqttc
819 1534 919 1569 guber-

968 299 1016 325 ira:
1030 298 1235 330 cancitatricem,
1263 298 1343 325 simul
1358 306 1391 324 ne
1402 298 1483 325 insita
1496 297 1521 324 in
1534 297 1631 324 animm
1647 303 1756 326 natura.

968 349 996 372 et
1009 345 1086 380 quasi
1099 345 1293 378 coessentiata,
1306 350 1386 379 atque
1397 344 1650 376 consubstantiata,
1668 348 1696 370 et
1722 343 1757 370 ab

970 391 1050 418 initio
1073 398 1135 418 cum
1163 398 1193 417 ra
1218 390 1285 423 sint,
1301 395 1383 425 atque
1402 398 1417 417 a
1431 390 1566 425 principio
1597 389 1689 416 statim
1705 396 1757 415 una

970 445 1032 464 cum
1048 437 1190 464 creatione
1219 441 1246 464 et
1266 436 1465 464 constitutione
1490 436 1550 471 ejus
1573 435 1755 462 exstiterint:

969 492 1002 510 an
1018 483 1100 510 etiam
1120 482 1224 517 aliquid
1237 482 1322 513 aliud,
1339 488 1421 517 atque
1442 482 1500 517 ipsa
1529 482 1596 511 sint,
1612 485 1636 507 et
1664 485 1758 514 poste-

970 530 1027 555 rius
1043 529 1123 555 nobis
1141 528 1320 556 arcesserint.
1347 528 1415 555 Nam
1434 528 1506 562 quod
1530 528 1587 555 haec
1600 527 1711 561 quidem
1731 526 1762 552 in

969 575 1059 601 anima
1073 579 1233 606 cernantur,
1264 582 1296 601 ex
1322 582 1401 609 atquo
1428 578 1537 601 constat
1562 574 1633 600 inter
1651 580 1757 599 omnes.

968 622 1039 655 Quid
1057 626 1148 649 autem
1173 621 1206 649 de
1229 621 1270 649 eis
1294 621 1452 649 existimare
1474 625 1610 656 oporteat,
1638 620 1759 647 nomium

969 669 1049 703 plene
1066 671 1148 702 atque
1167 667 1288 702 perfecte
1301 668 1371 694 ratio
1383 671 1509 694 assecuta
1521 671 1574 697 est.
1602 671 1632 693 ut
1653 666 1760 692 ﬁrmata

970 714 1004 741 dc
1021 713 1179 740 ltisltaheat
1204 713 1363 748 opinionem
1384 721 1390 739 :
1415 712 1461 740 sed
1485 713 1584 747 vulgus
1609 712 1761 739 etiamnum

969 759 1045 795 vagis
1069 759 1209 794 falsisque,
1247 767 1278 786 ac
1301 759 1420 786 diversis
1448 758 1629 793 opinionibus
1657 757 1691 784 de
1717 757 1762 784 bis

971 805 1095 840 ambigit.
1123 805 1178 832 Nos
1208 813 1285 838 vero,
1307 810 1411 832 mlerna
1437 804 1614 840 philosophia
1653 803 1761 835 relicta,

971 856 1068 878 testem
1084 843 1209 878 divinam
1229 850 1401 885 Scripturam
1423 850 1602 881 asciscamus,
1617 856 1679 883 qtm
1706 853 1763 875 sta—

971 897 1034 929 tuit,
1059 901 1089 923 ut
1119 896 1186 923 nihil
1216 896 1242 923 in
1262 896 1354 923 anima
1386 902 1515 931 putemus
1528 895 1659 923 eximium
1679 894 1763 921 etiuw

971 943 1058 978 signe,
1083 942 1155 977 quod
1175 949 1230 969 non
1249 942 1331 969 etiam
1362 942 1463 969 divina:
1486 945 1592 968 natura:
1621 939 1762 975 proprium

972 989 1016 1016 sit.
1029 989 1081 1022 Qui
1098 989 1171 1015 enim
1185 988 1397 1016 sitnilitudinem
1414 987 1460 1015 Dei
1477 988 1595 1014 animam
1609 994 1670 1013 esse
1681 986 1761 1017 dixit,

972 1035 1132 1070 quidquida
1154 1035 1209 1062 Deo
1238 1035 1357 1062 alienum
1385 1039 1439 1066 est,
1466 1038 1543 1060 extra
1570 1033 1762 1060 deﬁnitionem

972 1082 1070 1108 animat
1096 1089 1156 1108 esse
1187 1081 1348 1108 declaravit.
1379 1080 1450 1116 Ergo
1480 1078 1611 1114 quoniam
1628 1077 1762 1113 ejusmodi

973 1127 1041 1155 nihil
1062 1135 1123 1154 cum
1136 1127 1230 1154 divina
1252 1127 1379 1154 cernitur
1397 1131 1506 1158 natura,
1523 1133 1559 1153 ne
1584 1125 1682 1152 animae
1702 1124 1764 1159 qui-

972 1175 1034 1202 dem
1052 1174 1111 1201 haec
1129 1173 1223 1203 insita.
1236 1178 1265 1200 ct
1279 1173 1357 1207 quasi
1390 1172 1572 1200 coesseutiata
1593 1178 1663 1203 esse,
1689 1174 1764 1197 recte

973 1219 1035 1253 quis
1049 1218 1260 1246 exisﬁmavcrit.
1274 1217 1344 1250 Quid
1363 1217 1447 1252 igitur
1468 1221 1511 1244 est
1526 1216 1599 1251 quod
1625 1214 1765 1243 dicimus?

972 1265 1050 1297 Quod
1069 1265 1121 1292 hoc
1148 1264 1263 1291 rationis
1288 1264 1429 1298 particeps
1453 1262 1566 1294 animal,
1586 1261 1669 1288 homo
1683 1261 1765 1288 nimi-

973 1319 1045 1340 rum,
1074 1309 1262 1344 intelligentiae
1292 1313 1374 1343 atque
1402 1308 1525 1335 scientia:
1542 1315 1627 1342 capax
1652 1307 1698 1338 sit,
1721 1307 1764 1334 vel

972 1364 1068 1383 eorum
1082 1356 1130 1391 qui
1147 1365 1162 1382 a
1180 1356 1287 1382 ratione
1304 1359 1403 1382 nostra:
1426 1354 1489 1381 ﬁdei
1519 1359 1602 1388 atque
1625 1353 1765 1389 religionis

975 1402 1056 1429 alieni
1069 1407 1144 1434 sunt,
1159 1401 1319 1428 testimonio
1332 1399 1544 1435 comprobatum
1570 1404 1613 1426 est
1635 1408 1641 1425 ε
1663 1399 1767 1434 quippe

974 1456 1028 1475 non
1044 1448 1081 1476 ita
1095 1453 1222 1475 naturam
1234 1452 1357 1474 nostram
1379 1446 1565 1481 descriptura,
1586 1453 1618 1472 ac
1639 1445 1765 1480 designa-

976 1499 1038 1520 tura
1054 1493 1180 1520 deﬁnitio
1195 1492 1304 1524 fuisset,
1315 1492 1346 1526 [si
1365 1491 1475 1526 quidem
1497 1496 1524 1518 et
1541 1490 1722 1523 iracundiam,
1737 1493 1766 1517 et

975 1539 1239 1573 concupiscentiam,
1256 1542 1284 1565 et
1301 1537 1460 1573 huiusmodi
1477 1537 1568 1563 omnia
1586 1544 1648 1564 cum
1671 1540 1765 1563 nostra

123 1583 193 1605 nat:
209 1577 261 1605 sed
278 1579 382 1605 tnultus
408 1578 519 1613 quidem
539 1578 709 1613 cupiditatis,
736 1579 840 1606 multus
855 1579 920 1606 item

976 1586 1062 1617 unita,
1078 1590 1106 1611 et
1118 1584 1197 1619 quasi
1217 1583 1410 1616 cocssentiata,
1430 1587 1511 1618 atque
1529 1582 1764 1609 consubstatttiata

123 1624 281 1652 iracundia:
302 1632 413 1659 quoque
426 1630 518 1652 motus
541 1626 567 1652 in
584 1626 644 1661 ejus
667 1630 763 1652 natura
787 1626 920 1654 cernitur.

119 1670 192 1697 Cum
212 1676 309 1698 autctn
326 1671 424 1698 horum
444 1677 594 1706 utrumque
618 1672 783 1706 generaliter
801 1672 826 1698 in
843 1672 922 1699 noliis

122 1717 202 1746 insit.
214 1717 246 1744 in
262 1717 347 1744 multa
361 1717 474 1751 pariter,
494 1724 525 1744 ac
536 1717 622 1748 varia,
635 1717 793 1745 actionibus
802 1718 922 1746 elilcicn-

121 1762 228 1798 tiisque
251 1763 385 1790 malorum
408 1763 536 1798 progredi
571 1767 676 1790 motum
701 1763 835 1791 videmus.
854 1764 920 1791 Nam

122 1809 212 1835 multa
226 1808 344 1843 quidem
357 1809 450 1836 videre
467 1809 542 1839 licet.
564 1817 682 1844 quorum
708 1810 923 1845 concupiscendi

122 1853 164 1881 vis
179 1858 288 1881 auctor
315 1861 347 1881 ac
361 1854 417 1881 dux
430 1859 470 1881 est
489 1863 495 1881 :
510 1863 606 1882 rursus
618 1855 683 1883 item
702 1856 787 1882 multa
805 1864 819 1882 a
842 1863 924 1883 causa

120 1900 171 1928 ira:
188 1900 377 1928 concitatricc
390 1904 552 1930 nascuntur.
569 1909 601 1929 ac
619 1902 725 1928 nullum
744 1902 842 1929 horum
861 1910 924 1929 cor-

121 1954 175 1981 pus
191 1951 252 1974 est.
269 1946 348 1979 Quod
364 1951 456 1974 autem
467 1947 663 1982 incorporeum
675 1952 727 1979 est,
739 1947 924 1975 intellectuale

120 2000 250 2027 prorsus
276 1997 329 2024 est,
345 1993 458 2026 solaque
475 1998 568 2020 mente
588 1997 708 2020 constat.
732 1993 820 2020 Porro
844 1994 925 2021 intel-

120 2038 279 2066 lectualem
292 2037 449 2073 quamdam,
460 2038 572 2072 solaque
591 2043 684 2065 mente
701 2042 883 2068 constantem.
897 2043 926 2066 ct

121 2083 414 2120 comprehensibilem
443 2091 501 2110 rem
516 2091 576 2111 esse
591 2083 721 2116 animam,
734 2083 859 2111 deﬁnitio
877 2084 925 2112 de-

123 2132 259 2159 claravit.
278 2131 314 2159 Ut
337 2131 455 2158 duorum
480 2130 662 2157 absurdot'um
676 2130 792 2157 alterum
808 2137 842 2157 ex
857 2138 923 2158 con-

123 2177 280 2213 sequentia
296 2177 428 2203 orationis
446 2176 559 2203 exsistat
574 2181 656 2210 atque
676 2181 810 2211 emergat.
828 2181 875 2204 aut
893 2181 924 2204 ut

125 2223 280 2252 iracundia
305 2225 418 2258 ‘quoque
447 2227 529 2257 atque
559 2223 695 2257 cupiditas
723 2223 783 2250 alia:
799 2223 825 2250 in
845 2224 925 2250 nobis

123 2270 232 2297 anima:
245 2269 312 2300 sint,
325 2274 352 2296 et
365 2276 414 2303 pro
426 2276 480 2296 una
495 2267 643 2296 multitudo
658 2268 813 2295 animarum
831 2269 926 2304 depre-

124 2317 276 2344 hendatur
300 2320 381 2350 atque
407 2316 640 2343 animadvertatur
658 2324 665 2342 :
683 2319 730 2342 aut
765 2323 799 2343 ne
827 2316 927 2343 mentis

124 2363 249 2398 quidem
263 2361 402 2396 agitatrix,
419 2366 446 2388 et
460 2362 631 2398 intelligendi
644 2362 686 2389 vis
698 2363 725 2388 itt
735 2361 826 2394 nobis,
837 2361 928 2389 anima

123 2417 191 2437 esse
222 2412 347 2442 putetur.
373 2408 440 2434 Natu
474 2409 660 2436 intellectuale
691 2408 804 2442 solaque
835 2413 927 2435 mente

124 2457 281 2483 constans,
308 2456 335 2478 ct
356 2453 615 2487 comprcltensibile.
639 2454 781 2489 aequaliter
801 2454 930 2480 omnibus

125 2498 393 2530 accommodatum,
418 2504 465 2526 aut
484 2501 576 2527 omnia
599 2501 657 2527 haec
682 2501 789 2528 animas
804 2508 863 2527 esse
879 2499 930 2527 de-

126 2544 317 2577 monstrabit,
343 2550 391 2571 aut
425 2546 640 2580 unumquodque
668 2546 768 2573 horum
797 2554 830 2573 ex
849 2553 928 2580 aequo

125 2594 244 2621 eximet
258 2595 341 2626 atque
360 2591 480 2625 excipiet
500 2599 533 2618 ex
555 2592 608 2619 hac
632 2592 730 2619 animae
747 2591 929 2627 proprietate.

167 2641 337 2667 “ESPONSlO.
348 2637 432 2669 Hanc,
445 2638 531 2672 inquit
546 2639 635 2672 (soror
645 2638 930 2673 Macrina),rationcm

124 2686 187 2720 jam
215 2692 233 2711 a
251 2685 345 2711 multis
372 2683 455 2710 etiam
470 2683 532 2711 aliis
556 2683 710 2718 quzesitam,
731 2689 931 2719 consequenter

130 2732 195 2765 ipse
224 2737 338 2764 quoque
366 2729 549 2764 requisivisti.
578 2728 709 2764 quidnam
734 2730 844 2757 tandem
873 2731 931 2757 lucc

127 2784 195 2805 esse
227 2780 357 2809 oporteat
377 2775 546 2807 existimare,
566 2775 597 2802 τὺ
611 2775 823 2811 ἐπιθυμητικὸν,
838 2776 864 2803 id
876 2781 929 2810 est,

973 1639 1033 1659 esse
1051 1631 1168 1658 videret.
1184 1630 1251 1657 Nam
1270 1638 1321 1657 nec
1338 1630 1365 1657 in
1384 1629 1439 1656 ulla
1455 1629 1567 1664 quidem
1582 1628 1634 1655 alia
1646 1636 1687 1660 re,
1704 1628 1765 1654 loco

974 1678 1077 1712 proprii
1095 1685 1242 1704 commune
1261 1684 1378 1711 ponens,
1397 1675 1515 1710 subjecti
1533 1675 1679 1710 quisquam
1704 1674 1765 1701 edi-

974 1723 1047 1750 derit
1059 1722 1257 1749 deﬁnitionetn.
1268 1721 1403 1754 Quoniam
1413 1721 1496 1755 igitur
1504 1725 1532 1747 et
1539 1719 1764 1754 concupiscendi,

974 1773 1002 1796 et
1021 1767 1159 1795 irascendi
1178 1767 1220 1794 vis
1237 1767 1381 1801 aequaliter
1400 1774 1511 1801 quoque
1534 1770 1589 1792 tant
1605 1765 1633 1792 in
1650 1765 1767 1792 rationis

975 1817 1100 1848 experte,
1122 1820 1203 1847 qttam
1221 1811 1337 1838 rationis
1358 1816 1485 1845 compote
1505 1815 1604 1837 natura
1628 1810 1766 1841 cernitur,

978 1860 1053 1887 nulla
1068 1859 1187 1890 ratione,
1207 1865 1257 1884 nec
1276 1861 1350 1884 recte
1365 1857 1428 1891 quis
1444 1864 1492 1891 per
1512 1863 1690 1882 communem
1714 1863 1766 1882 no-

977 1910 1032 1932 tam
1056 1905 1082 1932 id
1099 1903 1172 1938 quod
1190 1902 1331 1938 proprium
1347 1907 1390 1930 cst
1403 1902 1601 1937 designavcrit.
1617 1901 1694 1934 Quod
1717 1909 1765 1927 au-

977 1956 1030 1978 tent
1047 1950 1081 1978 ad
1106 1955 1211 1977 natura:
1243 1948 1461 1984 designationem
1489 1955 1704 1982 supervacuum,
1735 1954 1768 1973 ac

974 1996 1155 2033 rejiciendum
1169 1999 1221 2028 est,
1235 2003 1290 2030 quo
1301 1998 1395 2030 pacto,
1415 1998 1548 2028 tanquam
1570 2000 1634 2028 pars
1650 1997 1766 2023 naturae,

976 2048 1066 2079 potest
1083 2042 1117 2070 ad
1145 2042 1318 2069 eversionem
1343 2040 1513 2067 deﬁnitionis
1543 2040 1618 2067 vires
1647 2038 1769 2066 habere?

978 2089 1071 2117 Omnis
1090 2088 1163 2116 enim
1186 2087 1310 2114 deﬁnitio
1335 2086 1506 2118 substantize,
1534 2086 1678 2120 proprium
1702 2085 1767 2112 sub-

974 2135 1038 2171 jceti
1057 2138 1172 2169 spectat.
1189 2133 1328 2174 Quidquid
1341 2138 1432 2160 autem
1454 2137 1533 2159 cura
1548 2131 1767 2166 peculiaritatcm

977 2190 1008 2209 ac
1024 2181 1220 2217 proprietatem
1233 2180 1327 2210 fuerit,
1343 2183 1473 2215 tanquam
1497 2186 1511 2205 a
1529 2178 1689 2206 deﬁnitione
1703 2178 1770 2204 alie-

942 2237 1042 2270 Dnum
1076 2227 1226 2262 despicitur
1261 2232 1344 2261 atqtte
1373 2225 1571 2253 contemnitur.
1601 2224 1685 2259 Atqui
1713 2227 1769 2251 tam

978 2273 1126 2304 irascendi,
1141 2280 1223 2307 quam
1242 2270 1458 2305 concupisccndi
1477 2270 1531 2296 vim
1545 2275 1627 2304 atque
1647 2269 1769 2296 eﬁicien-

977 2319 1042 2346 tiam
1064 2325 1127 2345 cum
1146 2317 1220 2344 ontni
1241 2321 1351 2348 natura,
1375 2321 1429 2342 tam
1455 2315 1581 2342 rationali
1596 2322 1680 2349 quam
1700 2315 1769 2341 irra-

977 2361 1083 2393 tionali,
1104 2369 1278 2388 comtnuncm
1295 2367 1355 2387 esse
1373 2363 1490 2386 constat.
1515 2359 1654 2393 Quidquid
1677 2363 1770 2386 autem

977 2415 1124 2435 commune
1139 2411 1192 2438 est,
1212 2414 1267 2433 non
1286 2405 1357 2433 idem
1373 2414 1434 2432 cuttt
1449 2405 1581 2440 peculiari
1597 2409 1649 2431 est.
1665 2405 1767 2432 Neces-

977 2454 1052 2482 sario
1070 2453 1152 2488 igitur
1168 2461 1216 2488 per
1233 2452 1290 2479 haec
1306 2452 1442 2486 sequitur,
1470 2455 1499 2477 ut
1519 2451 1576 2477 ltatc
1601 2450 1627 2476 in
1642 2450 1695 2477 illis
1713 2457 1768 2477 non

979 2508 1040 2527 esse
1056 2499 1257 2530 existimemus,
1285 2505 1335 2532 per
1357 2505 1417 2532 quze
1438 2497 1576 2531 pratcipue
1590 2496 1708 2523 humana
1727 2503 1771 2522 na-

983 2551 1043 2573 tura
1062 2545 1231 2580 designatur.
1249 2543 1302 2570 Sed
1315 2542 1549 2578 quemadmodum
1567 2542 1589 2569 si
1615 2541 1678 2576 quis
1707 2549 1771 2569 sene

980 2591 1077 2622 lieudi,
1095 2590 1246 2622 nutricndi,
1269 2594 1296 2616 et
1314 2588 1432 2623 augendi
1450 2588 1504 2614 vim
1521 2588 1547 2615 in
1562 2587 1642 2614 nobis
1659 2587 1770 2621 conspi-

979 2642 1068 2668 catus,
1080 2643 1129 2670 per
1148 2636 1206 2662 haec
1221 2642 1276 2661 non
1295 2634 1409 2661 resolvit
1429 2633 1529 2662 animae
1555 2633 1772 2660 demonstratam

980 2683 1169 2710 deﬁnitionem
1179 2682 1245 2716 (non
1256 2681 1341 2712 enim,
1354 2680 1483 2714 quoniam
1498 2679 1551 2707 hoc
1564 2684 1603 2706 est
1622 2679 1649 2706 in
1667 2678 1769 2711 anima,

979 2727 1046 2755 illud
1065 2735 1119 2754 non
1135 2725 1187 2760 est)
1206 2725 1301 2752 eodem
1317 2725 1409 2757 tnodo,
1423 2725 1447 2751 si
1469 2724 1531 2759 quis
1554 2729 1659 2751 natura:
1670 2728 1773 2751 nostra:

978 2775 1051 2803 circa
1068 2772 1248 2804 iracundiam,
1261 2776 1288 2798 et
1307 2771 1558 2805 concupiscentiam
1571 2775 1661 2797 motus
1681 2769 1770 2796 anim-

171 2843 216 2877 (a)
232 2842 299 2874 Quae
314 2847 479 2878 sequuntur,
492 2842 565 2877 apud
577 2843 666 2878 ipsum
682 2843 841 2878 Gregorium
854 2852 908 2871 non
923 2844 1144 2878 continuantur:
1164 2840 1210 2868 sed
1229 2848 1267 2878 ea
1279 2840 1425 2878 Philippus
1442 2843 1537 2866 noster
1551 2838 1644 2878 multis
1668 2837 1769 2878 identi-

129 2874 553 2913 deni'versibus'przetcrmis'sis
564 2874 648 2913 (quod
661 2886 700 2905 etc
717 2874 759 2904 rEs
775 2879 809 2905 ad
824 2878 979 2906 institutum
996 2886 1076 2906 suum
1095 2877 1186 2904 minus
1199 2876 1381 2910 pertinerent)
1399 2874 1434 2901 ita
1448 2875 1586 2910 congessit
1603 2879 1630 2901 ct
1651 2874 1769 2904 censuit,

131 2920 164 2942 ut
181 2912 340 2941 orationem
355 2912 542 2941 continentem
561 2914 691 2941 cllicerct.
713 2914 862 2941 Posnsrs.
