2034 3153
281 189 332 222 791

282 298 313 320 nt
341 302 401 329 qna:
423 295 516 324 minus
541 298 710 329 sufﬁcienter
748 308 874 333 naturam
905 295 1071 339 ostenderit.

282 340 374 368 Palam
391 347 433 369 est
451 350 526 378 ergo,
544 345 618 379 quod
643 355 676 374 ex
704 349 748 381 iis,
768 359 830 386 qua:
847 355 1018 385 extrinsecus
1044 359 1070 385 in

282 387 366 413 rebus
381 389 602 423 considerantur,
620 393 676 421 haec
708 397 762 424 sint
784 398 900 427 affectus
917 406 945 429 et
964 407 1073 438 perturv

282 433 406 461 baliones
418 440 532 468 naturae,
550 443 576 465 et
596 447 648 466 non
674 446 781 470 natura.
796 445 862 472 Nam
880 447 938 475 huic
958 451 1069 484 qttidetn

280 484 332 511 est,
348 482 420 514 quod
438 487 478 509 est
494 492 501 510 :
518 484 657 513 iracundia
676 493 766 516 autem
793 493 875 527 vulgo
889 494 981 522 fervor
1002 505 1049 524 san
1061 514 1070 516 —

279 527 381 560 guinis,
398 530 444 562 qui
465 530 538 557 circa
556 539 603 558 cor
624 539 674 566 est,
692 543 752 563 esse
777 537 917 574 plerisque
936 542 1045 570 videtur
1061 553 1068 575 ;

279 571 342 599 aliis
364 581 440 605 vero,
456 576 588 610 appetitio
607 579 756 608 ulciscendi
780 591 853 615 eum,
876 594 890 612 a
911 594 966 621 quo
982 589 1069 617 laceS»

279 616 359 649 situs,
374 623 402 645 et
426 625 488 647 ante
506 623 586 648 laesus
603 623 650 650 sis.
676 624 729 652 Sed
757 631 785 653 ut
813 636 862 656 nos
889 616 1068 665 arbitramur,

278 662 421 691 iracundia
437 671 480 693 est
494 669 628 702 appetitio
648 672 766 699 nocendi
787 673 812 700 ei
830 676 876 708 qui
890 678 1070 707 concitaverit.

277 713 307 735 et
325 709 359 736 ad
376 710 445 738 iram
458 716 659 747 provocaverit.
681 717 783 745 llorum
806 725 898 748 autem
918 723 986 750 nihil
1005 733 1069 752 con-

278 755 354 780 venit
373 756 471 784 animae
485 757 652 788 deﬁnitioni.
672 762 795 798 Itemque
811 765 833 791 si
851 774 900 798 per
921 776 950 795 se
969 777 1070 797 concu-

277 798 441 832 piscentiam
460 802 634 838 deﬁniamus,
650 808 848 842 appetitionem
866 820 926 839 esse
945 814 1069 842 diectnus

277 843 348 877 ejus,
365 846 438 879 quod
454 847 532 876 deest
548 850 607 878 :vel
622 851 790 880 desiderium
806 855 928 884 f'ruenda:
944 860 1069 894 volupta-

278 889 314 916 lis
327 911 333 922 ,
354 892 395 918 vel
409 893 530 921 dolorem
543 895 578 922 ob
601 896 627 923 id
644 899 716 932 quod
730 907 784 927 non
801 902 924 936 petimur
946 912 979 930 en
995 907 1067 940 quod

276 935 353 962 cordi
367 941 420 970 est,
438 942 522 974 alque
534 941 628 969 animo
655 950 762 978 gratum
784 935 811 972 et
837 953 980 982 acceptum
996 959 1002 977 :
1023 956 1069 978 aut
1086 942 1106 970 Β

276 981 395 1016 aliquam
410 983 583 1014 affectionem
599 988 631 1014 ad
645 989 670 1015 id
682 991 755 1024 quod
773 997 813 1018 cst
830 1000 913 1020 suave
927 1000 954 1022 et
967 995 1068 1030 jucun-

275 1027 352 1058 dum.
372 1037 427 1064 quo
447 1030 501 1059 frui
519 1041 574 1060 non
591 1034 665 1062 licet.
692 1036 753 1064 Hzcc
780 1039 853 1065 cuitu
878 1045 905 1067 et
932 1043 1067 1077 ejusmodi

275 1075 366 1100 omnia
382 1077 563 1111 cupiditatem
595 1082 708 1115 quidem
738 1086 901 1117 ostendunt,
918 1075 952 1114 ad
967 1089 1066 1117 deﬁni-

275 1118 378 1158 tionem
397 1126 488 1150 autent
519 1127 617 1154 anima:
643 1136 697 1155 non
730 1131 878 1164 pertinent.
892 1133 964 1166 Quin
983 1136 1066 1164 etiam

274 1165 319 1192 alii
334 1173 454 1202 quoque,
487 1177 548 1204 quae
568 1172 642 1200 circa
673 1175 792 1203 animam
822 1185 987 1213 cernuntur,
1007 1190 1066 1215 qua:

273 1211 326 1239 sibi
342 1213 459 1241 invicem
474 1223 508 1242 ex
524 1217 643 1246 adverso
669 1221 758 1255 posita
788 1223 927 1259 videntur,
941 1227 1017 1254 velut
1033 1229 1065 1255 ti-

271 1257 385 1286 miditas
413 1265 441 1287 et
462 1262 587 1296 audacia,
618 1265 696 1293 dolor
719 1273 746 1295 et
763 1269 900 1304 voluptas,
925 1278 1015 1301 metus
1039 1280 1066 1301 et

272 1307 458 1339 contemptus,
482 1313 509 1334 et
535 1317 707 1345 quaecunque
735 1314 798 1341 talia
822 1321 897 1348 sunt,
946 1326 1064 1352 quorum

272 1352 489 1387 unumquodque
501 1361 646 1390 cognatum
662 1359 774 1393 quidem
797 1369 858 1389 esse
875 1363 985 1391 videtur
1000 1374 1063 1392 cum

272 1395 408 1425 irascendi
424 1405 452 1426 et
468 1402 683 1436 concupiscendi
700 1405 735 1436 vi,
758 1407 892 1440 peculiari
906 1415 999 1437 autem
1015 1411 1063 1438 ἀει

271 1442 397 1471 finitione
413 1452 489 1472 suam
507 1446 653 1483 designant
668 1456 804 1479 naturam.
829 1453 1005 1490 Quaecunque
1022 1461 1062 1484 ta-

269 1485 308 1513 lia
320 1487 392 1515 circa
409 1487 528 1518 animmn
543 1498 617 1525 sunt,
630 1494 721 1521 animo
734 1504 787 1523 non
803 1504 866 1525 sunt
889 1508 896 1526 :
915 1501 963 1528 sed
978 1502 1061 1529 veluti

270 1534 395 1566 quasdam
412 1544 533 1565 verruca:
548 1547 579 1565 cx
593 1540 753 1575 cogitatrice
770 1549 846 1577 parte
870 1546 967 1574 animze
995 1556 1062 1575 etta-

270 1582 398 1605 scentes:
414 1588 474 1614 quae
492 1587 583 1616 partes
598 1585 710 1618 quidem
737 1587 823 1622 ipsius
839 1598 910 1622 esse,
935 1599 969 1618 eo
988 1593 1062 1627 quod

270 1629 377 1657 agnatae
392 1626 457 1658 sint,
471 1635 526 1655 non
542 1632 632 1657 tamen
650 1631 675 1658 id
689 1639 749 1659 esse
767 1634 970 1670 existimantur,
987 1639 1060 1673 quod

270 1668 362 1696 anima
373 1678 407 1697 ex
426 1672 468 1699 sui
487 1677 583 1702 natura
606 1681 690 1712 atque
714 1680 835 1707 essentia
859 1686 911 1709 est.
940 1683 1063 1714 Dicimus

269 1714 343 1742 enim
359 1717 457 1746 anima:
469 1720 580 1754 quidem
603 1725 815 1757 speculatricem
835 1733 862 1755 et
888 1730 1060 1764 dijudieatri-

269 1766 340 1794 cem,
357 1769 506 1799 rerumque
528 1766 721 1803 inspectriccm
751 1774 806 1800 vim
837 1775 897 1810 ejus
924 1778 1060 1812 propriam

267 1812 329 1833 esse
345 1814 378 1834 ac
393 1811 546 1839 naturalem
563 1821 570 1840 :
589 1815 705 1850 ejusque
723 1818 816 1852 gratia:
839 1828 892 1854 qua
909 1821 964 1848 Deo
976 1811 1056 1849 simi-

265 1850 302 1878 lis
319 1856 372 1886 est,
388 1861 437 1888 per
455 1855 513 1884 haec
533 1857 606 1886 illam
626 1861 772 1897 imaginem
799 1872 860 1892 sese
880 1874 1057 1895 conservare.

266 1897 403 1930 Quoniam
435 1900 646 1934 ratiocinatione
670 1914 698 1936 et
724 1912 883 1946 conjectura
906 1914 1058 1948 colligitur,

265 1943 389 1972 divinum
405 1954 515 1983 quoque
526 1949 633 1979 Numen
650 1943 848 1990 (quodcunque
863 1943 1011 1985 tandcmwid
1025 1943 1059 1986 es

265 1990 309 2017 sui
326 1996 423 2019 natura
434 1995 487 2029 est)
501 1995 528 2022 in
541 1996 583 2024 bis
600 2004 765 2034 occupatqu
780 2009 840 2028 esse
861 2011 868 2029 τ
886 2011 984 2038 nempe
1001 2009 1058 2032 tum

264 2035 295 2063 in
310 2037 483 2072 inspiciendo
499 2043 601 2074 omnia,
618 2048 675 2071 tum
693 2045 719 2072 in
745 2047 930 2076 discernendo
954 2049 1058 2078 bonum

265 2089 281 2108 a
293 2084 375 2111 malo.
396 2085 573 2122 Quaecunque
585 2094 677 2116 autem
695 2091 721 2117 iu
740 2093 838 2118 animat
863 2095 984 2122 conﬁnio
1007 2105 1057 2130 po-

265 2128 314 2155 sita
333 2135 408 2161 sunt,
427 2132 461 2158 ad
483 2133 647 2161 alterutrum
672 2144 705 2162 ex
725 2139 874 2166 contrariis
892 2142 1056 2175 propensio-

264 2182 327 2201 nem
341 2181 369 2202 et
381 2176 586 2206 inclinationem
610 2181 687 2216 juxta
708 2183 750 2209 sui
777 2188 905 2211 naturam
930 2186 1058 2220 habent;

264 2227 382 2253 quorum
396 2226 488 2250 certus
498 2224 610 2258 quidam
623 2234 689 2254 usus
703 2228 745 2255 vel
761 2229 795 2255 ad
811 2229 837 2256 id
850 2232 922 2265 quod
941 2231 1055 2265 bonum,

263 2266 307 2293 vel
327 2266 400 2294 bono
424 2271 593 2298 contrarium
618 2277 670 2305 est,
698 2274 775 2302 ducit
792 2281 921 2304 eventum
941 2287 947 2304 :
967 2278 1052 2306 veluti
1069 2273 1092 2300 ι)

264 2311 304 2339 ira
314 2312 357 2340 vel
373 2318 472 2344 metus.
488 2323 519 2342 ac
541 2317 562 2343 si
584 2318 649 2352 quid
668 2325 819 2352 mortuum,
836 2321 883 2355 qui
906 2322 933 2349 in
960 2323 1051 2351 anima

261 2365 335 2392 sunt.
364 2362 499 2397 ejusmodi
519 2370 571 2397 cst,
592 2367 652 2394 sine
678 2368 780 2402 quibus
800 2369 920 2397 humana
954 2376 1052 2399 natura

261 2409 430 2437 considerari
447 2418 502 2438 non
518 2417 619 2446 potest,
637 2414 663 2441 id
677 2415 852 2444 extrinsecus
863 2417 887 2444 ei
900 2418 1051 2446 accessisse

260 2456 459 2489 existimamus,
474 2464 621 2493 propterea
640 2462 715 2495 quod
744 2462 771 2488 in
790 2463 936 2498 principali
951 2469 979 2491 et
996 2465 1052 2492 ori-

259 2502 342 2536 ginali
360 2503 568 2537 pulchritudine
585 2506 692 2533 nullum
706 2508 841 2543 ejusmodi
860 2510 969 2545 signum
987 2518 1049 2538 cer-

259 2554 352 2575 natur.
381 2549 446 2582 Quae
478 2558 532 2577 non
579 2553 692 2580 omnino
718 2555 781 2581 mali
816 2555 933 2591 alicujus
963 2563 1052 2584 causa:

258 2593 385 2621 liumanre
398 2596 553 2623 eontributa
571 2601 675 2626 natura:
689 2605 754 2627 sunt
769 2601 843 2633 (nam
855 2601 959 2635 alioqtti
972 2601 1053 2629 Crea-

259 2640 312 2666 tori
329 2648 410 2667 causa
423 2642 556 2668 malorum
574 2644 708 2679 assignari
725 2649 828 2680 potest,
852 2646 874 2673 si
897 2647 971 2674 illinc
984 2656 1050 2682 pec-

259 2691 381 2713 catorum
396 2690 558 2716 necessaria:
569 2698 658 2717 causa:
673 2691 754 2718 simul
766 2692 792 2718 in
803 2697 928 2719 naturam
943 2694 1049 2722 collaue

259 2735 372 2767 essent),
388 2734 435 2760 sed
450 2741 526 2762 certo
547 2737 667 2770 quodam
695 2745 746 2764 usu
764 2738 915 2767 voluntatis
930 2745 958 2767 et
975 2740 1050 2767 arbi-

261 2776 304 2802 trii
322 2779 363 2804 vel
384 2779 504 2812 virtutis,
532 2782 571 2808 vel
592 2782 650 2808 vitii
674 2783 858 2811 instrumenta
884 2785 946 2812 talis
963 2785 1047 2812 anitni

261 2828 349 2850 motus
366 2825 513 2853 exsistunt.
535 2827 770 2859 Quemadmodum
804 2830 918 2863 ferrum,
935 2831 999 2858 dum
1015 2840 1046 2858 ex

260 2870 393 2895 sententia
408 2871 522 2898 artificis
536 2874 656 2906 euditur,
683 2875 868 2911 quodcunque
892 2877 1044 2905 ferramen-

295 2914 314 2926 “
331 2912 398 2940 Rom
413 2922 469 2947 viti,
483 2917 525 2944 Ἡ,

898 203 946 233 ΡΗ
954 204 961 232 !
968 205 1003 234 Li
1010 206 1067 236 PPI
1087 207 1219 241 SOLITA
1226 213 1281 242 fili

281 247 411 281 advertit,
437 257 492 276 non
511 251 596 278 etiam
624 259 698 282 recte
716 255 906 287 deﬁnitionem
920 269 1070 298 oppugnet,
1089 270 1108 294 Α
1126 273 1182 296 tum
1199 279 1213 297 a

1856 227 1907 260 792

1217 272 1311 300 rtiﬁeis
1342 274 1435 301 animo
1467 277 1594 305 voluntas
1615 279 1807 315 destinaverit,
1828 285 1860 311 ad
1882 287 1906 314 id

1126 316 1208 342 etiam
1224 317 1358 346 formatur
1373 329 1379 346 ι
1400 325 1427 348 et
1438 321 1479 348 vel
1493 322 1610 356 gladius,
1627 325 1668 352 vel
1683 327 1779 354 rustici
1796 328 1906 365 alicujus

1125 363 1218 396 operis
1229 363 1442 393 instrumentum
1455 366 1494 399 ﬁt,
1509 372 1583 395 metu
1591 370 1701 404 quidem
1711 363 1903 409 obedientiam,

1126 407 1165 434 ira
1186 416 1251 435 vero
1272 409 1474 443 fortitudinem.
1491 414 1637 441 timiditate
1655 417 1812 445 cautionem
1828 427 1903 455 atque

1125 453 1300 480 securitatem
1319 455 1495 490 ingenerante
1521 468 1525 483 :
1547 460 1705 493 cupiditatis
1723 462 1787 489 item
1808 453 1904 499 impetu

1124 498 1244 525 divinam
1259 501 1351 533 simul,
1378 507 1406 530 et
1435 503 1618 532 immortalem
1635 507 1716 534 nobis
1742 509 1903 544 voluptatem

1124 545 1300 573 conciliante.
1321 547 1370 574 Sin
1396 553 1488 576 autem
1511 551 1583 578 ratio
1603 551 1725 580 habenas
1749 555 1861 586 amittit.
1880 563 1904 585 et

1125 592 1253 624 tanquam
1268 592 1362 627 auriga
1375 594 1475 628 aliquis
1492 596 1645 630 implicitus
1666 600 1760 626 currui
1790 607 1862 628 retro
1874 605 1904 630 ab

1123 643 1156 661 eo
1179 636 1316 670 trahatur,
1341 639 1443 674 illoque
1463 641 1629 676 abripiatur,
1646 653 1815 682 quocunque
1839 657 1896 676 eum

1124 683 1239 709 rationis
1254 691 1353 718 expers
1368 688 1657 721 ntotusjumentorum
1670 693 1787 724 auferat.
1803 700 1864 722 tuac
1879 697 1902 723 in

1122 728 1359 761 perturbationem
1383 732 1571 766 appetitiones
1595 743 1797 765 convertuntur
1820 740 1903 774 (quale

1122 773 1253 800 nimirum
1266 776 1348 802 etiam
1364 777 1390 803 in
1410 778 1499 806 brutis
1518 780 1613 808 videre
1625 782 1702 814 licet,
1719 785 1851 818 quoniam
1867 795 1903 813 ra-

1123 819 1160 845 tio
1175 822 1339 849 naturaliter
1353 823 1394 850 eis
1411 823 1499 852 insita:
1512 827 1626 854 motioni
1646 836 1701 855 non
1718 831 1840 864 praeest),
1861 834 1903 859 sel

1121 867 1232 899 quando
1258 872 1350 895 motus
1376 877 1474 897 eorum
1496 871 1529 898 ad
1552 872 1655 900 bonum
1679 875 1806 908 inclinat,
1824 877 1905 905 laudis

1123 912 1235 938 materia
1248 911 1327 945 ﬁunt,
1347 919 1376 941 ut
1390 915 1493 943 Danieli
1511 918 1659 951 cupiditas,
1681 928 1714 947 ac
1739 922 1903 950 desiderium

1120 961 1148 982 et
1161 956 1269 984 Phinea:
1286 959 1371 991 zelus,
1391 967 1420 987 ct
1437 961 1506 988 bene
1524 963 1628 997 lugenti
1648 965 1737 992 dolor.
1750 966 1799 994 Sin
1816 973 1902 995 autem

1121 1002 1153 1028 ad
1167 1002 1288 1030 deterius
1303 1007 1484 1040 propendent.
1503 1013 1568 1036 tunc
1584 1010 1642 1037 haec
1660 1012 1778 1040 affectus
1794 1022 1826 1040 ac
1847 1023 1903 1049 per-

1121 1049 1290 1078 turbationes
1313 1056 1341 1078 et
1364 1058 1438 1085 sunt,
1468 1059 1497 1080 et
1520 1056 1709 1085 nominantur.
1732 1059 1903 1093 Speculandi.

1119 1102 1151 1121 ac
1163 1095 1332 1129 dijudicandi
1353 1098 1395 1124 vis
1419 1099 1530 1134 propria
1546 1106 1589 1128 est
1612 1102 1672 1136 ejus
1690 1104 1790 1131 anima:
1814 1106 1901 1139 partis,

1119 1149 1179 1175 qme
1191 1141 1246 1168 Deo
1262 1142 1360 1170 similis
1377 1149 1430 1176 est,
1443 1146 1574 1179 quoniam
1591 1147 1673 1175 etiam
1702 1149 1830 1177 divinuut
1857 1160 1902 1178 nu-

1119 1195 1180 1214 men
1201 1195 1251 1222 per
1283 1189 1340 1216 hate
1364 1192 1634 1225 cumprchcndimus.
1657 1195 1685 1221 Si
1716 1196 1801 1231 igitur
1817 1198 1900 1224 anima

1117 1233 1152 1258 ab
1174 1234 1249 1260 omni
1265 1235 1413 1263 vitiositate
1428 1245 1494 1271 pura
1508 1238 1600 1270 fuerit,
1616 1241 1643 1267 in
1659 1241 1732 1268 bono
1745 1247 1774 1269 et
1793 1243 1902 1271 honesto

1117 1285 1230 1312 prorsus
1242 1280 1306 1306 erit.
1322 1280 1425 1308 Bonum
1439 1287 1530 1310 autem
1543 1290 1572 1312 et
1584 1285 1730 1313 honestum
1748 1296 1783 1315 ex
1801 1289 1842 1316 sui
1860 1298 1902 1316 na-

1119 1327 1179 1350 tura
1200 1332 1302 1351 numen
1322 1326 1445 1353 divinum
1463 1332 1515 1359 est,
1532 1336 1594 1356 cum
1612 1339 1668 1365 qtto
1687 1340 1735 1366 per
1760 1334 1901 1368 puritatem

1117 1369 1208 1396 anima
1223 1371 1446 1410 conjunctionem
1473 1374 1596 1408 habebit,
1625 1377 1727 1412 quippe
1754 1387 1819 1406 cum
1843 1388 1902 1414 pro-

1117 1416 1175 1448 prio
1191 1407 1334 1444 cohatrens
1350 1422 1432 1452 atque
1450 1421 1619 1449 coalescens.
1642 1422 1669 1449 Si
1688 1424 1774 1458 igitur
1794 1425 1846 1451 hoc
1859 1433 1900 1452 ac-

1115 1461 1224 1493 ciderit,
1236 1470 1291 1489 non
1303 1464 1420 1498 amplius
1433 1466 1592 1500 cupiditatis
1604 1473 1680 1496 motu
1695 1477 1765 1504 opus
1777 1471 1843 1503 erit,
1857 1471 1900 1505 qui

1115 1506 1196 1533 nobis
1213 1512 1313 1541 praeeat
1326 1516 1358 1535 ac
1373 1509 1426 1536 dux
1438 1510 1474 1538 sit
1486 1511 1519 1538 ad
1532 1512 1559 1539 id
1572 1513 1645 1547 quod
1662 1514 1766 1542 bonum
1783 1516 1902 1543 ethunc-

1115 1557 1187 1580 stum
1202 1558 1254 1581 est.
1272 1554 1340 1581 Nam
1363 1556 1410 1590 qui
1430 1557 1457 1584 in
1477 1559 1601 1586 tenebris
1619 1560 1702 1587 vitam
1727 1561 1844 1596 degens,
1860 1563 1902 1589 lu-

1077 1610 1096 1636 ς
1114 1606 1172 1626 cem
1189 1600 1387 1629 desideraverit
1403 1611 1410 1629 :
1425 1604 1484 1638 qui,
1502 1605 1525 1631 si
1542 1605 1569 1632 in
1583 1606 1671 1633 lucem
1683 1609 1846 1641 pervenerit
1859 1617 1899 1635 ca-

1112 1654 1166 1680 que
1180 1646 1233 1673 frui
1258 1648 1384 1682 cteperit,
1410 1650 1606 1685 concupiscere
1636 1657 1719 1687 atque
1745 1653 1902 1682 desiderare

1111 1690 1231 1718 desinet.
1248 1691 1374 1720 Facultas
1388 1693 1461 1720 enim
1475 1700 1558 1729 atque
1574 1701 1696 1730 potestas
1717 1698 1844 1732 potiendi
1862 1704 1899 1726 at<

1111 1744 1165 1771 que
1182 1737 1302 1770 fruendi,
1320 1746 1418 1766 vanam
1429 1744 1457 1766 et
1468 1740 1595 1768 inutilem
1604 1742 1688 1770 efficit
1698 1744 1878 1778 cupiditatem
1894 1753 1900 1771 :

1110 1783 1157 1809 sed
1174 1783 1253 1811 nobis
1264 1784 1386 1818 quidem,
1401 1790 1546 1820 propterea
1571 1788 1645 1822 quod
1667 1789 1731 1816 boni
1747 1797 1835 1825 egena
1851 1795 1900 1821 est,

1111 1834 1209 1856 natura
1227 1837 1335 1864 semper
1352 1831 1451 1864 fertur.
1465 1838 1549 1867 atque
1573 1836 1717 1863 contendit
1733 1836 1766 1863 ad
1788 1836 1817 1864 id
1831 1837 1899 1872 quod

1110 1874 1198 1907 deest,
1214 1882 1246 1902 ac
1256 1875 1425 1904 desiderium
1440 1878 1500 1912 ejus
1511 1880 1584 1913 quod
1596 1879 1699 1912 deﬁcit,
1719 1881 1777 1915 ipse
1795 1887 1899 1909 natura:

1109 1925 1211 1947 nostra:
1229 1922 1442 1956 concupiscendi
1468 1923 1586 1952 affectus
1603 1929 1646 1952 est
1667 1927 1734 1960 :qui
1760 1927 1802 1954 vel
1822 1928 1899 1954 aber-

1109 1970 1162 1997 rat,
1181 1970 1293 2000 propter
1306 1967 1450 1994 sinistrum
1476 1969 1613 2003 judicium
1633 1971 1669 1997 ab
1686 1977 1721 1998 eo
1741 1972 1817 2005 quod
1836 1979 1897 1998 vere

1108 2010 1211 2037 bonum
1223 2016 1251 2038 et
1268 2011 1415 2039 honestum
1429 2018 1489 2045 est;
1503 2015 1545 2041 vel
1559 2014 1641 2041 etiam
1664 2016 1848 2050 consequitur
1872 2022 1898 2044 et

1107 2057 1269 2091 adipiscitur
1289 2057 1316 2085 id
1332 2066 1387 2093 quo
1405 2059 1486 2093 potiri
1514 2060 1616 2087 bonum
1633 2066 1685 2088 est.
1703 2062 1738 2088 At
1765 2070 1809 2095 ea,
1840 2071 1898 2097 qua:

1108 2110 1221 2138 superat
1234 2112 1343 2132 onmem
1357 2105 1456 2132 bonam
1471 2107 1677 2141 cogitationem,
1698 2113 1808 2141 natura,
1826 2117 1898 2144 quaa—

1107 2157 1161 2183 que
1176 2158 1259 2184 super
1280 2158 1390 2178 onmem
1404 2152 1554 2186 potentiam
1576 2153 1691 2187 eminet,
1717 2159 1747 2181 ut
1761 2163 1825 2190 quae
1840 2155 1899 2182 uitl-

1106 2195 1161 2222 lius
1181 2195 1302 2231 indigeat
1323 2204 1420 2224 earum
1445 2205 1550 2230 rerum,
1570 2206 1632 2233 quae
1658 2200 1732 2228 circa
1753 2201 1856 2228 bonum
1872 2205 1899 2228 et

1106 2240 1253 2268 honestum
1269 2242 1471 2278 intelliguntur,
1486 2251 1548 2271 cum
1561 2244 1619 2278 ipsa
1633 2246 1670 2272 sit
1683 2246 1819 2274 bonorum
1838 2247 1896 2281 plc-

1106 2286 1214 2318 nitudo,
1227 2294 1317 2322 neque
1337 2292 1466 2323 tanquam
1489 2290 1628 2325 particeps
1651 2291 1769 2326 alicujus
1783 2292 1850 2318 boui
1866 2296 1893 2318 et

1107 2331 1215 2359 honesti
1242 2333 1271 2360 in
1288 2333 1362 2361 bono
1385 2339 1519 2367 versetur,
1536 2336 1584 2363 sed
1603 2337 1660 2371 ipsa
1686 2337 1722 2364 sit
1735 2338 1821 2372 ipsius
1834 2337 1896 2365 horti

1105 2379 1133 2402 et
1149 2376 1258 2404 honesti
1273 2382 1372 2405 natura
1388 2379 1585 2415 (quodcunque
1613 2381 1723 2409 tandem
1744 2383 1828 2410 etiam
1848 2383 1896 2410 bo-

1105 2429 1170 2448 num
1200 2426 1228 2449 et
1250 2422 1398 2451 honestum
1417 2432 1478 2451 esse
1503 2433 1582 2453 meus
1613 2428 1714 2462 ponit),
1733 2435 1823 2463 neque
1832 2436 1895 2463 spe-

1104 2467 1183 2494 randi
1204 2473 1308 2495 motum
1331 2468 1359 2496 in
1385 2477 1445 2497 sese
1476 2471 1598 2498 admittit
1626 2472 1700 2507 (spes
1715 2474 1790 2500 enim
1811 2474 1844 2501 ad
1868 2473 1893 2500 id

1104 2513 1177 2547 quod
1194 2521 1249 2540 non
1264 2515 1352 2546 avlcst,
1368 2514 1502 2543 duntaxat
1521 2517 1673 2545 adhibetur
1694 2528 1699 2546 :
1719 2529 1727 2545 ι
1748 2520 1824 2552 Quod
1845 2529 1894 2547 au-

1104 2563 1158 2586 tem
1173 2559 1235 2594 quis
1248 2560 1340 2592 habet,
1362 2569 1413 2588 cur
1427 2562 1511 2590 etiam
1535 2568 1627 2597 sperat
1640 2565 1683 2591 "1'
1700 2574 1709 2590 ι
1727 2565 1894 2602 inquitbea-

1105 2611 1149 2632 tus
1167 2605 1340 2640 Apostolus),
1363 2615 1452 2641 neque
1469 2608 1666 2636 reminiscendi
1680 2617 1712 2636 ac
1732 2611 1893 2638 recordandi

1101 2649 1247 2679 efficientia
1268 2652 1301 2678 ad
1320 2660 1412 2679 rerum
1433 2653 1578 2680 scientiam
1600 2663 1670 2689 opus
1685 2655 1798 2683 habent.
1813 2656 1892 2689 Quod

1101 2697 1174 2724 enim
1188 2698 1308 2730 videtur,
1325 2699 1517 2727 recordatione
1551 2708 1605 2727 non
1623 2702 1738 2736 indiget.
1757 2702 1891 2735 Quoniam

1103 2742 1186 2775 igitur
1210 2743 1304 2770 divina
1329 2750 1427 2772 natura
1453 2753 1537 2780 supra
1562 2754 1644 2774 omne
1665 2747 1768 2774 bonum
1784 2752 1835 2779 est.
1860 2754 1893 2773 π

1103 2788 1204 2813 bonum
1223 2788 1294 2815 bono
1307 2797 1421 2823 prorsus
1444 2792 1564 2819 amicum
1584 2798 1636 2824 est,
1655 2793 1759 2820 idcirco
1776 2801 1836 2820 cum
1861 2800 1890 2819 se

1103 2832 1188 2866 ipsum
1209 2833 1343 2865 intuetur,
1364 2835 1477 2870 etquod
1497 2837 1577 2863 habet
1606 2838 1674 2870 vult,
1693 2843 1721 2864 et
1736 2837 1808 2872 quod
1832 2837 1889 2863 vult

1094 2877 1186 2910 habet,
1203 2878 1274 2905 nihil
1286 2884 1430 2907 externum
1442 2881 1469 2908 in
1486 2890 1513 2909 se
1526 2882 1684 2911 admittens.
1700 2883 1782 2911 Extra
1797 2887 1888 2910 autem
