2034 3153
142 199 197 232 ’193

853 208 1031 240 DIOPTRA.

1716 215 1769 248 794

141 265 203 287 eam
220 259 298 291 nihil,
312 264 493 295 przcterquam
508 262 566 289 sola
581 262 717 291 vitiositas
733 267 786 297 est,
798 272 858 299 qua:
869 266 930 299 (etsi
945 268 970 296 Α
983 267 1071 293 ctiant
1102 267 1294 295 uttiversarttm
1326 268 1465 296 actionum
1487 276 1549 304 qua?
1583 278 1643 298 cum
1666 271 1768 300 virtute

143 304 219 332 dictu
232 305 392 338 absurdum,
406 312 434 333 et
449 315 464 333 a
478 308 582 342 vulgari
599 309 730 342 opinione
743 310 862 337 alienuttt
875 311 927 345 est)

143 350 171 378 in
190 358 224 379 eo
237 352 310 386 quod
323 360 376 379 non
405 358 458 384 cst.
487 362 568 380 suum
586 362 646 382 esse
664 355 756 382 habet.
779 356 838 383 Non
853 358 927 384 cttittt

141 397 198 424 ulla
215 398 266 424 alia
283 400 423 433 generatio
443 400 601 428 vitiositatis
613 406 665 432 est,
678 409 760 435 quam
778 403 837 437 ejus
855 403 927 437 qttod

141 447 183 469 est
198 443 325 477 privatio.
342 444 419 476 Quod
440 450 532 472 autent
557 446 665 480 proprie
680 451 732 478 est,
751 446 815 473 boni
831 452 927 474 natura

140 493 193 516 est.
207 488 285 522 Quod
302 489 386 524 igitur
401 490 428 517 in
451 496 514 518 cttte
527 499 581 518 non
597 496 649 523 est,
669 491 695 518 itt
722 500 756 519 eo
782 493 854 527 quod
873 501 926 520 non

140 539 191 567 est,
209 543 323 570 prorsus
340 540 392 563 est.
418 536 564 570 Postquam
593 538 677 572 igitur
701 538 789 565 anima
807 546 927 573 quoqu--,

140 581 291 617 segregatis
305 583 433 610 omnibus
447 583 530 610 variis
549 589 652 610 naturae
670 584 801 615 motibus,
819 585 873 610 Deo
891 584 913 610 si

140 627 214 654 tttilis
231 628 328 655 eﬂ‘ecta
344 628 437 660 fuerit.
465 633 548 664 atquo
578 634 706 664 superata
734 629 883 664 cupiditate
900 630 926 656 itt

140 673 187 700 illo
202 672 297 704 fuerit,
319 673 352 700 ad
370 674 443 708 quod
463 674 528 701 olint
549 675 699 709 cup'ditate
717 675 874 709 erigebatur
901 679 928 701 et

141 719 320 752 incitabatur,
335 727 390 746 non
404 720 522 754 amplius
535 720 704 748 consistendi
718 720 809 746 locum
827 721 853 746 itt
868 728 927 747 sese

140 765 197 796 dat,
218 773 308 800 neque
327 765 396 800 spei,
421 774 511 801 neque
539 766 737 794 recordationi.
760 766 827 792 Nant
853 766 925 800 quod

139 811 252 845 quidem
288 812 461 846 sperabatur,
489 813 572 840 habet
600 822 606 838 :
634 812 814 847 occupatione
835 817 926 838 autem

138 858 239 885 frucnd
252 866 320 885 .rum
335 858 481 891 bonorutn,
493 858 652 885 memoriam
665 866 679 885 a
691 863 782 885 mente
794 861 926 888 removet,

139 911 170 931 ac
182 904 294 931 missam
311 905 375 932 facit
388 913 394 930 :
410 909 492 939 atque
503 905 540 932 ita
552 905 635 932 vitam
646 913 787 940 superam,
796 908 825 932 et
835 904 928 930 excel-

979 313 1162 347 perflciuntur
1182 319 1265 349 atque
1286 315 1370 342 ctiam
1387 315 1456 350 legis
1471 322 1672 351 prazceptorum
1689 319 1765 353 prin-

979 359 1100 394 cipatttm
1116 365 1200 388 tettet.
1220 361 1247 388 Si
1263 361 1346 395 igitur
1362 361 1396 388 ad
1424 361 1498 389 hunc
1516 363 1598 389 linem
1613 364 1703 390 anima
1721 364 1770 391 ali-

979 405 1089 440 quando
1103 407 1240 442 pervenit,
1256 407 1373 434 aliarum
1391 415 1484 434 rerum
1503 408 1636 435 nimirum
1659 410 1769 436 univcr-

979 459 1070 478 sarum
1085 452 1440 487 plettitudinemjcomplexa
1457 459 1508 481 est.
1536 453 1602 480 Nam
1623 462 1685 481 cum
1703 455 1767 486 vita,

979 505 1060 530 quant
1088 497 1115 523 in
1138 497 1284 532 przcscntia
1304 499 1494 533 transigimus,
1509 499 1585 526 varie
1608 500 1712 534 pariter
1736 509 1768 527 ac

980 542 1158 569 multifariam
1175 550 1190 569 a
1213 543 1294 570 nobis
1310 543 1448 578 exigatur.
1473 545 1565 572 multa:
1592 545 1704 579 quidem
1725 554 1769 573 res

979 591 1054 618 sunt,
1072 595 1188 621 quarunt
1207 595 1320 623 egemus
1332 593 1360 615 et
1371 589 1521 624 participes
1533 597 1640 622 SUlllllS,
1657 595 1687 617 ιιι
1698 595 1767 618 tem-

980 632 1064 667 poris,
1077 637 1107 659 ut
1120 634 1204 665 aeris,
1225 634 1330 666 utloci,
1347 634 1457 668 cibique
1478 643 1511 662 ac
1529 641 1621 668 potus,
1637 641 1667 662 ut
1686 641 1766 670 tegu-

980 684 1147 710 mentorum,
1163 683 1194 706 ut
1219 679 1295 710 solis.
1318 680 1566 715 lucernarumque,
1593 686 1623 708 ut
1650 682 1766 709 aliarum

979 732 1070 752 rerum
1085 725 1232 751 tttultarum
1246 725 1279 751 ad
1292 726 1442 752 usumvitze
1453 726 1683 753 necessariarum.
1701 727 1769 754 Bea-

980 771 1068 798 titudo
1080 779 1144 798 vero
1157 779 1218 806 quae
1228 779 1260 798 ex
1271 776 1423 806 spectatur,
1434 771 1537 799 nullius
1548 772 1660 806 quidem
1672 773 1766 799 barum

981 825 1074 843 rerum
1092 824 1177 851 egena
1192 822 1234 844 est
1247 825 1254 849 ;
1268 817 1359 844 omnia
1369 823 1460 844 autent
1472 822 1560 848 uobts.
1572 818 1689 852 locoque
1704 825 1765 845 oin-

978 864 1054 890 nium
1067 863 1121 890 crit
1143 863 1236 890 divina
1250 869 1360 896 natura,
1380 863 1415 890 ad
1440 871 1551 890 omnetn
1575 871 1655 890 usum
1674 872 1706 891 ac
1721 871 1769 891 nc-

978 910 1133 937 cessitatent
1150 909 1224 936 illitts
1235 909 1297 936 vita:
1312 917 1374 936 sese
1386 909 1584 936 convenienter
1597 913 1625 936 et
1639 915 1702 943 apte
1718 910 1767 936 im~

138 957 210 981 sam,
227 950 374 977 informata
391 950 490 978 divinae
502 956 608 978 naturm
625 951 842 986 proprietatibus
861 950 922 977 imi-
945 949 966 978 Β
979 956 1111 990 porticus.
1128 955 1220 990 Atque
1247 955 1274 982 id
1297 955 1410 990 planum
1434 962 1466 982 ac
1480 955 1658 982 manifestum
1680 962 1721 983 est
1735 965 1769 983 ex

139 1000 215 1022 tatur
231 996 320 1023 :adeo
337 1000 366 1023 ut
392 996 459 1023 nihil
478 996 552 1023 aliud
568 997 593 1023 ei
609 997 792 1030 relinquatur,
809 1000 922 1030 prictcr-

138 1049 220 1075 qttaut
237 1042 394 1069 dilectionis
411 1042 536 1074 allectus,
551 1042 598 1077 qui
623 1042 785 1069 naturaliter
808 1042 834 1068 ei
852 1041 925 1076 quod

137 1085 242 1112 bonum
254 1086 438 1114 ethonestum
454 1091 507 1119 est,
532 1087 664 1114 adhtcret.
683 1087 711 1114 ld
725 1087 798 1114 enim
815 1087 927 1114 dilectio

136 1134 191 1163 est,
210 1131 302 1158 anittto
316 1131 443 1159 videlicet
461 1131 560 1160 insitus
572 1132 683 1159 habitus
695 1132 729 1159 ad
741 1132 767 1159 id
780 1132 853 1166 quod
870 1133 927 1166 pla-

136 1181 183 1204 cet
203 1183 284 1212 atque
296 1178 372 1205 cordi
387 1183 441 1205 est.
457 1178 528 1205 Cum
543 1178 626 1214 igitur
639 1178 766 1212 simplex,
779 1183 806 1205 et
820 1179 926 1205 unifor-

136 1223 202 1254 mis,
220 1230 252 1249 ac
268 1223 349 1257 plane
368 1223 466 1250 similis
481 1223 536 1250 Deo
551 1223 642 1250 anima
654 1223 736 1253 facta.
749 1229 828 1252 nacta
842 1225 926 1252 fuerit

138 1267 208 1294 illud
220 1275 283 1295 vere
291 1268 416 1303 simplex,
424 1273 453 1296 et
461 1269 579 1295 materiae
587 1269 697 1303 dolique
707 1277 803 1304 expers
811 1270 926 1303 bonum,

136 1313 214 1348 quod
223 1314 313 1341 solum
324 1322 414 1341 revera
424 1314 571 1342 dilectione
583 1315 694 1350 dignum
707 1320 733 1342 et
743 1317 860 1343 amabile
873 1321 925 1349 est,

136 1365 203 1386 cum
228 1359 351 1386 adhaeret
369 1360 471 1392 cidettt,
497 1365 553 1387 tuttt
569 1369 621 1387 una
635 1361 829 1388 comtttisectur
845 1367 927 1396 atque

136 1410 372 1440 contemperatur,
383 1414 432 1441 per
446 1406 603 1434 dilectionis
618 1411 723 1434 motum
740 1412 767 1434 et
789 1408 925 1435 actionem

137 1451 172 1479 ad
188 1452 216 1479 id
234 1452 307 1486 quod
331 1460 440 1487 semper
454 1457 482 1480 et
502 1453 749 1487 comprehenditur
774 1458 802 1480 et
817 1453 925 1480 inveni-

138 1502 194 1530 tur,
206 1505 266 1526 sese
277 1498 409 1528 formans.
426 1503 508 1533 atque
530 1499 556 1526 id
574 1506 623 1533 per
634 1499 845 1527 similitudinem
861 1499 925 1527 boni

137 1544 268 1576 cvadens,
287 1545 359 1579 qttod
374 1546 434 1578 ejus
447 1545 520 1580 quod
533 1545 715 1580 participatur
738 1550 821 1580 atque
837 1547 926 1582 perci-

138 1591 213 1624 pitur
234 1596 330 1618 natura
345 1596 396 1618 est.
418 1591 486 1618 Cum
501 1596 592 1619 autem
607 1592 634 1619 in
656 1593 702 1620 illo
715 1593 854 1626 cupiditas
871 1601 925 1621 non

137 1637 173 1664 sit
186 1637 347 1671 (propterea
363 1638 438 1671 quod
455 1645 506 1664 nec
532 1638 615 1665 ullius
631 1638 742 1684 quidem
765 1639 830 1666 boni
851 1639 926 1666 defe-
940 1657 959 1684 ε

137 1687 199 1710 ctus
214 1683 243 1709 in
260 1690 293 1709 eo
309 1683 368 1715 sit),
387 1690 560 1717 consequens
576 1683 668 1710 fuerit.
687 1683 768 1710 etiam
793 1685 924 1716 animam,

136 1735 198 1754 cum
210 1735 246 1754 eo
258 1727 386 1759 evaserit,
398 1727 445 1754 ubi
463 1727 501 1754 rei
519 1727 622 1754 nullius
635 1731 742 1762 egestas
752 1731 805 1759 est,
818 1735 851 1754 ex
863 1735 925 1754 sese

136 1772 239 1807 ejicere
260 1780 371 1807 qttoque
398 1772 614 1807 concupiscendi
641 1777 746 1799 motum
764 1777 846 1807 atque
859 1772 928 1800 θιγε-

137 1823 222 1846 ctum.
242 1818 316 1846 Talis
330 1823 421 1845 autem
437 1819 568 1846 doctrina:
586 1823 668 1853 atque
695 1819 840 1846 sententia:
855 1819 927 1846 divi-

137 1872 189 1891 ntts
205 1872 319 1899 qttoque
335 1864 414 1892 nobis
429 1864 579 1899 Apostolus
593 1869 689 1892 auctor
704 1869 755 1892 est.
769 1864 837 1892 Cum
854 1865 927 1891 cttim

137 1911 262 1938 omnium
278 1919 381 1940 rerum.
393 1919 509 1946 quarum
520 1912 632 1939 nuncin
646 1911 726 1938 ttobis
739 1911 803 1938 boni
815 1918 926 1945 quoque

137 1965 234 1989 causa,
248 1957 339 1984 studia
352 1957 453 1992 vigent,
464 1958 644 1984 abolitionem
656 1962 684 1984 et
699 1956 820 1990 quietem
835 1964 917 1990 quam

137 2003 209 2037 dam,
228 2007 311 2037 atque
324 2002 494 2029 sedationem
511 2008 540 2029 et
558 2003 640 2029 finem
663 2002 787 2028 futurum
803 2007 867 2028 ante
878 2002 928 2028 de-

138 2049 305 2080 nuntiasset,
318 2048 404 2075 solius
416 2048 573 2075 dilectionis
583 2053 610 2075 et
623 2048 768 2075 charitatis
778 2049 926 2075 terminttttt

138 2103 191 2122 tton
210 2094 320 2121 invenit
334 2102 340 2120 :
353 2103 361 2119 ι
379 2094 445 2120 Nam
459 2094 609 2129 prophetia!
620 2094 815 2126 abolebuntur,
826 2095 926 2128 inquit,

137 2146 165 2167 ct
179 2140 298 2168 scientia
312 2139 475 2166 destruetur
493 2148 500 2166 :
517 2139 638 2167 charitas
649 2143 741 2166 autem
767 2144 795 2166 et
813 2140 926 2167 dilectio

138 2195 281 2222 mtnquattt
297 2186 407 2213 excidit.
421 2196 429 2211 ι
441 2185 520 2218 Quod
529 2186 642 2221 perinde
653 2191 705 2218 est,
720 2194 752 2213 ac
761 2186 783 2213 si
794 2185 926 2213 dixisset:

140 2233 257 2268 Semper
279 2233 375 2260 eadem
401 2237 453 2259 est.
482 2232 553 2265 Quin
580 2232 675 2264 etiam,
702 2239 763 2258 cum
789 2232 869 2259 fidem
896 2239 928 2259 ac

139 2286 215 2313 spem
238 2286 290 2305 una
316 2287 377 2306 cum
390 2279 524 2306 eltaritate
545 2284 629 2313 atque
656 2279 803 2306 dilectione
818 2286 926 2313 perma-

980 1001 1082 1029 divinis
1097 1001 1228 1032 oraculis,
1246 1001 1319 1035 quod
1334 1002 1406 1029 Deus
1418 1006 1446 1028 et
1457 1001 1535 1028 locus
1548 1002 1656 1028 exsistit
1673 1002 1707 1028 iis
1721 1002 1769 1036 qui

981 1048 1055 1083 digni
1071 1052 1144 1077 sunt.
1161 1052 1189 1074 el
1200 1047 1310 1080 domus,
1331 1052 1358 1075 et
1373 1047 1578 1080 indumentum,
1592 1052 1620 1075 et
1635 1048 1727 1079 cihtts.
1742 1053 1771 1076 et

981 1099 1072 1129 potus,
1082 1098 1111 1121 et
1121 1094 1225 1126 lumen,
1237 1099 1264 1121 et
1275 1094 1392 1125 divitia,
1406 1098 1434 1121 et
1447 1101 1575 1129 regnum,
1591 1101 1623 1121 ac
1634 1093 1770 1128 quidquid

981 1140 1023 1167 vel
1037 1145 1128 1167 tuente
1139 1141 1258 1175 concipi,
1274 1140 1315 1167 vel
1329 1140 1466 1167 nominari
1479 1144 1582 1174 potest.
1598 1140 1671 1174 quod
1691 1140 1770 1166 nobis

981 1186 1115 1219 conferat,
1133 1191 1160 1214 et
1175 1186 1313 1214 conducat
1327 1186 1359 1213 ad
1376 1186 1475 1213 bonam
1487 1187 1583 1212 vitam.

1015 1233 1098 1262 (ἰιιιο.
1114 1234 1171 1262 Hoc
1195 1235 1278 1262 etiatn
1303 1234 1461 1262 mandatum
1485 1234 1694 1269 tuumexplevi.
1720 1234 1770 1261 do-

981 1280 1065 1313 mitta,
1079 1286 1106 1307 et
1117 1281 1307 1314 probationem
1322 1281 1399 1307 attuli
1422 1280 1653 1315 probatissimam,
1667 1285 1695 1306 ct
1711 1281 1755 1314 qui
1765 1296 1771 1301 -

980 1327 1042 1354 dem
1063 1327 1096 1353 iis
1110 1327 1212 1357 verbis,
1231 1327 1332 1361 quibus
1349 1327 1450 1361 scripta
1467 1331 1573 1358 exstat,
1591 1330 1622 1352 ut
1645 1326 1768 1352 voluisti.

980 1372 1172 1407 Etplurimum
1186 1372 1298 1407 fatigata
1310 1380 1382 1405 sum,
1401 1372 1606 1407 elaboravique,
1627 1376 1655 1399 et
1670 1371 1772 1406 ubique

980 1418 1144 1453 conquisivi,
1177 1423 1205 1446 et
1238 1423 1359 1446 scrutata
1385 1426 1456 1450 sum,
1484 1418 1689 1453 qua-rendoque
1717 1425 1772 1445 non

980 1473 1082 1500 paucos
1096 1465 1182 1493 libros
1200 1465 1303 1498 evolvi,
1319 1473 1385 1500 quo,
1404 1473 1465 1500 qua:
1482 1465 1604 1492 dicerem
1625 1465 1711 1492 firmis
1726 1472 1771 1491 ar-

979 1512 1117 1546 gumentis
1145 1517 1173 1539 et
1203 1512 1368 1539 testimoniis
1395 1511 1560 1539 conﬂrntare
1588 1519 1707 1545 possent.
1738 1511 1773 1538 Ut

980 1557 1064 1592 igitur
1077 1559 1149 1593 apud
1168 1564 1308 1585 auctorem
1325 1559 1413 1593 ipsunt
1432 1557 1520 1592 posita
1539 1557 1642 1588 inveni,
1664 1557 1704 1584 sic
1722 1557 1769 1583 tibi

981 1605 1121 1639 proposui,
1137 1605 1348 1639 prteelarissitnc
1365 1605 1460 1639 utique
1476 1612 1538 1632 cuto
1560 1604 1604 1631 his
1620 1604 1654 1631 de
1668 1604 1770 1638 quibus

979 1650 1068 1684 agitur
1094 1649 1314 1680 cottseotientia;
1333 1657 1383 1676 nec
1399 1649 1426 1676 itt
1440 1648 1598 1676 elocutione
1617 1648 1769 1683 quidquattt

977 1694 1149 1720 immutatutn
1173 1699 1225 1721 est.
1256 1694 1334 1720 Nuttc
1358 1698 1386 1720 tu
1413 1702 1496 1728 super
1525 1694 1567 1721 ltis
1583 1694 1717 1730 judiciuttt
1739 1699 1767 1721 et

977 1740 1142 1766 sententiam
1155 1747 1274 1774 expone,
1291 1744 1385 1766 utrum
1402 1747 1435 1766 ea
1453 1747 1565 1774 scopum
1580 1740 1714 1767 orationis
1728 1746 1772 1768 at-

979 1785 1082 1819 tingere
1099 1790 1189 1820 putes.

1013 1831 1107 1857 ANIHA.
1121 1830 1296 1863 Congruunt,
1309 1830 1491 1863 conveniunt,
1505 1836 1533 1858 et
1543 1832 1733 1863 consentiunt,
1744 1837 1773 1859 et

978 1876 1046 1902 mihi
1060 1876 1193 1911 dogmatis
1212 1876 1317 1903 firmam
1330 1884 1362 1904 ac
1376 1877 1490 1903 solidam
1503 1877 1585 1904 fidem
1601 1877 1718 1910 faciunt,
1744 1884 1772 1905 et

980 1921 1005 1947 in
1022 1921 1122 1948 tabulis
1143 1921 1236 1948 cordis
1255 1922 1327 1948 notis
1343 1921 1539 1948 indelebilibtts
1551 1922 1682 1957 inscripta
1697 1928 1771 1956 sunt,

979 1973 1123 2003 postquam
1147 1968 1340 2003 probationem
1365 1968 1513 2003 insignem,
1540 1969 1772 2003 quemadmodum

980 2014 1117 2048 petebam,
1143 2014 1256 2049 accepi:
1279 2014 1324 2041 cui
1352 2022 1403 2042 nec
1420 2015 1611 2043 contentiosus
1636 2015 1772 2050 quispiam

978 2060 1169 2095 refragabitur.
1184 2060 1236 2093 Qui
1247 2060 1329 2096 igitur
1340 2061 1467 2096 quaesivit
1480 2061 1590 2088 discere
1604 2061 1770 2095 tripartitam

979 2105 1112 2132 rationettt
1121 2106 1229 2137 anitme,
1242 2114 1299 2133 rem
1311 2107 1424 2134 inventu
1434 2111 1462 2133 ct
1473 2107 1611 2142 explicato
1622 2107 1772 2137 diflicilem,

980 2156 1009 2178 ut
1024 2151 1127 2182 dixisti.
1143 2152 1226 2179 homo
1240 2153 1407 2185 industrius,
1422 2157 1450 2180 et
1467 2154 1587 2187 sapiens,
1603 2157 1632 2179 ut
1645 2158 1772 2187 apparet,

979 2196 1044 2223 fttit.
1062 2197 1191 2224 Arbitror
1205 2203 1297 2225 autem
1317 2206 1371 2226 non
1391 2199 1469 2232 plura
1479 2199 1546 2225 milli
1563 2198 1769 2233 interroganda,

979 2245 1006 2267 et
1020 2241 1209 2276 cognoscenda
1234 2243 1260 2268 itt
1287 2242 1398 2277 negotio
1411 2241 1542 2276 perplexo
1559 2247 1587 2268 et
1610 2241 1725 2268 diﬂicili.
1743 2241 1771 2268 Si

980 2287 1046 2321 quid
1071 2295 1136 2322 ergo
1166 2288 1285 2322 amplius
1303 2289 1400 2319 habes.
1419 2289 1472 2315 hoc
1490 2288 1550 2315 sine
1574 2296 1649 2314 mora
1665 2287 1771 2314 affet-in

138 2332 205 2352 nere
219 2325 336 2356 diceret.
355 2333 449 2352 rursus
462 2333 523 2352 eam
539 2324 594 2352 illis
615 2325 725 2360 pratfert
749 2330 830 2359 atque
858 2331 926 2359 pra:-

983 2333 1102 2359 medium
1115 2333 1148 2360 ad
1161 2334 1293 2365 fructum,
1304 2334 1337 2361 ad
1348 2335 1494 2361 utilitatem
1516 2338 1544 2360 et
1554 2333 1660 2360 lucrum
1673 2340 1773 2359 meum.

139 2369 229 2404 ponit,
243 2378 331 2404 neque
349 2370 458 2405 injuria.
471 2370 538 2397 Nam
567 2378 631 2405 spes
653 2370 764 2397 interim
790 2375 926 2403 movetur,

139 2417 207 2442 dum
224 2425 278 2443 non
295 2417 361 2443 licet
374 2417 427 2443 frui
443 2423 526 2451 atque
538 2417 619 2453 potiri
634 2417 669 2444 iis
687 2417 782 2449 rebus,
797 2425 857 2452 qttze
871 2425 930 2452 spe-

140 2463 249 2487 rantur.
273 2461 306 2487 Et
334 2461 428 2488 itidem
454 2461 522 2489 fides
546 2462 766 2489 sustentaculum
792 2469 823 2489 ac
839 2462 930 2489 firma—

140 2510 266 2533 tttcntuttt
290 2510 331 2533 est
350 2506 553 2536 ittcertitudinis
569 2516 665 2536 earum
678 2517 771 2536 rerum
785 2517 845 2544 qua:
864 2516 928 2544 spe-

142 2557 250 2579 rantur.
268 2551 334 2578 Nam
345 2557 373 2579 et
387 2552 423 2579 ita
440 2561 499 2580 eam
509 2555 644 2588 definivit,
654 2563 716 2583 cum
727 2556 841 2587 diceret,
859 2565 869 2581 ‹
884 2556 905 2582 Ε
922 2560 932 2582 t

141 2600 235 2623 autem
260 2596 329 2623 fides
351 2597 547 2631 sperandarum
572 2607 664 2627 rerum
687 2601 840 2628 substantia
864 2601 898 2627 “.
918 2610 927 2626 ι

142 2642 212 2667 Cum
227 2647 318 2668 autem
335 2643 443 2669 venerit
460 2643 486 2669 id
509 2645 580 2678 quod
603 2651 742 2680 speratur,
761 2647 823 2678 aliis
837 2647 929 2674 omni-

143 2687 194 2714 bus
207 2688 426 2722 quiescentibus,
438 2689 581 2718 charitatis
598 2699 630 2719 ac
643 2693 800 2722 dilectionis
811 2694 929 2722 allicien-

144 2732 180 2759 tia
196 2739 307 2767 lnanet;
325 2734 427 2769 quippe
442 2743 504 2762 cttm
519 2744 573 2764 non
602 2737 734 2772 inveniat,
761 2741 834 2774 quod
863 2748 923 2768 eam

144 2777 272 2813 excipiat,
299 2784 327 2808 et
344 2780 371 2807 in
391 2781 483 2808 locum
507 2783 567 2818 ejus
583 2785 724 2813 succedat.
742 2785 927 2819 Quamobrem

179 2882 202 2897 “
218 2883 297 2910 llehr.
322 2892 359 2916 λι,
377 2885 400 2912 l.

979 2378 1056 2411 Quod
1071 2379 1092 2406 si
1111 2384 1140 2406 ut
1155 2380 1247 2414 segnis
1266 2384 1295 2407 et
1322 2388 1416 2407 socors
1442 2379 1670 2413 tergiversabcre,
1683 2383 1710 2406 et
1729 2386 1776 2405 oc-

983 2425 1113 2455 cultabis.
1131 2425 1320 2453 lrustrationis
1342 2431 1370 2453 et
1383 2426 1475 2453 danmi
1493 2426 1544 2453 mei
1563 2427 1632 2453 ultio
1649 2426 1675 2452 in
1694 2430 1777 2461 caput

987 2474 1063 2498 tuum
1081 2471 1197 2498 recidat.

1019 2515 1102 2542 Cano.
1123 2515 1189 2548 Qua:
1208 2517 1252 2544 ille
1272 2525 1356 2552 super
1368 2518 1460 2545 attitna
1484 2518 1674 2552 interrogavit,
1691 2521 1718 2544 et
1733 2517 1777 2544 div

982 2560 1059 2592 dicit,
1084 2561 1201 2596 plurima
1224 2563 1386 2590 admiranda
1412 2569 1440 2590 et
1467 2564 1543 2590 utilia
1565 2569 1638 2590 sunt.
1662 2564 1777 2590 Verum-

982 2610 1072 2633 tamen
1095 2615 1179 2634 ttttum
1197 2608 1307 2638 accinc,
1337 2609 1419 2643 idque
1446 2609 1530 2635 etiam
1547 2609 1625 2638 utile,
1650 2608 1723 2642 quod
1743 2608 1776 2634 ad

982 2652 1106 2684 verbum,
1124 2657 1153 2680 ut
1166 2659 1218 2684 est,
1238 2654 1371 2681 recitabo.
1387 2655 1438 2686 Tu,
1455 2655 1476 2681 si
1502 2654 1639 2681 desiderio
1669 2662 1772 2689 cogno-

980 2697 1073 2724 scendi
1085 2698 1196 2730 teneris,
1209 2699 1274 2725 mihi
1286 2699 1406 2732 attende,
1419 2699 1464 2734 qui
1475 2704 1502 2726 et
1511 2699 1606 2734 quales
1616 2699 1642 2725 in
1654 2704 1776 2726 extremo

979 2741 1024 2768 die
1040 2742 1222 2770 resurrecturi
1240 2743 1337 2774 simus,
1365 2744 1477 2778 quando
1503 2744 1611 2771 venerit
1629 2742 1774 2777 Dominus,

978 2792 1006 2815 et
1020 2788 1052 2815 ad
1066 2788 1243 2823 judicandum
1258 2790 1425 2817 consederit.
