2034 3153
257 201 312 234 795

539 261 654 289 CAPUT
675 261 757 289 XVII.

261 317 298 343 De
313 319 506 355 rrsnrrectiotte
514 319 617 355 uberior
631 319 781 346 dissertatio
804 321 936 348 exiis'dem
953 323 1036 355 Grc-go

295 353 334 391 cii
351 353 630 391 ΝμεσεηὶᾸΙαεήηεὶι,
651 359 793 391 ιιιλιηιειοι-
814 361 902 382 noster
919 353 1048 391 appellnt.

293 388 334 413 Αιι
347 395 436 413 sacros
462 387 542 414 libros
569 388 721 415 evolvendo:
741 391 896 421 cohortatio.
913 387 941 418 et
955 387 989 418 int
1006 401 1051 418 sa-

292 427 458 448 crosanctam
474 422 627 449 Trinitatem
642 425 793 458 gratiarum
808 427 887 452 actio.

292 490 373 522 Quod
397 491 564 518 resurrectio
580 492 730 526 aliquando
752 492 842 519 futura
860 493 906 525 sit,
928 499 956 520 et
978 494 1051 528 quod

260 537 343 563 homo
371 537 532 571 incorrupto
555 538 662 572 judicio
693 538 818 571 sistetur,
847 547 910 566 cum
940 545 1052 574 propter

259 583 464 616 Seripturarum
477 583 739 615 demonstrationes,
751 589 808 610 tum
823 589 935 618 propter
945 592 977 610 ea
993 593 1053 618 qiue

257 629 312 663 jam
326 633 390 655 ante
401 629 542 663 exquisita
559 634 640 664 atque
652 637 766 656 excussa
781 635 855 661 sunt,
869 630 993 664 plerique
1004 639 1054 656 au-

259 674 395 700 dientium
433 675 630 702 assentientur.
663 676 809 710 Reliquum
840 681 931 702 autem
971 677 1054 704 fuerit

260 719 447 750 considerare.
478 728 511 746 an
539 726 621 754 prout
647 726 693 747 est
707 721 744 752 id,
761 722 834 756 quod
847 730 921 748 nunc
936 728 987 753 est,
1016 723 1052 749 ita

259 765 343 792 etiam
363 765 437 799 quod
452 771 590 800 speratur,
604 766 728 793 futurum
744 768 790 794 sit.
802 768 880 800 Quod
897 769 918 795 si
938 769 976 795 ita
989 768 1051 795 fue-

265 811 313 843 rit.
339 811 498 847 fugiendam
515 820 577 841 esse
602 813 718 840 dixerim
739 822 814 849 spem
828 815 1050 842 resurrectionis.

263 856 332 883 Nam
344 857 366 884 si
379 857 469 891 qualia
477 857 599 885 evadunt
611 858 730 886 humana
743 867 869 894 corpora,
881 860 946 888 dum
962 861 1054 888 vivere

262 902 410 934 desinunt,
423 904 486 930 talia
505 912 614 932 rursum
629 905 692 932 vitae
707 905 890 932 restituuntur
901 926 908 938 ,
921 906 1052 932 nimirum

875 208 1044 238 PHILIPPI
1065 208 1261 239 SOLITARll

1067 267 1090 296 Α
1105 265 1192 293 rectio
1207 264 1306 291 eximie
1329 263 1477 290 stabilitur.
1506 263 1561 298 Age
1585 263 1630 291 die
1653 263 1718 299 quid
1733 265 1849 298 sentias,
1863 271 1888 294 et

1838 210 1888 242 796

1106 320 1139 338 an
1164 311 1213 338 tibi
1238 310 1416 338 satisfaciant.

1141 359 1238 385 ANIIA.
1252 358 1344 384 Dicam
1359 363 1465 387 verum,
1480 359 1508 383 et
1523 356 1597 390 quod
1612 356 1713 383 sentio.
1729 356 1830 383 Multos
1845 366 1889 384 su-

1107 413 1156 440 per
1174 405 1226 432 hoc
1241 407 1404 438 argumento
1429 402 1597 429 disserentes
1609 401 1714 430 audivi.
1741 402 1887 429 multorum

1107 450 1209 483 scripta
1220 449 1284 483 legi,
1296 448 1435 475 orationes
1445 447 1578 482 plurimas
1586 447 1675 474 evolvi
1687 456 1693 473 ε
1704 452 1889 474 verumtamen

1105 494 1174 520 nihil
1191 494 1281 521 simile
1292 501 1410 527 unquam
1430 492 1520 519 iuveni
1540 501 1546 518 :
1572 491 1754 518 admiratione
1780 492 1888 527 dignum

1108 539 1248 573 ingenium
1268 538 1353 572 illius,
1371 536 1565 564 ornatiSsiqus
1580 544 1680 564 sermo.
1695 537 1800 564 Tamen
1817 537 1891 568 doce.

1106 585 1153 618 qui
1170 585 1234 615 sint,
1250 589 1276 611 et
1291 592 1323 611 ex
1338 591 1393 618 quo
1410 591 1520 618 genere.
1534 583 1580 617 qui
1597 583 1656 610 haec
1681 583 1784 610 litteris
1804 590 1892 618 persa-

1106 631 1213 665 pienter
1228 629 1489 664 accommodateque
1504 629 1740 663 conscripserunt.

1140 675 1222 703 Cano.
1238 675 1289 708 Qui
1306 675 1370 707 sint,
1385 683 1438 701 non
1455 675 1544 702 dicam
1557 675 1605 701 tibi
1620 683 1627 700 ι
1642 682 1735 708 quaere
1757 679 1786 701 et
1798 681 1891 708 cogno-

1105 730 1173 748 θοις.
1190 721 1256 748 Natu
1273 726 1430 755 elegoq-m
1440 721 1500 751 sivi,
1515 726 1543 747 et
1555 720 1599 746 vix
1614 728 1677 747 eum
1688 720 1784 746 labore
1795 720 1890 747 iuveni.

1108 768 1148 794 ’l‘u
1161 775 1271 802 quoque
1291 767 1312 794 si
1325 767 1479 801 quzesieris,
1491 766 1630 793 invenies:
1642 766 1663 793 si
1672 766 1814 801 petiveris,
1825 767 1892 794 acci-

1107 813 1176 848 pies,
1191 817 1218 839 et
1234 820 1296 838 cum
1311 812 1393 848 hujus
1403 811 1600 846 disputationis
1613 817 1766 843 auctorem,
1781 817 1838 839 tum
1852 819 1891 846 ge-

1108 867 1159 886 nus
1171 859 1254 889 illius.
1265 863 1292 885 ct
1301 866 1412 889 nomen.
1423 863 1451 885 et
1466 859 1549 885 vitam
1562 858 1596 885 ad
1609 866 1727 892 unguem
1739 865 1891 893 cognosces.

1109 904 1159 932 Ubi
1169 903 1306 938 cognoris,
1315 911 1377 930 cum
1384 903 1468 930 animi
1477 903 1515 929 tui
1523 902 1613 929 fructu
1622 902 1832 929 conﬁrmabam.
1840 902 1895 929 Non

263 953 395 982 perpetua
411 949 534 983 quadam
549 950 691 978 calamitas
709 951 745 978 ab
766 951 926 979 hominibus
942 960 990 986 per
1006 959 1051 979 re-
1071 946 1090 973 Β
1104 951 1177 978 enim
1192 950 1225 977 ad
1249 949 1393 984 ingenuam
1411 949 1597 983 cognitionem
1615 948 1720 975 tardam
1731 955 1766 974 ac
1785 947 1893 983 pigram,

262 994 464 1021 surrectioncm
493 1000 632 1030 speratur.
658 997 737 1030 Quod
767 997 840 1024 enim
867 997 1055 1024 miserabilius

263 1041 452 1074 spectaculum
466 1042 559 1075 fuerit,
575 1051 656 1077 quam
668 1050 730 1070 cum
742 1044 768 1070 in
779 1047 902 1070 extrema
913 1048 1055 1071 senectute

265 1085 408 1112 incurvata
423 1091 506 1120 atque
520 1093 662 1115 contracta
672 1095 790 1123 corpora
802 1089 835 1116 ad
852 1089 1053 1124 turpitudinem

266 1138 299 1157 ac
323 1130 528 1159 deformitatem
557 1133 668 1160 redacta
694 1134 814 1166 fuerint,
836 1142 920 1162 carne
942 1134 1054 1169 quidem

263 1184 360 1203 eorum
380 1181 504 1212 tempore
519 1184 697 1214 consumpta,
720 1188 819 1215 rugosa
830 1185 922 1208 autem
937 1186 966 1207 et
979 1180 1056 1207 arida

263 1227 329 1249 cute
347 1223 457 1251 ossibus
472 1225 648 1252 adhaerente?
667 1226 775 1253 Etenim
790 1228 894 1259 nervis,
914 1228 988 1262 quod
1005 1234 1053 1253 na-

265 1268 347 1295 turali
370 1269 476 1296 scilicet
497 1270 613 1298 bumore
636 1271 755 1305 amplius
780 1279 835 1298 non
851 1271 1010 1298 imbuuntur
1025 1278 1058 1298 ac

264 1313 456 1348 pinguescant,
471 1316 623 1348 convulsis.
639 1321 667 1343 et
680 1316 783 1343 idcirco
799 1321 856 1343 toto
866 1324 982 1350 corpore
992 1324 1059 1342 con-

265 1364 362 1393 tracto,
376 1369 420 1388 res
432 1361 557 1396 quaedam
574 1361 683 1389 inﬁrma
710 1371 742 1390 ac
754 1367 879 1397 spectatu
892 1362 1059 1389 miserabilis

263 1406 381 1439 exsistit,
393 1415 455 1434 cum
471 1408 674 1442 caputquidem
688 1408 715 1435 in
727 1416 816 1444 genua
831 1408 993 1435 inclinatum
1007 1408 1058 1440 sit,

265 1458 362 1478 manus
376 1456 469 1479 autem
484 1453 615 1487 utrinque
626 1453 661 1480 ad
678 1454 831 1481 naturalem
847 1453 958 1488 quidem
973 1461 1054 1480 usum

268 1495 397 1524 invalida:
414 1497 469 1524 sint
487 1498 537 1532 (α),
551 1503 606 1525 etc.

301 1541 385 1568 Cano.
397 1542 507 1569 Audisti
517 1543 709 1577 quaestionem.
721 1549 748 1572 et
760 1545 880 1572 vicissim
894 1553 1057 1581 reaponsum

266 1595 332 1614 vere
349 1587 435 1614 divini
451 1596 485 1616 ac
499 1589 633 1624 sapientis
648 1590 720 1617 illius
734 1591 833 1624 Patris,
847 1592 949 1627 quibus
962 1600 1057 1620 resur-

315 1659 374 1675 ’Μ’
384 1659 465 1687 Joan.
475 1668 502 1692 v,
525 1661 570 1688 59.

1107 996 1153 1023 sed
1166 996 1267 1023 laboris
1277 995 1445 1022 etdoctrinze
1460 995 1609 1021 studiosam
1620 1002 1692 1024 esse.
1709 999 1737 1021 et
1751 994 1894 1028 praesertim

1108 1041 1191 1076 (quod
1204 1041 1297 1075 cupio)
1306 1040 1463 1075 Scripturas
1474 1040 1631 1075 perdiscere
1643 1048 1754 1075 aequum
1763 1044 1816 1067 est.
1830 1039 1895 1066 Utile

1107 1087 1182 1114 enim
1204 1091 1371 1121 praeceptum
1396 1095 1402 1112 :
1427 1095 1436 1111 ε
1450 1086 1618 1113 Scrutamini
1639 1086 1810 1120 Scripturas.
1826 1085 1893 1110 ²⁸·”ι

1110 1134 1162 1165 Mc,
1179 1137 1274 1168 utpote
1285 1133 1340 1168 jam
1353 1132 1539 1167 defatigatam,
1550 1140 1586 1159 ne
1601 1139 1696 1162 onera.
1715 1139 1782 1166 quae
1795 1139 1844 1166 pro
1859 1131 1896 1157 bis

1108 1179 1164 1205 Deo
1179 1177 1331 1212 rependere
1345 1176 1456 1203 laudum
1481 1177 1585 1211 gratias
1603 1177 1676 1203 volo.
1693 1175 1792 1203 Solum
1809 1175 1894 1202 Trini-

1110 1229 1193 1251 tatem
1208 1223 1332 1250 venerari
1350 1223 1418 1255 scio,
1431 1222 1550 1254 Patrem,
1564 1227 1732 1250 coaeternum
1749 1222 1858 1249 Filium.
1871 1226 1897 1247 et

1109 1270 1232 1297 divinum
1249 1269 1401 1303 Spiritum‘;
1424 1273 1480 1295 tres
1504 1269 1664 1304 hypostases
1689 1268 1824 1303 gloriﬁco,
1848 1272 1897 1294 tres

1110 1323 1243 1350 personas
1259 1323 1266 1347 ς
1286 1315 1401 1341 omnino
1414 1320 1506 1341 autem
1534 1322 1615 1341 unam
1642 1314 1804 1342 essentiam.
1822 1321 1896 1340 unam

1111 1361 1270 1396 potentiam.
1289 1365 1317 1388 et
1333 1368 1415 1387 unam
1444 1366 1583 1391 naturam,
1600 1360 1784 1391 individuam,
1806 1360 1894 1387 incon-

1112 1407 1222 1438 fusam,
1239 1411 1267 1434 ct
1294 1407 1562 1440 incomprehensam,
1589 1407 1712 1434 omnium
1738 1415 1831 1435 rerum
1860 1407 1897 1434 in-

1111 1453 1288 1488 spectricem,
1307 1453 1499 1480 universorum
1516 1455 1741 1488 procreatricem,
1768 1454 1895 1481 bonorum

1110 1505 1259 1531 amantem,
1271 1501 1358 1534 ipsam
1372 1500 1536 1532 bonitatem,
1551 1501 1674 1529 omnium
1686 1501 1825 1528 bonorum
1836 1508 1895 1528 cau-

1109 1554 1179 1578 sam,
1190 1553 1251 1581 qua:
1262 1546 1353 1573 omnia
1369 1546 1503 1577 condidit,
1516 1547 1662 1581 gubernat,
1675 1547 1808 1578 sustinet,
1821 1553 1897 1582 quam

1109 1592 1240 1627 przedico,
1256 1592 1352 1622 adoro,
1371 1592 1445 1624 colo,
1461 1592 1598 1627 gloriﬁco.

304 1726 590 1769 talEloquen'tissime
614 1737 757 1764 ,regorius
772 1731 826 1764 (est
837 1731 916 1769 enim
928 1737 1026 1769 orator
1048 1738 1174 1769 magnus)
1195 1731 1329 1769 adversus
1344 1733 1577 1761 resurrectionem
1595 1735 1651 1769 agit
1671 1735 1698 1762 in
1712 1743 1747 1762 eo
1770 1735 1888 1769 dialogo,

268 1761 313 1802 cui
330 1761 449 1805 Macrilna
463 1763 538 1805 virgo
552 1768 580 1790 et
595 1761 684 1805 soror,
702 1761 786 1805 quam
805 1770 834 1792 ut
847 1767 1004 1805 magistram
1021 1761 1184 1798 introducit,
1201 1767 1360 1805 doctissime
1383 1768 1518 1805 occurrit,
1536 1761 1741 1805 veritatemque
1752 1761 1887 1805 copiosis:

269 1797 495 1837 simeexplanat.
511 1797 855 1837 Caeterum'quiaglﬂysseni
870 1797 957 1828 codex
974 1803 1000 1828 in
1023 1807 1150 1835 promptu
1164 1806 1217 1834 est,
1233 1806 1272 1828 tot
1288 1803 1402 1837 paginas
1416 1810 1450 1828 ea
1469 1802 1654 1837 disputatione
1665 1797 1700 1831 ad
1715 1797 1843 1837 verbum,
1857 1809 1883 1831 et.

269 1836 299 1875 [At
311 1831 509 1875 ibi_continens
524 1834 632 1875 visitur.
650 1831 830 1875 describenda
842 1831 1125 1875 constituet-mminit
1140 1831 1258 1870 pretium
1279 1831 1338 1875 non
1351 1838 1470 1875 videtur.
1485 1831 1642 1875 Siilegeris,
1658 1848 1711 1866 non
1732 1831 1885 1875 pinnite'bit.

268 1866 335 1908 Quae
352 1866 435 1908 igitur
446 1868 521 1895 hisee
535 1868 683 1908 Macrine-is
695 1870 819 1896 recitatis
833 1870 905 1906 apud
919 1866 1075 1906 Philippum
1087 1866 1252 1906 sequuntur,
1265 1873 1420 1908 quibusque
1437 1871 1507 1899 liber
1518 1866 1715 1902 hicvsecn'udus
1728 1866 1888 1906 absolvitur,

267 1900 466 1930 Latina’l'acere
480 1903 629 1939 pergimus.
649 1904 800 1932 PONTANUS.

272 1999 1870 2020 Ἢ

674 2107 959 2154 ΒΙΟΡΤΒίΕ
999 2110 1133 2154 LlBE
1146 2113 1176 2155 li
1213 2111 1285 2155 TE
1298 2112 1391 2156 RTI
1405 2112 1491 2157 US.

587 2301 700 2330 CAPUT
721 2302 742 2330 Ι.

270 2348 384 2376 Mentem
402 2349 474 2386 rcitra
496 2357 590 2385 corpus
616 2350 701 2377 multa
721 2359 860 2386 perperam
877 2352 1059 2380 committere:

303 2385 420 2421 corporis
444 2392 503 2411 cum
526 2386 617 2412 animo
643 2386 700 2412 sola
725 2386 821 2421 absque
846 2391 932 2413 mente
955 2387 1059 2414 nullam

302 2426 358 2455 esse
384 2419 554 2454 functioncm.
572 2421 697 2448 Animam
712 2419 815 2455 justam
831 2429 862 2448 ex
872 2422 927 2453 hac)
940 2423 1058 2449 custodia

302 2453 434 2484 eductam.
453 2455 533 2482 simul
541 2464 599 2482 cum
618 2453 719 2489 αηρείἱὲ
735 2456 890 2484 rollnudare
904 2456 1057 2490 Dominum.

304 2496 394 2527 rerum
406 2489 485 2524 hujus
505 2492 569 2527 vitrei
577 2491 757 2518 immemorem
769 2500 778 2518 :
794 2492 963 2527 peccatricem
978 2494 1005 2520 in
1017 2494 1058 2520 in-

303 2523 378 2558 ferno
392 2523 500 2552 suorum
517 2523 801 2555 scelerumjeminisci'.

305 2577 403 2606 Auum.
418 2579 447 2605 In
473 2579 594 2608 secunda
606 2580 791 2616 disputatione
813 2589 895 2617 supra
916 2582 1057 2611 atlmnasti

267 2623 386 2650 animam
404 2625 463 2652 sine
478 2626 654 2654 tabernaculo
670 2635 731 2659 suo,
748 2627 800 2655 hoc
811 2633 852 2655 est
871 2636 996 2662 corpore,
1011 2629 1056 2655 ni-

267 2668 305 2695 hil
325 2677 414 2703 neque
430 2670 579 2703 mediocre,
609 2680 699 2707 neque
719 2681 860 2708 magnum,
885 2675 912 2701 in
937 2683 1055 2706 summa.

268 2714 335 2741 nihil
355 2717 508 2750 proprium,
520 2717 589 2745 nihil
609 2725 754 2746 commune
770 2726 818 2747 aut
833 2721 952 2748 medium
964 2729 1054 2756 agere.

267 2757 338 2785 Num
362 2759 445 2794 igitur
458 2761 572 2795 perinde
595 2770 624 2790 se
648 2770 735 2795 mens,
753 2768 782 2790 ut
799 2764 899 2795 anima.
924 2765 1015 2798 habet,
1029 2770 1057 2793 et

270 2804 329 2838 ipsa
349 2813 459 2840 quoque
469 2807 538 2835 citra
555 2815 656 2842 corpus
670 2817 750 2843 agere
765 2809 832 2837 nihil
845 2811 952 2844 potest?

304 2849 386 2878 Cum.
401 2852 476 2880 Mens
490 2854 549 2881 sine
565 2855 690 2889 corporis
705 2863 757 2889 ope
769 2856 853 2883 multa
869 2863 1056 2890 smpermmcro

270 2895 335 2929 agit,
355 2904 448 2925 eorum
463 2901 563 2933 partim
578 2909 640 2928 cum
658 2901 774 2933 virtute,
794 2901 892 2936 partim
910 2910 971 2929 tum
989 2903 1056 2930 vitio

1072 2307 1094 2336 c
1111 2306 1256 2341 conjuncta
1269 2311 1344 2334 sunt.
1366 2307 1473 2343 Corpus
1493 2316 1544 2344 per
1557 2316 1599 2342 se,
1614 2311 1668 2338 nisi
1682 2319 1697 2339 a
1716 2316 1808 2340 mente
1821 2312 1898 2348 adju-

1111 2355 1201 2384 vetur,
1218 2352 1286 2379 nihil
1297 2353 1420 2386 omnino,
1434 2355 1561 2389 quamvis
1574 2357 1734 2391 parviSsimi
1751 2358 1893 2391 momenti,

1110 2397 1202 2426 facere
1214 2403 1315 2433 potest.

1144 2443 1241 2471 ANIIA.
1258 2444 1285 2471 ld
1301 2452 1368 2472 vero
1384 2453 1505 2481 quonam
1523 2452 1613 2482 pacto,
1627 2454 1656 2477 et
1679 2449 1752 2477 unde
1772 2450 1829 2481 ﬁat.
1855 2449 1895 2476 vi-

1108 2491 1174 2519 dere
1190 2499 1307 2526 nequeo.

1143 2536 1225 2564 Cano.
1238 2537 1303 2564 Mihi
1313 2537 1347 2564 da
1355 2545 1477 2572 operam,
1490 2542 1519 2565 et
1528 2539 1646 2567 videbis.
1656 2539 1817 2575 Culparum,
1826 2541 1897 2568 deli-

1108 2586 1271 2617 clarumque
1283 2587 1452 2614 nostrorum,
1465 2590 1525 2618 qua:
1537 2588 1632 2611 noctes
1643 2589 1672 2612 et
1684 2585 1743 2613 dies
1752 2584 1898 2613 conscisci-

1111 2635 1182 2660 mus,
1198 2628 1322 2662 quaedam
1331 2628 1434 2659 verbis,
1453 2629 1577 2663 quaedam
1589 2629 1755 2663 actionibus,
1773 2631 1896 2667 quaadatn

1111 2671 1326 2707 cogitationibus
1337 2673 1395 2708 (qui
1409 2678 1474 2700 sunt
1486 2674 1630 2702 intrinseci
1641 2678 1793 2708 sermones)
1806 2675 1896 2703 conti-

1111 2723 1221 2746 nentur.
1235 2718 1338 2745 Horum
1355 2719 1436 2746 trium
1454 2728 1588 2755 generum
1613 2721 1779 2749 divisionem
1802 2728 1897 2749 rursus

1111 2763 1215 2798 accipe.
1229 2763 1295 2796 Quae
1309 2770 1392 2798 opere
1406 2764 1537 2792 etverhis
1551 2769 1711 2799 peccantur.
1727 2765 1754 2792 in
1765 2765 1807 2792 his
1820 2770 1897 2791 mens

1111 2809 1189 2836 carni
1201 2809 1305 2836 sociam
1329 2817 1390 2837 sese
1402 2810 1515 2844 praebet.
1531 2810 1596 2843 Quae
1608 2811 1786 2846 cogitatione,
1800 2817 1894 2838 eorum

1111 2857 1235 2890 contagia
1247 2856 1280 2882 ad
1294 2864 1376 2883 unam
1389 2861 1416 2883 et
1432 2856 1516 2884 solam
1531 2857 1650 2884 animam
1666 2857 1813 2891 pertinent.

1146 2905 1242 2930 ANIMA.
1257 2903 1293 2931 De
1309 2903 1399 2930 anima
1415 2910 1498 2938 porro
1512 2903 1578 2938 quid
1596 2903 1657 2931 ais?
1671 2911 1736 2931 num
1751 2903 1773 2931 si
1788 2910 1821 2930 ex
1841 2901 1894 2929 hoc
