2034 3153
157 215 209 249 ’19⁵1

883 220 1059 250 DlOl"'r'll.\.

1728 226 1783 258 798

158 271 296 299 domicilio
312 272 444 306 discedat,
457 274 516 301 sine
548 274 733 302 instrumento
760 280 788 303 et
814 277 946 302 ntcmbris
960 281 983 308 Α
1000 277 1179 311 pertransibit
1205 277 1232 304 in
1255 278 1312 310 illo.
1341 283 1437 307 etnon
1463 280 1603 312 subsistet,
1629 285 1657 306 et
1672 289 1725 307 non
1737 289 1785 308 co-

159 317 322 344 fumtioncm
349 319 504 353 quampiam
521 320 598 347 obire
619 321 709 347 valet?
730 320 799 348 Num
821 327 945 355 separata

159 368 186 390 et
203 362 259 389 sola
275 363 416 398 quidpiam
434 372 514 398 agerc
527 365 633 399 potest?

187 407 268 434 Cano.
285 407 382 435 Anima
398 409 505 436 carneis
520 411 642 437 exsoluta
658 410 786 442 vinculis,
803 417 830 438 et
847 411 879 437 ad
893 411 944 438 Do-

159 453 261 479 minum
285 461 365 480 suum
380 462 488 489 egressa
511 456 570 482 sine
599 456 654 482 ullo
684 457 737 483 line
756 464 816 484 cum
842 457 945 490 angelis

159 499 299 534 tripudiat,
328 499 489 535 divina~quc
519 501 614 529 laudes
636 502 805 534 modulatur,
827 502 942 528 vocibus

158 552 211 571 non
228 552 288 579 quae
300 545 373 572 foras
389 547 577 580 proferuntur,
601 547 648 574 sed
665 548 739 574 iuttls
757 551 861 574 tantum
876 555 943 574 con-

157 591 299 625 cipiuntur
321 600 328 618 :
349 592 438 626 quoad
451 593 545 628 judicii
566 593 626 620 dies
650 593 802 620 advenerit.
826 593 940 624 Anium,

158 637 280 671 inquam,
306 645 366 672 qute
397 638 478 664 vitam
506 639 575 665 hanc
599 639 760 666 innocenter
787 639 872 674 degit,
889 638 942 665 ista

158 681 276 709 beatitas
291 683 437 717 contingit.
455 683 519 716 Quae
536 691 566 710 se
581 683 709 710 vitiorum
728 683 855 710 sordibus
876 690 943 710 con-

160 726 285 757 taminat.
299 731 327 753 et
340 727 439 754 rationi
462 727 608 754 reddenda:
619 731 660 754 est
675 727 802 759 obnoxia,
818 727 877 762 ejus
890 727 942 753 alia

157 776 198 799 cst
212 773 348 805 conditio,
365 781 426 807 qua:
450 778 477 800 et
490 773 612 800 locorum
637 777 665 800 et
687 780 866 808 personarum
883 780 943 799 me-

159 818 250 851 minit,
277 820 304 846 in
321 820 431 854 quibus,
450 824 556 846 etcum
581 819 680 853 quibus
705 819 821 854 alicujus
842 818 944 846 nefarie

159 865 297 892 commissi
311 865 478 892 conscientia
492 869 612 899 urgetur.
635 865 730 892 Omnia
746 869 866 900 reputat,
882 872 943 892 ont-

160 911 235 937 nium
249 911 354 946 species
369 919 460 939 secmu
476 912 558 947 gerit,
577 917 604 939 et
618 919 714 938 eorum
731 911 865 938 imbibere
894 912 944 938 ob-

996 331 1012 356 g
1024 327 1108 348 .oscct
1122 322 1238 356 amplius
1251 323 1341 350 locum
1356 331 1435 350 suum
1449 325 1479 351 ".
1504 334 1514 350 ι
1529 326 1595 357 Quae
1607 325 1729 360 subjecta
1743 329 1786 353 est

998 367 1041 394 his
1055 369 1200 399 sententia.
1222 369 1363 403 eloquere,
1379 375 1408 396 et
1421 369 1488 396 doce
1501 377 1553 397 me.

1032 412 1114 440 Cano.
1151 413 1321 441 Exteriorem
1337 414 1489 446 hominem,
1517 416 1631 450 ejusque
1669 415 1784 449 gloriam

997 458 1097 484 fluxam
1124 463 1153 485 et
1179 459 1311 486 caducam
1333 467 1395 486 cum
1422 460 1485 486 feno
1509 468 1523 486 a
1540 460 1641 486 Davide
1665 461 1785 487 conferri

996 506 1103 528 certum
1132 507 1183 528 est.
1212 502 1246 530 Ut
1259 503 1309 530 ﬂos
1335 503 1401 534 feni.
1427 504 1513 538 gloria
1539 509 1566 530 et
1589 506 1674 531 decus
1690 512 1782 531 rertuu

997 543 1122 576 istarum,
1145 545 1178 571 ad
1193 545 1276 572 breve
1304 551 1412 581 tempus
1433 547 1603 580 durantium,
1621 549 1720 582 inquit.
1751 549 1786 576 Et

997 592 1187 625 ultu-quisque
1201 591 1284 618 honto
1300 592 1386 619 instar
1395 593 1469 620 lloris
1483 594 1638 624 efﬂorescit,
1651 595 1786 629 facileque

997 635 1153 662 deﬂorescit
1182 644 1214 663 ac
1251 638 1406 669 marcescit,
1432 643 1459 664 et
1478 638 1586 665 fervore
1603 640 1667 666 solis
1688 640 1785 666 iterum

995 681 1139 713 exarescit,
1158 681 1302 714 ctdclluit,
1319 687 1346 709 et
1364 683 1478 715 decidit,
1495 692 1660 718 rursumque
1685 684 1711 711 in
1730 689 1786 711 ter-

996 734 1053 754 ram
1067 727 1148 755 redit.
1169 728 1275 763 Corpus
1299 729 1402 761 fenum,
1421 729 1540 756 animam
1567 737 1632 756 vero
1657 731 1784 764 spiritum

998 771 1177 806 nuncupavit.
1199 771 1226 800 Si
1243 773 1269 799 in
1286 781 1379 806 carne,
1396 781 1443 800 seu
1461 781 1575 808 corpore
1588 774 1670 800 fuerit
1683 782 1783 806 annua,

996 821 1072 843 motu
1097 818 1216 852 agitatur
1233 826 1344 854 corpus,
1361 827 1448 854 caque
1475 820 1607 850 motione,
1635 828 1696 853 qtrae
1725 820 1787 854 ejus

997 867 1102 890 natura:
1121 869 1305 891 consentanea
1320 869 1395 897 sunt,
1427 866 1598 900 exsequitur.
1612 865 1639 892 Si
1655 865 1701 892 illa
1723 865 1788 892 inde

994 909 1096 939 evolet.
1116 917 1215 944 corpus
1236 910 1341 937 milium
1358 915 1411 942 est,
1427 910 1540 944 perinde
1564 916 1593 937 ut
1609 910 1630 936 si
1647 918 1787 944 nunquam

160 956 290 983 livionetn
317 958 476 992 neutiquam
490 961 579 993 potest
598 966 605 984 :
621 957 668 984 sed
691 961 814 984 actorum
833 963 946 983 suorum
963 954 984 981 Β
999 954 1122 986 vixisset,
1136 963 1186 982 nec
1197 955 1222 981 in
1233 955 1287 981 vita
1305 956 1355 981 ista
1372 955 1511 982 floruisset
1526 965 1531 980 2
1549 963 1599 982 nec
1612 955 1665 982 dici
1679 960 1780 989 potest,

161 1001 333 1030 indelebilem
343 1004 502 1030 memoriam
513 1003 622 1033 retinet.
637 1002 758 1036 indeque
769 1002 909 1036 aflligitur.
922 1006 950 1029 et

160 1047 347 1080 eruciatur,et
360 1056 466 1083 poenam
478 1049 605 1081 sustinet,
619 1055 700 1083 quam
713 1048 803 1075 verbis
811 1055 891 1075 nemo
903 1055 950 1075 ex-

160 1093 317 1127 plicaverit,
332 1092 393 1129 quae
408 1095 527 1129 plurium
541 1095 777 1129 illustriorumque
795 1093 829 1121 de
843 1094 947 1121 sanctis

158 1139 286 1166 Patrihus
296 1139 420 1166 doctrina
430 1145 472 1167 est
487 1142 505 1166 '.

193 1182 222 1210 Si
238 1184 321 1219 igitur
329 1184 364 1211 ob
375 1185 554 1219 cogitationes
560 1193 624 1212 suas
631 1189 786 1220 t0rquctur,
797 1189 827 1212 nt
836 1185 950 1213 Litteris

158 1228 250 1255 saeris
271 1228 410 1263 proditum
433 1233 486 1261 est.
512 1230 606 1265 utique
627 1231 788 1257 memoriam
815 1231 908 1262 habet,
923 1236 951 1258 et

155 1273 255 1308 aliquo
277 1274 369 1306 modo,
388 1280 415 1302 et
426 1275 552 1303 alicunde
572 1276 687 1310 patitur.
712 1275 740 1302 Si
766 1277 917 1303 secundum
933 1285 949 1304 a

155 1327 226 1346 vero
243 1320 336 1352 distat,
354 1323 438 1348 etiam
454 1321 584 1356 primum.
603 1319 715 1354 Contra,
733 1322 755 1349 si
774 1322 864 1357 primo
879 1323 950 1350 inest

158 1364 276 1395 veritas,
294 1364 366 1391 inest
381 1365 446 1392 item
463 1366 596 1393 secundo.

195 1408 293 1435 Attin.
309 1408 378 1441 Quid
395 1409 479 1444 igitur
491 1410 574 1437 David
596 1418 676 1438 secus
687 1411 805 1438 scribit?
829 1421 839 1436 ε
858 1412 886 1438 ln
904 1412 950 1438 illo

161 1454 215 1485 die,
252 1455 349 1489 inquit,
391 1456 521 1490 peribunt
557 1464 654 1484 onines
688 1458 870 1492 cogitationes
903 1466 951 1485 eo-

160 1508 221 1527 rum
230 1500 302 1532 ¹·¹⁶,»
313 1509 367 1536 quo
378 1502 629 1537 videlicet'spiritus
643 1511 657 1530 a
671 1511 752 1530 carne
765 1504 949 1537 separabitur.

195 1545 344 1573 Cano.Non
353 1546 391 1573 ait
403 1547 581 1581 cogitationes
588 1548 716 1583 ψυχικὰς,
731 1549 783 1576 hoc
800 1555 841 1576 est
853 1549 949 1577 animo:

161 1591 299 1626 proprias,
316 1599 377 1619 esse
393 1594 542 1627 perituras,
566 1594 613 1621 sed
638 1602 718 1621 curas
732 1599 759 1621 et
785 1595 950 1622 sollicitudi-

160 1642 211 1662 nes
223 1635 305 1670 hujus
316 1636 387 1668 vine,
401 1644 450 1664 seu
465 1645 533 1671 quas
546 1638 602 1664 lnec
616 1638 670 1664 vita
684 1645 782 1673 parere
793 1639 947 1671 consuevit,

161 1679 194 1707 dc
210 1681 343 1712 extentis,
357 1682 390 1708 dc
407 1682 575 1714 domesticis,
593 1683 628 1710 de
643 1684 774 1718 cognatis,
791 1685 822 1711 de
841 1684 947 1717 liberis,

161 1725 195 1752 de
211 1727 285 1757 aliis.
297 1735 357 1761 qute
373 1728 452 1763 longe
470 1729 586 1763 plurima
604 1729 631 1755 in
644 1729 726 1756 rebus
747 1729 872 1756 humanis
887 1738 950 1756 rer-

161 1776 269 1803 santur,
281 1772 314 1798 de
330 1772 507 1806 plantatioue,
521 1773 554 1799 de
567 1773 773 1808 agricolatione,
784 1773 818 1800 dc
829 1773 950 1800 adifica-

162 1816 246 1848 tione,
262 1816 296 1842 de
312 1817 423 1844 vestitu.
435 1818 535 1845 Homm
550 1819 650 1849 anima.
663 1827 725 1846 cum
740 1827 772 1846 ex
789 1819 841 1846 hoc
857 1819 950 1846 taber-

160 1863 261 1889 naculo
291 1863 444 1896 recesserit,
475 1864 554 1898 plane
587 1865 689 1892 nullius
719 1864 942 1891 rec0rdatioucm

160 1906 290 1934 habitura
305 1912 357 1935 est.
372 1908 436 1941 Quze
450 1914 542 1937 autem
560 1918 622 1936 cum
641 1915 752 1944 peccato
768 1915 796 1937 et
811 1910 946 1944 improbi-

161 1955 226 1984 tate,
238 1951 412 1986 voluptatum
425 1953 562 1981 illecebris
575 1953 679 1980 irretita
690 1954 833 1986 factitavit,
847 1954 946 1980 horum

160 2003 287 2029 prorsus,
304 2001 333 2024 et
356 1999 544 2026 tantummodo
571 2003 638 2026 tunc
663 2007 768 2026 memor
791 2004 891 2026 manet.
910 2000 948 2028 De

160 2041 203 2069 bis
216 2042 433 2077 cogitationibus
448 2043 517 2071 scito
530 2044 659 2072 Davidem
675 2045 762 2079 loqui.

194 2088 294 2116 Amm.
308 2089 460 2116 Assentior.
474 2089 533 2117 .lam
550 2090 602 2117 hoc
616 2098 725 2125 quoque
741 2091 875 2126 superiori
889 2099 944 2119 non

161 2133 306 2165 dissimile.
334 2139 362 2162 et
376 2136 453 2169 teque
468 2143 502 2162 ex
529 2135 642 2163 Psalmis
668 2137 859 2171 depromptum
881 2138 948 2165 mihi

163 2179 297 2214 explanes
320 2179 401 2206 velim
424 2188 431 2207 :
449 2189 458 2206 ε
477 2181 575 2214 llomo,
595 2181 666 2209 sicut
681 2182 774 2209 fenum
802 2183 861 2211 dies
879 2184 950 2220 ejus,

165 2227 296 2259 tanquam
311 2224 361 2252 ﬂos
378 2225 450 2260 agri,
466 2226 506 2253 sic
517 2226 662 2254 etllorebit.
680 2227 814 2261 Quoniam
837 2230 951 2265 spiritus

207 2285 255 2301 '-“
270 2284 340 2313 Psal.
355 2292 431 2318 θην,
445 2286 472 2313 4.
512 2286 532 2301 ¹⁷
544 2286 615 2314 Psal.
627 2295 674 2318 cu.
687 2287 782 2322 14,15.

998 1001 1141 1034 cuiusnam
1159 1000 1251 1030 fuerit.
1263 1009 1313 1027 nec
1330 1000 1402 1027 istud
1419 1000 1501 1032 illius,
1518 1001 1583 1027 illud
1599 1001 1680 1035 hujus
1698 1001 1786 1027 nomi-

998 1045 1070 1072 nari.
1098 1045 1170 1072 Nihil
1189 1053 1203 1072 a
1229 1045 1353 1077 floribus,
1377 1045 1444 1072 nihil
1461 1054 1475 1071 τι
1503 1045 1585 1077 foliis,
1611 1045 1680 1072 nihil
1695 1053 1709 1072 a
1725 1045 1787 1072 leno

997 1089 1160 1116 diﬂ'erimus.
1187 1090 1276 1117 Verno
1292 1094 1415 1124 tempore
1435 1090 1498 1116 folia
1523 1091 1623 1122 virent,
1650 1095 1784 1117 autumno

997 1135 1138 1168 decidunt,
1166 1135 1337 1171 dispereunt.
1358 1135 1415 1164 Hoc
1433 1143 1496 1163 cum
1528 1136 1588 1168 alii,
1617 1140 1673 1163 tum
1702 1135 1789 1171 Chry-

998 1186 1150 1208 εοεῑοιηυε.

1032 1229 1130 1254 Astu.
1142 1227 1212 1260 Quid
1230 1235 1281 1262 ego
1301 1228 1335 1256 de
1350 1228 1441 1255 anima
1454 1228 1504 1256 abs
1521 1233 1547 1256 te
1563 1229 1664 1256 audio?
1675 1229 1749 1256 Bona
1761 1234 1791 1257 et

994 1273 1079 1308 iusta,
1101 1281 1218 1308 corpore
1233 1279 1372 1309 exempta.
1394 1275 1529 1302 malorum
1545 1279 1573 1302 et
1591 1283 1606 1302 a
1620 1283 1649 1302 se
1669 1282 1730 1302 cum
1748 1275 1790 1302 vi-

996 1317 1034 1344 tio
1051 1324 1189 1352 gestorum
1205 1325 1258 1344 non
1279 1319 1404 1345 meminit
1421 1326 1428 1344 :
1445 1319 1493 1345 sed
1521 1319 1594 1347 inter
1607 1319 1720 1354 angelos
1735 1319 1789 1346 Do-

998 1363 1102 1389 minum
1118 1362 1246 1390 laudibus
1260 1363 1393 1397 pne-dicat

1032 1409 1081 1435 Ast
1095 1416 1157 1442 qua:
1170 1409 1290 1443 peccatis
1303 1409 1425 1436 involuta
1443 1409 1509 1437 hinc
1521 1411 1682 1444 excesserit,
1700 1412 1744 1439 illa
1760 1415 1789 1439 et

999 1455 1136 1482 malorum
1154 1462 1279 1487 suorum,
1294 1461 1322 1482 et
1337 1455 1472 1488 locorum,
1491 1461 1520 1482 et
1537 1464 1717 1491 personarum
1732 1466 1789 1485 me-

997 1499 1088 1531 minit,
1111 1504 1139 1526 et
1160 1500 1284 1534 improbe
1312 1500 1448 1528 factorum
1474 1510 1586 1529 suormu
1616 1503 1787 1531 recordatur.

997 1545 1074 1578 Quod
1091 1545 1113 1572 si
1130 1545 1203 1580 justa
1217 1550 1246 1573 et
1262 1554 1379 1581 nequam
1398 1548 1489 1574 anima
1507 1549 1670 1576 substantiae
1683 1550 1787 1576 intelli-

1001 1596 1097 1626 gentes
1114 1596 1189 1623 sunt,
1204 1592 1345 1626 ambmque
1361 1593 1457 1620 iisdem
1477 1599 1580 1621 naturae
1599 1594 1702 1621 divitiis
1719 1602 1789 1628 prae-

1002 1637 1076 1668 dita,
1097 1637 1123 1664 in
1140 1643 1254 1672 utraque
1276 1639 1407 1666 similiter
1424 1640 1548 1666 eamdem
1567 1641 1725 1667 memoriam
1745 1648 1788 1666 re-

998 1683 1082 1718 periri
1109 1685 1264 1718 oportebat.
1294 1685 1381 1717 Nunc,
1408 1691 1437 1712 ut
1466 1690 1493 1712 tu
1522 1686 1633 1720 quidem
1658 1687 1788 1717 aflirmas,

998 1731 1089 1758 anima
1104 1731 1227 1765 improba
1247 1736 1352 1758 tantum
1368 1739 1481 1758 suorum
1503 1732 1636 1758 scelerum
1653 1731 1787 1758 meminit.

999 1775 1080 1810 Atqui
1104 1783 1277 1811 consequens
1302 1781 1371 1808 erat,
1396 1777 1497 1804 bonam
1523 1785 1632 1812 quoque
1656 1778 1788 1804 malorum

1000 1821 1132 1848 memoria
1147 1822 1230 1857 tangi.

1035 1866 1114 1894 Cano.
1133 1867 1336 1896 Dubitationem
1360 1873 1434 1896 tuam
1450 1870 1512 1897 vide
1533 1869 1672 1904 quomodo
1685 1869 1788 1895 solvam

1001 1912 1062 1939 tibi.
1087 1913 1157 1940 Pura
1182 1914 1261 1948 puris
1281 1913 1386 1948 angelis
1411 1916 1578 1947 consociata,
1602 1914 1683 1942 sicuti
1705 1921 1787 1949 supra

1002 1957 1185 1990 ostendimus,
1210 1962 1239 1986 et
1258 1959 1329 1986 bona
1353 1960 1399 1987 illa
1419 1960 1561 1995 splendida
1587 1960 1788 1994 contemplans.

1001 2003 1079 2030 illam
1097 2004 1197 2036 lucem,
1214 2004 1289 2032 illius
1309 2006 1457 2040 voluptatis
1477 2006 1649 2040 elegantiam,
1667 2010 1695 2033 et
1716 2006 1788 2033 divi-

998 2049 1124 2081 nitatem,
1140 2050 1187 2077 illa
1207 2051 1367 2079 dulcissima
1383 2052 1506 2079 carmina
1522 2052 1620 2079 festum
1644 2052 1789 2079 celebran-

997 2095 1078 2122 tium.
1103 2096 1232 2128 exsultat.
1255 2097 1417 2130 delectatur,
1443 2103 1472 2125 et
1498 2097 1598 2132 gaudio
1625 2098 1786 2132 triumphat.

998 2141 1056 2168 Alia
1080 2149 1115 2169 ex
1136 2142 1188 2170 alia
1213 2143 1342 2178 voluptas
1366 2144 1498 2179 gignitur,
1525 2149 1553 2171 et
1572 2151 1668 2170 omnes
1689 2143 1788 2170 divina:

997 2192 1078 2220 sunt;
1097 2195 1128 2215 ac
1146 2189 1324 2216 molestorum
1339 2190 1451 2225 quidem
1475 2190 1664 2216 universorum
1688 2189 1788 2216 oblivi-

999 2233 1087 2260 scitur
1103 2234 1159 2269 (ll)
1177 2243 1185 2261 :
1207 2235 1364 2263 animarum
1387 2241 1478 2263 autem
1494 2236 1520 2263 in
1536 2235 1588 2263 hac
1600 2235 1666 2266 vita,
1684 2234 1786 2270 quibus

795 2348 903 2378 Jacobi
920 2349 1059 2380 Gretseri
1079 2353 1175 2381 noue.

202 2406 262 2444 (ll)
277 2406 426 2444 commodo
442 2415 522 2436 sensu
539 2407 730 2444 accipiendum
747 2414 789 2437 est
803 2409 876 2444 quod
894 2410 943 2441 ait,

167 2441 287 2468 animant
302 2441 407 2468 beatam
421 2441 609 2470 immemorem
629 2443 686 2471 fore
699 2452 795 2471 eorum
812 2441 945 2471 inalorum

166 2483 229 2513 quae
241 2474 266 2501 in
280 2475 329 2502 hac
350 2477 404 2502 vita
416 2478 509 2511 gessit.
521 2478 624 2505 Asserit
637 2479 698 2508 hoc,
710 2479 772 2513 quia
784 2480 873 2506 anitua
887 2481 948 2506 talis

167 2509 304 2537 scelerum
325 2509 437 2537 suorum
458 2519 563 2538 memor
584 2521 638 2539 non
656 2509 790 2541 erit-cum
808 2514 902 2541 dolore
918 2520 947 2541 et

997 2412 1123 2439 cruciatu
1142 2413 1214 2440 sicut
1232 2420 1369 2440 memores
1383 2417 1465 2440 erunt
1480 2413 1577 2440 anima:
1590 2413 1735 2439 damnatae.
1750 2411 1786 2439 Et

998 2446 1070 2482 hanc
1082 2455 1142 2474 esse
1157 2456 1234 2474 suam
1247 2453 1377 2478 utentem,
1392 2448 1460 2474 satis
1471 2455 1602 2482 expresse
1615 2447 1717 2474 iudicat
1728 2447 1787 2481 ipsa

1000 2481 1112 2516 Dioptra
1127 2483 1159 2510 ad
1174 2483 1255 2510 tinent
1271 2490 1332 2518 cap.
1346 2483 1357 2509 l
1375 2483 1438 2509 libri
1453 2490 1496 2510 Ill.

903 2570 1041 2601 Scholia.

200 2630 209 2638 ‘
226 2627 379 2667 Sciendum,
397 2636 541 2667 nos_t_t_sque
564 2632 600 2667 ad
612 2632 682 2658 nuda
703 2633 780 2659 verba
804 2637 827 2658 ει
846 2633 945 2667 cogita-
961 2632 988 2662 D
1001 2638 1036 2662 et.
1054 2642 1063 2658 ε
1079 2631 1350 2667 lneumbit'togitatio
1359 2631 1474 2667 [taminia
1489 2630 1630 2667 diligenter
1640 2628 1674 2654 ad
1687 2627 1786 2655 malum

166 2664 249 2701 tiones
264 2663 393 2689 rationem
401 2664 563 2701 reddituros.
578 2665 611 2692 Et
625 2674 657 2692 ex
684 2668 767 2694 verbis
789 2663 887 2694 nam;
902 2668 949 2701 άπι-

165 2698 323 2734 stiﬁcamur.
340 2697 604 2734 tjondenmarnurque,
623 2705 651 2726 ut
671 2701 798 2728 Pharisa'i
815 2706 839 2728 et
858 2697 949 2728 Palili-

167 2733 227 2759 cani
238 2731 367 2766 parabole
375 2733 456 2770 docet.
471 2731 631 2770 (ιςισζχγιη,
644 2736 698 2766 l0.)
711 2736 950 2770 Decogitationibu:

168 2772 287 2804 porro_et
315 2767 430 2804 consiliis
449 2768 510 2802 quid
537 2769 603 2795 Deus
627 2779 672 2804 per
694 2767 847 2804 prop/totam
876 2772 947 2802 dicit,

167 2801 286 2839 ausculta
300 2809 309 2828 :
328 2811 337 2827 ι
355 2802 408 2837 Ego
421 2807 509 2839 autent
520 2801 631 2837 cperant
645 2810 667 2830 et
679 2801 847 2839 cogitationes
859 2801 948 2833 eorum

167 2836 241 2872 venio
254 2841 281 2863 ut
293 2836 456 2872 congregem.
473 2836 540 2864 tlsu.
555 2846 624 2869 var,
640 2840 692 2870 l8.)
709 2836 743 2866 Et
755 2839 838 2866 Dauid
852 2848 860 2866 :
877 2841 947 2868 Dixit

167 2871 236 2907 enim
253 2871 279 2898 in
291 2872 368 2899 corde
383 2871 441 2904 Sua,
459 2872 515 2899 Non
537 2875 649 2907 requiret
668 2873 754 2907 (l'mf.
775 2882 801 2902 κ.
823 2875 884 2907 l3);
911 2881 944 2906 et,

170 2904 350 2942 Unusquisque
362 2908 455 2942 cogitat
466 2909 492 2934 in
503 2904 578 2934 τογάέ
588 2917 634 2935 suo
646 2904 716 2935 mala
726 2904 904 2943 (Psalaxxtv,

1000 2667 1032 2694 ab
1049 2667 1224 2694 adolescentia
1239 2665 1298 2693 sita.
1314 2675 1323 2692 ι
1338 2666 1413 2698 (Gen.
1425 2665 1552 2696 vm,2|.)

1035 2703 1055 2713 "
1073 2702 1222 2735 Gregorius
1232 2701 1380 2738 Nyssenus.
1391 2700 1504 2738 Omnino
1514 2708 1522 2726 .'
1531 2700 1608 2732 hujus
1619 2700 1678 2725 vita:
1685 2702 1786 2738 eventa.

999 2742 1027 2763 ut
1039 2733 1151 2766 sanitas.
1164 2733 1272 2767 animi,
1289 2736 1398 2766 delicia.
1412 2735 1509 2772 gloria,
1525 2738 1686 2772 paupertas.
1698 2733 1785 2772 tribu-

999 2771 1074 2803 latio,
1089 2777 1112 2798 et
1125 2780 1284 2806 qua'cunque
1303 2774 1396 2809 horum
1411 2769 1518 2809 similia,
1536 2773 1596 2809 tum:
1611 2769 1645 2809 ab.
1655 2769 1716 2809 ipsis
1732 2775 1786 2807 me-

999 2808 1083 2833 moria
1098 2803 1148 2832 non
1165 2803 1328 2833 tenvbitnlur.
1347 2805 1405 2832 Non
1421 2805 1489 2839 quod
1502 2805 1606 2830 animus
1621 2803 1712 2839 obliuio
1727 2803 1784 2839 uin-

1000 2847 1041 2867 rat
1057 2846 1082 2868 ct
1094 2848 1197 2875 occupet
1216 2842 1279 2867 :ml
1296 2842 1364 2875 quod
1378 2835 1491 2877 praesens
1506 2839 1578 2873 regni
1591 2837 1698 2877 celestis
1711 2835 1785 2877 uolu-

1002 2881 1060 2908 ptas
1083 2873 1171 2902 rerum
1190 2873 1306 2901 tristium
1329 2875 1533 2901 recordationem
1556 2873 1688 2903 excludat,
1702 2873 1786 2906 juxta

1001 2911 1085 2937 illud:
1104 2921 1111 2935 ι
1132 2912 1159 2937 In
1180 2911 1220 2937 diu
1237 2911 1359 2937 butorum
1371 2909 1462 2936 oblivio
1474 2909 1614 2936 malorum.
1637 2917 1645 2931 ι
