2032 3156
228 221 283 254 ’199

854 220 904 250 PH
911 220 1027 250 lLIPPl
1048 220 1244 251 SOLlTARlI

1812 222 1867 254 800

228 278 279 306 Dei
293 276 409 313 gratiam
424 274 562 310 implorat,
577 273 698 310 legitime
715 275 876 302 memoriam
895 280 1021 310 usurpat.
1037 282 1059 310 Α
1111 276 1207 303 Amm.
1224 276 1300 304 Unde
1314 276 1366 304 hoc
1381 277 1512 304 noscam?
1523 277 1585 311 quis
1600 276 1715 305 auctor?

229 323 265 350 At
280 330 345 350 vero
361 321 480 356 peccatis
502 319 701 352 contaminata,
718 320 799 347 simul
821 328 922 355 corpus
936 321 1020 348 relin-

228 367 299 402 quit,
312 367 393 394 simul
407 366 441 392 ad
456 365 595 393 infernum
608 365 736 392 damnata
752 365 908 399 abducitur,
921 371 949 393 ct
959 373 1021 394 cum

229 413 344 440 horrore
362 412 478 446 rapitur,
495 410 598 438 ibidem
612 411 758 443 ultionem,
776 411 940 442 cruciatum,
957 419 1023 446 sup-

229 459 342 494 plicium
363 458 476 492 reperit,
498 458 683 485 calamitatem
705 457 929 492 incxspectatam,
945 456 1019 484 dolo-

229 513 288 532 rem
303 504 663 540 immensumutabescitque
681 504 809 540 lacrytnis
822 508 849 531 ct
864 504 1022 538 gentilibus.

231 551 301 578 Tum
325 551 438 586 cogitat,
458 549 624 581 considerat,
639 558 732 577 sccum
750 549 888 584 disquirit,
912 549 1023 584 quinam

231 598 259 624 in
275 602 380 624 tantam
396 604 547 624 aerumnam
559 601 587 623 ct
608 597 635 623 in
651 596 712 623 illas
741 596 869 624 tenebras
885 596 1023 628 inciderit,

232 643 362 678 illicoque
377 642 412 670 ab
435 650 465 670 se
493 647 553 669 acta
574 645 735 672 occurrunt,
768 646 796 668 et
831 641 968 674 meminit,
997 644 1025 668 et

232 690 342 717 conscia
357 694 409 721 est.
425 693 453 716 et
471 688 529 724 ipsa
544 689 713 715 conscientia
734 692 877 723 torquetur
890 691 908 714 '.

269 735 432 770 Exemplum
457 735 496 762 rei
516 734 685 762 illustrandae
706 734 793 768 gratia
814 734 976 769 producam.
998 733 1026 761 Si

231 781 370 815 quispiam
393 781 534 808 maleficus
549 784 578 808 et
596 780 734 808 homicida
748 785 845 815 captus
859 780 952 813 fuerit,
977 780 1027 807 ad-

234 827 290 854 huc
306 827 413 854 stillans
427 827 572 862 sanguine,
588 831 617 854 ct
633 831 748 854 cruento
761 827 874 862 pulvere
886 826 1026 860 sordidus,

235 873 397 908 habensque
420 881 519 900 manus
540 878 568 901 et
594 873 677 908 pedes
692 878 836 900 currentes
860 873 893 900 ad
915 873 1028 905 malum,

236 919 284 953 qui
302 919 329 945 in
346 918 419 954 ligno
435 919 582 946 maledicto
595 923 638 946 est
650 918 872 954 suspendendus,
889 919 1028 953 cognoscit

1111 321 1190 349 Cano.
1206 322 1319 357 Magnus
1329 322 1476 358 Dionysius
1492 331 1526 350 ex
1539 323 1679 358 Areopago
1696 327 1751 349 tam
1770 321 1862 349 dccan

1075 372 1142 399 tato,
1155 367 1253 394 doctus
1268 374 1283 394 a
1299 375 1396 403 magno
1408 368 1493 395 Paulo
1509 367 1648 400 videlicet,
1659 367 1707 403 qui
1719 367 1747 394 in
1767 367 1871 394 caelum

1075 414 1186 441 tertium
1201 418 1307 448 raptus,
1327 417 1357 440 ut
1368 414 1485 448 ipsemet
1498 414 1595 442 scribit
1610 414 1645 446 ’°,
1656 419 1683 441 ct
1696 413 1804 440 auditis
1814 413 1872 439 illic

1074 460 1166 487 verbis
1183 460 1338 492 arcanis,et
1352 460 1496 487 institutus
1511 460 1636 487 doctrina
1649 467 1729 490 nova,
1742 464 1773 486 et
1788 459 1825 485 ob
1845 458 1871 484 id

1074 514 1183 540 quoque
1198 506 1256 533 avis
1272 506 1431 534 cmlivolans
1445 507 1613 537 nominatus,
1628 513 1689 541 quae
1705 505 1744 533 ibi
1760 505 1872 533 didicit.

1075 553 1136 580 aliis
1147 553 1299 587 lrevelavit.
1319 553 1547 581 Tradiditautcm
1568 553 1690 581 ctelestis
1709 560 1742 580 ac
1768 551 1873 586 princi-

1076 600 1118 634 pis
1133 599 1206 627 illius
1224 600 1328 627 militiae
1347 608 1447 628 novem
1467 608 1527 628 esse
1543 601 1664 628 ordines.
1680 599 1728 634 qui
1745 606 1874 626 contmn-

1076 647 1149 673 niter
1163 647 1250 681 angeli
1265 646 1439 681 appellantur
1458 655 1465 674 :
1481 647 1529 674 sed
1549 645 1645 673 ordine
1666 650 1695 673 et
1709 649 1785 673 statu
1803 644 1875 671 inter

1077 699 1106 718 se
1129 691 1277 723 dill'erunt,
1301 699 1452 727 omnesque
1471 692 1498 720 in
1526 697 1581 719 tres
1602 692 1715 719 ordines
1729 695 1801 718 sunt
1815 690 1873 717 dis-

1078 736 1172 763 tributi
1188 737 1219 764 ".

1116 776 1227 810 Primus
1243 784 1381 810 ternarius
1392 783 1627 815 Cberubinorum,
1640 782 1873 816 Seraphinorum,

1078 834 1107 857 et
1127 829 1301 856 Thronorum
1321 835 1445 857 vocatur.
1469 830 1503 857 Et
1517 830 1544 856 hi
1570 830 1700 865 hymnum
1721 828 1876 856 concinunt

1080 875 1265 903 venerandum
1280 885 1287 903 :
1303 886 1312 902 ‹
1335 876 1484 904 Benedicta
1509 876 1595 911 gloria
1613 875 1722 903 Domini
1744 875 1876 909 omnipo-

1082 922 1165 949 tentis
1182 922 1215 949 de
1234 921 1295 949 loco
1311 926 1407 949 sancto
1423 929 1485 949 suo.
1505 932 1513 947 ι
1529 921 1637 948 Medius
1655 920 1874 952 Dominationt-s,

235 973 289 1000 qua
303 965 337 992 de
355 973 436 992 causa
458 970 564 992 tantum
581 966 632 993 sibi
649 965 815 1000 supplicium
839 965 986 1000 irrogctur,
1001 968 1029 992 ct
1046 963 1065 992 Β
1083 967 1220 998 Virtutes,
1251 967 1404 994 Potestates
1431 966 1635 1001 complectitur,
1657 966 1704 999 qui
1729 964 1876 1000 τρισάγιον

235 1010 375 1045 quomodo
390 1010 424 1038 ad
441 1014 556 1038 mortem
573 1011 689 1038 maxime
699 1010 883 1037 miserabilem
897 1010 1027 1037 condem-

236 1062 318 1084 natus
343 1058 389 1084 sit.
413 1057 482 1085 Hinc
506 1063 534 1085 et
558 1058 674 1085 aliarum
698 1057 812 1085 caedium
836 1057 1027 1092 redarguitur;

236 1103 303 1130 hinc
327 1103 504 1131 conscientiae
529 1104 590 1131 telis
616 1103 715 1130 iterum
741 1103 944 1136 consauciatur,
967 1110 1029 1137 qua:

236 1149 314 1176 illum
332 1149 525 1177 universorum
548 1151 684 1177 scelerum
711 1157 823 1177 suorum
841 1148 1029 1176 commonefa-

236 1194 293 1222 cit:
305 1195 345 1223 sic
357 1199 385 1222 tu
401 1196 470 1222 mihi
486 1196 603 1223 animam
619 1204 729 1231 quoque
738 1195 880 1231 suppliciis
892 1194 1030 1222 addictam

237 1248 267 1268 sc
287 1240 391 1269 habere
404 1242 535 1277 intelligc.

548 1299 661 1327 CAPUT
683 1299 715 1326 Il.

238 1343 351 1379 Angelos
382 1346 439 1372 sine
465 1345 640 1371 instrumento
661 1352 787 1379 corporeo
816 1344 918 1370 divinas
938 1343 1034 1379 laudes

275 1379 418 1406 celebrare.
429 1380 532 1406 Easter
545 1380 627 1406 tribus
637 1385 757 1405 constare
773 1379 920 1406 ordinibus.
936 1378 1032 1405 Unius-

274 1415 401 1449 cujusque
416 1415 527 1441 ternarii
539 1414 626 1444 qualis
641 1414 763 1449 hymnus.

274 1473 370 1500 Amata.
385 1473 423 1500 De
440 1478 539 1500 czetero
556 1473 589 1499 de
605 1472 744 1499 tuentibus
756 1471 872 1499 dissere.
890 1471 1033 1505 Scriptura

240 1525 308 1544 sane
325 1525 372 1545 eas
388 1517 470 1545 docet
495 1525 593 1545 vacare
610 1517 784 1552 corporibus,
801 1522 829 1544 ct
853 1517 1034 1551 intelligentia

242 1567 413 1595 constantes,
429 1567 456 1590 et
470 1563 612 1589 ministras
626 1571 657 1590 ac
671 1562 808 1589 ﬂammam
825 1562 906 1596 ignis,
922 1567 950 1588 ct
965 1561 1035 1588 divi-

243 1616 304 1640 nas,
329 1608 438 1643 linguae,
464 1609 531 1641 oris,
551 1608 687 1635 labiorum
708 1613 846 1642 expertes.
873 1607 930 1640 Qua
953 1606 1036 1642 igitur

244 1654 352 1681 ratione
367 1653 512 1680 Dominum
529 1653 686 1681 collaudarc
700 1661 755 1680 non
768 1653 917 1680 desinunt?

279 1699 359 1728 Cano.
381 1699 504 1732 Menles,
528 1707 577 1726 seu
603 1699 729 1726 caelestes
755 1699 793 1725 illi
820 1698 915 1731 animi,
939 1702 1037 1724 natura

245 1745 386 1781 sitnpliccs
403 1750 467 1772 sunt
483 1745 581 1777 creati,
596 1749 626 1772 ut
645 1753 660 1772 a
677 1744 822 1780 Scriptura
842 1748 935 1770 sancta
953 1743 1036 1770 doce-

246 1800 308 1819 mnr
321 1793 354 1825 ¹¹¹,
375 1793 520 1827 cthymnis
545 1793 631 1819 Deum
657 1792 747 1819 colere
760 1799 814 1818 non
832 1795 940 1818 cessant
958 1799 964 1817 :
983 1797 1037 1816 non

245 1838 325 1872 quasi
346 1839 464 1873 quodam
489 1845 591 1872 organo
614 1844 663 1864 seu
686 1837 871 1864 instrutnento
893 1840 1038 1871 corporato

245 1884 324 1912 illum
348 1884 545 1919 compellantes
568 1892 575 1910 :
599 1882 647 1910 scd
669 1883 753 1909 alium
775 1881 921 1917 quemdam
940 1889 1037 1909 sonum

245 1931 371 1963 edentes,
396 1931 465 1957 citra
484 1937 598 1965 pausam
615 1929 753 1956 canticum
774 1928 915 1963 τρισάγιῡν
938 1928 964 1955 ei
978 1935 1037 1954 mo-

246 1976 388 2003 dulantur.
414 1975 630 2004 Subtilissitnam
659 1980 750 2002 autem
778 1974 870 2002 sortiti
899 1978 1038 2004 naturam,

249 2028 377 2057 tanquam
398 2027 515 2053 mentes,
536 2026 646 2048 cantum
670 2025 698 2048 01.
721 2028 804 2048 νοεεε
826 2025 1041 2048 suavesonantcs

248 2071 319 2097 mire
335 2075 438 2101 amant,
456 2073 484 2096 et
501 2069 566 2095 hinc
583 2067 788 2102 quodammodo
798 2067 914 2094 vocibus
925 2066 1042 2093 internis

249 2117 366 2144 Domino
380 2120 494 2147 canunt,
511 2120 541 2142 ut
556 2115 621 2142 inde
632 2114 666 2141 ad
677 2122 740 2141 eum
755 2113 873 2141 melodia
884 2112 1041 2140 dulcissima

249 2162 405 2198 perveniat.
429 2161 482 2188 Sed
507 2160 589 2195 huius
614 2159 738 2187 melodis:
762 2167 860 2187 sonum
887 2156 955 2185 nihil
979 2165 1042 2185 cum

251 2215 369 2243 corpore
378 2214 524 2234 commune
534 2206 638 2234 habere
646 2205 782 2237 existima,
795 2204 841 2239 qui
853 2212 908 2231 non
916 2203 1042 2235 auribus,

252 2263 307 2282 non
324 2262 382 2286 ore,
398 2261 454 2281 non
464 2253 556 2288 lingua
567 2252 688 2287 indigeat
698 2261 704 2279 :
715 2260 810 2279 verum
824 2251 927 2286 absque
936 2250 1044 2286 prolato

253 2301 427 2334 formatoque
438 2307 575 2333 sermone,
602 2299 743 2327 voluntate
754 2303 782 2326 et
797 2298 903 2325 ratione
925 2298 996 2325 inter
1015 2305 1044 2324 se

254 2347 506 2379 communicant,et
517 2345 694 2381 trigeminum
713 2344 779 2372 illud
794 2344 909 2371 Sanctus
921 2342 1047 2378 omnipo-

255 2393 324 2421 tenti
332 2392 459 2419 Trinitati
469 2392 631 2423 concinunt.
641 2391 765 2418 dicentes
777 2389 951 2417 :«Bencdicta
961 2389 1047 2424 gloria

254 2439 363 2468 Domini
386 2439 511 2467 inomnia
521 2439 620 2466 acula
632 2437 666 2466 de
676 2438 736 2465 loco
743 2445 793 2464 suo
804 2436 977 2464 sanctissimo
988 2435 1020 2462 ι’.
1035 2444 1044 2460 ι

255 2485 304 2514 His
324 2487 414 2514 tribus
430 2486 523 2514 verbis
538 2485 632 2522 hymni
655 2483 773 2519 angelici
788 2483 977 2510 continentur.

290 2545 312 2562 ¹⁸
326 2545 400 2573 llcbr
425 2553 444 2577 ι,
466 2544 516 2577 ll;
529 2543 600 2571 Psal.
614 2550 671 2575 cut,
685 2542 710 2568 4.
752 2542 773 2557 ¹¹
789 2541 891 2568 Ezech.
913 2548 953 2572 ιιι,
972 2539 1016 2566 i2.

1080 1013 1169 1040 solent
1183 1021 1300 1046 _canerc.
1327 1013 1448 1041 Ultimus
1470 1011 1657 1047 Principatus,
1675 1010 1875 1046 Arcbangelos,

1081 1060 1200 1094 Angelos
1224 1059 1446 1094 comprehcndit,
1463 1066 1581 1093 quorum
1597 1058 1717 1093 hymnus
1731 1062 1777 1085 est
1795 1057 1877 1091 trige-

1081 1106 1186 1132 minum
1201 1106 1329 1137 Alleluia,
1356 1113 1439 1140 quem
1465 1105 1558 1132 divine
1575 1109 1604 1132 et
1618 1104 1677 1132 sine
1695 1104 1748 1130 line
1763 1102 1878 1130 vocibus

1081 1159 1136 1178 non
1145 1151 1287 1178 vocalibus
1306 1151 1467 1178 concinunt.
1491 1150 1555 1178 llaec
1571 1149 1628 1178 duo
1645 1147 1878 1184 prophetas,divi-

1082 1204 1134 1224 nus
1151 1196 1288 1228 Ezechiel,
1302 1201 1330 1223 et
1347 1204 1460 1232 magnus
1473 1196 1556 1223 Isaias
1570 1196 1763 1223 testiﬁcantur.

1390 1253 1504 1282 CAPUT
1522 1253 1570 1280 lll.

1085 1310 1237 1338 Humanam
1263 1316 1390 1338 naturam
1420 1311 1551 1346 dignitate
1578 1310 1680 1344 angelis
1705 1309 1877 1341 antecellat,

1121 1347 1221 1373 duabus
1245 1348 1408 1382 polissimum
1428 1347 1459 1372 de
1481 1347 1577 1382 causis.
1594 1346 1692 1372 Christi
1713 1353 1840 1382 sponsam
1855 1350 1878 1382 et

1121 1379 1315 1416 reginam'esse.
1334 1382 1504 1416 Quantopere
1516 1381 1632 1416 Sponsus
1643 1380 1764 1407 eamdem
1776 1381 1803 1406 in
1819 1379 1879 1406 melo

1124 1419 1302 1444 honoraverit.

1124 1477 1220 1502 Asius.
1239 1474 1410 1508 Obstupesco
1435 1481 1519 1508 super
1538 1473 1591 1504 his,
1605 1472 1774 1506 obstupesco
1800 1477 1879 1504 super

1090 1521 1145 1547 illis
1156 1527 1216 1554 quae
1227 1525 1378 1553 congressu
1394 1518 1575 1546 antecedente
1590 1517 1755 1548 disseruisti,
1775 1517 1807 1543 in
1823 1516 1881 1550 qui-

1090 1565 1151 1597 bus,
1169 1564 1257 1599 capite
1274 1563 1318 1595 l5,
1331 1563 1366 1590 de
1382 1562 1505 1590 secundo
1518 1562 1621 1589 Christi
1643 1561 1765 1588 adventu
1789 1560 1882 1594 dispu-

1092 1615 1164 1642 tans,
1188 1614 1347 1638 sanctorum
1371 1613 1495 1636 catervas
1511 1608 1596 1643 gloria
1613 1607 1688 1642 ipsos
1702 1607 1818 1641 angelos
1836 1613 1881 1632 an—

1049 1650 1071 1681 C
1090 1661 1244 1683 teccssuros
1265 1654 1417 1681 asseruisti.
1429 1653 1496 1686 Quae
1509 1653 1598 1680 oratio
1611 1656 1656 1678 tua
1674 1653 1801 1678 nondum
1818 1649 1881 1676 mihi

1092 1701 1285 1729 litcrcdibilis.
1307 1700 1402 1734 Itaque
1422 1703 1520 1734 praesta
1544 1698 1612 1725 mihi
1637 1698 1691 1725 hoc
1707 1697 1842 1729 olIicium,
1857 1700 1882 1724 et

1092 1747 1253 1782 scrupulum
1268 1746 1369 1773 exime.

1127 1792 1208 1821 Cano.
1227 1792 1301 1820 Nihil
1324 1791 1507 1826 inopinatum,
1529 1798 1581 1818 nec
1594 1798 1609 1818 e
1626 1790 1742 1818 cerebro
1762 1797 1827 1816 meo
1845 1788 1882 1816 di-

1091 1847 1163 1872 catn,
1180 1846 1216 1866 ne
1236 1843 1263 1865 tu
1279 1845 1436 1866 sermonem
1456 1845 1547 1865 meum
1563 1844 1613 1872 pro
1635 1836 1724 1863 nihilo
1739 1835 1839 1866 ducas,
1857 1837 1883 1861 et

1092 1886 1210 1921 rejicias.
1247 1884 1442 1912 Probatiouem
1468 1891 1483 1911 e
1508 1883 1595 1910 saeris
1623 1883 1738 1917 petitam
1772 1880 1883 1908 Litteris

1092 1930 1238 1960 adducam,
1255 1929 1373 1963 indeque
1399 1927 1587 1955 dillicultatem
1600 1934 1710 1954 omnem
1725 1925 1881 1953 discutiam.

1094 1978 1133 2004 Ex
1152 1975 1282 2003 Palribus
1298 1975 1372 2002 enim
1397 1973 1521 2008 antiquis
1542 1974 1694 2007 interrogat
1707 1971 1823 2006 quidam
1838 1970 1884 1997 ali-

1093 2023 1156 2050 cubi
1187 2023 1291 2054 alium,
1315 2021 1405 2049 cidctn
1428 2020 1491 2047 vitae
1525 2019 1651 2047 instituto
1683 2023 1712 2046 et
1743 2016 1885 2052 sapientia:

1094 2073 1286 2096 consecratum
1303 2068 1347 2095 itis
1361 2066 1454 2094 verbis
1468 2075 1475 2093 :
1490 2066 1541 2093 Dic
1557 2065 1637 2097 mihi,
1651 2062 1814 2091 honorande
1834 2062 1882 2089 Pa-

1093 2119 1146 2146 ter,
1161 2118 1343 2148 promptaque
1357 2120 1388 2139 ac
1400 2112 1496 2139 libenti
1505 2111 1599 2139 animo
1612 2110 1692 2138 erudi
1707 2117 1762 2140 me,
1776 2107 1882 2143 qualia—

1097 2167 1159 2186 nam
1173 2164 1239 2186 sunt
1252 2158 1322 2185 bona
1335 2158 1381 2185 illa
1393 2165 1407 2184 a
1419 2156 1530 2184 Christo
1545 2155 1624 2184 nobis
1637 2156 1747 2186 donata,
1760 2163 1770 2179 ι
1788 2153 1817 2180 in
1828 2159 1884 2187 qua:

1097 2210 1125 2233 et
1140 2205 1230 2240 angeli
1250 2204 1408 2239 prospicere
1423 2203 1581 2230 desiderant
1597 2202 1630 2233 ".
1648 2211 1657 2227 ι
1674 2201 1746 2228 sicut
1760 2199 1885 2234 princeps

1096 2251 1285 2285 apostolorum
1312 2250 1411 2277 Petrus
1439 2249 1487 2276 ait.
1513 2246 1666 2282 Respondit
1688 2246 1734 2273 ille
1758 2245 1786 2272 in
1815 2245 1886 2271 hunc

1098 2297 1210 2323 modum
1228 2304 1234 2321 2
1253 2295 1358 2330 Opinor
1372 2301 1435 2329 ego,
1451 2293 1610 2320 desiderare
1625 2291 1737 2327 angelos
1750 2295 1781 2317 ut
1797 2290 1824 2316 in
1838 2295 1884 2315 na-

1100 2339 1542 2376 tura,ipsorutn,quemadmodum
1557 2338 1638 2366 etiam
1652 2338 1679 2365 in
1691 2341 1784 2364 nostra
1793 2341 1885 2362 carne.

1098 2388 1249 2416 secundum
1263 2387 1444 2414 substantiam
1455 2393 1532 2412 suam
1547 2384 1621 2411 Deus
1631 2382 1753 2410 Verbum
1766 2382 1885 2415 ipsorum

1099 2435 1226 2462 conditor
1242 2433 1387 2460 inhabitet.
1403 2431 1564 2458 Desiderant
1588 2435 1698 2456 rursum
1715 2431 1747 2454 ut
1769 2428 1886 2461 ipsorum

1100 2487 1210 2515 quoque
1226 2484 1325 2506 natura
1341 2486 1356 2505 a
1370 2477 1451 2504 nobis
1471 2476 1602 2503 adoretur
1616 2480 1644 2502 et
1662 2472 1843 2509 gloriﬁcetur,
1861 2469 1887 2495 in

1053 2539 1077 2555 ²⁹
1090 2538 1111 2565 ll
1125 2537 1190 2565 Cor.
1205 2545 1250 2569 xu,
1271 2536 1298 2562 2.
1336 2535 1381 2562 “l
1400 2533 1559 2565 Petr.t,12.

1009 2597 1145 2628 Scholia.

293 2667 302 2676 ‘
324 2665 420 2692 Anima
444 2664 587 2699 peccatoris
606 2667 630 2690 et
648 2663 729 2697 ipsius
757 2662 857 2697 peccati
877 2661 1000 2699 speciem,
1027 2664 1050 2685 et

259 2701 344 2728 locum
364 2696 461 2735 ipsum.
491 2705 515 2726 et
540 2696 680 2731 personam
701 2696 814 2735 quacum
837 2696 963 2731 peccavit,
995 2700 1050 2728 post

259 2733 390 2762 excessum
400 2743 414 2762 e
424 2736 479 2762 vita
490 2735 607 2760 meminit
620 2741 629 2759 :
641 2738 675 2763 et,
684 2733 706 2758 si
722 2737 855 2767 peccantes
876 2738 921 2758 cor
936 2734 1053 2756 nostrum

259 2771 440 2801 malueramus,
456 2773 480 2796 et
500 2769 582 2796 latere
599 2769 785 2795 conscientiam
799 2771 918 2793 nostram
931 2773 983 2791 non
996 2772 1054 2801 pos-

259 2813 360 2837 sumus,
380 2798 480 2839 quanto
499 2805 584 2831 minus
603 2807 738 2839 peccantes
754 2802 890 2837 quidpiam
911 2801 993 2827 Deum
1011 2798 1054 2825 la-

262 2845 316 2865 lcrc
333 2841 476 2874 poterimus
485 2841 497 2866 7

299 2876 317 2883 "
334 2870 611 2905 Seiendum,nostram
627 2881 727 2908 quoque
742 2871 884 2898 Ecclesium
899 2870 991 2908 habere
1007 2878 1052 2895 no—

264 2917 319 2934 mn
344 2910 458 2941 ordines,
481 2911 516 2936 ad
539 2905 711 2936 imitationem
731 2908 856 2934 virtutum:
881 2905 1024 2932 caelestium
1044 2911 1051 2931 :

267 2944 441 2977 patriarchas,
463 2944 652 2978 inctrnpnlitns,
671 2943 887 2976 ort'liiqiiscopos,
909 2941 1051 2975 episcopos,

1102 2658 1260 2688 sacerdotes,
1285 2657 1419 2686 diaconos.
1438 2656 1641 2690 hypodiaconos,
1663 2653 1782 2690 lectores,
1800 2659 1890 2679 mona-

1102 2694 1172 2724 chos,
1192 2698 1216 2719 ct
1233 2700 1339 2719 sacrum
1365 2689 1493 2718 (uicorum
1513 2694 1617 2717 coetum.
1639 2689 1741 2716 Alicubi
1758 2689 1796 2715 sic
1816 2691 1839 2713 ct
1855 2689 1890 2724 tot

1104 2728 1153 2763 legi
1167 2721 1319 2754 'reccnsitos
1345 2726 1579 2763 ecclesiasticarum
1605 2725 1765 2763 dignitatum
1785 2721 1890 2763 .gradus

1104 2758 1176 2798 apud
1188 2763 1290 2789 (Intres
1301 2770 1310 2788 :
1324 2758 1890 2798 patriarcha.metropolita,ardiis-piscem“,

1105 2796 1249 2832 episcopus,
1263 2797 1490 2825 hieromonaclius,
1506 2796 1639 2830 presbyter
1659 2802 1704 2820 seu
1722 2801 1815 2832 papas.
1839 2798 1892 2832 ηιςτ

1107 2824 1216 2863 ηάι-Ιιιιξ,
1229 2824 1363 2863 diaconus,
1378 2824 1891 2866 Itypodiaconus.vanttgtiosiesl_.llorzaclli

1107 2876 1210 2902 quoque
1228 2868 1290 2897 τοὺς
1310 2863 1487 2902 ἡγουίίἑῖιονς,
1508 2866 1673 2901 prtrpositos,
1699 2872 1744 2891 st‘tt
1762 2863 1890 2898 ὰρχιμαν-

1107 2903 1198 2929 δηίῖας
1210 2903 1347 2929 habt-bunt.

1124 2903 1198 2937 ρίῖας
1210 2903 1347 2929 lmbt'bunt.
