2032 3156
159 157 207 188 8M

158 215 253 242 throno
269 212 433 243 Cherubieo,
453 217 479 239 et
495 212 521 238 in
541 211 602 238 sinu
619 213 706 239 Patris
719 212 827 243 sedens,
844 220 940 247 qncnt-
956 219 976 244 Α

159 258 302 286 admodum
321 263 413 284 nostra
431 262 526 284 natura
548 258 575 284 in
593 258 702 284 Christo
721 258 755 284 ab
773 259 848 292 ipsis,
865 263 891 284 et
904 258 938 283 ab

158 304 229 331 omni
253 303 410 337 aspectabili
427 303 669 338 inaspectabilique
693 307 818 330 creatura
843 303 940 330 adora-

160 355 211 376 tur.
231 348 392 375 Desiderant
410 348 511 376 habere
537 348 627 375 claves
650 348 724 382 regni
745 348 888 379 ccelorunt,
912 352 940 374 et

158 395 250 422 sedere
261 402 342 428 super
354 394 498 420 duodecim
507 393 619 420 thronos
627 401 688 420 cunt
698 392 807 420 Christo
817 393 941 427 judican-

161 446 199 467 tes
214 440 247 471 “,
263 439 333 466 sient
348 440 374 466 in
390 439 434 466 die
445 439 541 474 judicii
557 440 707 473 piscatores
720 446 780 465 cum
791 438 886 471 eodem
897 437 941 472 ju-

158 485 273 512 dicaturi
295 490 359 513 sunt
382 485 415 512 ”.
434 485 594 512 Desiderant
616 489 690 511 tanta
707 484 779 518 apud
801 483 939 511 Christum

159 531 239 565 potiri
249 531 387 561 libertate,
402 537 503 565 quanta
515 531 617 565 potitus
632 536 683 561 est,
696 531 742 565 qui
755 538 837 564 super
846 534 941 564 pectus

157 579 217 611 eius
242 577 370 604 recubuit
392 578 426 604 “.
448 578 540 604 Dicam
564 577 612 603 tibi
633 576 705 611 quod
731 577 819 611 majus
840 580 883 603 est
898 576 942 603 his

158 623 295 649 omnibus.
311 622 435 649 Affirmat
447 622 582 650 Christus.
598 630 659 649 cum
675 621 782 649 venerit
800 622 826 648 in
839 622 883 648 die
897 622 942 656 ju-

158 666 235 698 dicii,
257 667 372 694 virtutes
385 667 517 693 caelorum
535 672 701 694 commotum
720 667 753 693 iri
770 674 825 701 pra:
845 667 941 694 timore

158 711 232 747 illius
245 713 284 743 ‘5;
299 713 384 745 iustos
398 717 488 738 autem
507 712 604 739 «faciet
619 712 803 741 discumbere.
817 716 844 739 et
857 716 942 739 trans-

160 757 218 784 iens
239 757 405 784 ministrabit
427 758 454 784 ill
467 758 523 785 s".
540 767 549 782 ι
571 757 632 785 Hac
648 762 674 784 ct
686 757 786 785 similia
800 766 814 784 a
832 757 942 784 Christo

159 803 260 829 donata
271 808 335 830 sunt
349 803 428 830 nobis
439 804 520 834 dona,
529 803 555 830 in
568 811 628 838 qua:
639 808 666 830 et
679 803 941 838 angeliprospicere,

160 849 185 875 id
203 854 254 880 est,
280 849 381 876 intrare
405 850 571 876 desiderant.
595 850 664 877 Tum
688 850 758 877 alter
782 850 827 876 ille
846 856 942 877 rursus

161 895 324 928 interrogat,
343 895 407 930 quid
425 895 460 922 ita
478 895 585 922 tandem
603 895 731 922 Christus
750 899 876 922 naturant
893 903 943 922 no-
959 883 981 912 Β

160 946 243 968 stram
259 941 401 974 plusquam
423 940 534 975 angelos
555 940 717 975 glurilicavit
733 945 760 966 et
773 939 880 974 diligit?
894 939 946 967 0c-

159 985 248 1012 currit
270 986 462 1020 interrogatus.
486 986 599 1013 Paulum
621 986 695 1017 audi,
719 986 764 1020 qui
784 990 810 1012 te
836 985 945 1011 modum

160 1032 359 1059 incarnationis
372 1032 483 1062 Christi.
501 1037 528 1059 et
543 1033 634 1060 multa:
656 1032 787 1060 bonitatis
802 1033 861 1067 ejus
882 1040 945 1067 erga

160 1084 212 1102 nos
232 1077 352 1103 docebit.
378 1077 422 1103 Ait
440 1077 512 1103 cnint
528 1077 562 1109 ’⁷,
586 1077 756 1112 mysterium,
780 1077 852 1111 quod
876 1085 946 1110 prse-

158 1122 310 1149 destinavit
331 1123 401 1149 Deus
423 1127 486 1149 ante
510 1123 608 1150 saecula
637 1123 662 1149 in
678 1123 790 1157 gloriam
814 1127 945 1153 nostram,

158 1175 223 1194 esse
248 1167 369 1202 ejusdem
388 1168 420 1194 ad
444 1175 494 1194 nos
515 1167 640 1194 homines
659 1167 804 1193 adventnnt
827 1171 854 1194 et
872 1167 948 1193 beni—

158 1213 306 1248 gnitatem.
328 1213 410 1239 Favet
432 1213 523 1247 itaque
545 1217 572 1239 et
596 1212 788 1247 complectitur
813 1213 882 1238 Deus
896 1212 946 1238 hu-

160 1266 275 1284 tnanutn
295 1266 381 1293 genus
398 1257 456 1292 plus
477 1266 557 1292 quam
582 1258 662 1284 ullam
680 1262 843 1289 creaturam,
868 1258 948 1292 idque

158 1303 272 1330 duabus
281 1304 314 1330 de
326 1304 417 1330 causis
431 1313 437 1330 :
453 1304 570 1339 primum
586 1304 648 1338 quia
661 1309 702 1331 est
715 1305 825 1338 plasma.
842 1308 870 1331 ct
880 1312 949 1338 opus

161 1355 296 1374 manuum
314 1356 436 1380 suarum,
461 1353 488 1376 ct
506 1349 636 1383 quiddam
662 1350 863 1384 prmformatunt
876 1357 950 1376 meo-

160 1392 263 1418 nomitc
276 1399 332 1418 sua:
341 1392 449 1423 animal,
459 1392 531 1427 quod
541 1393 592 1420 sub
599 1399 737 1427 aspectum
753 1393 838 1424 venit.
852 1399 879 1421 et
893 1403 946 1421 non

159 1437 250 1468 vertit,
265 1437 377 1464 mortale
395 1442 422 1464 et
438 1437 600 1469 intmortale,
623 1439 736 1472 perinde
760 1443 788 1465 ut
803 1439 946 1472 Christus;

161 1483 267 1510 deinde
284 1483 348 1518 quia
368 1488 500 1518 cognatus
518 1483 607 1515 nobis,
629 1489 656 1510 ct
682 1484 804 1518 ejusdem
819 1485 948 1512 substan-

161 1529 218 1559 tiae,
234 1529 356 1563 ejusdem
367 1529 475 1564 generis
485 1536 516 1555 ac
525 1528 946 1561 formae,homonatusvideliee'.
963 1548 982 1573 (ς

160 1573 201 1599 Ac
227 1573 342 1607 proinde
358 1574 520 1600 naturaliter
543 1574 653 1601 deditus
667 1580 719 1606 est,
736 1580 763 1602 et
781 1575 886 1610 diligcit
902 1584 948 1603 co-
963 1566 983 1574 υ

159 1625 274 1655 gnatos,
298 1624 325 1646 et
348 1621 457 1655 generis
475 1621 516 1647 sui
534 1621 748 1656 substantiatque
769 1623 868 1650 socios.
889 1623 950 1650 lla‘c

161 1666 331 1700 praepositus
354 1667 510 1693 monasterii
527 1667 559 1693 ad
579 1671 696 1694 montem
712 1667 787 1696 Sina.
801 1668 846 1702 qui
858 1672 885 1694 et
903 1676 950 1695 et:-

159 1717 315 1746 gunmento
335 1712 437 1739 Sinaita
453 1713 564 1744 dicitur,
581 1721 662 1747 quem
682 1714 705 1740 si
733 1718 829 1741 testem
852 1714 952 1741 admit-

161 1758 198 1785 tis
212 1760 253 1790 (et
274 1758 374 1792 dignus
389 1762 431 1784 est
455 1758 587 1794 admitti),
605 1759 698 1786 dicito.

199 1804 304 1830 Aman.
321 1803 430 1830 Testem
448 1804 524 1831 ltunc
541 1805 701 1839 amplector,
724 1806 844 1840 suscipio
863 1811 890 1833 et
902 1814 951 1840 ap-

160 1849 254 1884 probo
278 1858 286 1877 :
311 1853 431 1876 meretur
461 1850 586 1883 inprimis
611 1850 702 1880 Iidem,
739 1856 767 1877 et
789 1854 952 1879 auctoritate

160 1895 249 1922 valet.
274 1894 352 1926 Quod
372 1894 394 1921 si
408 1895 559 1921 secundum
578 1902 713 1929 apposuer
725 1903 748 1924 s.
767 1895 815 1921 tibi
838 1903 870 1921 ea
892 1903 954 1929 pro-

159 1947 224 1975 pter
247 1939 366 1974 gratiam
382 1939 501 1966 habebo.
517 1939 584 1966 Nam
597 1939 703 1966 duobus
719 1939 820 1973 potius,
838 1943 884 1965 aut
904 1939 955 1965 tri-

160 1987 227 2018 bus,
242 1993 329 2020 quam
344 1984 392 2012 uni
407 1985 574 2011 credendum
588 1985 680 2011 audio.

193 2034 285 2060 Cano.
303 2031 360 2058 Non
373 2031 489 2057 alterum
501 2030 599 2061 solum,
615 2030 642 2056 id
657 2030 728 2064 quod
745 2030 826 2065 petis,
842 2030 888 2057 sed
901 2035 955 2057 ter-

160 2079 233 2105 tium
251 2076 410 2112 quoque.si
425 2075 554 2110 requiris,
569 2079 597 2102 ct
609 2075 701 2110 plures
717 2075 815 2102 addam
835 2083 842 2102 :
857 2083 955 2110 nempe

160 2124 295 2153 Paulum,
316 2121 453 2152 Davidcm,
475 2121 710 2155 Chrysostomum.
731 2121 797 2148 Tres
819 2121 846 2147 hi
863 2121 955 2147 divino

160 2167 278 2202 probati
295 2166 460 2198 testimonio,
476 2171 503 2192 ct
520 2165 569 2191 tria
589 2173 635 2191 ora
651 2165 743 2198 Verbi,
760 2165 832 2192 clare
845 2165 954 2197 docent,

161 2220 298 2241 naturam
312 2213 458 2239 humanam
471 2219 531 2238 esse
543 2218 682 2245 sponsam,
696 2215 724 2237 et
734 2211 853 2246 reginam
870 2215 958 2238 astan-

147 2265 222 2287 rtent
239 2267 254 2285 a
266 2258 372 2285 dextris
385 2257 478 2292 sponsi
497 2256 616 2292 mystici,
635 2264 666 2283 ac
683 2257 801 2283 Domini.
821 2256 960 2292 Cujnsque

162 2307 273 2333 [torum
293 2304 364 2331 dicta
380 2309 407 2331 et
430 2304 574 2331 sententia:
586 2303 620 2330 ad
638 2303 764 2336 verbum,
787 2307 815 2330 et
829 2303 863 2330 ab
882 2304 962 2330 initio

163 2352 324 2379 recitandae
350 2355 424 2377 sunt.
441 2351 541 2377 Paulus
566 2350 658 2385 itaque
682 2351 716 2377 de
740 2350 790 2377 hac
807 2358 906 2383 sponsa
924 2350 962 2377 sic

165 2399 208 2424 ait
227 2407 234 2424 :
259 2406 268 2421 ι
286 2396 423 2430 Βρεροηιέἰ
443 2403 492 2423 vos
515 2397 559 2423 uni
596 2398 675 2428 viro,
701 2396 834 2431 virginem
860 2400 962 2422 castam

162 2443 308 2470 exhibere
325 2441 434 2468 Christo
450 2442 484 2468 ’⁸.
507 2452 516 2467 ι
543 2442 576 2468 Ει
591 2443 710 2469 Joannes
727 2441 858 2476 Baptista,
878 2441 964 2468 ident-

163 2495 226 2523 que
247 2485 405 2512 Pratcursor
427 2486 596 2514 Salvatoris:
616 2497 624 2512 ι
644 2487 695 2520 Qui
717 2487 799 2514 habet
824 2494 963 2520 sponsam,

165 2532 278 2568 inquit.
305 2538 422 2565 sponsus
435 2536 475 2558 est
505 2532 538 2558 ".
561 2542 569 2556 ι
588 2533 640 2559 Sed
659 2541 776 2567 sponsus
794 2532 904 2566 quidem
922 2540 966 2559 ca-

163 2580 267 2606 ducus
283 2577 423 2610 aliquanto
440 2582 501 2610 post
516 2580 623 2611 nuptias
641 2577 674 2605 de
689 2583 758 2605 testu
779 2578 880 2604 amoris
897 2578 966 2604 ntul-

165 2629 231 2650 lllm
255 2619 390 2651 remittit;
416 2625 508 2646 llOSlCI‘
523 2625 614 2646 autem
631 2629 747 2655 sponsus
759 2630 880 2648 antorem
895 2630 968 2649 sem-

164 2674 221 2702 per
232 2664 619 2698 intenditctanget.Meminit
632 2666 695 2693 item
709 2668 791 2694 David
807 2668 850 2694 his
860 2668 965 2695 verbis:

204 2743 231 2759 ¹¹
262 2742 358 2769 Matth.
384 2750 437 2769 XVI,
453 2742 494 2768 l9.
529 2741 552 2757 "
573 2741 669 2769 Matth.
690 2744 799 2774 “1,28.
834 2745 945 2771 "Joau.
963 2753 987 2772 xl

166 2788 205 2810 ιι,
219 2778 234 2804 1
258 2785 337 2812 seqq.
395 2778 415 2791 "‘
433 2776 453 2802 ll
471 2777 534 2812 Cor:
547 2784 584 2806 x1,
599 2778 626 2802 ἑ.
648 2811 654 2812 7
678 2778 699 2793 ’ν
715 2779 794 2805 Joatt.
826 2787 864 2810 tu,
890 2779 933 2806 29.

168 2816 192 2830 ³³
209 2810 361 2847 ΕριῃθέΪν,
375 2812 419 2838 ‘27.
479 2811 500 2826 “
513 2810 591 2838 Cant.
601 2811 674 2844 tv,7.
719 2813 738 2828 "
753 2813 804 2840 lsa.
825 2821 872 2842 Lit.
885 2814 912 2840 7.

167 2849 192 2866 ³⁹
211 2846 289 2875 PSal.
304 2855 363 2879 cxv,
374 2847 416 2873 1‘2.

866 156 1044 185 DiOl‘Tli.\.

971 2816 993 2831 ³⁸
1008 2815 1107 2850 Epltes.
1118 2824 1153 2849 tv,
1164 2816 1209 2849 51,
1224 2816 1267 2843 52.

1717 156 1771 188 802

997 221 1006 237 ί
1023 210 1116 238 Αειίιῖι
1142 210 1233 244 regina
1249 218 1263 236 a
1282 210 1386 239 dextris
1405 211 1458 238 tuis
1474 211 1500 238 iu
1513 211 1611 238 vestitu
1627 211 1771 242 deaurato,

990 257 1142 284 cicnntdata
1163 256 1295 283 varietate
1307 256 1329 272 '°
1346 257 1431 290 (veste
1443 257 1548 283 scilicet
1571 265 1652 284 aurea
1667 263 1694 284 ct
1715 258 1774 284 Γηης

991 303 1101 336 ιπίιιιειξ.
1132 303 1214 329 Visne
1235 302 1317 329 etiam
1341 301 1424 336 hujus
1449 302 1632 329 calceantenta
1663 303 1775 330 videre?
1820 318 1834 326 ;

991 348 1103 375 Paulum
1127 348 1346 382 nyntphagogunt
1369 348 1432 374 audi
1447 356 1453 373 :
1467 356 1476 372 ε
1496 347 1613 374 Calceati
1631 349 1722 382 pedes.
1746 349 1774 375 in

991 394 1215 429 prazparationem
1233 393 1371 428 Evangelii
1382 393 1457 428 pacis
1473 393 1505 420 ³¹.
1517 403 1526 418 t
1536 394 1662 421 Placetne
1671 395 1773 421 intueri

991 439 1142 474 cingulum,
1158 443 1187 465 ut
1205 446 1218 465 a
1237 439 1352 466 veritate
1367 439 1583 466 circumdatum?
1609 449 1617 462 ί
1636 440 1774 466 Succincti

992 485 1100 511 lumbos
1121 491 1228 511 vestros
1245 484 1270 511 in
1285 485 1400 511 veritate
1415 484 1449 511 ".
1464 494 1473 510 ›
1491 485 1598 512 Avesne
1608 485 1689 513 etiam
1704 487 1777 520 aspi-

992 538 1054 557 cere
1071 531 1131 565 ejus
1148 530 1402 565 pulchritudinem?
1417 540 1426 556 ε
1442 530 1502 557 Non
1519 531 1664 558 habentem
1683 539 1776 558 maen—

991 575 1056 607 lam,
1070 584 1158 611 neque
1174 584 1279 611 rugam,
1298 585 1387 611 neque
1407 576 1482 603 aliud
1498 577 1654 611 hujusmodi
1670 577 1702 604 ".
1720 586 1729 602 t
1742 591 1778 596 —

994 621 1062 648 Tota
1077 621 1192 655 pulchra
1208 629 1247 652 es,
1263 621 1350 648 antica
1371 629 1440 653 mea,
1458 626 1485 648 et
1500 622 1607 649 macula
1624 630 1678 648 non
1692 627 1733 649 est
1748 622 1777 648 in

993 671 1018 694 tc
1037 667 1068 694 ³⁸.
1087 677 1096 693 ι
1115 668 1196 695 Visne
1218 675 1331 694 eernere
1348 667 1450 702 pedes?
1468 678 1476 692 1
1492 667 1579 700 Quam
1597 668 1712 702 speciosi
1729 676 1777 702 pe-

993 712 1042 740 des
1063 713 1308 747 evangelizantium
1334 719 1428 746 pacem
1445 712 1485 738 ⁸⁸2
1504 721 1512 736 ι
1531 712 1563 738 Ει
1583 719 1644 738 cum
1663 712 1699 738 ita
1717 719 1779 738 eam

993 758 1142 787 ornaverit.
1158 766 1212 784 non
1227 758 1302 784 venit
1323 762 1413 784 tamen
1434 757 1470 784 ita
1484 761 1514 783 ut
1528 757 1665 787 ostendat,
1685 761 1713 783 et
1729 765 1779 784 ex-

995 803 1089 831 hibeat
1103 803 1141 830 illi
1157 803 1270 838 gloriam
1289 811 1382 835 suam,
1406 811 1440 830 ne
1456 803 1640 830 immensitate
1655 803 1779 837 pulchri-

995 848 1099 876 tudinis
1116 855 1172 876 sna:
1187 848 1272 883 ipsam
1291 848 1430 882 percellat.
1445 852 1472 875 ct
1486 856 1500 875 a
1515 852 1607 876 mente
1624 843 1781 880 dimoveat;

995 894 1043 922 sed
1068 894 1143 921 venit
1164 893 1328 921 vestimento
1348 898 1504 928 coopertus,
1528 894 1600 921 sicut
1618 901 1718 928 sponsa
1732 902 1781 920 co—

996 944 1090 972 operta
1107 944 1158 966 est.
1173 939 1231 966 Non
1253 939 1326 965 illam
1342 946 1450 965 sursum
1467 939 1592 970 accersit,
1613 940 1660 966 sed
1674 939 1730 974 ipse
1746 939 1780 966 ad

995 992 1055 1012 eam
1073 985 1224 1017 deseendit,
1246 984 1272 1012 in
1289 985 1342 1012 hoc
1356 992 1466 1019 quoque
1488 985 1581 1019 sponsi
1597 985 1670 1019 leges
1683 985 1780 1011 obser-

997 1039 1073 1061 vans,
1092 1039 1144 1065 qua
1163 1031 1208 1058 ille
1223 1038 1350 1065 sponsam
1363 1031 1475 1064 jubetnr
1493 1032 1657 1061 convenire;
1672 1031 1743 1058 sicut
1755 1036 1786 1058 et.

999 1075 1099 1102 Paulus
1113 1075 1151 1102 ait
1167 1085 1173 1102 :
1194 1085 1203 1100 ‹
1224 1075 1338 1109 Propter
1354 1076 1405 1102 hoc
1430 1075 1568 1110 relinquet
1583 1076 1665 1103 homo
1676 1081 1784 1110 patrem

997 1125 1025 1147 et
1039 1125 1154 1147 matrem
1168 1127 1287 1152 suam.ct
1299 1121 1450 1148 adhaerebit
1462 1121 1539 1148 uxori
1551 1121 1784 1149 sttaaSacramen-

999 1172 1054 1193 tum
1073 1167 1124 1193 hoc
1139 1174 1265 1202 magnum
1286 1172 1328 1194 est
1346 1175 1353 1193 :
1369 1175 1419 1202 ego
1439 1172 1530 1194 autem
1548 1167 1610 1194 dico
1631 1167 1657 1194 in
1674 1167 1786 1194 Christo

997 1218 1025 1240 et
1043 1213 1069 1239 in
1089 1213 1210 1240 Ecclesia
1225 1213 1257 1239 “.
1276 1222 1284 1238 ι
1304 1213 1372 1240 Cum
1392 1213 1511 1240 venisset
1524 1213 1606 1247 igitur
1619 1212 1646 1240 in
1666 1214 1726 1248 ejus
1739 1213 1784 1239 di-

998 1259 1164 1291 versorium,
1178 1259 1381 1293 invcttissetque
1395 1259 1470 1294 rugis
1480 1259 1781 1294 obsitant,squalidam.

998 1305 1112 1336 nudam,
1138 1305 1271 1339 sanguine
1291 1305 1472 1339 inquinatam,
1496 1305 1572 1336 lavit,
1594 1304 1681 1335 unxit,
1700 1305 1784 1331 vesti-

999 1356 1091 1379 mento
1113 1350 1212 1381 induit.
1229 1351 1273 1378 cui
1299 1350 1387 1378 simile
1405 1358 1460 1377 non
1483 1354 1525 1377 est
1542 1351 1672 1385 reperire,
1697 1350 1786 1377 factus

999 1397 1114 1431 ipsemet
1132 1396 1156 1422 ci
1181 1397 1386 1427 vestimentum,
1411 1400 1438 1422 et
1459 1396 1498 1423 sic
1519 1403 1578 1422 eam
1595 1396 1646 1423 sibi
1670 1396 1784 1430 copula-

999 1447 1052 1470 tam
1079 1443 1106 1470 in
1129 1443 1228 1470 ccelum
1250 1442 1385 1472 subvexit,
1406 1446 1433 1469 et
1452 1442 1478 1468 in
1502 1442 1609 1476 superis
1622 1442 1783 1468 collocavit:

1003 1498 1012 1514 ι
1028 1488 1115 1523 Supra
1132 1489 1312 1524 principatus,
1333 1488 1459 1519 virtutes,
1480 1492 1639 1522 potestates,
1655 1492 1683 1514 et
1703 1495 1786 1522 supra

1000 1541 1080 1560 ontnc
1100 1541 1211 1562 nomen.
1228 1533 1301 1568 qttod
1324 1533 1483 1559 nominatur
1504 1541 1558 1560 non
1581 1533 1668 1560 solunt
1690 1533 1716 1559 in
1735 1532 1788 1559 hoe

1004 1580 1115 1610 sarculo.
1129 1587 1222 1605 verum
1237 1579 1318 1605 etiam
1337 1579 1364 1606 in
1380 1579 1473 1606 futuro
1486 1579 1519 1605 ³⁷.
1534 1589 1542 1603 t
1563 1578 1658 1606 Vidisti
1675 1579 1790 1605 honoris

1004 1624 1217 1659 magnitudinem
1236 1633 1242 1650 :
1259 1625 1351 1651 vidisti
1364 1625 1504 1659 dignitatis
1523 1626 1707 1660 maiestatem.
1723 1624 1790 1657 Qum

1005 1671 1121 1704 pedibus
1131 1670 1280 1702 ferebatur,
1295 1678 1354 1705 qua:
1367 1679 1415 1705 per
1426 1676 1527 1697 terram
1544 1671 1712 1702 traltebatur,
1727 1678 1789 1697 eam

1006 1715 1032 1742 itt
1052 1719 1153 1743 tantam
1169 1715 1342 1743 altitudinem
1357 1716 1479 1745 sustulit.
1496 1723 1525 1742 ut
1541 1715 1566 1742 ei
1578 1716 1665 1750 angeli
1680 1722 1789 1749 quoque

1005 1761 1144 1788 assistant.
1162 1761 1208 1788 Illa
1221 1761 1338 1796 captiva,
1356 1761 1401 1788 illa
1415 1761 1578 1791 abalienata,
1591 1762 1634 1788 illa
1649 1761 1789 1791 meretrix,

1006 1806 1051 1832 illa
1069 1806 1185 1840 impura,
1202 1805 1291 1832 \idisti
1309 1806 1335 1832 iu
1355 1809 1483 1839 quantam
1499 1805 1670 1832 altitudinem
1695 1812 1790 1831 ascert-

1007 1851 1057 1878 dit.
1075 1851 1208 1883 Quoniam
1223 1851 1296 1878 enim
1313 1855 1394 1884 caput
1408 1855 1531 1877 nostrum
1546 1857 1655 1876 sursum
1668 1854 1720 1881 est,
1737 1849 1791 1876 ibi-

1007 1904 1060 1930 que
1078 1896 1189 1928 residet,
1207 1904 1256 1922 uns
1278 1903 1379 1930 corptts
1399 1896 1468 1930 ejus,
1485 1895 1606 1929 ejusdem
1623 1895 1714 1930 glorize
1731 1902 1794 1929 par-

1008 1941 1105 1974 ticipes
1127 1948 1233 1971 sumus,
1257 1940 1278 1968 si
1303 1944 1393 1966 tantett
1416 1944 1530 1966 stamus.
1557 1939 1663 1969 Cernis,
1684 1944 1715 1966 ut
1732 1947 1795 1973 qua:

1007 1993 1107 2020 sponsa
1132 1990 1185 2018 est,
1209 1985 1304 2012 eadettt
1329 1985 1384 2012 filia
1408 1994 1414 2012 :
1438 1989 1465 2011 et
1485 1992 1544 2020 quae
1565 1985 1630 2017 lilia,
1645 1986 1739 2012 eadem
1765 1990 1795 2012 et

1008 2039 1107 2066 sponsa
1126 2031 1179 2059 sit?
1192 2031 1264 2066 quod
1286 2039 1351 2058 sane
1375 2031 1402 2057 in
1419 2031 1583 2065 corporibus
1597 2031 1724 2057 ltumanis
1739 2039 1792 2057 non

1009 2076 1112 2102 datur:
1136 2075 1183 2102 ubi
1205 2075 1279 2102 aliud
1296 2076 1358 2104 hoc.
1384 2074 1458 2102 aliud
1477 2075 1554 2101 illud.
1574 2075 1603 2101 ln
1626 2075 1681 2102 Deo
1702 2080 1796 2102 autent

1010 2127 1157 2155 utrumque
1174 2121 1321 2156 reperitur.
1339 2120 1398 2155 Ipse
1413 2120 1549 2155 siquidem
1566 2128 1615 2154 per
1630 2120 1797 2154 baptismum

1009 2176 1078 2203 aqua
1092 2169 1228 2202 perfusam
1249 2168 1434 2202 regeneravit;
1452 2167 1509 2201 ipse
1520 2174 1580 2194 eam
1601 2166 1653 2193 sibi
1667 2166 1798 2201 coniuga-

975 2221 996 2247 ι)
1010 2212 1064 2242 vit;
1082 2212 1139 2246 ipse
1160 2211 1197 2238 illi
1226 2217 1311 2246 pater,
1338 2215 1366 2238 et
1392 2219 1520 2246 sponsus.
1544 2216 1571 2238 et
1588 2211 1720 2238 Dominus
1737 2211 1798 2238 fieri

1008 2257 1111 2289 voluit;
1126 2257 1180 2283 into
1204 2264 1270 2284 vero
1293 2257 1364 2284 istuc
1379 2257 1466 2291 ipsum
1483 2257 1554 2291 quod
1569 2256 1594 2283 ei
1614 2256 1744 2284 Dominus
1758 2256 1798 2282 fa-

1010 2307 1070 2330 ctus
1084 2308 1136 2334 est,
1153 2303 1245 2330 multa:
1258 2303 1390 2330 adversus
1404 2310 1465 2329 eam
1484 2310 1558 2329 cura:
1573 2306 1601 2329 et
1622 2302 1802 2337 benignitatis

1012 2347 1144 2374 indiciunt
1161 2353 1214 2378 est.
1230 2348 1395 2382 mancipium
1412 2348 1576 2377 daemonum,
1590 2346 1740 2374 ludibrium
1754 2354 1802 2373 se—

1012 2394 1146 2425 ductoris,
1160 2393 1212 2420 sibi
1230 2393 1255 2419 in
1269 2393 1408 2429 propriam
1424 2392 1646 2426 peculiaremque
1667 2392 1800 2427 deligere.

1013 2442 1096 2475 Atqui
1114 2442 1159 2468 ille
1176 2449 1229 2468 non
1252 2441 1331 2467 utodo
1348 2441 1475 2468 famulant
1495 2448 1583 2471 suam,
1606 2439 1653 2466 sed
1673 2444 1700 2466 ct
1718 2438 1803 2465 tiliam

1014 2491 1042 2514 ct
1074 2494 1201 2521 sponsam
1233 2495 1310 2513 suam
1334 2486 1409 2514 fecit.
1443 2485 1511 2514 Vere
1534 2490 1561 2513 et
1583 2490 1645 2519 apte
1668 2484 1802 2512 exclame-

1016 2540 1093 2559 mus:
1124 2542 1133 2558 Ι
1156 2532 1223 2565 Quis
1244 2533 1370 2566 loquetur
1397 2532 1534 2566 potentias
1559 2530 1679 2562 Domini,
1694 2530 1805 2556 auditas

1016 2577 1096 2604 faciet
1116 2585 1212 2605 omnes
1232 2577 1327 2605 laudes
1344 2577 1404 2612 ejus
1421 2577 1465 2603 "1'
1483 2586 1491 2601 ι
1507 2577 1541 2603 Et
1558 2583 1684 2602 rursum:
1702 2584 1711 2600 ι
1733 2575 1805 2608 Quid

1017 2623 1204 2650 retribucmtts
1221 2623 1345 2653 Domino,
1374 2629 1422 2657 pro
1448 2622 1576 2648 ontnibus
1597 2628 1657 2656 qua:
1677 2619 1806 2647 retribuit

1018 2667 1098 2695 nobis
1112 2667 1155 2694 '9?
1174 2677 1182 2693 t
1206 2667 1277 2701 Quid
1293 2668 1365 2695 cttint
1387 2675 1449 2694 cttm
1472 2671 1547 2693 tanto
1569 2666 1673 2693 honore
1688 2665 1805 2692 conferri

1001 2754 1019 2775 ι,
1031 2746 1075 2772 25.
1114 2746 1136 2760 ’⁸
1148 2746 1243 2773 Matth.
1266 2754 1338 2776 xxrv,

1005 2781 1026 2796 ³ο
1044 2781 1114 2807 l’sal.
1128 2789 1198 2809 xmv.
1223 2782 1264 2807 l9.

1357 2746 1399 2773 εἰ).
1437 2745 1528 2773 "Luc.
1540 2753 1588 2777 xu,
1601 2744 1646 2771 37.
1683 2745 1705 2759 "
1721 2743 1805 2770 lCnr.

1336 2781 1355 2797 ⁸¹
1375 2781 1474 2815 Ephcs.
1491 2789 1513 2806 \‘l
1534 2781 1575 2807 15.
1637 2779 1658 2795 ¹⁴¹
1675 2779 1744 2806 Ibid.
1762 2779 1807 2805 14.

1330 2817 1350 2832 ³⁷
1367 2816 1468 2850 Epltcs.
1481 2824 1498 2848 I,
1514 2815 1546 2841 ει
1604 2815 1626 2830 ³⁸
1641 2815 1710 2841 l’sal.
1723 2821 1765 2844 cv,
1780 2814 1809 2840 2.
