2032 3156
262 190 316 221 803

885 181 1058 212 PHILIPPl
1079 179 1275 210 SOLlTARlI

1843 171 1894 201 illi

263 243 371 279 potest?
382 249 444 270 cum
462 240 588 276 primitia:
605 237 714 274 generis
729 236 816 263 nostri
835 237 868 267 ".
885 236 958 271 quod
971 236 1054 263 toties
1073 239 1088 264 Α
1106 235 1132 262 in
1155 235 1257 269 regiam
1280 241 1339 260 sese
1352 235 1590 266 coiigregaturum.
1608 234 1636 257 et
1650 237 1701 255 una
1720 235 1781 255 cum
1799 227 1846 254 illa
1861 228 1902 253 de-

264 291 350 317 Deum
363 289 489 319 oﬂ‘eudit,
501 286 710 321 neglectumque
721 288 748 310 et
760 287 949 317 contemptum
961 283 1058 317 jaeuit,

266 336 292 362 in
306 340 359 362 tam
376 333 488 361 sublimi
508 333 568 358 loco
583 331 758 361 consideant,
778 333 936 364 tantamque
951 329 1061 356 claritu-

265 379 358 406 dinem
381 377 546 405 obtineant?
566 376 599 402 Et
614 375 665 402 ista
686 375 798 408 quidem
817 373 852 401 de
874 381 973 408 sponsa
994 373 1058 400 toti-

265 426 328 454 dem
342 424 434 452 verbis
444 424 565 451 Joannes
576 422 799 457 Chrysostomus.

573 498 689 527 CAPUT
709 498 752 525 IV.

265 559 402 592 Quandiu.
418 562 443 585 et
458 565 539 592 quam
559 556 676 584 studiose
700 555 746 582 Dei
764 554 849 592 Filius
864 561 989 592 sponsam
1012 551 1061 592 sibi

303 594 451 629 qua’siverit
464 588 473 619 ξ
487 593 581 629 quibus
593 592 679 626 ipsum
695 590 860 616 ornamentis
873 588 1060 619 cumuluverit,

302 627 417 664 eleganti
432 627 561 663 parubola
576 629 799 652 demonstratum.

301 696 329 723 Si
342 703 424 731 porro
440 703 501 730 qua:
522 694 595 721 dicta
613 698 678 720 sunt
711 700 824 719 rursum
847 691 973 726 exemplo
997 691 1060 717 illu-

266 742 349 770 strari
376 742 466 776 cupis,
494 741 618 770 afferam,
643 739 717 774 quod
738 738 771 765 ad
800 738 880 764 ﬁdem
901 736 1060 771 pariendam

266 788 396 819 sulliciat,
412 793 615 821 cognosccsque
628 793 690 812 cum
707 783 890 811 admiratione
901 783 974 818 quod
989 790 1062 816 qna:-

267 834 316 861 ris.
338 833 408 860 Audi
423 833 506 867 igitur
528 836 643 863 attente,
662 835 690 857 et
712 830 846 857 rationem
870 829 979 856 adhibe.
997 828 1063 855 Erat

267 881 379 916 quidam
407 887 454 907 rex
475 883 592 914 potens,
615 877 729 912 dynasta
754 875 989 910 ineomparabilis,
1014 873 1062 908 qui

1110 289 1174 309 Core
1193 286 1219 307 et
1233 281 1318 315 gloria
1335 279 1499 306 all'eetnrum
1513 279 1560 303 ‘est
1586 276 1724 311 pollicitus
1738 284 1744 300 ι
1763 274 1815 301 Ubi
1830 274 1902 300 enim

1111 334 1210 360 sponsa
1225 326 1272 352 lilii
1288 325 1351 357 mei,
1370 324 1471 358 inquit,
1487 322 1588 349 ibidem
1609 327 1637 348 et
1652 328 1739 355 genus
1761 321 1824 354 ejus
1845 320 1903 346 uni-

1111 379 1220 399 versum
1253 378 1325 401 esse,
1342 370 1454 404 ljustum
1481 368 1666 402 decorumque
1692 365 1797 401 judico.
1827 364 1902 392 Post-

1111 426 1192 453 quam
1209 417 1285 444 urbis
1301 416 1397 443 incola?
1413 422 1541 450 sponsam
1558 415 1774 447 conspexerunt,
1794 416 1903 438 senatus

1111 468 1138 490 et
1154 463 1310 493 consilium,
1326 460 1512 495 magistratus,
1531 458 1702 485 exteriorum
1724 455 1903 483 interiorum-

1111 516 1164 543 que
1188 508 1317 534 ordinum
1342 512 1441 537 cultus,
1469 505 1677 538 obstupescere,
1701 501 1856 536 ambigere,
1877 505 1903 527 et

1113 556 1211 581 titnore
1244 553 1363 588 quodam
1387 551 1488 585 corripi
1514 549 1652 580 universi,
1677 553 1825 575 cernentes
1848 554 1902 572 rem

1112 600 1269 630 maximam,
1283 603 1311 625 et
1334 606 1349 624 ιι
1362 605 1412 625 suo
1432 604 1533 631 genere
1556 595 1672 622 alienam
1691 603 1698 621 :
1723 593 1794 620 ﬁlias
1809 600 1904 627 nempe

1112 653 1186 677 suas,
1203 644 1241 671 illi
1269 648 1373 670 natura:
1391 642 1524 670 societate
1539 640 1702 674 conjunct-as
1721 646 1753 665 ac
1775 638 1905 665 domesti-

1112 699 1158 719 cas
1182 690 1334 726 repudiari.
1355 689 1416 716 Non
1444 689 1518 716 enim
1539 686 1724 721 apprehendit
1746 692 1835 719 genus
1861 685 1906 711 do-

1113 738 1289 764 mesticorum
1307 737 1341 769 ",
1367 744 1417 763 nec
1432 743 1464 763 ex
1489 735 1553 766 illis,
1573 734 1621 762 sed
1644 733 1717 760 unde
1728 732 1779 759 sibi
1799 731 1918 770 ascivit”

1113 783 1178 812 inde
1200 783 1326 818 quamvis
1342 783 1376 810 de
1393 781 1540 817 peregrino
1560 787 1661 816 genere
1674 786 1805 814 sponsam
1822 778 1905 805 addu-

1114 837 1177 858 cere
1191 829 1289 856 voluit.
1313 828 1427 862 Quoties
1455 828 1538 862 igitur
1554 827 1612 862 regi
1627 827 1742 862 ejusque
1767 826 1826 852 lilio
1852 824 1905 858 regi

1115 877 1212 903 laudes
1234 880 1262 903 ct
1280 875 1412 902 honorem
1437 873 1561 901 divinum
1578 873 1698 900 oblaturi
1723 876 1801 903 sunt,
1827 871 1905 898 etiam

268 926 386 953 habebat
402 926 498 952 urbem
522 923 635 959 regiam,
648 923 726 957 cujus
742 922 839 949 incola:
852 926 879 948 et
899 920 1020 955 plurimi,
1037 923 1065 947 et
1079 921 1102 950 B
1117 929 1257 956 sponsam,
1279 927 1308 947 ut
1329 920 1497 948 assidentem
1521 924 1550 947 et
1566 919 1657 946 throni
1686 923 1856 949 consortem,
1871 916 1906 944 uti

269 971 377 1007 optimi.
393 971 489 998 Eidem
511 970 566 1004 regi
590 973 650 996 erat
669 968 742 995 ﬁlius
758 967 934 999 venerabilis,
953 966 997 994 cui
1015 974 1064 1001 pa-

268 1023 310 1045 ter
326 1025 438 1044 uxorem
454 1015 628 1050 despondere
646 1014 752 1046 volens,
769 1013 876 1048 puellas
889 1012 990 1040 civium
1007 1012 1062 1038 illo-

268 1071 330 1090 rum
346 1070 529 1095 summorum,
554 1069 586 1089 ac
606 1061 766 1096 principum
789 1059 859 1087 ﬁlias
875 1059 927 1087 sibi
948 1064 1063 1094 prazter-

267 1110 373 1137 euudas
394 1109 502 1136 censuit
521 1117 527 1134 :
545 1108 648 1138 animo,
667 1107 790 1142 inquam,
811 1110 839 1133 et
855 1105 942 1133 l‘orma
957 1105 1065 1140 specio-

268 1154 401 1185 sissimas,
411 1153 517 1184 felices,
530 1152 671 1182 honestas.
683 1151 753 1178 bene
765 1150 920 1181 audientes.
937 1150 1064 1185 inclytus,

267 1200 538 1235 elegantissimorum
560 1203 587 1226 et
602 1197 856 1225 laudatissimorum
886 1197 987 1232 peritas
1000 1204 1065 1232 ope-

269 1253 339 1273 rum.
365 1244 452 1280 Capto
477 1248 570 1271 autem
592 1243 709 1270 consilio
733 1243 817 1270 ﬁlimu
835 1243 947 1275 emittit,
965 1243 1003 1270 uti
1019 1250 1066 1276 per

269 1298 378 1318 omnem
393 1296 548 1317 creaturam
565 1289 618 1315 sibi
644 1289 766 1323 indaget,
782 1293 810 1315 et
826 1288 968 1315 consociet
983 1295 1066 1322 spon-

270 1340 329 1360 sam
348 1332 589 1364 l'ormosissimam,
604 1339 661 1359 sua:
679 1332 772 1366 gloria:
787 1332 978 1366 maiestatique
1002 1340 1066 1367 pro-

270 1380 398 1412 portione
408 1377 629 1412 respondentem.
641 1377 698 1404 Sihi
709 1377 784 1404 enim
798 1377 932 1404 nobilium
946 1377 1065 1407 illorum,

271 1423 306 1451 de
318 1423 421 1458 quibus
433 1423 565 1455 diximus,
583 1422 653 1450 ﬁlias
669 1431 724 1449 non
743 1423 780 1450 ita
795 1423 906 1458 placere
920 1423 1020 1453 aiebat.
1038 1429 1068 1450 ut

271 1476 305 1497 ex
320 1468 355 1496 iis
381 1469 503 1503 aliquam
529 1467 585 1495 ﬁlio
600 1468 740 1495 connubio
759 1468 838 1503 juugi
858 1468 952 1496 vellet.
968 1468 1065 1500 Filius,

272 1515 427 1550 peragratis
471 1514 620 1549 diligenter
659 1514 811 1546 creaturis,
847 1515 1067 1549 perlustratoque

272 1561 376 1588 mundo
391 1566 512 1591 terreno,
529 1565 557 1587 et
568 1560 695 1587 urbibus.
706 1564 734 1587 et
745 1560 905 1595 regionibus
920 1560 1065 1591 universis,

272 1605 451 1633 viciniss‘mis
468 1610 495 1633 et
513 1605 714 1636 remotissimis,
729 1605 797 1632 mari
816 1610 844 1632 et
864 1605 971 1637 insulis,
985 1610 1013 1632 et
1029 1605 1066 1632 lo-

272 1653 314 1680 cis
328 1653 466 1683 omnibus,
481 1656 539 1679 toto
550 1651 658 1679 oriente
673 1656 700 1677 et
715 1650 870 1682 occidente,
880 1651 1067 1686 septentrione

273 1703 301 1724 et
316 1698 441 1729 meridie,
460 1698 486 1723 iu
504 1697 555 1723 hac
575 1696 799 1731 peregrinatione
815 1697 926 1729 mansit,
950 1701 979 1724 ut
998 1697 1066 1725 mihi

273 1744 380 1770 discere
411 1743 544 1777 contigit,
577 1743 726 1769 nullt0rum
763 1750 897 1769 annorum
929 1743 1065 1778 periodo:

273 1796 373 1823 nempe
406 1793 436 1815 ut
463 1789 533 1815 ratio
561 1787 727 1815 subducitur
755 1787 917 1823 (secundum
946 1788 1066 1824 Graecos)

273 1836 395 1870 quinque
410 1835 571 1865 millinm,et
582 1834 697 1861 omnino
707 1824 932 1870 quingentorum.
945 1834 1066 1862 Tandem

275 1885 304 1908 ut
319 1882 450 1917 singulari
474 1881 683 1915 pulchritudine
707 1881 884 1915 conspicuam
901 1880 1067 1916 (perridicit-

273 1928 329 1955 lqu
352 1928 393 1955 vel
421 1928 496 1955 dictu
521 1927 639 1962 tantum)
666 1928 839 1955 meretricem
861 1927 990 1955 lascivam
1017 1935 1067 1962 pro

273 1981 373 2008 sponsa
394 1972 447 1999 sibi
463 1972 568 2007 deligit,
592 1972 772 2006 piacularem,
786 1971 1012 2004 abominandam,
1031 1971 1068 1997 vi-

273 2019 338 2051 lem,
356 2018 508 2048 sordidam.
524 2023 553 2044 ut
569 2021 638 2049 crat,
651 2017 815 2051 squalidam,
826 2021 856 2043 ut
869 2016 984 2049 invenit,
999 2024 1068 2043 mer-

273 2065 376 2096 bidam,
397 2065 489 2091 labore
504 2064 668 2094 conlectam,
686 2063 797 2097 penitus
813 2062 984 2097 despectura.
998 2063 1065 2089 Eam

273 2117 340 2137 vero
356 2109 390 2136 ad
403 2109 542 2136 lavacrum
555 2108 678 2140 adducit,
697 2113 804 2143 purgat,
823 2113 964 2142 unguento
978 2107 1065 2142 ungit,

274 2155 464 2182 intaminatam
480 2154 588 2186 reddit;
608 2153 734 2188 stigmata
749 2153 834 2185 delet,
847 2158 924 2180 veste
939 2153 1068 2188 pulcher-

274 2201 344 2227 rima
359 2199 459 2232 induit,
482 2199 526 2226 cui
542 2199 659 2226 similem
679 2198 751 2225 haud
769 2198 847 2225 facile
861 2198 996 2226 invenias.
1012 2199 1067 2226 Alit

274 2253 335 2273 eam
358 2245 428 2272 cibis
443 2245 616 2278 decentibus,
639 2245 771 2279 victuque
796 2244 1023 2279 exquisitissimo.
1039 2250 1067 2273 ct

276 2298 414 2327 postremo
434 2291 461 2319 in
486 2291 618 2326 palatintu
645 2299 725 2318 suum
741 2298 852 2318 sursum
869 2291 956 2318 ducit.
979 2291 1066 2325 Quam

276 2343 306 2365 ut
323 2346 371 2366 rex
389 2338 434 2365 ille
451 2345 575 2373 magnus,
589 2343 616 2366 et
628 2345 728 2373 parens
743 2337 822 2370 vidit,
837 2337 943 2370 dilexit,
955 2343 983 2365 et
996 2346 1068 2365 ama-

275 2385 325 2417 vit,
341 2389 370 2412 et
385 2390 497 2419 aspectu
517 2384 577 2419 ejus
590 2383 707 2411 miriﬁce
724 2388 876 2416 recreatus,
897 2391 999 2411 corona
1015 2384 1067 2411 im-

277 2431 365 2465 posita
390 2435 420 2458 ut
437 2431 567 2465 reginam
584 2430 742 2462 honoravit,
766 2430 912 2465 subitoque
925 2430 952 2457 in
969 2430 1067 2457 eodem

276 2478 375 2504 throno
389 2477 462 2504 illam
480 2477 533 2504 sibi
551 2477 673 2505 assidere
693 2476 769 2509 fecit,
794 2482 822 2504 et
835 2477 917 2504 totius
935 2478 1010 2513 regni
1026 2478 1068 2505 sui

275 2524 412 2551 ha:redcm
428 2523 558 2551 instituit.
574 2523 646 2557 Quin
659 2523 743 2550 etiam
759 2531 868 2558 sponsae
883 2523 966 2559 hujus
983 2531 1069 2559 genus

328 2582 350 2598 ⁸⁸
362 2581 372 2608 l
382 2581 446 2609 Cor.
457 2589 501 2614 xv,
519 2581 566 2610 ΞΒ.
611 2581 632 2597 ¹⁸¹
649 2581 733 2610 llebr.
746 2590 775 2615 ιι,
788 2581 834 2608 16.

1115 967 1247 999 diximus,
1262 974 1324 994 cum
1343 966 1476 1001 religione
1488 970 1516 993 et
1531 970 1650 992 tremore
1668 964 1794 991 volentes
1811 963 1906 990 uolen-

1116 1017 1211 1048 tesque
1233 1012 1359 1043 adorant,
1379 1020 1434 1039 non
1458 1012 1518 1039 sine
1541 1011 1640 1038 timore
1655 1015 1683 1038 et
1699 1015 1829 1045 stupOre,
1851 1017 1907 1036 om—

1115 1059 1191 1086 nium
1205 1058 1385 1094 cogitationes
1405 1062 1580 1093 superantem
1599 1057 1676 1092 prius
1701 1056 1840 1083 damnata:
1853 1055 1907 1091 glo-

1116 1106 1185 1132 riam
1200 1106 1426 1140 maiestatemque
1441 1104 1590 1131 intuentes.

1151 1152 1248 1178 Asuu.
1259 1150 1358 1178 Audivi
1382 1150 1550 1185 paradigma.
1562 1150 1641 1177 Nunc
1654 1149 1772 1184 idipsum
1786 1149 1831 1176 l'ac
1844 1147 1906 1175 mihi

1119 1197 1314 1232 interpretere.

1152 1242 1234 1269 Cano.
1248 1243 1303 1269 ilex
1317 1241 1360 1268 ill:-
1370 1242 1504 1268 maximus
1515 1245 1557 1268 est
1578 1241 1710 1268 Dominus
1723 1240 1906 1275 omnipotens,

1117 1293 1145 1315 et
1161 1288 1217 1315 [lex
1233 1289 1325 1323 gloria:
1340 1297 1346 1319 ;
1367 1288 1464 1314 civitas
1475 1292 1517 1314 est
1533 1287 1598 1314 urbs
1614 1287 1658 1314 illa
1686 1287 1821 1318 cmlestis,
1836 1286 1909 1321 cujus

1118 1333 1209 1367 opifex
1226 1334 1307 1360 Deus.
1323 1333 1459 1368 lndigena:
1476 1333 1560 1364 illius,
1575 1333 1687 1359 ordines
1700 1333 1754 1358 τῶν
1769 1333 1839 1359 νὸων
1853 1332 1902 1358 ani-

1119 1389 1225 1407 tuorum
1237 1389 1244 1414 ;
1258 1381 1356 1407 horum
1381 1380 1451 1411 ﬁliai,
1468 1380 1596 1415 angelicze
1610 1379 1817 1407 multitudines.
1830 1379 1911 1406 Filius

1119 1427 1247 1458 dilectus,
1264 1427 1384 1454 Verbum
1407 1431 1434 1454 et
1458 1426 1584 1453 Christus
1601 1434 1689 1452 meus.
1708 1425 1820 1452 Genera
1837 1432 1910 1452 crea-

1120 1477 1254 1502 turarum,
1269 1476 1366 1498 natura
1379 1471 1535 1498 communis
1548 1470 1690 1497 hominum
1706 1478 1712 1496 :
1727 1477 1810 1504 quam
1821 1473 1908 1496 autem

1120 1517 1196 1544 ducit
1212 1524 1351 1552 sponsam,
1366 1521 1441 1551 patet
1451 1524 1511 1543 esse
1524 1520 1650 1543 naturam
1662 1515 1819 1546 mortalem.
1832 1522 1908 1549 quam

1119 1569 1152 1589 ex
1164 1562 1246 1588 Maria
1267 1562 1378 1596 Virgine
1397 1562 1555 1597 assumpsit,
1589 1569 1652 1588 cum
1667 1569 1721 1596 qua
1743 1561 1856 1588 laudent
1879 1559 1909 1587 ad

1122 1608 1229 1634 Patrem
1243 1613 1287 1634 est
1300 1616 1438 1635 reversus.
1455 1608 1569 1643 Cognati
1585 1615 1691 1642 sponsae
1707 1612 1735 1634 et
1751 1606 1908 1642 propinqui,

1121 1657 1185 1680 sunt
1199 1654 1269 1688 quia
1283 1653 1394 1681 Christo
1408 1661 1508 1680 nomen
1533 1653 1682 1680 duxerunt.
1699 1653 1817 1686 Reliqua
1834 1660 1910 1687 para-

1121 1699 1249 1734 digmatis
1267 1699 1314 1726 tibi
1328 1705 1390 1726 nota
1405 1707 1465 1726 esse
1477 1699 1607 1731 arbitror,
1624 1704 1654 1725 ut
1667 1703 1693 1724 (Ἰ.
1705 1698 1909 1732 Seripturarum

1122 1744 1288 1777 testimonia,
1305 1752 1378 1780 quze,
1395 1748 1425 1771 ut
1445 1745 1531 1780 potui,
1549 1745 1582 1771 ad
1598 1744 1776 1771 astruendam
1793 1743 1910 1770 orationi

1123 1797 1188 1816 mea:
1204 1790 1296 1821 ﬁdem,
1318 1789 1444 1824 produxi.
1473 1788 1576 1815 llorum
1592 1790 1614 1816 si
1629 1793 1657 1815 tu
1691 1788 1756 1823 quid
1789 1788 1911 1815 nondum

1122 1837 1288 1871 assequeris.
1305 1843 1403 1863 vereor
1422 1840 1450 1862 ut
1462 1841 1581 1863 mentem
1609 1842 1703 1862 sanam
1717 1839 1747 1862 et
1763 1835 1912 1870 impertur-

1123 1883 1212 1910 batam
1225 1890 1312 1917 geras.
1330 1881 1383 1908 Sed
1401 1889 1443 1908 me
1455 1881 1564 1908 missam
1580 1880 1631 1912 fac,
1643 1888 1736 1916 quaeso
1752 1889 1758 1906 :
1773 1880 1832 1907 noli
1847 1879 1910 1906 mihi

1122 1929 1253 1957 exhibere
1268 1928 1420 1955 molestiam
1439 1937 1445 1954 :
1460 1928 1493 1954 ad
1506 1926 1740 1954 obsurdesceutes
1757 1935 1841 1953 aures
1855 1935 1911 1953 am-

1122 1975 1194 2010 plius
1205 1975 1289 2002 verba
1303 1975 1393 2001 facere
1413 1981 1530 2008 nequeo.
1548 1973 1650 2000 Natura
1680 1972 1842 1999 mortalium
1859 1973 1910 2007 jam

1122 2020 1185 2048 inde
1195 2029 1211 2048 a
1226 2020 1424 2055 trangressione
1433 2019 1627 2055 despicabilem
1643 2024 1669 2046 et
1682 2018 1794 2050 ﬂuxam,
1809 2023 1911 2046 natura

1122 2067 1285 2098 divinitatis,
1313 2066 1404 2094 omnia
1445 2066 1584 2100 superanti
1623 2065 1794 2100 ltypostatice
1830 2065 1911 2092 socia-

1123 2117 1175 2139 tam
1188 2117 1216 2139 et
1230 2112 1383 2147 colligatum
1401 2119 1471 2144 esse,
1481 2111 1534 2139 hoc
1550 2116 1602 2143 est,
1617 2111 1690 2146 quod
1702 2111 1769 2139 dixi.
1780 2111 1910 2146 populum

1121 2163 1279 2186 sanctorum
1302 2165 1385 2193 super
1399 2165 1494 2184 omnes
1507 2158 1618 2193 angelos
1636 2157 1821 2192 gloriﬁcatum
1841 2165 1909 2185 esse.

1434 2214 1546 2243 CAPUT
1561 2215 1592 2243 V.

1084 2268 1104 2295 [)
1116 2261 1227 2289 Nature
1233 2262 1356 2288 Itumame
1362 2270 1421 2288 cum
1430 2261 1517 2287 diuina
1527 2262 1685 2296 conjunctio,
1696 2262 1839 2290 collatione
1849 2271 1913 2296 qua-

1153 2297 1213 2324 dam
1228 2297 1380 2323 declaratur
1393 2305 1452 2322 cum
1468 2298 1672 2331 exaggeration
1694 2299 1762 2324 tanti
1783 2297 1910 2331 beneﬁcii.

1152 2343 1276 2370 Alterum
1289 2347 1317 2370 et
1333 2343 1417 2370 breve
1429 2342 1586 2378 paradigma
1610 2343 1658 2370 tibi
1674 2351 1839 2378 proponam.
1857 2344 1910 2371 Au-

1117 2397 1177 2419 rum
1185 2394 1213 2419 et
1224 2388 1366 2423 plumbum
1379 2394 1475 2415 natura
1489 2388 1655 2424 discrepant,
1665 2389 1823 2425 distantquc
1839 2390 1910 2416 inter

1117 2443 1147 2463 se
1164 2443 1246 2470 quam
1276 2435 1446 2470 longissime.
1478 2434 1507 2461 Si
1534 2434 1617 2469 igitur
1646 2435 1782 2470 quispiam
1803 2435 1908 2463 aurifex

1118 2481 1193 2508 varia
1215 2480 1321 2507 ratione
1341 2485 1368 2507 et
1387 2480 1506 2507 artilieio
1520 2487 1596 2512 usus,
1610 2480 1753 2515 plumbum
1770 2481 1798 2508 in
1813 2488 1909 2508 aurum

1118 2528 1234 2562 probum
1251 2527 1397 2555 mutaverit
1408 2527 1476 2562 (l2),
1493 2532 1520 2554 et
1534 2527 1571 2555 ita
1584 2535 1613 2555 se
1627 2528 1759 2556 solertem
1787 2528 1911 2564 ingenio-

873 2641 875 2643 ’
908 2640 1018 2671 Jacobi
1036 2641 1176 2671 Grelseri
1197 2647 1290 2671 nota}.

313 2689 368 2725 (l2)
384 2689 543 2716 Similitudo
557 2690 591 2717 de
608 2690 723 2723 plumbo
740 2698 823 2724 supra
838 2694 963 2717 naturam
978 2690 1004 2716 in
1018 2698 1068 2717 au-

277 2733 338 2752 rum
355 2732 501 2758 converso,
514 2725 611 2751 dextre
625 2726 797 2759 accipienda,
811 2731 838 2752 et
852 2725 884 2751 ad
899 2725 1065 2752 ineat-natio

275 2761 319 2787 Itis
337 2759 498 2794 mysterium
517 2760 750 2786 acconnnodanda
773 2765 826 2786 est.
843 2759 910 2787 Nam
931 2765 960 2786 ut
976 2760 1069 2794 aliqua

276 2795 430 2821 similitudo
451 2795 496 2825 sit,
529 2795 566 2821 ita
586 2795 730 2828 utriusque
756 2795 902 2821 mixturam
924 2795 1070 2828 concipere

276 2829 419 2861 debemus,
430 2834 459 2856 ut
468 2830 611 2864 utriusque
620 2834 717 2856 natura
728 2834 789 2864 post
799 2830 929 2856 unionem
939 2830 1070 2856 distincta

275 2869 304 2889 et
333 2864 477 2890 incoul'usa
494 2869 604 2891 maneat
623 2873 630 2890 :
646 2873 707 2890 nam
731 2865 753 2891 si
771 2872 904 2898 ponamus
927 2864 1070 2894 confundi,

276 2902 323 2924 aut
340 2903 465 2925 naturam
481 2899 587 2934 plumbi
609 2899 737 2926 desinere
756 2905 782 2925 rt
799 2900 908 2934 penitus
923 2899 950 2925 in
972 2906 1069 2925 aurum

1120 2691 1314 2728 mutari,_jam
1340 2691 1495 2726 exemplqu
1526 2691 1781 2728 Eutychianismum
1810 2694 1908 2721 oleret.

1120 2726 1213 2760 Itaque
1239 2725 1380 2758 legitimus
1402 2725 1500 2753 sensus
1522 2733 1565 2754 est
1581 2725 1642 2754 'iste
1665 2737 1671 2754 :
1689 2729 1766 2755 Sicut
1793 2730 1910 2756 maxima

1120 2761 1225 2794 plumbi
1241 2761 1360 2794 dignitas
1371 2760 1441 2788 foret
1459 2763 1480 2788 si
1496 2766 1554 2788 arte
1571 2763 1606 2789 ita
1623 2771 1684 2789 cum
1699 2772 1766 2790 auro
1780 2764 1908 2798 conjungi

1121 2800 1226 2829 posset,
1243 2800 1272 2822 ut
1282 2802 1377 2820 verum
1387 2798 1559 2823 essetdiccre
1571 2806 1577 2823 2
1588 2798 1731 2824 Plumhutn
1741 2804 1783 2825 est
1793 2807 1889 2825 aurum
1899 2805 1909 2825 :

1121 2831 1157 2867 ita
1171 2831 1287 2867 maxima
1296 2829 1428 2867 humana:
1439 2838 1544 2858 natum
1559 2833 1676 2866 dignitas
1690 2838 1742 2864 est.
1764 2838 1910 2867 postquam

1121 2865 1162 2926 sic;
1172 2872 1234 2926 Sim
1247 2865 1340 2892 divina
1353 2870 1395 2892 est
1407 2867 1492 2898 unita,
1506 2872 1534 2893 ut
1545 2865 1638 2894 verum
1652 2868 1688 2894 ιιι
1699 2865 1808 2896 dicere:
1825 2865 1911 2896 llemo

1121 2907 1149 2926 es
1196 2908 1256 2926 eus.

1120 2904 1162 2927 est
1174 2904 1256 2927 Deus.
