2032 3156
143 168 193 199 805

142 229 255 257 sumque
269 221 401 248 artificem
419 221 580 252 ostenderit,
601 221 654 247 hoc
671 227 786 252 novum,
801 220 922 246 adtnira-
941 223 959 249 Α

143 268 205 300 bile,
226 271 254 295 et
269 267 416 293 maximum
434 266 591 297 vldebitur,
609 273 706 300 netnpe
720 265 860 299 plumbum
878 272 925 291 su-

143 321 188 349 pra
211 317 336 339 naturam
352 312 379 338 in
395 319 492 338 aurum
506 318 669 338 COIIVCI‘SIIIII
686 317 756 340 υεδε,
772 314 800 336 et
828 316 924 336 aurum

143 359 228 386 adhuc
254 365 351 384 aurutn
366 365 489 388 manere,
522 357 605 384 etiam
632 361 693 391 post
719 357 876 385 mixturam,
899 359 926 381 et

142 403 280 439 plumbum
291 402 412 430 evasisse
431 403 469 435 id,
497 402 570 437 qttod
585 407 683 429 natura
711 409 759 428 sua
778 408 832 427 non
856 405 925 427 erat.

143 450 186 477 Sic
202 453 229 476 et
243 449 310 475 tnihi
326 449 359 475 de
374 454 470 476 natura
487 449 606 475 humatta
619 448 665 474 vili
681 452 708 474 et
719 447 825 482 ahjecta
842 446 926 472 ratio-

142 495 243 527 cinarc,
273 502 332 522 eam
349 502 363 521 a
385 493 473 521 Verbo
502 494 529 521 in
553 497 678 520 natttram
703 491 925 528 gloriosissimam

143 545 271 567 mutatam
285 547 358 566 esse.
373 540 396 566 0
415 540 526 574 pelagus
554 538 695 569 bonitatis,
712 546 729 564 ο
748 538 833 571 gratia
860 535 926 562 tanti

142 587 202 613 doni
215 587 221 613 1
238 586 259 613 0
272 585 430 620 magnitudo
445 584 631 618 benignitatis.
644 583 715 610 Proh
726 582 833 609 divinas
845 581 928 608 misc-

142 633 260 658 rationes
271 632 278 657 1
294 631 362 665 proh
375 631 537 657 immensum
547 629 743 663 amorent,fquo
752 628 824 654 Deus
835 627 929 653 Ituma—

142 684 202 703 nam
221 681 346 703 naturam
361 675 489 710 dignatus
516 680 558 701 est
575 679 649 700 tanta
673 674 769 708 gloria,
792 673 927 704 claritate,

142 723 242 750 divinis
260 722 484 753 charismatibus,
501 726 529 748 et
541 728 629 755 usque
640 719 674 746 ad
689 719 782 750 ﬁnem,
798 723 826 745 et
841 726 929 753 usque

141 768 173 795 ad
186 773 340 795 extremum
356 763 484 801 dignatur
494 767 513 793 ’1

175 812 231 839 Nos
252 812 391 846 profanos,
408 818 563 845 perversos,
579 815 606 837 et
620 810 751 844 ingratos,
779 808 929 835 audacissi-

141 864 210 889 mos,
240 857 384 891 pessimos,
416 857 582 891 petulantes.
608 854 810 890 perditissimos
827 863 833 880 :
851 862 900 881 nos
914 861 929 881 a

141 903 242 938 quibus
259 901 574 937 pulchritudoitnaginis
582 906 713 936 corrupta
732 905 786 932 est,
802 909 816 927 a
828 901 930 935 quibus

142 948 276 981 (utsimul
295 952 323 975 el.
334 947 418 975 semel
433 947 535 982 dicam)
548 947 618 973 nihil
630 947 682 973 nisi
705 946 850 981 turpitudo
867 954 932 980 pcr-

142 998 248 1029 petrata
263 998 317 1024 est,
334 1001 382 1028 per
406 993 537 1020 invidiam
567 992 642 1020 illius
664 992 750 1020 invidi
769 992 888 1027 tyranni,
905 997 933 1019 et

142 1040 269 1067 tnaleﬁci.
288 1040 339 1073 Qui
368 1039 446 1074 prius
460 1039 562 1066 fuimus
587 1038 706 1073 inglorii,
724 1038 769 1072 qui
788 1045 870 1064 canes
887 1045 932 1064 ra-

144 1085 229 1118 biosi,
242 1085 288 1120 qui
307 1085 446 1112 ferocibus
470 1084 565 1111 bestiis
590 1083 763 1114 immitiores,
777 1089 805 1109 et
830 1082 932 1109 donum

141 1131 308 1165 recepimus,
329 1133 357 1157 et
374 1129 458 1164 gratis
469 1129 570 1161 omnia,
586 1133 614 1155 ct
631 1128 716 1163 gloria
728 1128 833 1163 angelis
854 1135 935 1162 supe-

141 1176 232 1203 riores
246 1175 310 1202 facti
323 1182 429 1205 sumus,
447 1173 519 1208 quod
545 1173 707 1204 maximum,
731 1177 760 1200 et
785 1172 932 1207 optimum,

140 1226 169 1248 et
182 1221 244 1248 sine
259 1219 465 1254 comparatione
480 1218 747 1253 prtestantissimum.
765 1218 816 1250 Qui
830 1218 933 1245 venditi

140 1274 255 1294 eratnus
269 1266 297 1292 in
308 1265 479 1297 servitutem,
506 1264 533 1291 in
555 1264 711 1291 libertatem
735 1263 865 1290 vindicati
889 1271 933 1290 su-

143 1320 218 1339 mus.
243 1311 295 1344 Qui
327 1319 437 1338 eramus
461 1310 653 1342 inimicissimi,
683 1309 812 1337 declarati
839 1316 935 1336 sumus

142 1358 193 1385 ﬁlii
206 1363 235 1384 et
252 1358 385 1387 hmtcdcs,
403 1362 431 1384 et
458 1367 467 1382 ι
481 1357 605 1383 Ιιξῐῑινοάθε
625 1356 735 1391 quidem
763 1355 811 1382 Dei
827 1355 934 1390 opiﬁcis

142 1410 170 1431 et
183 1403 348 1434 conditoris,
365 1403 524 1430 cohreredes
544 1408 634 1429 autent
649 1402 750 1429 Christi
767 1401 801 1434 λ’,
814 1411 822 1426 1
836 1409 932 1436 quent-

143 1448 296 1475 admodum
323 1453 463 1474 ostensum
482 1451 534 1478 cst,
551 1451 579 1480 et,
603 1446 769 1477 cottformcs,
788 1451 815 1473 et
831 1446 933 1476 throni.

142 1498 171 1521 et
199 1494 294 1528 gloriae
323 1501 458 1528 suprema:
485 1497 636 1519 consortes.
653 1491 723 1518 Deus
744 1491 824 1518 honto
846 1491 934 1518 factus

142 1544 194 1572 est,
209 1544 240 1566 ut
255 1539 393 1566 hominem
403 1546 484 1574 quem
499 1538 628 1565 ntanibus
638 1538 822 1564 immaculatis
833 1537 931 1563 forma-
947 1555 968 1583 ο

140 1586 191 1617 vit,
206 1585 292 1612 deum
310 1585 422 1612 faceret.
449 1584 507 1611 lloc
530 1588 572 1611 est
588 1583 654 1610 illud
670 1591 797 1618 magnum
823 1590 935 1618 prorsus

139 1632 326 1665 divinumque
341 1630 512 1665 mysterium,
522 1629 593 1663 quod
610 1635 718 1655 omnem
730 1628 934 1663 cogitationem,

141 1677 357 1710 scient-iamque,
378 1683 426 1702 seu
439 1675 657 1706 humanam,seu
675 1673 754 1700 aliam
764 1673 935 1708 superiorem

143 1726 269 1758 superat.
287 1721 357 1749 lllud
371 1729 436 1748 vero
461 1725 503 1748 est
518 1720 692 1752 admirabile,
718 1724 746 1746 et
763 1719 937 1746 animadver-

143 1770 260 1796 tendum
276 1777 282 1794 :
301 1767 456 1794 Defeciutus
471 1775 486 1793 a
500 1765 648 1793 Conditore
665 1773 679 1792 a
693 1773 747 1800 qtto
758 1765 835 1800 prius
850 1765 938 1792 desci-

141 1815 180 1841 vit
212 1814 323 1848 primus
340 1812 517 1846 angelorum;
536 1819 589 1837 non
610 1815 700 1837 tamen
727 1817 800 1837 cura:
815 1809 867 1836 fttit
883 1809 937 1836 Deo

141 1865 170 1886 ut
184 1860 208 1886 is
223 1859 259 1886 ad
275 1866 304 1885 se
322 1861 518 1890 reverteretur,
551 1864 601 1884 nec
615 1863 743 1883 reversus
758 1860 810 1886 est,
839 1861 890 1881 nec
903 1854 937 1881 ad

140 1907 293 1940 pristinum
309 1905 401 1931 locum
416 1904 531 1938 revenit.
552 1902 659 1930 llomini
678 1906 769 1928 atttem
786 1901 863 1935 lapso
875 1907 938 1928 suc-

140 1952 241 1981 currit,
259 1955 289 1977 et
300 1950 333 1976 ad
350 1950 470 1984 primum
484 1952 597 1979 statum,
612 1955 700 1982 eoque
714 1947 845 1981 majorem
860 1945 936 1971 illutn

142 1998 271 2024 reduxit.
287 1995 369 2022 Aliud
386 1995 525 2025 sidisero,
545 1994 644 2020 iterum
674 1992 864 2025 obstupesces.
881 1990 937 2017 Au-

139 2045 186 2071 dio
207 2044 293 2078 plane
310 2042 480 2076 St-ripturam
498 2046 607 2073 semper
620 2038 705 2064 Deum
730 2036 935 2071 praedicantem,

140 2096 170 2118 ut
201 2089 366 2118 hominum,
396 2087 560 2116 animarum,
589 2090 740 2118 pauperum
775 2087 935 2115 amantem;

192 2149 216 2165 δ’
233 2149 317 2176 Rom.
327 2154 387 2178 vnt,
399 2145 442 2172 l'l.
483 2143 506 2160 ⁸³
518 2143 569 2170 lsa.
581 2142 636 2174 t,°2.

848 165 1024 194 DtOl‘TRll.

948 889 968 916 11

678 2141 700 2158 ⁸⁵
717 2140 802 2168 Exod.
815 2149 852 2173 tv,
865 2141 910 2168 22.
935 2141 958 2158 "
969 2143 1054 2172 Hebr.
1067 2153 1086 2178 t,
1100 2146 1141 2173 14.

1712 169 1764 201 806

976 226 1114 254 nunquam
1127 219 1218 246 audivi
1227 220 1260 247 ab
1270 220 1361 256 aiiquo
1372 221 1533 256 φιλάγγελον
1541 227 1675 249 amantem
1683 231 1765 258 auge-

967 265 1064 298 _Iorum
1092 265 1238 296 nominari,
1265 267 1373 293 tametsi
1403 267 1518 301 angelus
1548 273 1591 295 est
1613 268 1766 295 substantia

978 309 1090 340 nobilis,
1122 315 1148 337 et
1179 316 1369 338 creaturarum
1398 313 1638 346 excellentissima,
1670 314 1765 340 deitati

977 355 1119 382 familiaris
1130 361 1158 382 et
1171 361 1296 390 cognata,
1313 362 1342 384 et
1354 363 1444 384 tttcntc
1454 358 1588 385 duntaxat
1603 359 1766 393 percipitur.

979 398 1068 426 Etiam
1086 399 1144 426 haec
1161 399 1309 434 Scriptura:
1320 406 1383 428 sunt
1401 401 1434 428 ad
1465 402 1580 437 gloriam
1614 403 1766 435 hominum,

978 452 1028 476 nos
1043 451 1140 472 omnes
1169 451 1263 480 aperte
1289 446 1335 473 Dei
1354 447 1425 475 tilios
1441 447 1608 475 nominantis
1625 458 1630 474 :
1650 458 1659 474 ε
1686 449 1769 476 Filios

978 489 1069 524 genui,
1092 490 1191 524 inquit,
1206 495 1233 517 et
1253 492 1370 519 exaltari
1384 492 1416 520 “.
1432 503 1441 518 1
1468 493 1502 520 ΕΙ.
1519 494 1636 521 iterum:
1656 504 1664 519 ι
1683 493 1769 521 Filius

979 543 1057 562 mens
1071 537 1273 571 prlmogenitus
1291 538 1373 565 lsrael
1388 538 1420 566 “.
1438 548 1447 564 1
1467 539 1599 575 Angelum
1610 544 1703 567 autem
1715 548 1768 566 nec

979 581 1071 613 deum,
1084 589 1135 617 nec
1153 582 1249 615 lilium,
1261 588 1307 610 aut
1323 585 1443 611 sobolem
1456 593 1568 620 usquam
1583 586 1768 620 appellavit“.

979 627 1180 654 Tantummodo
1204 628 1339 655 ﬂammam
1363 629 1443 664 ignis,
1468 635 1496 657 et
1520 631 1770 658 atltninistratorios

980 672 1093 706 spiritus
1105 673 1225 707 appellat
1242 673 1274 700 ".
1293 674 1500 707 Huiuscemodi,
1515 679 1542 702 et
1552 680 1590 702 tot
1602 675 1768 706 testimonia,

981 718 1182 746 ﬁrmamentum
1196 719 1513 754 demonstrationentque
1529 721 1642 747 solidam
1656 721 1693 747 rei
1706 729 1771 755 pro-

980 765 1075 799 positae
1088 765 1208 797 attttli,et
1223 766 1319 800 dogma
1331 766 1463 801 istucjam
1478 766 1511 793 ad
1526 766 1607 793 ﬁdem
1622 767 1771 794 confirma-

981 816 1039 838 tutu
1053 816 1097 838 est
1111 811 1241 844 satis.Qui
1252 816 1341 838 autem
1354 812 1403 838 has
1411 812 1634 839 contirmationes
1643 819 1773 847 asperna-

983 859 1037 888 tur,
1047 860 1074 882 et
1089 855 1209 883 nondum
1225 856 1387 890 recipit,non
1404 861 1447 883 est
1460 856 1504 884 ille
1517 855 1646 890 ﬁdelis,et
1661 856 1771 891 desipit.

1294 934 1406 963 CAPUT
1424 936 1468 962 Vl.

983 991 1141 1018 Crcnturum
1153 991 1280 1025 cujusque
1306 991 1418 1025 generis,
1435 991 1532 1018 sa’culo
1555 999 1623 1026 quoa
1639 994 1775 1023 exspecta-

1019 1035 1085 1056 mus,
1099 1034 1194 1052 novant
1211 1028 1277 1059 fore.
1297 1026 1467 1057 l'aradisum,
1481 1031 1553 1052 vetus
1574 1027 1668 1053 Adami
1696 1026 1772 1053 habi-

1019 1061 1147 1093 taculum,
1167 1066 1272 1091 peracta
1280 1061 1382 1094 judicio
1398 1060 1501 1087 nullum
1511 1062 1578 1095 fore.

1019 1129 1114 1155 ANIMA.
1128 1128 1199 1154 Accu
1205 1132 1260 1154 rate
1272 1135 1328 1155 rem
1338 1128 1452 1162 cognovi
1462 1135 1673 1163 sermonemque
1685 1132 1772 1160 tuum,

984 1178 1011 1200 ct
1026 1173 1126 1200 divina:
1138 1173 1335 1200 misericordia:
1352 1174 1464 1209 pelagus
1492 1174 1668 1208 obstupesco.
1690 1174 1776 1201 Video

984 1219 1058 1246 enitn
1077 1219 1105 1246 in
1117 1223 1247 1254 quantam
1260 1219 1375 1254 gloriam
1395 1220 1520 1247 sublatus
1536 1221 1571 1248 sit
1582 1220 1674 1253 horuo,
1689 1228 1776 1255 quatt-

985 1269 1098 1299 tumque
1111 1265 1230 1292 ccelestis
1246 1265 1349 1292 militite
1363 1266 1502 1300 principes
1531 1266 1687 1293 antecellat.
1701 1265 1776 1298 Quo-

984 1309 1057 1336 niam
1073 1315 1165 1337 autem
1181 1311 1304 1337 secundo
1320 1311 1458 1346 colloquio
1472 1311 1505 1339 de
1521 1311 1656 1346 tripartita
1672 1312 1774 1342 aninta,

985 1362 1032 1381 seu
1057 1355 1157 1389 triplici
1176 1355 1201 1381 vi
1215 1360 1242 1382 et
1269 1360 1405 1389 potestate
1437 1357 1535 1383 animm
1560 1356 1775 1390 disputationem

985 1399 1101 1427 feliciter
1132 1399 1285 1432 absolvisti,
1317 1406 1345 1427 ct
1366 1406 1394 1427 ttt
1406 1409 1434 1427 se
1458 1405 1518 1435 post
1544 1401 1776 1428 resurrectionem

985 1446 1077 1472 anima
1100 1445 1239 1476 habitura,
1256 1446 1395 1480 qttomodo
1421 1446 1548 1473 videlicet
1574 1447 1630 1473 sela
1660 1446 1730 1474 ratio
1747 1447 1775 1473 in

984 1499 1015 1518 ea
1038 1498 1216 1525 permansura
1231 1491 1266 1518 sit
1293 1492 1361 1526 tlS),
1377 1493 1589 1519 demonstrasti:
1613 1496 1640 1519 et
1676 1492 1703 1518 in
1725 1492 1777 1519 hoc

986 1537 1079 1568 tertio,
1096 1536 1168 1571 quod
1182 1537 1216 1563 de
1232 1538 1334 1564 sanctis
1348 1538 1472 1572 quaesivi,
1498 1537 1635 1573 quomodo
1654 1538 1777 1573 majores

985 1583 1089 1617 angelis
1101 1583 1184 1609 futuri
1197 1587 1262 1610 sunt
1276 1583 1436 1617 explieasli:
1471 1584 1536 1610 hinc
1558 1584 1613 1618 jam
1637 1584 1704 1611 tttilti
1723 1584 1774 1611 hoc

983 1637 1143 1663 exsequere,
1160 1630 1299 1664 quomodo
1321 1630 1433 1662 coelum;
1448 1636 1520 1657 terra
1549 1635 1576 1657 et
1600 1631 1651 1658 alia
1673 1632 1774 1658 111111111-

985 1676 1067 1701 tanda
1086 1675 1158 1708 sint;
1183 1680 1278 1710 etquo
1295 1680 1375 1711 pacto
1389 1676 1481 1703 omnia
1490 1676 1524 1703 ad
1538 1677 1621 1703 alium
1634 1677 1776 1704 meliorem

987 1722 1111 1749 ltabitum
1123 1722 1418 1755 redacta,novatient,
1446 1723 1485 1750 uti
1514 1724 1647 1758 scriptum
1676 1728 1719 1750 est
1744 1723 1777 1749 “.

987 1766 1116 1793 lndicasti
1143 1768 1217 1793 enitn
1241 1768 1275 1794 de
1301 1768 1442 1795 schemate
1464 1768 1625 1796 mutationis
1652 1773 1716 1795 tunc
1739 1768 1780 1795 fa-

987 1817 1083 1839 cturaa.
1111 1812 1191 1839 Nttnc
1219 1812 1368 1841 dilucidius
1388 1813 1470 1849 hujus
1486 1814 1620 1841 rationem
1647 1814 1778 1846 edissere,

986 1857 1085 1893 ecquid
1102 1866 1198 1885 omttes
1212 1863 1345 1886 creatura:
1355 1860 1516 1890 immutat-.e.
1527 1867 1637 1886 rursum
1650 1864 1778 1886 orttatuut

986 1910 1066 1929 suum
1085 1903 1154 1929 citra
1168 1904 1347 1931 mutationem
1362 1904 1443 1931 aliam
1458 1912 1625 1939 possessum
1635 1905 1699 1936 sint,
1711 1913 1781 1939 quas

987 1947 1295 1975 David-enumeravit"
1307 1949 1446 1984 sigillatim
1474 1950 1586 1977 hortans
1610 1958 1692 1977 omne
1710 1958 1781 1986 opus

987 1993 1045 2026 Dei,
1064 2001 1174 2021 omnem
1199 2000 1324 2022 naturam
1339 1995 1373 2022 ad
1402 1995 1572 2023 laudandum
1601 1995 1748 2023 Dominum
1768 2016 1775 2022 .

992 2045 1020 2066 et
1033 2048 1102 2075 quas
1126 2042 1262 2069 ternarius
1291 2049 1440 2076 puerorum
1465 2042 1494 2069 in
1522 2042 1584 2077 igne
1614 2042 1781 2069 salvatorum

987 2084 1104 2119 inducit,
1124 2087 1236 2119 cadum,
1251 2092 1280 2114 et
1299 2088 1354 2114 duo
1369 2088 1516 2115 luminaria
1531 2087 1615 2115 solem
1634 2091 1662 2115 ct
1676 2088 1783 2128 lunam,

1182 2147 1205 2162 “
1215 2146 1301 2182 Apoc.
1315 2155 1370 2180 xxi,
1383 2146 1408 2174 5.
1457 2146 1480 2162 "
1494 2146 1565 2174 Psal.
1589 2155 1670 2175 nvnt
1690 2152 1717 2175 et
1738 2155 1781 2175 CL.

766 2186 875 2217 Jacobi
892 2187 1034 2220 Gretseri
1071 2196 1164 2223 noue.

178 2247 239 2282 (15)
255 2245 312 2277 Ait,
329 2243 414 2270 solam
432 2241 566 2282 rationem
584 2244 644 2282 post
661 2239 893 2282 resurrectionem
909 2240 936 2266 in

141 2275 238 2310 anima
254 2275 427 2307 mansuram.
444 2277 500 2314 lloc
516 2284 570 2302 tton
586 2276 648 2314 ideo
663 2275 731 2314 dicit
745 2275 934 2314 quasipott-n-

143 2319 188 2345 tite
204 2315 346 2344 settsitivae
362 2314 388 2340 111
411 2313 501 2339 anima
517 2311 626 2345 corpori
648 2310 768 2345 g‘rorioso
784 2310 860 2345 unita
882 2317 937 2335 tton

141 2344 200 2380 sint
214 2352 327 2382 futurae,
341 2349 386 2377 sed
403 2347 467 2383 quia
479 2344 576 2384 omnes
590 2353 652 2371 cutn
666 2344 773 2384 actibus
785 2344 853 2384 suis,
870 2351 940 2384 quos

141 2379 328 2417 exercebunt,
339 2379 459 2419 perfecte
469 2380 651 2416 subjicientur
659 2379 758 2406 rationi
768 2388 775 2412 ;
786 2382 815 2406 et
824 2379 939 2413 proinde

992 2243 1083 2270 omnis
1095 2243 1210 2271 rebellio
1221 2244 1293 2271 inter
1306 2249 1457 2279 appetitum
1473 2245 1637 2272 sensitivum
1653 2251 1681 2273 et
1697 2247 1782 2274 ratio-

993 2285 1056 2303 ttent
1073 2279 1212 2306 cessabit:
1238 2280 1317 2314 quasi
1331 2281 1387 2307 sola
1415 2280 1485 2306 ratio
1502 2281 1528 2306 111
1552 2281 1644 2308 anima
1667 2281 1782 2314 inesset,

993 2314 1056 2349 quia
1070 2313 1128 2346 ipsa
1140 2314 1197 2340 sola
1209 2313 1409 2344 dominabitur,
1422 2323 1511 2349 neqtte
1527 2316 1580 2342 ulla
1594 2316 1709 2345 facultas
1721 2325 1782 2344 sese

994 2347 1110 2382 itnperio
1124 2349 1184 2382 ejus
1199 2354 1328 2383 opponet,
1343 2354 1372 2376 ut
1387 2350 1444 2384 jam
1461 2347 1521 2376 fleri
1534 2352 1690 2378 consuevit.

898 2423 1036 2454 Scholia.

185 2485 194 2494 '
214 2483 436 2515 Chirographttnl,
446 2481 513 2515 quod
524 2480 593 2506 Deus
602 2479 728 2515 adversus
738 2477 941 2515 Acarnanicam
959 2478 980 2504 D
997 2477 1095 2515 donum
1117 2477 1183 2502 istuc
1198 2477 1343 2515 immohile;
1358 2480 1551 2510 inconcussum,
1566 2483 1590 2504 et
1603 2479 1691 2511 gratia
1702 2479 1784 2507 stabi-

141 2511 360 2554 ‘cripsu’nélnl’?
374 2517 434 2554 "0‘1
442 2511 664 2554 t:Quocunquetlic
674 2513 815 2554 comederis
823 2511 854 2554 de
863 2511 943 2554 ligno.

144 2546 233 2582 rnor'te
244 2546 374 2581 morieris,
389 2560 396 2574 ι
409 2546 524 2586 diabolus
534 2546 660 2586 retinebat
668 2556 715 2586 nec
724 2546 857 2576 reddebat,
866 2547 948 2586 donec

147 2581 276 2618 Christus
297 2586 369 2612 cruci
380 2585 472 2618 affixus
496 2586 522 2610 id
532 2583 617 2618 ipsum
631 2583 723 2610 delevit
733 2587 812 2616 atque
821 2581 943 2609 concidit.

146 2625 239 2657 Quam
249 2621 368 2648 eamdem
377 2620 531 2657 charitolem
540 2627 601 2653 erga
613 2626 659 2657 nos
668 2621 791 2657 perpetuo
800 2623 945 2657 conservat.

149 2651 212 2687 Non
229 2658 301 2684 enim
317 2655 399 2682 nostri
408 2662 498 2680 curant
518 2662 549 2680 ac
562 2651 752 2687 providentiam
764 2651 863 2677 dimisit
878 2659 886 2677 :
902 2653 948 2678 sed

147 2701 172 2721 et
183 2697 265 2728 rogat
285 2699 332 2726 pro
350 2690 432 2728 nobis,
444 2689 511 2728 quod
524 2689 619 2714 summi
630 2687 727 2728 umoris
737 2691 785 2714 est.
799 2694 851 2711 non
863 2687 947 2713 solum

148 2737 209 2764 qua:
217 2723 268 2754 ’δαὶ
284 2723 399 2752 innitaris
412 2728 473 2751 sunt
493 2724 589 2757 facere,
604 2724 649 2749 sed
663 2723 747 2748 ulium
773 2729 874 2755 quoque
897 2730 945 2756 pro

151 2764 231 2791 nobis
246 2769 366 2797 rogare-_
524 2793 532 2797 ,
565 2796 568 2797 ν
649 2791 694 2797 ,,..
710 2791 726 2797 ..
746 2792 752 2797 .
768 2793 777 2797 η
811 2791 828 2797 ν.

184 2791 331 2832 Chrysost.
347 2795 506 2834 Quanquam
515 2793 630 2834 [ονιαιδε
706 2791 754 2832 Dei
763 2791 828 2834 facti
840 2799 941 2834 sumus,

149 2827 256 2860 tamen'
272 2832 298 2858 td
313 2839 393 2865 usque
416 2827 450 2856 utl
471 2827 592 2865 ultimum
604 2827 727 2865 spiritum
746 2827 874 2865 incertum
893 2831 941 2852 est.

151 2859 312 2901 Quodt'stsi
333 2859 391 2892 cum
406 2865 472 2891 bona
496 2871 541 2898 spe
568 2859 650 2888 vitam
675 2859 857 2892 clauserimus,
881 2865 943 2887 tunc

998 2511 1030 2537 lis
1045 2516 1081 2536 est
1091 2519 1100 2543 ;
1112 2512 1218 2548 quando
1232 2513 1356 2539 nimirum
1374 2521 1397 2540 et
1411 2522 1504 2548 corpus
1521 2518 1639 2540 nostrum
1649 2522 1664 2539 (l
1691 2520 1784 2547 marte,

997 2551 1021 2572 et
1042 2547 1189 2583 innumeris
1207 2547 1466 2575 miaeriisliberutum
1477 2549 1568 2583 fuerit.
1583 2548 1643 2575 lltcc
1653 2549 1721 2575 enim
1733 2554 1782 2581 est,

997 2586 1020 2608 et
1033 2582 1128 2607 dicitur
1141 2581 1293 2616 redemptio.

1033 2618 1051 2626 "
1063 2624 1071 2640 t
1086 2616 1134 2643 Cui
1149 2617 1297 2652 enimAdiJit
1322 2617 1485 2652 mtgt'lorum,
1499 2617 1580 2645 Filius
1593 2627 1663 2645 ntcus
1673 2626 1699 2644 cs
1711 2619 1759 2644 tu?
1771 2629 1780 2645 1

998 2652 1031 2678 ΕΙ
1051 2652 1156 2682 iterum,
1179 2661 1187 2676 1
1199 2650 1257 2678 Non
1279 2653 1348 2678 enim
1359 2650 1470 2687 angelos
1484 2654 1664 2687 apprehendit,
1676 2654 1722 2679 sed
1744 2662 1784 2680 se.

998 2695 1056 2713 men
1074 2687 1185 2713 Abrahtz
1208 2688 1390 2721 apprehendit.
1405 2697 1413 2713 1
1431 2687 1522 2716 (Hebr.
1538 2696 1567 2719 tt,
1591 2688 1695 2720 6.)Nec
1713 2689 1782 2715 enim

998 2725 1124 2748 naturam
1139 2721 1237 2755 angeli,
1250 2722 1295 2747 sed
1306 2723 1416 2749 hominis
1430 2724 1551 2757 suscepit.
1565 2722 1669 2749 Natura
1679 2723 1783 2757 quidem

997 2756 1047 2790 [itii
1059 2756 1215 2783 hominum:
1231 2758 1328 2782 honore
1344 2762 1442 2786 autem,
1462 2762 1486 2783 et
1510 2759 1597 2791 gratia
1611 2757 1661 2790 [itii
1675 2756 1722 2783 Dei
1735 2765 1782 2784 su-

998 2799 1072 2817 mus:
1087 2791 1132 2817 sed
1141 2792 1163 2817 εἰ
1183 2792 1324 2825 imaginem
1340 2793 1396 2824 ejus
1407 2793 1433 2818 in
1444 2793 1538 2818 virtute
1562 2794 1673 2826 positam
1685 2792 1785 2826 11111111-

997 2834 1057 2852 ram
1080 2827 1310 2860 incorruptamque
1329 2828 1579 2860 conservaverimus,
1601 2833 1655 2854 tum
1678 2827 1787 2855 demum

997 2861 1096 2887 donum
1110 2860 1157 2887 hoc
1167 2868 1364 2895 consequentur.
