2032 3156
258 198 310 231 80"!

878 193 1049 223 l‘llll.ll‘Pl
1075 192 1270 222 Slfild'l‘AlllI

1834 189 1888 220 803

261 256 361 285 lucem,
378 253 480 282 stellas.
498 260 512 276 ιι
524 258 580 282 are,
593 249 761 285 grandinem,
777 248 901 282 glaciem,
915 247 1050 281 pruinam.
1067 251 1087 276 Α
1106 248 1203 281 inquit.
1218 247 1336 273 dicimus
1349 245 1437 276 vobis,
1468 246 1494 272 in
1512 245 1596 272 verbo
1611 245 1730 276 Domini,
1748 246 1811 280 quia
1828 254 1889 277 nos,

260 299 363 328 nivem,
390 297 504 323 imbrem
537 294 664 325 nivalem,
695 293 796 327 ignetn,
825 296 932 321 ventos,
953 291 1048 321 colles,

262 344 376 375 imbres,
402 342 519 376 fulgura,
537 347 639 370 vorent.
664 337 804 367 nebulam,
827 337 924 370 frigus,
940 339 1047 368 a-stnm,

260 393 382 418 noctem,
402 387 485 418 diem,
502 392 614 416 terram,
631 385 714 419 ligna,
730 383 823 414 colles,
835 382 930 414 clivos,
947 382 1047 414 valles;

260 442 341 462 omne
356 433 464 467 Icptile,
490 431 611 463 volatile,
632 431 767 465 iumenta,
784 428 896 458 bestias,
925 427 1049 462 abyssos,

262 479 398 511 tenebras,
420 479 553 505 dracones
581 485 588 503 :
613 480 641 503 et
662 474 796 510 quidquid
821 474 897 501 humi
918 474 1050 506 nascitur;

262 525 388 556 herbam,
413 524 536 555 arbores,
565 523 673 554 fenum;
701 521 797 552 maria,
830 526 900 551 cete,
928 519 1052 552 ﬂumina,

262 571 364 601 fontes,
379 570 467 600 lacus,
494 573 522 596 ct
537 575 619 595 omne
645 567 718 602 quod
737 570 863 594 movetur
875 567 902 593 in
933 565 1011 600 aquis
1026 569 1053 591 et

263 621 339 643 natat
359 616 392 642 ¹’⁸.
411 615 452 642 An
480 615 562 650 igitur
580 613 686 648 singula
704 621 764 647 qua:
786 612 832 639 hic
852 611 1051 641 reccnsnimus.

261 666 290 688 et
306 660 386 688 simul
399 661 481 686 etiam
497 659 574 686 locus
588 657 675 690 Eden,
690 661 721 684 ut
744 660 808 683 sunt
822 656 914 688 modo,
942 656 978 684 ita
995 661 1051 682 tun‘

265 708 356 733 futura
372 706 437 736 sint,
454 711 502 739 age
522 704 666 738 perspicue
681 703 758 731 doce.

301 752 382 779 Cano.
395 751 484 777 Etiam
509 750 553 776 hic
563 749 715 776 doctrinam
726 749 862 776 sinceram
877 747 925 775 tibi
937 747 1052 779 tradam,

263 804 290 824 et
306 805 338 824 ne
357 797 440 827 dicta,
456 801 485 822 ut
512 795 696 827 incredibilia,
726 795 875 830 improbos,
893 799 977 821 testes
991 802 1053 828 pro-

265 851 334 870 mazu
350 846 469 874 sanctos,
497 843 655 876 virtuthue
684 843 856 876 insignes,et
874 849 936 867 mox
954 840 1055 876 proha-

266 889 368 915 tionem
380 887 451 914 haud
460 887 668 922 disceptaLilcm
677 888 807 922 accipies.
819 886 925 913 Adhibe
933 886 1054 912 animum

267 934 319 965 his,
333 941 393 968 qum
407 933 451 959 hic
463 933 495 959 ad
508 933 620 959 verbum
636 940 668 959 ev
686 933 719 959 iis
732 941 746 959 a
765 940 806 959 me
823 932 935 966 repetita
948 930 1053 963 audies,

264 979 439 1014 ctintelliges
471 979 543 1013 quod
560 978 694 1013 postulas.
719 978 800 1005 Aliud
819 978 956 1012 sapientes
980 977 1054 1008 vani,

264 1026 491 1059 occultorumquc
508 1025 700 1059 mysteriorum
725 1028 895 1051 scrutatores
913 1023 1053 1054 dubitant,

263 1077 291 1098 et
321 1071 400 1098 nobis
428 1072 453 1097 in
480 1071 632 1105 qmestionc
657 1075 774 1104 ponunt.
802 1069 935 1102 Quaarunt
962 1076 1055 1098 nosse.

264 1118 344 1152 quale
359 1117 410 1143 hoc
425 1117 583 1143 universum
599 1117 653 1151 jam
677 1116 853 1146 dissolutum,
871 1115 922 1142 hoc
934 1120 976 1142 est
993 1123 1053 1141 Oltt-

265 1164 347 1190 nibus
379 1162 514 1189 delectum
544 1161 699 1188 viventibus
729 1161 850 1187 futurum
891 1161 1054 1192 credamus;

264 1209 336 1244 quod
353 1209 419 1236 illud
442 1216 542 1235 novum
571 1207 681 1240 coslun',
708 1215 768 1241 qua:
785 1215 853 1233 nova
872 1211 956 1238 terra,
979 1212 1007 1233 ut
1020 1206 1057 1232 ait

266 1256 346 1289 hujus
359 1255 479 1281 st-ientim
494 1254 657 1289 corypha'us
670 1262 677 1285 ;
691 1258 717 1280 et
734 1261 799 1279 num
815 1254 840 1279 in
861 1253 992 1279 I‘aradiso
1008 1260 1057 1278 vo-

270 1300 383 1333 luptatis
398 1301 518 1334 plantato
533 1300 560 1325 in
574 1297 698 1330 Oriente,
715 1297 741 1324 in
755 1305 810 1331 quo
824 1297 944 1323 Adamns
964 1301 1056 1330 proto-

266 1346 371 1379 plastas
381 1349 420 1370 est
435 1344 596 1374 collocatus,
609 1348 694 1369 sanet:
707 1342 859 1368 habitaturi
871 1342 936 1368 :ltll.
949 1342 981 1368 Et
993 1349 1057 1367 nntn

268 1397 293 1421 μι
309 1390 355 1415 illa
372 1397 442 1415 nova
463 1393 534 1415 terra
551 1393 710 1422 peccatores
725 1387 890 1422 supplicium
918 1387 1058 1420 experturi

266 1437 331 1463 sint.
346 1436 447 1463 Verum
472 1435 618 1462 sublimior
646 1435 758 1461 istorum
785 1433 882 1460 notitia
899 1441 981 1467 penes
996 1441 1058 1459 cum

266 1482 368 1516 estqui
387 1490 420 1508 ex
452 1481 540 1508 nihilo
568 1480 632 1508 fecit
660 1480 762 1511 omnia,
786 1480 937 1514 cadctnque
967 1483 1059 1513 postea

269 1530 466 1555 imnmtaturns
480 1532 519 1555 est
552 1527 641 1554 modis
663 1532 690 1553 et
706 1525 869 1556 rationibus,
886 1533 955 1560 quas
970 1525 1060 1559 lingua

269 1574 342 1600 nulla
370 1574 448 1600 eﬂ‘ari
482 1577 574 1607 queat.
601 1573 705 1599 Tamen
732 1571 930 1606 respondemus
960 1571 1013 1597 illis
1028 1571 1060 1597 a-l

268 1622 342 1647 hunc
367 1620 477 1646 modmn
495 1628 502 1646 :
519 1619 657 1653 Quidquid
675 1619 774 1645 factum
803 1623 846 1644 est
870 1626 884 1644 a
910 1617 1057 1652 principio,

269 1671 380 1700 propter
391 1666 509 1700 aliquam
524 1673 634 1693 causam
649 1665 761 1692 omnino
780 1665 881 1691 factum
893 1669 935 1691 est
953 1673 960 1691 :
976 1671 1058 1690 causa

269 1713 314 1738 illa
326 1712 377 1738 fuit
391 1712 482 1738 homo.
498 1712 633 1739 Omnibus
645 1711 737 1746 itaque
750 1711 905 1737 hominibus
920 1715 981 1745 post
999 1710 1059 1736 uni-

269 1759 340 1785 versi
353 1758 547 1785 resolutionem
570 1759 596 1785 in
618 1766 703 1795 unum
732 1757 903 1792 congregatis
925 1757 958 1784 ad
983 1757 1057 1792 judi-

268 1804 352 1835 cium,
369 1809 397 1830 nt
414 1805 531 1839 quisque
544 1804 685 1839 pranniuut
703 1804 870 1838 condignum
893 1803 1058 1837 ferat.juxta

268 1855 393 1875 sanctum
407 1850 547 1876 oraculum
561 1858 567 1881 ;
581 1849 670 1884 inquit
684 1849 757 1875 enitn
773 1860 778 1876 :
792 1858 800 1874 ι
813 1848 845 1875 Et
861 1848 938 1875 ibunt
953 1848 980 1874 hi
996 1847 1059 1882 qui-

268 1895 330 1923 dem
346 1894 372 1921 in
388 1895 471 1922 vitam
491 1902 633 1926 mtcrnam,
655 1895 694 1922 illi
711 1899 803 1922 autem
831 1895 857 1921 in
879 1894 969 1929 ignem
983 1898 1058 1921 exte-

269 1950 276 1957 ν
285 1942 368 1968 iorem
381 1946 408 1968 et
419 1945 553 1969 mternum
563 1942 598 1974 ⁸³,
611 1951 620 1966 ι
632 1950 686 1968 non
701 1941 889 1968 intercedente
901 1941 952 1967 alia
967 1947 1058 1971 causa,

269 1986 320 2013 nisi
339 1988 399 2020 ipso
413 1987 534 2019 homine,
557 1987 636 2022 cujus
653 1986 763 2013 tandem
776 1985 862 2020 gratia
878 1985 931 2011 alia
949 1992 1059 2011 rursum

268 2038 393 2059 creatura
411 2033 445 2059 ah
463 2033 577 2067 Opifiee,
597 2041 677 2065 nova,
697 2032 880 2067 aspcetabilis,
899 2038 926 2058 ct
952 2032 1059 2066 obiecta

269 2077 398 2104 sensibus
415 2078 481 2104 (iet?
499 2077 527 2104 Si
546 2085 666 2112 namque
682 2082 809 2104 creatura
838 2077 939 2108 omnis,
957 2077 992 2103 ab
1009 2077 1062 2103 ini-

271 2124 309 2149 tio
324 2132 355 2148 ex
369 2131 401 2149 eo
419 2123 492 2157 quod
508 2132 560 2149 non
584 2128 652 2154 erat,
672 2129 784 2157 propter
804 2124 892 2157 ipsum
923 2123 1061 2149 hominem

269 2169 402 2195 exsistere
416 2169 491 2201 jussu
504 2174 564 2195 est:
583 2169 605 2195 si
622 2169 693 2195 Deus
709 2169 806 2194 iterum
839 2175 938 2195 novum
964 2168 1062 2194 coelum

270 2219 298 2240 et
313 2221 410 2240 novam
430 2219 529 2241 terram
546 2214 697 2241 cﬂ'ecturus
714 2219 766 2245 est,
782 2213 809 2240 id
834 2222 898 2241 eum
923 2213 1013 2240 facere
1026 2214 1061 2240 ob

271 2259 390 2294 aliquam
402 2267 512 2286 causam
528 2264 637 2294 oportet
652 2269 658 2285 :
680 2260 736 2286 lnee
754 2264 846 2286 autent
867 2265 909 2286 est
923 2259 1016 2292 ltomo,
1029 2264 1059 2287 ut

272 2307 404 2335 diximus.
420 2307 489 2334 Aliis
501 2315 584 2342 porro
610 2307 652 2342 (ut
679 2307 759 2334 aliter
776 2307 826 2334 ista
842 2307 1058 2340 consideremus)

273 2353 358 2388 raptis
372 2354 397 2380 in
417 2362 480 2381 aera
503 2354 536 2381 ad
555 2362 698 2382 occursum
712 2354 826 2386 Christi,
842 2359 870 2381 et
891 2354 931 2381 sic
956 2361 1064 2388 semper

271 2405 334 2424 cum
364 2398 481 2425 Domino
508 2399 618 2431 futuris,
635 2404 663 2426 ut
680 2399 781 2426 Paulus
794 2399 833 2426 ait
850 2407 856 2425 :
875 2409 883 2423 ι
906 2398 962 2426 lloc
978 2399 1063 2430 enim,

663 2457 685 2472 ‘9
706 2457 801 2483 Matth.
818 2465 879 2487 xxv,
893 2455 937 2482 46.

551 2493 574 2508 ⁵⁵
590 2492 660 2519 Ibid.
678 2492 720 2518 1‘2.

311 2456 334 2470 “
358 2456 479 2488 Dan.tn,
508 2457 521 2483 1
541 2464 618 2491 seqq.

271 2491 331 2519 v.5.
369 2491 392 2507 ⁵³
406 2491 464 2519 lbid
484 2492 511 2519 4.
551 2493 574 2508 ⁵⁵
590 2492 660 2519 Ibid.
678 2492 720 2518 1‘2.
764 2492 810 2518 "l
828 2493 900 2518 Petr.
914 2499 957 2522 ιιι.
975 2492 1017 2518 15.

977 2456 999 2472 ⁸ο
1015 2456 1025 2482 l
1043 2456 1140 2484 Thess.
1156 2467 1193 2491 tv,
1207 2460 1250 2487 16.

1102 295 1149 326 qui
1171 292 1296 324 vivimus,
1319 293 1365 327 qui
1383 291 1575 326 relinquimur,
1605 291 1685 318 simul
1700 299 1763 318 cum
1782 291 1836 318 illis
1850 300 1890 318 ra-

1100 339 1210 374 piemur
1222 339 1249 366 in
1263 339 1383 366 nubibus
1392 338 1500 365 obviam
1513 338 1622 365 Christo
1636 338 1662 364 in
1678 346 1740 364 aera
1750 338 1787 368 ⁵⁸,
1807 347 1816 363 ι
1830 338 1890 364 aliis

1101 386 1134 411 ad
1153 393 1248 419 ptenas
1278 385 1377 411 inferni
1397 384 1511 414 relictis.
1536 392 1597 418 quze
1612 391 1744 410 novarum
1777 384 1890 410 istarum

1101 431 1548 461 creaturarumntilitaSYDmuino,
1560 430 1680 464 inquam,
1689 437 1720 456 ac
1733 430 1787 456 Deo
1798 435 1890 456 nostro

1101 481 1179 504 extra
1195 476 1353 504 universum
1378 476 1536 506 exsistente,
1551 482 1578 502 et
1590 484 1673 510 super
1688 477 1780 502 omnia
1794 476 1819 502 in
1832 476 1891 510 glo-

1102 524 1141 550 ria
1156 523 1335 550 beatitudinis
1355 531 1410 550 snze
1427 522 1575 549 inet'fabilis
1595 531 1601 548 :
1618 522 1779 548 hominibus
1801 527 1890 548 autem

1104 569 1138 595 ita
1160 577 1188 595 se
1203 569 1380 601 habentibus,
1395 573 1424 595 ut
1441 568 1467 595 hi
1496 569 1606 602 quidem
1624 568 1657 594 ad
1674 567 1791 599 lucidas,
1804 567 1841 593 illi
1859 567 1891 593 ad

1103 614 1265 649 caliginosas
1275 619 1302 642 et
1315 615 1474 642 tenebrosus
1492 615 1570 641 sedes
1586 614 1697 644 abeant,
1713 613 1786 647 quod
1813 619 1892 639 antea

1103 659 1362 691 demonstravimus,
1387 668 1519 695 quorsum
1537 660 1582 686 illa
1600 659 1756 694 praestantia
1774 663 1801 684 rt
1819 658 1894 684 novi-

1104 710 1145 732 tas
1160 711 1303 737 crcaturze,
1320 710 1373 733 eta
1402 705 1542 732 nonnullis
1555 709 1743 740 exspectatum
1766 705 1803 731 ita
1831 712 1893 731 scn-

1103 751 1182 778 sibile
1201 751 1300 778 cmlnm
1337 751 1456 786 itemque
1484 751 1623 778 sensibilis
1647 755 1675 777 ct
1702 750 1895 778 desiderabilis

1110 801 1196 826 terra,
1223 796 1344 830 quando.
1362 796 1408 830 qui
1432 801 1536 830 regnet,
1551 802 1579 822 et
1594 795 1701 822 fruatur
1719 795 1797 830 ipsis,
1815 802 1894 822 nemo

1104 843 1157 870 erit
1170 843 1225 877 (14)
1241 842 1315 870 ?Scd
1333 842 1392 869 haec
1412 841 1567 870 infantium.
1583 846 1610 868 et
1626 842 1669 867 vix
1695 841 1851 873 hominum,
1868 844 1895 867 et

1106 894 1120 913 a
1136 887 1254 914 sanitate
1277 887 1376 913 mentis
1395 886 1616 916 deturbatorum.
1630 885 1736 921 judicio
1752 891 1895 920 corrupto-

1108 941 1180 965 rum,
1192 938 1218 959 et
1235 940 1248 959 a
1266 932 1371 959 ratione
1389 932 1457 958 male
1473 931 1634 959 habentium
1648 935 1805 958 carnulenta
1820 935 1893 958 sunt.

1108 979 1178 1012 Quid
1195 979 1299 1013 igitur?
1315 978 1415 1012 inquit,
1432 986 1485 1012 qua
1513 978 1547 1004 de
1570 985 1652 1004 causa
1665 977 1726 1004 costi
1739 977 1834 1004 calore
1845 977 1896 1004 sol-

1109 1032 1217 1056 ventur,
1242 1031 1271 1053 et
1284 1026 1419 1052 elementa
1449 1024 1547 1051 ardere
1573 1024 1727 1058 liquescant
1743 1022 1778 1055 θ’,
1814 1030 1898 1050 novos

1109 1077 1200 1099 autent
1216 1072 1310 1103 cmlos,
1321 1077 1348 1098 et
1365 1075 1465 1098 terram
1478 1077 1587 1101 novam,
1603 1077 1636 1096 ex
1658 1070 1796 1104 promisso
1813 1069 1897 1103 ipsius

1110 1118 1321 1153 exspectamus?
1340 1117 1391 1144 Ubi
1408 1124 1473 1151 ergo
1489 1116 1540 1143 ista
1551 1116 1630 1142 nobis
1642 1115 1781 1150 promisit,
1801 1115 1897 1150 exqui-

1111 1171 1214 1190 ramus.
1235 1163 1350 1196 Quando
1367 1161 1477 1196 pietatis
1501 1161 1602 1196 gradus
1615 1160 1694 1187 nobis
1719 1167 1897 1191 enumerans,

1111 1209 1320 1236 aseensionibus
1336 1214 1444 1238 novem,
1461 1207 1599 1234 decimum
1617 1205 1730 1240 gradum
1759 1206 1896 1239 apposuit,

1113 1255 1182 1280 inter
1197 1254 1256 1280 illos
1272 1254 1353 1281 etiam
1367 1261 1468 1280 novum
1478 1253 1576 1280 ccelum
1586 1251 1734 1279 recensuit.
1750 1252 1795 1279 Ait
1806 1253 1896 1279 ettim:

1117 1310 1125 1324 ι
1150 1300 1223 1327 Beati
1246 1308 1380 1334 pauperes
1394 1300 1504 1334 spiritu,
1523 1298 1653 1332 quoniam
1670 1297 1792 1332 ipsorum
1803 1303 1845 1325 est
1858 1307 1898 1325 rc-

1114 1354 1197 1380 guum
1213 1345 1346 1372 etelorum
1364 1345 1396 1371 '".
1419 1355 1428 1370 ι
1448 1345 1570 1372 Deinde:
1593 1354 1601 1369 ι
1623 1345 1697 1372 Beati
1714 1346 1806 1377 mites,
1832 1352 1899 1379 quos

1114 1393 1186 1418 niam
1204 1391 1254 1426 ipsi
1272 1391 1451 1425 possidebunt
1477 1396 1578 1418 terram
1591 1391 1624 1423 ",
1652 1401 1661 1416 ι
1681 1397 1719 1423 et,
1751 1396 1781 1418 ut
1811 1392 1899 1418 brevis

1113 1439 1164 1465 sim
1191 1447 1198 1465 :
1216 1446 1224 1462 ι
1245 1436 1367 1463 Gaudete
1381 1442 1409 1463 et
1425 1436 1569 1468 exsultate,
1583 1437 1712 1471 quoniam
1726 1444 1832 1464 merces
1854 1445 1900 1463 vc-

1114 1489 1170 1510 stra
1184 1484 1293 1518 copiosa
1303 1487 1343 1509 est
1359 1483 1386 1509 in
1403 1483 1479 1510 cretis
1490 1483 1523 1510 ⁵⁵.
1540 1493 1549 1508 ι
1561 1483 1590 1509 Ιιι
1604 1483 1706 1518 quibus
1720 1483 1829 1510 tandem
1844 1491 1900 1511 cm-

1114 1530 1148 1556 lis
1162 1534 1283 1556 nostram
1299 1529 1453 1556 mercedem
1476 1529 1588 1556 tnultatn
1613 1529 1671 1556 lore
1687 1530 1858 1564 spopondit?
1873 1530 1899 1556 ln

1078 1583 1101 1613 ο
1118 1574 1228 1609 quibus,
1251 1580 1279 1601 nt
1292 1574 1416 1602 utcminit
1441 1575 1512 1602 Petri
1529 1575 1671 1602 oraculqu
1684 1575 1718 1608 ",
1734 1576 1841 1610 justitia
1857 1577 1901 1603 ba-

1113 1620 1189 1646 bitat.
1200 1619 1265 1653 Quis
1287 1620 1369 1654 igitur
1396 1625 1438 1647 est
1463 1620 1589 1655 iustitia?
1619 1622 1701 1648 Deus.
1716 1621 1744 1648 Si
1761 1630 1828 1656 ergo
1855 1622 1899 1650 Sol

1111 1665 1264 1700 justitizcin
1294 1665 1373 1691 novis
1400 1665 1452 1691 illis
1476 1665 1555 1692 caelis
1578 1665 1736 1701 habitat(ut
1764 1667 1902 1700 Scriptura

1114 1710 1218 1744 docet),
1237 1712 1309 1738 Deus
1325 1716 1415 1738 autem
1442 1716 1519 1737 extra
1537 1719 1617 1738 omne
1633 1717 1684 1743 est,
1715 1711 1903 1746 dissolutaque

1115 1761 1239 1783 ercalura
1256 1757 1282 1783 in
1299 1757 1389 1791 seipso
1403 1761 1504 1787 manet,
1519 1757 1647 1784 similiter
1665 1762 1693 1784 et
1709 1765 1818 1791 semper
1833 1759 1904 1785 exsi-

1115 1807 1201 1834 stens,
1215 1808 1392 1837 etnunquam
1410 1811 1469 1830 esse
1485 1803 1624 1836 desinens,
1652 1812 1702 1831 nec
1731 1804 1758 1830 in
1777 1805 1831 1831 illis
1852 1805 1904 1831 alio

1116 1849 1233 1884 quodam
1247 1850 1327 1876 tnodo
1353 1855 1478 1876 creatura
1495 1850 1639 1882 habitabit,
1660 1851 1783 1877 divinius
1798 1852 1902 1885 utique,

1115 1903 1196 1930 quam
1214 1896 1240 1922 in
1259 1896 1362 1922 lumine
1383 1896 1533 1928 inaccesso,
1561 1896 1656 1931 inquo
1676 1896 1805 1924 habitans
1822 1898 1902 1926 Deus.

1115 1943 1243 1969 amicitur
1255 1942 1356 1969 lumine
1373 1947 1502 1976 tanquam
1526 1943 1690 1969 vestimento
1706 1943 1739 1974 ",
1752 1947 1780 1970 et
1798 1947 1904 1970 sanctos

1115 1995 1180 2015 suos
1189 1989 1298 2016 divinos
1317 1988 1418 2015 reddit.
1444 1988 1547 2016 Deinde
1564 1989 1640 2024 juxta
1657 1988 1830 2023 Scripturam
1847 1997 1903 2016 mu-

1117 2038 1171 2060 tata
1187 2038 1215 2060 et
1230 2034 1343 2060 alterata
1355 2038 1492 2065 creatura,
1524 2034 1760 2068 incorruptionem
1774 2034 1903 2068 suscipiet

1118 2084 1147 2105 ιιι
1160 2087 1221 2112 nos,
1237 2088 1288 2107 nec
1301 2080 1425 2107 interibit
1437 2080 1563 2114 amplius.
1580 2085 1682 2106 mutata
1702 2085 1730 2106 et
1745 2089 1759 2106 a
1775 2081 1905 2107 servitute

1117 2124 1233 2151 liberata
1249 2125 1375 2152 videlicet
1391 2134 1396 2151 :
1417 2135 1425 2150 ‹
1447 2125 1703 2152 Liberabiturcnim
1715 2130 1743 2151 et
1758 2125 1815 2160 ipsa
1829 2133 1903 2152 crea-

1119 2174 1179 2196 tura
1195 2177 1210 2196 a
1225 2171 1358 2197 servitute
1383 2171 1578 2205 corruptionis,
1596 2171 1622 2198 in
1643 2171 1800 2198 libertatem
1814 2171 1905 2205 gloria:

1121 2215 1239 2242 ﬁliorum
1257 2216 1306 2243 Dei
1335 2217 1367 2243 π’.
1392 2226 1401 2242 ι
1419 2217 1495 2249 Quod
1508 2217 1530 2244 si
1547 2218 1659 2244 libertas
1692 2218 1842 2244 electorum
1861 2217 1905 2243 Dei

1077 2279 1097 2305 ί)
1110 2262 1202 2288 divina
1218 2267 1269 2294 est,
1283 2267 1310 2290 ct
1322 2263 1543 2298 splendidissima
1559 2264 1664 2299 gloria:
1688 2273 1697 2289 ί
1717 2265 1805 2291 Erunt
1821 2264 1903 2294 enim,

1119 2308 1218 2342 inquit,
1235 2309 1308 2336 sicut
1321 2310 1411 2345 angeli
1429 2311 1476 2337 Dei
1493 2311 1528 2343 ⁸⁸,
1548 2320 1558 2336 ι
1576 2311 1671 2345 utique
1690 2311 1804 2339 libertas
1831 2319 1905 2338 crea-

1120 2360 1188 2382 turaa
1201 2355 1298 2384 similis
1321 2357 1385 2384 erit.
1401 2357 1459 2384 Non
1476 2362 1565 2384 tamen
1595 2364 1656 2385 sors
1672 2363 1830 2384 sanctorum
1847 2364 1906 2383 rur-

1119 2410 1166 2429 sus
1184 2403 1209 2429 in
1222 2403 1280 2437 ipsa
1290 2404 1354 2436 erit,
1382 2403 1605 2438 quandoquidem
1614 2411 1644 2431 se
1664 2411 1726 2430 cum
1738 2404 1849 2431 Christo
1863 2411 1905 2429 re-

1291 2461 1313 2476 “
1329 2461 1350 2488 11
1366 2461 1439 2488 l‘etr.
1455 2469 1494 2491 ιιι,
1517 2461 1550 2488 10
1563 2470 1570 2493 ;
1581 2461 1632 2489 lsa.
1650 2469 1686 2490 ιι.
1697 2462 1723 2488 6.
1774 2463 1797 2478 ⁵¹
1812 2462 1903 2489 Matth.

1059 2494 1083 2508 "
1102 2493 1174 2522 Psal.
1188 2503 1246 2526 cut,
1262 2496 1290 2522 2.
1323 2496 1345 2512 ⁵⁷
1360 2496 1438 2524 Rom.
1459 2504 1522 2527 vni.
1549 2497 1594 2523 21.
1627 2497 1649 2512 ⁵⁸
1661 2497 1758 2524 Matth.
1774 2505 1842 2528 ιλιι,
1861 2498 1904 2529 ὃιι,

884 2539 994 2570 Jacobi
1012 2541 1149 2572 Gretseri
1168 2549 1261 2574 ιιοιεθ.

309 2592 365 2625 (14)
380 2592 428 2619 llic
442 2597 469 2620 et
483 2593 510 2620 in
524 2593 613 2627 capite
628 2593 753 2627 sequenti
767 2593 890 2626 disputat
901 2593 934 2620 de
947 2601 1065 2621 renova-

273 2627 347 2654 tione
360 2629 490 2655 mundiet
504 2634 690 2655 creaturarum
704 2633 765 2662 post
774 2633 926 2654 extremum
936 2629 1008 2655 diem
1019 2629 1066 2662 ju-

274 2663 350 2690 dicii.
370 2663 402 2689 Et
418 2670 490 2690 recte.
514 2663 636 2698 quidem.
654 2662 713 2689 Non
731 2664 805 2689 cuitu
824 2669 904 2697 negat
926 2664 996 2690 lianc
1021 2665 1063 2692 itt-

274 2699 471 2725 staarationem
496 2708 501 2725 :
518 2699 569 2724 etsi
587 2703 667 2731 negat
690 2699 822 2724 nmndnm
839 2698 912 2724 hunc
936 2699 1063 2725 sensibus

273 2734 440 2768 expositum,
456 2734 517 2760 ideo
541 2738 701 2759 renovatum
730 2734 774 2762 iri.
793 2733 865 2766 quod
890 2733 926 2759 sit
954 2733 1063 2760 l'uturns

275 2769 444 2795 domicilium
459 2770 617 2796 beatorum:
632 2776 684 2793 non
698 2768 770 2794 enim
782 2768 808 2794 in
822 2769 862 2793 his
873 2769 954 2794 terris
964 2769 1080 2801 degent‘

278 2804 361 2834 beati,
378 2804 427 2830 sed
442 2812 504 2830 cum
517 2803 627 2830 Christo
642 2803 669 2828 in
684 2802 772 2829 caelis.
788 2802 845 2829 Sub
867 2802 947 2828 tinent
962 2803 1061 2836 capitis

276 2839 385 2872 septimi
401 2839 514 2865 dubium
530 2843 631 2867 movet,
645 2845 708 2863 nutu
721 2837 777 2862 lucc
788 2837 1060 2870 quatuot‘elenn-nta,

277 2871 424 2906 evquihus
439 2881 512 2899 nunc
526 2873 644 2898 nmndus
660 2871 705 2898 hic
716 2872 831 2898 interior
843 2876 1060 2905 coagmentatur,

277 2914 457 2942 permansura
470 2908 534 2934 sint.
549 2907 608 2943 Nec
616 2906 698 2934 solvit
711 2906 837 2939 dubium,
851 2907 898 2934 sed
912 2906 1060 2933 insolututn

1118 2596 1258 2632 relinquit.
1271 2597 1408 2624 Cancrum
1424 2597 1580 2625 communis
1591 2598 1784 2632 theologorum
1797 2603 1905 2624 sentcn-

1117 2631 1153 2657 tia
1166 2637 1217 2662 cst,
1234 2633 1370 2660 elementa
1384 2634 1432 2660 ista
1451 2638 1479 2659 ut
1492 2639 1519 2660 et
1535 2640 1651 2666 corpora
1669 2631 1794 2660 cfelestia
1810 2641 1904 2659 secun-

1115 2666 1178 2692 dum
1190 2668 1372 2694 substantiam
1385 2675 1462 2695 suam
1473 2672 1606 2702 perpetuo
1620 2676 1749 2695 mansura
1762 2677 1769 2697 ;
1787 2673 1905 2694 tantum-

1114 2709 1167 2734 que
1178 2702 1204 2728 in
1218 2702 1262 2728 illa
1270 2704 1408 2729 comnmni
1421 2711 1512 2730 rerum
1522 2704 1695 2737 reparatione
1708 2702 1906 2729 accidentaliter

1115 2741 1250 2762 mutatum
1268 2737 1312 2762 iri.
1331 2738 1367 2764 De
1381 2746 1435 2772 quo
1457 2738 1517 2764 fuse
1533 2743 1560 2764 et
1581 2738 1661 2764 docte
1682 2737 1779 2764 scribit
1796 2737 1905 2764 Franci-

1115 2778 1180 2798 scrns
1198 2772 1303 2798 Suarez
1321 2777 1387 2799 tom.
1408 2773 1428 2798 11
1448 2774 1473 2799 in
1487 2780 1514 2798 ιιι
1530 2777 1636 2807 partem
1653 2771 1681 2799 S.
1695 2771 1818 2802 Thotnm,
1836 2773 1903 2807 disp:

1117 2806 1161 2842 ξ’)δ,
1189 2806 1233 2832 nhi
1256 2807 1337 2833 etiam
1361 2814 1490 2834 accurate
1516 2805 1632 2842 explicat
1656 2807 1747 2834 locum
1789 2807 1864 2833 illum
1886 2805 1904 2842 ll_

1118 2840 1190 2867 l’etri
1217 2849 1264 2867 tn:
1292 2842 1355 2868 Cwlt’
1383 2847 1472 2868 autent
1496 2840 1638 2876 qui'mmc
1664 2846 1738 2874 sunt,
1767 2849 1833 2873 cte.,
1854 2840 1905 2875 igni

1116 2876 1242 2902 reservati
1259 2877 1285 2903 in
1302 2877 1370 2903 diem
1384 2877 1490 2911 judicii,
1504 2883 1559 2904 etc.
