2032 3156
127 231 172 262 8W

832 218 1010 251 DIl)P1R.\.

1686 212 1741 244 8m

129 290 247 322 smmi-os
262 279 460 316 exspectahunt
478 279 511 305 ι’.
536 278 663 305 Christus
676 275 749 304 enim
766 280 796 302 ut
822 275 905 306 Deus,
921 278 941 304 Λ
959 271 1098 306 ruptihilis
1112 273 1216 302 creata,
1229 273 1340 322 propter
1363 269 1506 321 hominum
1521 274 1631 304 peccata
1649 277 1748 297 corn:-

128 321 152 360 et
165 337 241 365 quem
259 328 332 355 nulla
346 322 566 360 circumscriptio
590 323 696 355 deliuit,
724 321 758 350 ab
786 321 827 348 eis
850 328 904 347 non

128 375 289 413 separabitur
302 373 364 400 :sed
381 372 427 398 ubi
440 372 484 398 ille
494 375 546 403 est,
557 370 590 397 ad
605 370 743 397 dexteram
752 367 800 395 Dei
815 366 905 394 Patris

128 424 226 454 sedens,
239 420 294 448 illic
313 420 376 447 item
388 426 493 449 omnes,
507 417 553 452 qui
569 416 709 445 Christum
724 415 750 442 in
770 421 799 441 se
813 414 905 440 viven-

129 475 175 498 tem
190 473 216 496 et
234 469 392 502 loquentem
418 466 585 496 habuerunt,
598 472 646 500 per
657 463 785 498 spiritum
811 464 904 491 erunt,

126 515 190 543 sicut
216 514 332 548 ipsemet
364 511 434 538 Deus
464 511 583 538 Verbum
611 509 645 536 ad
677 508 785 536 Patrem
811 507 904 534 dixit:

130 570 138 586 ι
158 559 241 591 Pater,
259 566 328 593 quos
343 557 442 584 dedisti
455 556 533 588 mihi,
548 555 610 582 volo
621 559 651 581 ut
668 554 715 581 ubi
729 561 780 589 ego
795 560 865 584 sum,
879 557 908 580 et

127 606 174 641 ipsi
188 606 242 632 sint
259 613 376 636 mecum,
393 607 423 630 ut
445 603 557 630 videant
572 602 686 637 gloriam
710 608 810 631 meam.
823 606 905 634 quam

127 652 218 680 dedisti
247 651 325 678 mihi.
352 649 473 678 Gloriatu
494 648 580 679 enim,
596 655 678 683 quam
704 647 803 674 dedisti
829 645 907 677 mihi,

127 697 183 724 dedi
199 696 251 726 eis,
270 701 299 722 ut
328 695 384 722 sint
415 701 512 725 unum,
529 693 602 720 sicut
624 699 675 719 nos
688 699 773 718 unum
803 697 907 718 sumus.

126 741 181 768 Non
196 747 246 775 pro
268 740 302 766 iis
327 743 418 766 autem
435 745 500 772 rogo
516 741 643 764 tantum:
672 736 719 763 sed
734 740 763 763 et
787 743 837 770 pro
863 735 908 765 iis.

125 787 169 822 qui
185 794 231 820 per
251 785 364 812 verbum
386 784 508 818 ipsorum
523 783 550 810 in
567 790 610 810 me
623 781 754 810 credituri
771 786 835 808 sunt
849 780 883 807 “.
898 789 907 805 ι

125 833 197 866 Quod
213 833 236 860 si
258 831 318 866 tibi,
333 840 349 859 ο
366 832 463 864 homo,
477 831 549 858 clara
574 833 616 858 est
637 827 756 864 paradisi
784 827 911 862 voluptas

125 880 222 914 potius.
245 878 357 905 miseret
372 885 415 905 me
428 876 597 905 infelicitatis
617 880 679 902 tute.

159 924 246 952 llabes
259 925 376 959 primum
394 932 426 951 ac
441 923 559 951 solidum
572 921 761 949 testimonium
779 928 786 947 :
813 927 913 947 securi.

957 318 1059 354 ptibilis
1072 317 1171 349 evasit,
1188 316 1298 352 quando
1316 321 1344 343 et
1374 324 1425 343 nos
1446 323 1476 342 ex
1494 316 1749 352 incorruptibilibus

958 363 1153 399 corruptibilcs
1171 362 1234 390 facti
1258 370 1363 389 sumus.
1377 362 1441 389 Vult
1454 361 1536 396 igitur
1549 367 1686 395 creatura,
1704 363 1748 390 ἰη-

958 410 1030 445 quit,
1054 409 1194 436 hominem
1216 408 1242 435 in
1269 416 1346 436 suam
1375 408 1610 444 incorruptionem
1626 410 1748 441 restitui,

958 456 1030 492 quod
1046 456 1073 483 in
1095 455 1297 483 resurrectione
1311 454 1433 482 futurum
1448 460 1500 488 est,
1511 461 1540 483 et
1555 460 1585 483 ut
1598 455 1656 491 ipsa
1671 463 1748 483 suam

959 503 1049 530 denuo
1060 502 1236 537 adipiscatur.
1251 501 1376 533 Homine,
1390 502 1536 537 siquidem.
1547 507 1748 538 propterquem

960 553 1087 576 creatura
1114 552 1205 582 coepta
1229 551 1271 574 est
1292 550 1440 582 corrumpi,
1465 548 1497 575 ad
1513 549 1748 583 incorruptionem

960 601 1080 625 reverso,
1114 593 1172 627 ipsa
1205 600 1315 628 quoque
1345 593 1378 620 ad
1403 601 1481 620 suam
1511 594 1749 628 incorruptionem

960 639 1134 666 revocabitur
1144 640 1164 665 ‘.

996 683 1095 711 Totum
1112 688 1205 712 autem
1219 685 1411 720 prosopopoaia
1432 691 1555 720 quietiam
1576 689 1629 717 est,
1647 688 1675 712 et
1699 684 1750 712 bo‘

961 736 1058 755 norum
1072 729 1281 764 amplitudinem
1303 730 1433 762 declarat,
1449 730 1625 764 ostenditque
1637 737 1687 757 nos
1699 730 1753 757 hoc

963 775 1048 810 magis
1058 776 1170 804 studere
1196 776 1308 810 debere,
1329 781 1358 803 ut
1371 777 1485 812 gloriam
1501 777 1580 804 istam
1602 782 1631 804 et
1661 777 1754 804 incor-

963 821 1120 856 ruptionem
1148 829 1328 857 assequamur
1344 830 1351 848 :
1369 822 1506 857 siquidem
1527 827 1556 850 et
1575 826 1702 850 creatura
1726 821 1752 848 id

963 868 1112 895 desiderat.
1135 868 1207 896 Cave
1225 868 1298 896 enim
1326 869 1477 901 existimes,
1502 868 1662 900 inanimem,
1689 876 1754 895 sen-

964 921 1066 948 susque
1084 918 1224 949 expertem
1241 919 1396 942 creaturam
1411 921 1476 941 vere
1507 914 1565 941 hazc
1593 917 1753 948 exspectare

124 971 186 998 dum
199 975 227 998 el
243 957 353 998 “inium
369 977 490 1005 quoque,
505 973 536 996 ut,
547 968 637 1003 cupis,
665 967 771 1002 accipe,
797 966 912 1000 Magnus
926 957 949 986 Β
962 965 990 987 et
1001 961 1103 987 sentire
1117 969 1124 993 ;
1139 960 1346 995 ἀποκαραδοκία
1373 964 1464 988 autem
1490 959 1680 987 vehementem
1704 965 1753 986 ex-

124 1017 233 1051 quippe,
253 1021 281 1043 et
292 1015 512 1050 sapientissimus
523 1014 746 1050 Chrysostomus,
757 1012 815 1047 ipsa
834 1011 912 1039 festi-

124 1062 202 1095 vitas,
215 1070 247 1089 ea
262 1070 322 1097 quas
341 1062 442 1089 Paulus
457 1061 490 1089 ad
505 1060 644 1088 Romanos
660 1059 780 1094 scripsit,
803 1058 912 1093 sapien-

122 1113 164 1136 ter
178 1117 333 1144 exponens,
366 1108 404 1135 ita
419 1108 510 1135 docet.
528 1107 598 1135 Sunt
625 1111 717 1133 autem
745 1105 828 1133 verba
855 1105 913 1139 ipsa

120 1155 273 1187 recitando,
293 1159 322 1182 ut
332 1162 361 1181 se
374 1154 487 1181 habent.

411 1219 524 1247 CAPUT
548 1218 602 1246 VII.

116 1275 206 1303 Locus
219 1275 289 1301 beati
303 1274 381 1301 Pauli
395 1276 429 1302 ad
455 1275 588 1302 Romanos
609 1283 616 1301 :
633 1283 643 1300 ‹
664 1274 734 1301 Nam
755 1274 915 1308 exspectatio

153 1314 291 1337 creatura
306 1309 423 1343 ﬁliorum
444 1310 488 1336 Dei
511 1310 693 1337 reuelationem
713 1313 843 1344 exspectat
858 1309 890 1338 “.
901 1318 911 1334 ›

154 1349 180 1371 et
193 1353 256 1380 qua,
274 1350 431 1378 sequuntur,
446 1353 477 1371 ex
496 1345 638 1371 S.Joanne
652 1345 835 1380 Chrysostomo
852 1351 915 1377 pro-

152 1380 300 1414 pemodum
314 1381 484 1412 explanatur.
500 1380 606 1406 Statum
619 1380 736 1414 corporis
749 1379 818 1406 beati
829 1379 855 1404 in
867 1379 916 1405 hac

153 1416 210 1441 vita
235 1415 348 1449 perfecte
365 1423 416 1441 non
433 1416 561 1450 cognosci.

154 1470 245 1498 Hunc
260 1477 371 1497 sensum
392 1470 484 1503 habet,
515 1469 588 1504 quod
607 1469 664 1496 ait:
680 1469 810 1497 lnteritus
832 1476 918 1504 capax

117 1521 254 1543 creatura
269 1515 338 1542 facta
349 1519 403 1548 est,
416 1515 471 1542 Deo
485 1516 521 1542 ita
537 1515 646 1542 volente
669 1515 850 1550 jubenteque.
867 1513 919 1540 Vo-

115 1563 169 1590 luit
188 1566 287 1589 autent
313 1564 399 1590 nostri
416 1570 508 1590 causa.
531 1561 664 1594 Quoniam
681 1560 756 1588 enim
777 1561 917 1588 hominem

117 1609 306 1635 interiturum
321 1607 458 1635 nutritura
472 1612 541 1639 erat,
557 1607 644 1641 ipsam
659 1614 769 1641 quoque
787 1606 918 1642 bujusce-
931 1625 954 1655 Ο

114 1655 193 1682 modi
213 1663 279 1682 esse
303 1657 457 1689 oportebat.
473 1655 567 1689 Neque
591 1654 665 1682 enim
681 1661 798 1688 corpora
817 1661 916 1681 corru-

116 1701 210 1736 ptioni
223 1701 363 1736 subjecta,
377 1708 392 1726 a
404 1704 541 1732 creatura,
553 1707 613 1734 qua:
626 1703 700 1726 esset
712 1706 726 1726 a
739 1699 917 1734 corruptione

113 1746 221 1774 aliena.
250 1744 432 1772 sustentanda
447 1749 536 1771 erant.
565 1744 759 1772 Verumtamen
785 1751 838 1771 non
856 1744 918 1771 talis

114 1791 260 1821 manebit,
281 1790 387 1825 inquit:
403 1789 451 1817 sed
468 1793 495 1817 et
516 1790 574 1824 ipsa
586 1793 714 1817 creatura
725 1789 888 1817 liberabitur
902 1797 918 1816 a

111 1839 258 1866 servitute
287 1837 404 1869 inimici,
433 1836 460 1864 id
483 1841 535 1869 est,
568 1844 582 1863 a
599 1836 786 1871 corruptione.
814 1836 920 1864 Deinde

111 1885 298 1919 significans.
312 1883 422 1918 quando
449 1883 512 1915 hoc,
525 1887 553 1909 et
568 1890 617 1917 per
631 1890 713 1917 quem
735 1882 857 1910 futurum
873 1883 919 1914 sit,

110 1930 262 1966 adjunxit,
286 1939 296 1955 ι
314 1929 342 1956 1η
356 1929 508 1956 libertatem
534 1928 627 1963 gloriae
642 1927 762 1955 ﬁliorum
794 1927 842 1955 Dei
861 1927 894 1954 ⁸¹.
908 1936 917 1953 ι

111 1977 184 2004 Cum
201 1977 285 2004 enim
306 1975 549 2005 resurrexerimus.
565 1974 666 2009 inquit.
677 1978 705 2000 et
715 1981 830 2008 corpora
850 1982 922 2001 nun-

110 2031 200 2058 quam
216 2023 256 2050 de
269 2026 374 2049 caetero
387 2021 520 2048 moritura
532 2020 717 2052 induerimus,
731 2023 789 2047 tum
804 2023 832 2047 et
847 2020 921 2052 cceli,

110 2075 140 2097 ει
161 2075 265 2101 terrae,
288 2073 318 2096 et
331 2069 464 2104 cujusque
479 2071 613 2095 creaturae
639 2075 740 2102 corpus
753 2067 922 2103 incorrupti-

109 2116 171 2144 bile
196 2121 230 2143 et
246 2115 412 2143 immortale
437 2114 502 2141 erit.
529 2114 563 2140 Et
589 2113 647 2141 haec
673 2113 783 2148 quidem
803 2113 922 2142 Joannes

110 2161 161 2189 ille
178 2162 288 2198 lingua
304 2168 416 2188 aureus.
440 2160 510 2187 Audi
527 2167 609 2194 porro
619 2159 761 2195 hujusloci
782 2163 810 2187 et
838 2160 921 2187 alium

110 2207 331 2245 interpretem.
348 2206 526 2241 Exspectatio
554 2206 629 2233 enim
653 2210 787 2232 creatura:
803 2206 856 2233 hoc
870 2206 923 2233 sibi

109 2254 176 2281 vult
195 2262 203 2280 :
220 2254 260 2281 Et
282 2254 341 2288 ipsa
366 2257 503 2283 creatura.
530 2251 630 2286 inquit,
658 2251 777 2278 futuram
810 2252 923 2287 gloriam

962 1007 1159 1041 spectationem
1177 1006 1312 1041 signiﬁcat

999 1051 1077 1085 Quod
1107 1057 1197 1080 autem
1218 1053 1354 1087 sequitur.
1378 1061 1387 1078 ι
1407 1052 1612 1080 Revelationem
1633 1051 1752 1080 ﬁliorum

964 1098 1011 1125 Dei
1035 1102 1195 1132 exspectat:
1216 1107 1225 1123 ι
1248 1097 1275 1125 id
1295 1102 1347 1129 est,
1365 1098 1458 1131 ﬂnem,
1474 1099 1584 1132 quando
1601 1098 1754 1133 apparebit.

964 1143 1076 1179 quinam
1095 1143 1150 1170 sint
1167 1143 1214 1170 lilii
1230 1144 1289 1177 Dei,
1306 1148 1334 1171 et
1350 1143 1397 1178 qui
1411 1144 1458 1170 lllii
1475 1144 1587 1171 diaboli.
1606 1154 1615 1170 ‹
1632 1140 1753 1173 Vanitali

965 1190 1038 1217 enim
1055 1195 1181 1217 creatura
1196 1191 1319 1225 subjecta
1340 1195 1394 1223 est,
1411 1199 1420 1217 ι
1443 1190 1469 1217 id
1493 1195 1546 1222 est,
1570 1192 1755 1226 eorruptioni.

966 1235 1022 1263 liae
1033 1236 1108 1263 enim
1121 1236 1301 1263 condemnata
1323 1241 1365 1264 est.
1381 1240 1494 1270 propter
1519 1241 1629 1271 peccata
1650 1241 1755 1264 nostra.

970 1290 980 1307 ‹
998 1281 1054 1308 Non
1076 1282 1180 1309 volens.
1198 1291 1208 1308 ι
1225 1282 1326 1309 Christi
1348 1283 1478 1317 potentia:
1498 1288 1526 1310 et
1541 1283 1591 1310 hoc
1608 1291 1756 1318 argumen-

968 1331 1024 1354 tum
1038 1331 1091 1358 cst,
1111 1327 1223 1353 invitam
1238 1327 1386 1362 subjicere.
1403 1336 1412 1353 ι
1433 1327 1486 1355 Sed
1501 1332 1614 1362 propter
1629 1336 1692 1356 eum
1709 1330 1756 1364 qui

968 1373 1087 1408 subjecit
1102 1380 1161 1399 eam
1177 1373 1206 1400 in
1223 1380 1282 1408 spe,
1304 1373 1435 1408 quoniam
1452 1378 1481 1401 et
1500 1373 1556 1408 ipsa
1573 1378 1699 1402 creatura
1723 1375 1757 1402 li-

969 1420 1110 1447 berabitur
1131 1428 1146 1447 a
1172 1420 1306 1447 servitute
1340 1420 1536 1455 corruptionis.
1552 1430 1561 1446 ι
1588 1421 1637 1453 lta,
1657 1421 1758 1456 inquil,

968 1471 996 1494 ct
1012 1466 1070 1500 ipsa
1085 1466 1277 1493 liberationem
1291 1470 1441 1501 exspectat.
1457 1466 1514 1494 Sub
1526 1475 1573 1501 spe
1592 1467 1676 1502 igitur
1688 1467 1758 1495 libe-

970 1512 1086 1539 rationis
1106 1512 1228 1548 subjecta
1246 1516 1298 1540 est.
1317 1513 1421 1540 Deinde
1445 1513 1497 1540 hoc
1511 1514 1599 1548 ipsum
1622 1513 1759 1548 interpre-

971 1563 1054 1590 tatur,
1069 1558 1209 1593 quomodo
1223 1559 1249 1586 in
1265 1566 1324 1595 spe.
1342 1568 1351 1585 ε
1372 1559 1441 1592 Quia
1456 1564 1484 1586 et
1499 1558 1557 1594 ipsa
1577 1564 1703 1588 creatura
1723 1560 1758 1587 li-

970 1605 1122 1637 berabitur,
1150 1605 1249 1640 inquit,
1282 1605 1310 1632 in
1338 1605 1492 1633 libertatem
1519 1606 1612 1642 gloria:
1639 1606 1758 1635 filiorum

970 1652 1028 1680 Dei.
1044 1662 1053 1678 ι
1082 1652 1161 1685 Puta,
1185 1651 1470 1687 propter.libertatem
1498 1654 1601 1688 gloria,
1628 1654 1680 1682 hoc
1705 1660 1759 1686 est.

969 1702 1083 1734 propter
1098 1707 1149 1727 nos
1165 1700 1220 1726 erit
1235 1703 1264 1726 et
1280 1703 1409 1726 creatura
1432 1700 1660 1735 incorruptibilis.
1682 1701 1761 1729 Sicut

969 1745 1044 1772 enim
1059 1750 1173 1780 propter
1189 1753 1239 1773 nos
1265 1749 1307 1772 est
1330 1750 1470 1779 corrupta,
1498 1746 1539 1773 sic
1553 1746 1674 1775 vicissim
1699 1755 1763 1782 pro-

971 1795 1032 1826 pter
1050 1799 1100 1818 nos
1115 1791 1169 1818 erit
1183 1791 1355 1825 incorrupta.
1374 1791 1510 1824 Quoniam
1531 1791 1559 1818 in
1576 1791 1732 1820 libertatem
1746 1801 1762 1820 a

972 1837 1148 1871 corruptione
1166 1836 1362 1870 vindicabitur,
1380 1841 1475 1872 utpote
1493 1838 1699 1872 corruptionem
1721 1840 1763 1866 in-

972 1883 1149 1918 corruptione
1173 1887 1292 1910 mutans.
1321 1891 1330 1909 ι
1355 1882 1463 1910 Scimus
1479 1883 1552 1910 enim
1576 1884 1650 1918 quod
1673 1885 1764 1912 omnis

973 1934 1099 1956 creatura
1116 1928 1273 1964 ingemiscit
1286 1932 1314 1955 et
1337 1929 1455 1963 parturit
1474 1936 1561 1963 usque
1582 1929 1682 1957 adhuc.
1699 1939 1709 1956 ι
1734 1931 1762 1958 Si

974 1979 1099 2002 creatura
1114 1975 1195 2002 simul
1209 1975 1373 2009 ingemiseit,
1389 1975 1485 2002 volens
1500 1977 1706 2011 corruptionem
1719 1977 1764 2004 dc-

974 2028 1087 2056 ponere,
1103 2025 1209 2056 quanto
1221 2021 1306 2056 magis
1320 2029 1371 2048 nos
1386 2021 1439 2049 hoc
1452 2021 1522 2048 velle
1535 2021 1686 2050 debemus?

1008 2067 1041 2094 Et
1054 2068 1101 2094 has
1110 2067 1221 2102 quidem
1234 2068 1451 2102 persecutiones,
1473 2068 1683 2104 solutionesque
1702 2078 1766 2105 pro-

975 2107 1037 2149 pter
1053 2118 1208 2141 creaturam
1225 2114 1259 2140 ab
1274 2114 1370 2142 illustri
1388 2114 1435 2142 illo
1451 2114 1656 2150 Seripturarum
1670 2117 1765 2151 expla—

975 2164 1072 2187 natore
1090 2159 1288 2195 Chrysostomo
1316 2159 1443 2187 inductas
1473 2160 1602 2188 audivisti
1625 2169 1632 2188 :
1654 2168 1764 2196 nempe,

976 2205 1113 2241 quodnam
1126 2213 1226 2233 novum
1238 2205 1348 2238 coelum,
1365 2213 1427 2241 qua:
1446 2214 1516 2234 nova
1543 2212 1626 2240 terra,
1642 2211 1670 2235 et
1695 2216 1765 2243 quo-

977 2252 1060 2279 modo
1071 2252 1152 2279 etiam
1166 2252 1224 2279 haec
1245 2251 1354 2279 tandem
1368 2252 1604 2288 incorruptionem
1619 2259 1766 2282 consecuta

107 2304 250 2327 nostram
269 2298 452 2325 vehementer
467 2301 617 2332 exspectat.
632 2297 745 2329 Quare?
764 2297 828 2332 quia
839 2298 925 2324 incor-
938 2294 964 2324 D
978 2299 1043 2326 sint.
1065 2298 1137 2325 Nihil
1158 2298 1242 2333 igitur
1255 2298 1373 2333 ambigo,
1391 2306 1443 2327 nec
1470 2303 1698 2328 controversam:
1717 2300 1766 2327 sed

142 2356 170 2372 ”
200 2356 323 2383 Coloss.
349 2363 391 2388 Ill,
403 2356 431 2382 4.
465 2355 488 2371 ⁸⁸
504 2355 582 2383 Joau.
593 2363 660 2386 xvu,
673 2353 719 2388 20,
731 2355 777 2382 25.

821 2355 842 2371 ⁶¹
859 2356 939 2383 Rom.
954 2364 1013 2389 vni,
1031 2356 1072 2383 l9.

1110 2356 1132 2371 "
1152 2355 1220 2383 Ibid.
1242 2355 1287 2382 21.

883 2413 1022 2444 Scholia.

143 2479 156 2491 ο
174 2486 185 2502 ε
207 2475 246 2502 Et
264 2480 360 2499 omnes
375 2473 439 2500 sicut
450 2474 631 2500 uestimentum
647 2477 817 2504 veterascent.
831 2477 855 2500 et
865 2474 932 2500 sicut

104 2510 317 2558 oBertorli‘um.
337 2508 449 2547 mu'tabis
457 2516 518 2558 Aeas,
532 2513 558 2558 let
578 2509 752 2558 mutabuntur
765 2528 772 2535 .
789 2508 874 2558 (Paul.
895 2517 931 2540 Cl,

103 2543 169 2583 3‘1)
189 2557 201 2573 ι
225 2543 335 2571 Omnia
344 2543 412 2583 enim
424 2543 470 2568 sub
481 2543 567 2583 oculos
582 2544 703 2583 cadentia
732 2548 875 2583 seitescent,
889 2551 931 2583 pe-

104 2578 328 2612 alimentorum
344 2580 499 2603 uetustatem
512 2578 655 2604 imitantia.
666 2578 703 2605 Tu
715 2583 803 2604 autem
815 2579 873 2612 ipsa
885 2580 935 2605 int-

102 2617 257 2646 mutabis.
275 2616 305 2639 et
319 2612 465 2642 renovabis,
478 2612 721 2647 etiucorruptibilia
739 2614 820 2646 [acies
836 2614 863 2639 in
889 2621 932 2640 re-

104 2651 313 2679 surrectione.
332 2646 405 2674 Sicut
419 2648 488 2672 enim
510 2646 621 2678 corpora
634 2654 725 2674 nostra
742 2649 858 2674 resoluta
880 2656 934 2675 esse

104 2687 266 2716 desinent,
281 2689 443 2715 rursumque
452 2682 486 2708 atl
500 2681 725 2708 immortalitatem
739 2683 933 2711 instaurabun-

105 2725 137 2747 ιη
148 2729 163 2744 ν
176 2741 184 2750 ,
204 2722 252 2745 sic
271 2722 303 2744 et
319 2716 433 2743 cwlestia
447 2724 558 2751 corpora
574 2718 779 2749 renouabuntur,
798 2720 826 2744 in
843 2719 935 2745 melio-

105 2764 172 2783 rem
190 2756 315 2780 sortem
332 2751 422 2809 τςιίῖεια
433 2751 464 2778 de
477 2752 588 2786 integro,
605 2751 662 2785 ipso
676 2759 778 2786 quoque
788 2753 936 2780 aservitute

105 2787 323 2809 “mpumimns
337 2783 353 2809 lt
373 2791 456 2809 cram.

102 2787 323 2823 corruptionis
337 2783 456 2823 liberata.

149 2828 170 2836 "
190 2819 362 2856 Chrysost.
374 2839 380 2844 .
393 2819 710 2856 Avidiuimaetspectatio
725 2822 837 2854 εει.ριιο
848 2827 936 2849 autem

103 2861 212 2889 oratio
228 2853 439 2891 siéuiﬁcuntior
452 2853 539 2891 ﬁeret,
555 2853 680 2891 mundum
695 2859 763 2885 hunc
786 2853 936 2884 universum

103 2888 295 2932 Muente'nt
313 2888 435 2932 inducit;
458 2889 484 2915 id
499 2890 568 2932 quqd
592 2892 773 2932 etlprop/ieto:
801 2893 935 2932 lectitant,

103 2925 262 2974 iaéicntes
283 2929 346 2951 tum
364 2925 455 2958 ﬂuvios
470 2925 590 2951 mortibus
601 2925 768 2960 plaudentes,
785 2931 839 2953 tum
858 2926 936 2954 colles

281 2969 425 3000 Pnaon.
441 2969 496 3001 Gn.
521 2971 662 3002 CXXVII

978 2475 1118 2505 saltantes,
1137 2478 1192 2500 tum
1208 2477 1309 2501 montes
1321 2474 1505 2502 subsilientes:
1521 2483 1573 2501 non
1591 2479 1618 2501 ut
1639 2475 1693 2502 [nec
1707 2477 1768 2503 ani-

982 2515 1053 2536 mum
1082 2516 1137 2535 csse
1149 2513 1282 2544 putemus,
1298 2517 1382 2544 neque
1396 2515 1423 2536 ut
1439 2511 1492 2537 illis
1505 2510 1690 2544 cogitationem
1717 2511 1770 2538 ali-

981 2552 1062 2579 quant
1079 2543 1256 2579 attribuamus
1272 2551 1281 2569 .·
1295 2543 1341 2570 sed
1351 2549 1378 2570 ut
1389 2546 1448 2571 hinc
1463 2543 1590 2572 bonorum
1607 2545 1770 2579 magnitudi-

982 2577 1041 2605 nem
1052 2577 1243 2612 intelligamus,
1259 2583 1287 2604 ut
1301 2586 1361 2613 qua:
1376 2579 1417 2606 vel
1432 2580 1467 2606 ad
1487 2587 1591 2606 sensum
1620 2577 1701 2606 etiam
1726 2589 1772 2607 ca.

983 2614 1070 2640 rentia
1099 2613 1241 2648 pertingat.
1260 2613 1315 2640 Hoc
1329 2614 1415 2648 ipsum
1429 2619 1517 2640 autem
1541 2618 1564 2640 et
1581 2614 1608 2640 in
1624 2614 1698 2641 rebus
1724 2616 1773 2642 tri-

980 2650 1063 2676 stibus
1076 2655 1192 2682 perswpe
1205 2647 1317 2682 faciunt.
1340 2647 1504 2680 inducentes,
1527 2653 1551 2674 et
1572 2649 1649 2674 uitem
1668 2648 1772 2676 lamen-

982 2688 1093 2715 tantem,
1123 2689 1147 2709 et
1165 2683 1262 2713 uinum,
1283 2686 1307 2708 et
1332 2687 1442 2714 montes,
1462 2689 1487 2709 et
1514 2683 1604 2717 templi
1631 2683 1773 2718 laquearia

987 2718 1134 2752 ejulantia;
1156 2721 1183 2753 ut
1197 2722 1221 2743 et
1232 2718 1292 2743 hinc
1306 2725 1398 2744 rursus
1413 2718 1544 2745 malorum
1556 2719 1714 2753 grauitatem
1729 2727 1773 2746 re-

988 2758 1119 2788 putemus.
1140 2752 1193 2779 Ηοδ
1215 2752 1305 2786 itaque
1325 2753 1461 2786 Apostolus
1479 2754 1608 2782 imitatus.
1633 2754 1680 2779 hoc
1706 2753 1773 2786 loco,

988 2795 1126 2823 personam
1140 2791 1269 2814 creaturae
1284 2788 1393 2822 a/ﬁngit,
1406 2789 1658 2823 eamquersuspirare
1670 2793 1694 2814 et
1712 2797 1775 2823 par-

988 2824 1071 2849 turire
1088 2823 1125 2848 ait
1143 2830 1150 2849 :
1167 2829 1218 2848 non
1240 2827 1308 2856 quod
1327 2823 1470 2857 suspirium
1495 2822 1603 2857 aliquod
1625 2831 1641 2848 α
1660 2826 1731 2849 terra
1750 2828 1775 2850 et

988 2858 1052 2884 calo
1066 2857 1164 2883 editum
1174 2858 1228 2891 ipse
1241 2857 1371 2890 audierit;
1384 2859 1429 2884 sed
1443 2861 1471 2884 ut
1488 2858 1635 2892 futurorum
1646 2857 1774 2884 bonorum

988 2893 1191 2918 immensitatem
1214 2891 1421 2927 desideriumque
1447 2893 1572 2925 declaret,
1591 2893 1659 2927 quod
1683 2894 1772 2927 habet,

990 2931 1017 2953 ut
1033 2927 1109 2954 malis
1126 2927 1296 2962 prementibus
1317 2927 1451 2956 liberetur.

1539 2973 1579 3004 26
