2032 3156
121 243 172 273 Sl'f

120 353 172 370 vitii
190 344 288 370 habent
299 342 390 369 ditina
403 343 460 370 lucc
473 347 622 373 armatura,
637 351 718 377 quam
732 343 766 370 sit
785 344 884 378 iuexpu

119 388 232 424 gnabilis
259 393 286 415 ct
325 388 427 414 invicta
452 388 479 414 in
508 387 648 419 omnibus,
680 392 707 414 et
735 396 817 422 quam
843 389 903 422 ejus

119 439 382 468 «:tmtaxatexpressa
391 434 476 468 ﬁgura
487 433 625 460 ilmtnoncs
635 433 771 465 debilitet,
783 433 832 460 hac
844 433 901 467 ipsa

118 480 263 508 Christiani
289 480 381 514 populi
413 480 494 506 etiam
517 480 623 506 frontes
649 480 758 514 penitus
785 480 902 514 spoliare

119 526 326 553 machinabitur.
342 526 418 553 Tunc
429 534 503 552 mare
514 527 668 560 perculsum
682 526 797 560 refugiet
808 546 814 557 ,
831 531 901 553 terra

117 575 256 599 clarescet
269 592 276 604 ,
298 572 391 598 nullus
417 571 536 605 desuper
553 572 633 598 cadet
650 572 756 602 humor,
775 579 828 598 non
846 580 901 602 ros,

119 625 172 644 non
185 617 276 651 pluvia
292 626 297 643 ι
312 617 396 644 herba
410 617 544 643 viridiset
557 617 685 643 arborum
700 616 762 643 folia
778 617 895 643 morien-

119 666 176 694 tur;
193 670 299 694 clunes,
330 662 400 689 alins
429 662 552 689 inaliam
580 664 719 697 regionem
748 663 900 697 aufugient.

118 707 233 742 κυνορυί
260 707 287 734 in
307 708 449 734 Orientem
478 716 506 734 se
524 708 677 737 conferent.
696 707 759 735 inde
782 709 808 735 itt
825 708 903 735 Occi-

116 753 234 783 dentem.
263 758 291 780 ct
317 753 350 780 ad
362 754 584 788 Septentrionem
609 761 642 780 ex
668 753 751 789 Libya
780 758 902 780 current.

117 798 200 826 Totus
217 799 294 826 orbis
309 800 334 826 in
356 800 495 834 angustias
518 799 658 834 redigetur
673 808 680 826 :
695 805 790 834 gentes
805 800 901 826 titnore

116 845 312 878 corripientur.
333 845 438 876 Fames,
467 845 562 879 pestis,
587 849 769 876 tcrtacmotus,
788 852 902 878 quassa-

116 892 214 922 tioncs,
236 896 370 918 tremores
386 891 413 918 in
432 891 558 922 urbibus,
576 890 601 918 in
623 891 741 925 oppidis,
768 891 793 917 in
813 891 901 918 conti-

116 942 198 962 ncnte
235 941 264 963 et
288 937 316 963 in
343 937 422 968 mari,
439 942 466 964 et
488 937 624 970 confusio,
653 942 681 964 ct
703 937 853 969 tribulatio,
873 941 901 964 et

115 983 225 1009 afﬂictio
253 983 279 1009 in
316 983 420 1009 mundo
449 983 614 1010 scntientur.
651 983 780 1010 Esurient
815 968 937 1010 simulB

115 1036 222 1059 omnes,
249 1033 276 1055 et
292 1028 368 1055 dives
384 1033 412 1055 et
432 1036 548 1062 pauper.
575 1028 686 1059 Sitieul,
713 1027 780 1054 nudi
808 1033 899 1060 erunt,

113 1079 233 1108 egestate
249 1075 455 1105 cruciabuntur,
467 1079 495 1101 et
509 1083 590 1103 omne
605 1075 678 1102 aliud
694 1079 900 1106 noeumcntum,

114 1120 347 1155 acerbitatemqtle
370 1121 519 1155 patientur.
541 1121 677 1148 Nocentes
706 1122 786 1148 etiam
807 1121 902 1148 bestiae

115 1165 272 1193 hominibus
299 1166 333 1193 ad
359 1167 575 1198 multitudinem,
609 1167 848 1202 ampliﬁcationem
872 1173 902 1196 et

114 1211 318 1238 incrementum
344 1212 508 1239 calamitatis
538 1212 732 1240 immittentur.
762 1213 845 1240 Extra
873 1220 901 1241 et

114 1256 202 1286 intus.
220 1257 340 1289 undique
356 1261 470 1287 tremor,
486 1261 513 1283 cl
531 1258 658 1292 gemitus,
675 1263 702 1284 et
719 1258 853 1292 ploratus,
873 1263 901 1286 et

113 1299 279 1326 lamentatio
298 1308 346 1334 per
371 1301 521 1327 humanum
541 1309 637 1336 genius.
653 1301 733 1328 Pater
759 1307 786 1330 et
812 1307 901 1330 mater

113 1344 247 1378 lugehunt
261 1353 344 1379 super
362 1346 425 1373 ﬁliis
443 1366 450 1377 ,
472 1347 518 1373 filii
545 1355 629 1381 super
645 1347 803 1382 parentibus
814 1349 902 1383 ejula-

113 1390 193 1420 bunt,
209 1396 310 1419 matres
334 1400 418 1425 super
435 1392 584 1419 infantibus
601 1393 692 1420 adhuc
708 1394 873 1422 lactentibus
891 1414 899 1427 ,

102 1437 221 1470 'cognati
238 1445 320 1471 super
335 1437 458 1471 cognatis
473 1459 480 1470 ,
493 1445 578 1472 super
593 1438 688 1465 amicis
698 1439 790 1466 amici.
806 1439 900 1467 Mutuo

113 1489 196 1516 super
223 1489 252 1509 se
279 1487 450 1513 corruentes.
481 1483 676 1511 miserabiliter
708 1485 897 1519 exspirahunt.

114 1528 208 1564 Magna
241 1529 382 1556 tribulatio
403 1530 468 1562 erit,
493 1536 521 1557 et
545 1531 607 1558 talis
633 1531 784 1564 tribulatio,
810 1533 899 1566 qualis

113 1582 226 1610 prorsus
250 1584 389 1610 nunquam
404 1576 473 1609 fuit;
489 1584 522 1603 ex
536 1585 591 1612 quo
602 1577 721 1604 mundus
737 1587 751 1605 e
766 1578 852 1606 nihilo
864 1579 898 1606 ab

114 1621 305 1648 universorum
325 1622 379 1648 Deo
398 1623 525 1650 conditus
543 1627 570 1650 et
586 1624 751 1650 constitutus
770 1628 821 1651 est.
840 1625 900 1651 Pul-

111 1667 249 1694 cherrima
271 1673 300 1694 et
326 1668 441 1695 tnaxima
466 1669 613 1696 luminaria
637 1674 720 1705 atque
745 1672 819 1699 faces
846 1673 898 1700 illa:

111 1713 241 1739 cmlestes
269 1713 361 1739 lumen
390 1713 495 1740 nullum
522 1713 648 1745 fundent,
678 1722 728 1742 nec
758 1716 899 1743 micabunt

111 1761 181 1784 astra
193 1757 312 1791 reliqua.
328 1757 422 1784 Frater
436 1758 559 1788 fratrem.
572 1763 600 1786 et
615 1759 661 1786 ﬁlii
678 1765 817 1794 parentes,
830 1765 858 1788 et
870 1761 898 1788 hi

111 1802 234 1829 vicissim
250 1802 320 1829 ﬁlios
332 1802 364 1829 ad
381 1811 476 1830 necem
492 1803 611 1837 tradent,
632 1810 728 1832 natura
744 1811 773 1832 et
789 1807 899 1842 sanguis

111 1849 188 1882 plane
213 1848 411 1881 confundetur,
434 1855 462 1878 et
486 1849 617 1883 tenebrat,
641 1855 668 1878 et
688 1857 789 1879 mortes
809 1852 900 1886 quoti-

111 1893 204 1925 diaum,
236 1898 263 1920 et
285 1893 373 1920 caedes
396 1894 596 1922 misccbuntur.
621 1895 706 1922 Nemo
729 1901 793 1923 tunc
817 1905 898 1931 opem

111 1938 191 1972 feret;
225 1947 278 1966 non
293 1939 346 1967 erit
369 1941 415 1974 qui
431 1941 561 1976 sepeliat;
577 1941 677 1975 stirpes
688 1947 715 1969 et
737 1942 817 1969 bruta
839 1944 898 1969 atti-

111 1985 211 2012 mantia
232 1985 312 2012 simul
327 1991 552 2021 corrumpentur.
571 1987 641 2016 Vivi.
658 1988 754 2015 beatos
769 1988 900 2022 prmdica-

110 2031 175 2059 bunt
189 2031 262 2059 olim
279 2038 412 2066 mortuos,
430 2041 458 2060 et
478 2041 541 2064 cum
563 2034 740 2061 morientium
755 2035 899 2069 puturibus

109 2083 336 2113 computrescent
347 2087 352 2105 :
363 2079 445 2113 quiin
455 2079 536 2105 biviis
549 2078 678 2106 videlicet
690 2084 794 2107 temere
803 2080 898 2115 jacen—

111 2127 161 2154 tes,
180 2132 276 2152 aerem
291 2125 478 2160 graveolentia
498 2133 672 2160 summopere
691 2126 827 2154 inﬁcient.
851 2127 899 2154 Die

111 2167 260 2204 incipiente
274 2171 432 2198 clamabunt
456 2178 518 2198 cum
536 2171 638 2206 gemitu
654 2179 661 2197 ι
678 2171 794 2205 Quando
807 2173 899 2200 veniet

111 2215 248 2250 vespera?
264 2215 378 2243 forsitan
393 2224 444 2243 nos
458 2216 509 2244 hoc
524 2217 619 2244 dolore
637 2218 774 2252 expediet.
793 2218 899 2246 Rursus

112 2268 171 2288 cum
187 2270 243 2289 nox
259 2262 359 2294 aderit.
375 2263 448 2291 diem
466 2265 611 2298 optabttnt,
637 2269 667 2292 ut
684 2265 748 2292 inde
771 2265 799 2293 in
816 2266 896 2293 aliam

835 240 1009 271 DlOl’TlH.

121 300 219 334 s'guari
237 304 363 332 nequeat.
377 298 445 325 Cum
463 297 537 324 enim
565 306 619 325 non
640 298 747 332 ignoret
770 303 899 332 quautam
920 303 937 328 Α
956 298 1016 325 vine
1044 298 1160 332 cupidus
1187 297 1341 331 reperietur

1683 238 1736 269 818

1368 306 1374 323 :
1399 297 1446 323 sed
1470 302 1497 323 ut
1525 297 1622 332 pulvis,
1649 297 1734 331 palam

952 345 1043 371 omnia
1058 344 1270 378 reputabuntur.
1287 345 1337 377 Qui
1355 344 1437 379 igitur
1450 344 1611 371 adversante
1629 346 1734 371 ratith

952 390 1034 418 Belial
1051 391 1139 425 capita
1164 390 1358 421 submiseriut,
1388 390 1516 425 atlleique
1541 389 1614 417 illius
1636 390 1732 416 chara.

953 441 1054 462 cterent
1077 436 1244 470 acceperint,
1264 441 1461 462 concursantes
1476 440 1570 462 contra
1584 442 1646 462 cunt
1662 443 1737 461 mur-

953 481 1111 508 murabtmt.
1140 481 1217 513 llem,
1241 481 1308 516 quid
1335 481 1469 509 fecimus?
1493 481 1641 515 inquient:
1666 481 1737 508 fame

951 535 1118 559 cnecamur;
1145 527 1236 553 vivere
1267 527 1413 561 nequimus
1446 526 1588 561 amplius:
1624 533 1738 560 prorsus

952 571 1104 599 deflu'mus.
1123 572 1217 602 Aufer,
1232 572 1254 599 si
1272 578 1360 607 potes,
1377 572 1511 599 dracones
1524 571 1676 599 hominum.
1691 571 1737 599 ille

954 618 1074 652 perditor
1096 617 1167 644 haud
1184 618 1265 652 potis,
1288 625 1339 645 nec
1351 618 1456 645 habens
1475 617 1541 652 quid
1566 617 1649 645 faciat
1671 618 1737 644 boni

955 663 1100 698 (siquidem
1117 664 1181 690 boni
1207 664 1275 690 nihil
1291 664 1388 691 didicit
1406 664 1506 698 facere)
1538 671 1600 691 cum
1621 663 1737 691 audacia

952 708 1090 735 crudelem
1102 709 1145 736 sui
1157 709 1346 736 defensionem
1359 710 1468 736 afferet.
1487 709 1567 736 Nulla
1583 709 1658 735 cadit
1674 710 1735 742 plu—

952 754 1013 785 via;
1028 754 1128 781 humus
1142 761 1197 782 non
1210 753 1339 789 irrigatur
1351 754 1502 785 imbribus;
1516 753 1640 788 squalida
1656 754 1738 781 tellus

951 800 1081 827 alimenta
1093 808 1146 827 non
1157 800 1322 835 suppeditat.
1332 800 1496 835 Quidligitur
1505 807 1615 834 possum
1628 799 1739 826 facere!

952 847 1017 881 quid
1039 846 1105 873 mihi
1132 846 1231 874 frustra
1259 847 1365 874 molesti
1392 847 1481 874 estis?
1508 847 1584 874 Unde
1609 847 1738 881 prtchebo

952 892 1050 918 escas?
1063 891 1135 919 unde
1147 897 1242 919 vestra:
1253 892 1350 926 inopiae
1362 892 1541 918 succurrant?
1553 891 1631 917 Tunc
1644 891 1736 918 conti-

952 945 1021 964 nens
1046 942 1074 964 et
1094 945 1169 965 mare
1188 937 1248 968 sine
1265 938 1356 972 lingua
1380 936 1615 969 lamentabantur,
1632 940 1660 964 et
1677 935 1737 963 alia

951 988 1095 1016 creaturae,
1125 989 1155 1010 ut
1184 983 1287 1010 dictum
1307 987 1359 1010 est.
1391 982 1489 1009 Omnia
1516 987 1628 1014 tremor,
1653 982 1736 1009 etiam

951 1033 1069 1058 montes.
1085 1033 1114 1055 et
1128 1028 1211 1056 colles
1221 1027 1378 1062 occupabit.
1394 1027 1452 1058 Sol,
1470 1032 1497 1054 et
1511 1028 1587 1058 luna,
1604 1032 1631 1054 et
1644 1028 1737 1054 stella-

951 1081 1011 1101 rum
1034 1074 1143 1109 agmina
1169 1078 1267 1101 mmsto
1284 1075 1360 1100 vultu
1383 1074 1518 1108 aspicient
1543 1073 1734 1101 scductionem

952 1124 1065 1152 tantam,
1091 1127 1144 1154 qua
1162 1127 1250 1154 genus
1272 1119 1423 1147 humanum
1442 1127 1458 1146 a
1480 1127 1531 1146 suo
1546 1119 1676 1146 Creatore
1701 1118 1735 1145 ad

951 1165 1124 1192 seductorem
1144 1173 1172 1192 se
1188 1164 1331 1200 applicuit,
1347 1169 1374 1192 et
1392 1165 1501 1200 signum
1516 1165 1576 1200 ejus
1595 1165 1735 1198 suscepit:

951 1210 1024 1245 quod
1051 1211 1156 1237 utinam
1173 1218 1312 1245 nunquam
1337 1211 1536 1245 suscepissent,
1553 1216 1581 1238 et
1599 1210 1735 1238 tulissent.

951 1256 1008 1282 Via:
1035 1255 1100 1283 Sion
1125 1260 1190 1282 tunc
1216 1256 1361 1291 lugebant,
1384 1257 1424 1283 ait
1452 1257 1586 1290 propheta
1610 1256 1650 1288 ",
1673 1255 1737 1290 quia

951 1302 1082 1329 seductor
1096 1302 1211 1329 abstulit
1225 1303 1294 1330 festa
1310 1303 1429 1330 Domini.
1455 1303 1477 1330 Δ
1500 1302 1610 1330 Christo
1636 1311 1738 1338 cogno-

950 1348 1072 1375 minatus
1083 1349 1201 1383 populus
1213 1348 1241 1375 in
1254 1356 1373 1376 tnmrore
1386 1356 1487 1384 magno
1496 1348 1667 1381 versabitur;
1680 1356 1736 1375 non

949 1394 1023 1421 enirn
1045 1394 1099 1421 erit
1116 1394 1228 1427 oblatio,
1248 1403 1301 1422 non
1319 1395 1463 1426 sacerdos,
1485 1403 1539 1422 non
1557 1395 1734 1422 sacriﬁcium.

950 1439 1048 1468 Deﬁcit
1075 1444 1104 1467 et
1120 1439 1280 1475 thymiama,
1300 1443 1328 1466 et
1354 1439 1430 1467 locus
1456 1440 1692 1471 ltolocaustorum,
1708 1443 1738 1466 et

950 1492 1047 1512 omnes
1073 1484 1168 1520 hymni
1188 1484 1351 1520 psalmique,
1375 1490 1403 1512 et
1425 1492 1507 1512 onme
1534 1492 1629 1520 genus,
1649 1484 1736 1511 divini

950 1532 1052 1561 cultus.
1068 1530 1227 1558 dominante
1246 1531 1326 1558 nobis
1352 1531 1477 1558 daemone
1501 1539 1549 1566 per
1563 1538 1651 1558 antios
1666 1530 1736 1557 duos

950 1584 1012 1604 cum
1024 1576 1148 1604 dimidio.
1162 1576 1218 1604 Nisi
1231 1576 1311 1604 euinr
1318 1577 1489 1612 providentia
1503 1576 1626 1611 Opiﬁcis,
1641 1576 1735 1603 Salva-

951 1623 1030 1654 toris,
1050 1630 1082 1650 ac
1105 1622 1213 1650 Domini
1235 1632 1244 1649 ς
1269 1622 1385 1650 breviati
1401 1623 1520 1650 fuissent
1534 1622 1592 1649 dies
1611 1622 1661 1654 illi,
1680 1629 1736 1648 non

951 1669 1028 1696 ﬁeret
1040 1669 1115 1696 salva
1126 1668 1216 1696 omnis
1227 1676 1302 1696 caro.
1317 1668 1369 1697 Sed
1382 1674 1495 1704 propter
1509 1669 1613 1696 electos
1626 1668 1735 1695 brevia-

951 1714 1054 1742 buntur
1069 1714 1127 1742 dies
1143 1715 1182 1742 illi
1198 1715 1233 1746 ⁷⁸.
1254 1724 1263 1741 ι
1281 1718 1311 1742 ιιι
1339 1715 1456 1749 ipsemet
1471 1714 1632 1747 atlirmavit,
1658 1714 1737 1741 fictor

951 1768 1039 1792 meus,
1061 1765 1089 1787 et
1114 1759 1257 1792 Dominus,
1284 1764 1312 1787 et
1335 1759 1492 1786 misericors
1518 1759 1660 1791 Dominus,
1687 1760 1736 1793 qui

950 1814 1031 1840 supra
1044 1807 1118 1833 vires
1133 1806 1233 1833 tentari
1246 1806 1312 1832 sinit
1326 1805 1476 1833 netninem.
1491 1806 1613 1840 Expletis
1628 1809 1735 1838 tempo-

951 1841 1027 1879 ribu/s
1050 1852 1114 1882 illis.
1138 1851 1185 1878 ubi
1211 1851 1325 1878 Satanas
1348 1855 1378 1878 et
1417 1851 1545 1878 scandala
1568 1851 1736 1886 quieverint,

951 1901 1065 1932 repente
1090 1897 1226 1932 immensa
1255 1897 1300 1923 lux
1328 1897 1408 1931 longe
1434 1897 1544 1931 lateque
1568 1895 1736 1923 coruscabit.

951 1943 1021 1970 'f‘um
1038 1943 1174 1970 maximus
1189 1941 1244 1971 ilfe.
1261 1948 1290 1970 et
1304 1942 1518 1977 pulcherrimus,
1530 1946 1561 1969 et
1574 1941 1737 1969 immortalis

951 1988 1074 2023 Sponsus
1097 1987 1131 2014 ad
1157 1992 1245 2014 totum
1265 1988 1371 2019 orbem,
1397 1992 1428 2014 ut
1453 1987 1539 2017 novit.
1557 1986 1737 2022 iudicandum

952 2035 1053 2066 veniet,
1069 2035 1096 2061 in
1110 2034 1296 2066 multitudine,
1315 2039 1343 2061 et
1362 2034 1474 2066 virtute,
1492 2037 1520 2060 et
1533 2033 1631 2069 gloria,
1651 2041 1735 2067 quam

952 2081 1056 2108 nullius
1067 2089 1144 2107 mens
1155 2080 1304 2107 informare
1316 2085 1408 2114 queat.
1421 2080 1541 2108 Sonante
1554 2079 1630 2110 tuba,
1644 2079 1737 2114 sepul—

951 2137 997 2156 cra
1020 2128 1188 2163 aperientur,
1207 2133 1234 2155 et
1253 2128 1353 2154 mortui
1373 2128 1537 2155 reviviscent
1552 2127 1684 2157 universi.
1708 2131 1751 2159 et.

950 2178 1087 2209 quotquot
1109 2178 1172 2208 post
1194 2173 1320 2200 homines
1339 2178 1417 2200 natos
1439 2173 1615 2203 interierunt.
1630 2173 1736 2200 excita<

951 2219 1055 2246 btlntur
1064 2219 1096 2245 '".
1105 2218 1234 2245 Viventes
1246 2217 1473 2248 intmntabuutur,
1487 2217 1584 2244 scribit
1595 2216 1694 2243 Paulus
1702 2217 1734 2242 ⁷⁸.

950 2264 1001 2297 Qui
1016 2263 1042 2291 in
1058 2271 1204 2290 occursum
1219 2263 1321 2290 Christi
1342 2262 1494 2297 rapientur,
1512 2263 1539 2289 in
1558 2262 1688 2292 nubibus,
1708 2261 1737 2288 in

113 2309 268 2342 quampiam
282 2309 419 2344 regionem
432 2309 547 2344 fugiant.
561 2310 641 2337 Nulla
652 2311 764 2338 omnino
775 2311 900 2339 invenie-
915 2320 937 2347 ῃ
951 2318 1014 2337 aera
1025 2317 1122 2344 magno
1131 2316 1258 2340 numero,
1270 2309 1337 2343 justi
1350 2308 1443 2335 cruut‘.
1458 2309 1620 2336 Peccatores
1631 2312 1735 2338 autem,

114 2356 158 2379 tur
174 2354 301 2381 remissio
317 2363 323 2381 :
340 2355 417 2382 nullo
431 2356 492 2383 loco
511 2360 645 2388 tutamen,
667 2361 714 2383 aut
729 2357 897 2391 praesidium.

114 2398 240 2428 Pecuniaa
246 2408 334 2434 amor,
342 2402 555 2438 divitiarumque
562 2403 728 2431 desiderium
735 2407 897 2432 evanescot:

112 2452 223 2476 aurum,
240 2447 405 2481 margaritae,
423 2454 450 2475 et
468 2449 539 2483 lapis
555 2450 693 2484 pretiosus
705 2450 872 2486 abjicientur
890 2459 897 2477 :

113 2498 247 2525 purpura,
260 2491 366 2526 byssus,
375 2501 517 2529 argentum
530 2502 696 2531 spernentur
706 2497 740 2525 ab
752 2497 879 2524 omnibus
890 2505 897 2529 ;

113 2543 216 2562 coecus
243 2541 386 2571 angustus,
411 2539 576 2574 hyacinthus
603 2546 632 2568 et
658 2542 710 2568 alia
738 2546 898 2576 sumptuosa

113 2582 297 2617 negligentur.
313 2583 347 2611 Ut
359 2585 455 2618 paucis
469 2586 568 2617 dicam,
584 2588 718 2622 quidquid
732 2587 758 2614 in
778 2588 898 2614 terrenis

115 2627 197 2654 rebus
207 2629 370 2662 pretiosum,
383 2635 412 2657 ut
421 2630 529 2663 inutile,
541 2636 569 2658 ut
578 2632 734 2666 profanum,
744 2638 773 2660 ut
782 2633 898 2668 ignomi-

114 2673 221 2700 niosum
244 2674 424 2710 despicietur.
440 2676 527 2704 Nemo
539 2678 659 2705 nummis
681 2679 829 2711 laetabitur,
846 2686 898 2706 nec

951 2361 981 2383 ut
996 2363 1058 2390 ego,
1082 2359 1110 2382 et
1127 2359 1264 2389 quotquot
1285 2354 1494 2388 improbissimi,
1518 2354 1549 2381 in
1561 2359 1635 2382 terra
1651 2353 1737 2380 relin-

949 2405 1079 2436 quentur,
1093 2401 1194 2427 frustra
1207 2401 1390 2427 lamentantes
1402 2401 1422 2427 '.
1712 2390 1724 2398 ί

985 2447 1129 2482 Tyrannus
1141 2454 1203 2473 eum
1218 2446 1293 2473 omni
1304 2446 1426 2480 potentia
1442 2453 1490 2472 sua
1503 2445 1699 2472 condemnatus
1708 2449 1738 2472 et

948 2493 1059 2529 ligatus,
1072 2496 1100 2520 et
1114 2492 1272 2528 quicunque
1291 2492 1478 2519 characterem
1492 2491 1551 2526 ejus
1566 2491 1734 2522 habuerunt,

950 2545 1012 2566 ante
1020 2538 1139 2567 Verbum
1148 2538 1293 2565 sistentur.
1308 2537 1386 2564 Tunc
1416 2537 1474 2563 Rex
1489 2537 1612 2563 omnium
1626 2541 1654 2563 et
1680 2536 1734 2562 Do-

950 2585 1041 2612 minus
1064 2584 1273 2619 potentissimus
1288 2583 1452 2611 sententiam
1468 2588 1562 2610 contra
1587 2582 1647 2609 illos
1671 2589 1736 2616 pro-

948 2632 1028 2662 feret,
1055 2630 1234 2665 universique
1255 2630 1451 2664 imgchennam
1482 2633 1662 2664 praeparatam
1679 2628 1735 2655 dis-

949 2678 1058 2706 cedent.
1088 2677 1115 2704 In
1151 2677 1211 2704 istis
1235 2682 1301 2704 tunc
1328 2676 1488 2711 implebitur
1507 2675 1552 2702 illa
1579 2674 1732 2710 pratdictio.

146 2730 170 2746 ⁷⁵
185 2731 287 2760 Thren.
304 2741 322 2765 ι,
334 2733 360 2766 4,
373 2734 400 2761 5.
440 2734 462 2749 "
481 2734 576 2763 Matth.
589 2743 663 2767 xxiv,
675 2736 721 2765 Ἡ.
759 2737 781 2752 ’⁷
799 2736 866 2764 Luc.
880 2744 899 2762 x

951 2736 983 2763 ΞΠ
998 2745 1006 2769 ;
1027 2736 1122 2763 Matth.
1148 2743 1222 2775 μιν,
1233 2734 1268 2762 29
1285 2742 1363 2769 seqq.
1405 2734 1430 2750 ‘”
1447 2733 1456 2761 Ι
1472 2733 1536 2761 Cor.
1552 2741 1596 2766 xv,
1607 2733 1642 2760 59
1655 2741 1734 2771 seqq.

838 2807 976 2838 Scholia.

146 2864 159 2905 1⁸
170 2862 518 2905 Οιιτςξοδιοημιςεβιειιίηι
544 2875 602 2901 rege
631 2868 860 2905 appropinquante
875 2873 899 2905 et

118 2900 274 2936 no’t'cuiente,
296 2900 378 2936 quiin
400 2901 497 2926 honoro:
507 2900 579 2933 sunt,
597 2900 755 2933 occurrunt;
766 2904 897 2934 damnati,

117 2934 211 2967 Itaque
221 2934 392 2968 oﬂ'cmlcruul,
405 2936 475 2963 domi
485 2943 600 2964 ηιαηεηι.
611 2937 697 2966 Super
708 2945 768 2964 acre
784 2937 898 2971 [eruitur

953 2873 980 2894 ut
996 2866 1120 2894 vehiculo.
1139 2866 1208 2894 Nam
1224 2871 1248 2893 et
1261 2865 1380 2892 Christus
1392 2866 1418 2892 in
1430 2866 1539 2893 nubibus
1557 2865 1671 2892 elevatus
1685 2867 1736 2895 est,

951 2908 975 2929 et
1004 2910 1049 2928 nos
1075 2902 1101 2928 iu
1116 2901 1224 2928 nubibus
1249 2901 1399 2935 rapientur;
1427 2901 1544 2935 et.quod
1562 2901 1679 2927 omnium
1701 2902 1745 2927 cal.

952 2937 1141 2972 beam-simum,
1156 2944 1214 2963 cum
1230 2937 1285 2972 ipso
1295 2936 1390 2962 erimus
1400 2943 1512 2971 semper.
