  <div class='ocr_page' id='page_1' title='image "/cluster/home/n/w/nwhite01/storage/ocr_20150623/127/njp.32101077773040/505.png"; bbox 0 0 2032 3156; ppageno 0'>
   <div class='ocr_carea' id='block_1_1' title="bbox 291 223 346 256">
    <p class='ocr_par' dir='ltr' id='par_1_1' title="bbox 291 223 346 256">
     <span class='ocr_line' id='line_1_1' title="bbox 291 223 346 256; baseline -0.018 0"><span class='ocrx_word' id='word_1_1' title='bbox 291 223 346 256; x_wconf 68' lang='grc'><strong>819</strong></span> 
     </span>
    </p>
   </div>
   <div class='ocr_carea' id='block_1_2' title="bbox 912 223 1293 255">
    <p class='ocr_par' dir='ltr' id='par_1_2' title="bbox 912 223 1293 255">
     <span class='ocr_line' id='line_1_2' title="bbox 912 223 1293 255; baseline 0.008 -3"><span class='ocrx_word' id='word_1_2' title='bbox 912 223 1079 253; x_wconf 77' lang='lat' dir='ltr'><strong>PHlLll’Pl</strong></span> <span class='ocrx_word' id='word_1_3' title='bbox 1101 225 1293 255; x_wconf 73' lang='lat' dir='ltr'><strong>SOLiTAlill</strong></span> 
     </span>
    </p>
   </div>
   <div class='ocr_carea' id='block_1_3' title="bbox 1869 230 1922 261">
    <p class='ocr_par' dir='ltr' id='par_1_3' title="bbox 1869 230 1922 261">
     <span class='ocr_line' id='line_1_3' title="bbox 1869 230 1922 261; baseline 0.019 -1"><span class='ocrx_word' id='word_1_4' title='bbox 1869 230 1922 261; x_wconf 69' lang='lat'><strong>82:}</strong></span> 
     </span>
    </p>
   </div>
   <div class='ocr_carea' id='block_1_4' title="bbox 290 277 1921 318">
    <p class='ocr_par' dir='ltr' id='par_1_4' title="bbox 290 277 1921 318">
     <span class='ocr_line' id='line_1_4' title="bbox 290 277 1921 318; baseline 0.003 -12"><span class='ocrx_word' id='word_1_5' title='bbox 290 288 351 316; x_wconf 72' lang='lat' dir='ltr'><strong>qua:</strong></span> <span class='ocrx_word' id='word_1_6' title='bbox 375 279 518 306; x_wconf 76' lang='lat' dir='ltr'><strong>atll&#39;uturos</strong></span> <span class='ocrx_word' id='word_1_7' title='bbox 542 278 654 305; x_wconf 85' lang='lat' dir='ltr'><strong>ultimos</strong></span> <span class='ocrx_word' id='word_1_8' title='bbox 683 277 743 304; x_wconf 83' lang='lat' dir='ltr'><strong>dies</strong></span> <span class='ocrx_word' id='word_1_9' title='bbox 758 277 868 309; x_wconf 84' lang='lat' dir='ltr'><strong>cecinit,</strong></span> <span class='ocrx_word' id='word_1_10' title='bbox 898 279 999 313; x_wconf 82' lang='lat' dir='ltr'><strong>quibus</strong></span> <span class='ocrx_word' id='word_1_11' title='bbox 1026 279 1077 305; x_wconf 75' lang='lat' dir='ltr'><strong>Do</strong></span> <span class='ocrx_word' id='word_1_12' title='bbox 1095 282 1115 309; x_wconf 79' lang='grc' dir='ltr'><strong>Α</strong></span> <span class='ocrx_word' id='word_1_13' title='bbox 1133 281 1286 314; x_wconf 78' lang='lat' dir='ltr'><strong>procreavi.</strong></span> <span class='ocrx_word' id='word_1_14' title='bbox 1299 281 1514 316; x_wconf 78' lang='lat' dir='ltr'><strong>ilujusmodiiiie</strong></span> <span class='ocrx_word' id='word_1_15' title='bbox 1529 282 1650 310; x_wconf 71' lang='lat' dir='ltr'><strong>audacim</strong></span> <span class='ocrx_word' id='word_1_16' title='bbox 1662 283 1823 318; x_wconf 82' lang='lat' dir='ltr'><strong>plenissima</strong></span> <span class='ocrx_word' id='word_1_17' title='bbox 1835 285 1921 312; x_wconf 71' lang='lat' dir='ltr'><strong>ellua-</strong></span> 
     </span>
    </p>
   </div>
   <div class='ocr_carea' id='block_1_5' title="bbox 292 324 1082 359">
    <p class='ocr_par' dir='ltr' id='par_1_5' title="bbox 292 324 1082 359">
     <span class='ocr_line' id='line_1_5' title="bbox 292 324 1082 359; baseline -0.003 -6"><span class='ocrx_word' id='word_1_18' title='bbox 292 328 384 354; x_wconf 80' lang='lat' dir='ltr'><strong>ntiuus</strong></span> <span class='ocrx_word' id='word_1_19' title='bbox 410 325 521 352; x_wconf 90' lang='lat' dir='ltr'><strong>inducet</strong></span> <span class='ocrx_word' id='word_1_20' title='bbox 548 324 667 359; x_wconf 78' lang='lat' dir='ltr'><strong>gladium</strong></span> <span class='ocrx_word' id='word_1_21' title='bbox 693 328 871 356; x_wconf 87' lang='lat' dir='ltr'><strong>sanctum,et</strong></span> <span class='ocrx_word' id='word_1_22' title='bbox 891 333 1032 359; x_wconf 76' lang='lat' dir='ltr'><strong>magnum,</strong></span> <span class='ocrx_word' id='word_1_23' title='bbox 1054 330 1082 352; x_wconf 83' lang='lat' dir='ltr'><strong>et</strong></span> 
     </span>
    </p>
   </div>
   <div class='ocr_carea' id='block_1_6' title="bbox 290 372 1082 408">
    <p class='ocr_par' dir='ltr' id='par_1_6' title="bbox 290 372 1082 408">
     <span class='ocr_line' id='line_1_6' title="bbox 290 372 1082 408; baseline -0.003 -7"><span class='ocrx_word' id='word_1_24' title='bbox 290 375 389 402; x_wconf 78' lang='lat' dir='ltr'><strong>fortem</strong></span> <span class='ocrx_word' id='word_1_25' title='bbox 403 382 484 408; x_wconf 89' lang='lat' dir='ltr'><strong>super</strong></span> <span class='ocrx_word' id='word_1_26' title='bbox 495 381 624 408; x_wconf 79' lang='lat' dir='ltr'><strong>magnum</strong></span> <span class='ocrx_word' id='word_1_27' title='bbox 635 372 795 404; x_wconf 85' lang='lat' dir='ltr'><strong>draconem.</strong></span> <span class='ocrx_word' id='word_1_28' title='bbox 813 379 980 408; x_wconf 88' lang='lat' dir='ltr'><strong>serpentetn,</strong></span> <span class='ocrx_word' id='word_1_29' title='bbox 1000 373 1082 400; x_wconf 82' lang='lat' dir='ltr'><strong>mule-</strong></span> 
     </span>
    </p>
   </div>
   <div class='ocr_carea' id='block_1_7' title="bbox 291 419 1080 454">
    <p class='ocr_par' dir='ltr' id='par_1_7' title="bbox 291 419 1080 454">
     <span class='ocr_line' id='line_1_7' title="bbox 291 419 1080 454; baseline -0.001 -7"><span class='ocrx_word' id='word_1_30' title='bbox 291 420 385 452; x_wconf 86' lang='lat' dir='ltr'><strong>ﬁcum,</strong></span> <span class='ocrx_word' id='word_1_31' title='bbox 405 427 485 454; x_wconf 82' lang='lat' dir='ltr'><strong>quem</strong></span> <span class='ocrx_word' id='word_1_32' title='bbox 504 419 585 454; x_wconf 85' lang='lat' dir='ltr'><strong>plane</strong></span> <span class='ocrx_word' id='word_1_33' title='bbox 615 419 764 446; x_wconf 74' lang='lat' dir='ltr'><strong>interﬁciat</strong></span> <span class='ocrx_word' id='word_1_34' title='bbox 793 419 852 446; x_wconf 87' lang='lat' dir='ltr'><strong>acie</strong></span> <span class='ocrx_word' id='word_1_35' title='bbox 881 419 963 454; x_wconf 81' lang='lat' dir='ltr'><strong>hujus</strong></span> <span class='ocrx_word' id='word_1_36' title='bbox 987 419 1080 454; x_wconf 73' lang='lat' dir='ltr'><strong>gladii.</strong></span> 
     </span>
    </p>
   </div>
   <div class='ocr_carea' id='block_1_8' title="bbox 291 465 833 501">
    <p class='ocr_par' dir='ltr' id='par_1_8' title="bbox 291 465 833 501">
     <span class='ocr_line' id='line_1_8' title="bbox 291 465 833 501; baseline -0.004 -7"><span class='ocrx_word' id='word_1_37' title='bbox 291 467 443 494; x_wconf 81' lang='lat' dir='ltr'><strong>Draconem</strong></span> <span class='ocrx_word' id='word_1_38' title='bbox 462 466 583 501; x_wconf 78' lang='lat' dir='ltr'><strong>intellige</strong></span> <span class='ocrx_word' id='word_1_39' title='bbox 599 465 800 493; x_wconf 88' lang='lat' dir='ltr'><strong>Antichristum</strong></span> <span class='ocrx_word' id='word_1_40' title='bbox 814 468 833 492; x_wconf 79' lang='lat'><strong>&#39;.</strong></span> 
     </span>
    </p>
   </div>
   <div class='ocr_carea' id='block_1_9' title="bbox 601 532 775 561">
    <p class='ocr_par' dir='ltr' id='par_1_9' title="bbox 601 532 775 561">
     <span class='ocr_line' id='line_1_9' title="bbox 601 532 775 561; baseline -0.017 0"><span class='ocrx_word' id='word_1_41' title='bbox 601 532 715 561; x_wconf 84' lang='lat' dir='ltr'><strong>CAPUT</strong></span> <span class='ocrx_word' id='word_1_42' title='bbox 728 532 775 559; x_wconf 76' lang='lat' dir='ltr'><strong>XI.</strong></span> 
     </span>
    </p>
   </div>
   <div class='ocr_carea' id='block_1_10' title="bbox 291 589 1082 620">
    <p class='ocr_par' dir='ltr' id='par_1_10' title="bbox 291 589 1082 620">
     <span class='ocr_line' id='line_1_10' title="bbox 291 589 1082 620; baseline -0.001 -3"><span class='ocrx_word' id='word_1_43' title='bbox 291 590 384 618; x_wconf 74' lang='lat' dir='ltr'><strong>Adhuc</strong></span> <span class='ocrx_word' id='word_1_44' title='bbox 414 591 446 616; x_wconf 74' lang='lat' dir='ltr'><strong>(le</strong></span> <span class='ocrx_word' id='word_1_45' title='bbox 471 589 611 617; x_wconf 78' lang='lat' dir='ltr'><strong>sceleribus</strong></span> <span class='ocrx_word' id='word_1_46' title='bbox 632 589 798 620; x_wconf 75' lang='lat' dir='ltr'><strong>Antichristi,</strong></span> <span class='ocrx_word' id='word_1_47' title='bbox 824 592 848 615; x_wconf 86' lang='lat' dir='ltr'><strong>et</strong></span> <span class='ocrx_word' id='word_1_48' title='bbox 862 597 908 615; x_wconf 81' lang='lat' dir='ltr'><strong>cur</strong></span> <span class='ocrx_word' id='word_1_49' title='bbox 934 589 1004 616; x_wconf 78' lang='lat' dir='ltr'><strong>Deus</strong></span> <span class='ocrx_word' id='word_1_50' title='bbox 1024 598 1082 616; x_wconf 75' lang='lat' dir='ltr'><strong>eum</strong></span> 
     </span>
    </p>
   </div>
   <div class='ocr_carea' id='block_1_11' title="bbox 325 626 688 657">
    <p class='ocr_par' dir='ltr' id='par_1_11' title="bbox 325 626 688 657">
     <span class='ocr_line' id='line_1_11' title="bbox 325 626 688 657; baseline -0.006 -5"><span class='ocrx_word' id='word_1_51' title='bbox 325 626 410 653; x_wconf 77' lang='lat' dir='ltr'><strong>vivere</strong></span> <span class='ocrx_word' id='word_1_52' title='bbox 421 634 452 652; x_wconf 74' lang='lat' dir='ltr'><strong>ac</strong></span> <span class='ocrx_word' id='word_1_53' title='bbox 462 626 551 652; x_wconf 67' lang='lat' dir='ltr'><strong>servire</strong></span> <span class='ocrx_word' id='word_1_54' title='bbox 563 626 688 657; x_wconf 82' lang='lat' dir='ltr'><strong>patietur.</strong></span> 
     </span>
    </p>
   </div>
   <div class='ocr_carea' id='block_1_12' title="bbox 329 695 1078 731">
    <p class='ocr_par' dir='ltr' id='par_1_12' title="bbox 329 695 1078 731">
     <span class='ocr_line' id='line_1_12' title="bbox 329 695 1078 731; baseline -0.004 -6"><span class='ocrx_word' id='word_1_55' title='bbox 329 699 427 725; x_wconf 74' lang='lat' dir='ltr'><strong>Axnut.</strong></span> <span class='ocrx_word' id='word_1_56' title='bbox 447 696 578 730; x_wconf 67' lang='lat' dir='ltr'><strong>Qutenam</strong></span> <span class='ocrx_word' id='word_1_57' title='bbox 594 704 679 731; x_wconf 91' lang='lat' dir='ltr'><strong>porro</strong></span> <span class='ocrx_word' id='word_1_58' title='bbox 701 696 805 724; x_wconf 89' lang='lat' dir='ltr'><strong>utilitas</strong></span> <span class='ocrx_word' id='word_1_59' title='bbox 820 696 849 723; x_wconf 94' lang='lat' dir='ltr'><strong>in</strong></span> <span class='ocrx_word' id='word_1_60' title='bbox 866 695 986 723; x_wconf 80' lang='lat' dir='ltr'><strong>adventu</strong></span> <span class='ocrx_word' id='word_1_61' title='bbox 1002 696 1078 723; x_wconf 80' lang='lat' dir='ltr'><strong>Anti-</strong></span> 
     </span>
    </p>
   </div>
   <div class='ocr_carea' id='block_1_13' title="bbox 291 742 1084 777">
    <p class='ocr_par' dir='ltr' id='par_1_13' title="bbox 291 742 1084 777">
     <span class='ocr_line' id='line_1_13' title="bbox 291 742 1084 777; baseline -0.001 -7"><span class='ocrx_word' id='word_1_62' title='bbox 291 744 389 770; x_wconf 89' lang='lat' dir='ltr'><strong>christi</strong></span> <span class='ocrx_word' id='word_1_63' title='bbox 403 743 414 769; x_wconf 88' lang='lat'><strong>?</strong></span> <span class='ocrx_word' id='word_1_64' title='bbox 428 742 503 777; x_wconf 89' lang='lat' dir='ltr'><strong>quod</strong></span> <span class='ocrx_word' id='word_1_65' title='bbox 519 743 627 770; x_wconf 89' lang='lat' dir='ltr'><strong>lucrum</strong></span> <span class='ocrx_word' id='word_1_66' title='bbox 644 743 812 777; x_wconf 86' lang='lat' dir='ltr'><strong>apportabit,</strong></span> <span class='ocrx_word' id='word_1_67' title='bbox 839 752 904 771; x_wconf 87' lang='lat' dir='ltr'><strong>eum</strong></span> <span class='ocrx_word' id='word_1_68' title='bbox 921 743 1039 773; x_wconf 81' lang='lat' dir='ltr'><strong>venerit.</strong></span> <span class='ocrx_word' id='word_1_69' title='bbox 1055 748 1084 769; x_wconf 89' lang='lat' dir='ltr'><strong>ut</strong></span> 
     </span>
    </p>
   </div>
   <div class='ocr_carea' id='block_1_14' title="bbox 290 788 1084 821">
    <p class='ocr_par' dir='ltr' id='par_1_14' title="bbox 290 788 1084 821">
     <span class='ocr_line' id='line_1_14' title="bbox 290 788 1084 821; baseline 0 -5"><span class='ocrx_word' id='word_1_70' title='bbox 290 794 438 816; x_wconf 74' lang='lat' dir='ltr'><strong>venturum</strong></span> <span class='ocrx_word' id='word_1_71' title='bbox 450 789 539 816; x_wconf 82' lang='lat' dir='ltr'><strong>dicis?</strong></span> <span class='ocrx_word' id='word_1_72' title='bbox 554 788 621 821; x_wconf 85' lang='lat' dir='ltr'><strong>Quis</strong></span> <span class='ocrx_word' id='word_1_73' title='bbox 633 789 708 816; x_wconf 87' lang='lat' dir='ltr'><strong>illius</strong></span> <span class='ocrx_word' id='word_1_74' title='bbox 723 789 831 816; x_wconf 74' lang='lat' dir='ltr'><strong>vivendi</strong></span> <span class='ocrx_word' id='word_1_75' title='bbox 847 790 946 818; x_wconf 83' lang='lat' dir='ltr'><strong>modus</strong></span> <span class='ocrx_word' id='word_1_76' title='bbox 959 798 965 816; x_wconf 94' lang='lat'>:</span> <span class='ocrx_word' id='word_1_77' title='bbox 984 794 1013 817; x_wconf 88' lang='lat' dir='ltr'><strong>et</strong></span> <span class='ocrx_word' id='word_1_78' title='bbox 1034 798 1084 817; x_wconf 87' lang='lat' dir='ltr'><strong>cur</strong></span> 
     </span>
    </p>
   </div>
   <div class='ocr_carea' id='block_1_15' title="bbox 291 834 691 869">
    <p class='ocr_par' dir='ltr' id='par_1_15' title="bbox 291 834 691 869">
     <span class='ocr_line' id='line_1_15' title="bbox 291 834 691 869; baseline -0.003 -7"><span class='ocrx_word' id='word_1_79' title='bbox 291 843 356 862; x_wconf 78' lang='lat' dir='ltr'><strong>eum</strong></span> <span class='ocrx_word' id='word_1_80' title='bbox 368 835 442 862; x_wconf 81' lang='lat' dir='ltr'><strong>Deus</strong></span> <span class='ocrx_word' id='word_1_81' title='bbox 453 834 530 862; x_wconf 91' lang='lat' dir='ltr'><strong>nasci</strong></span> <span class='ocrx_word' id='word_1_82' title='bbox 547 835 669 869; x_wconf 88' lang='lat' dir='ltr'><strong>patietur</strong></span> <span class='ocrx_word' id='word_1_83' title='bbox 680 835 691 861; x_wconf 67' lang='grc' dir='ltr'>τ</span> 
     </span>
    </p>
   </div>
   <div class='ocr_carea' id='block_1_16' title="bbox 328 881 1083 916">
    <p class='ocr_par' dir='ltr' id='par_1_16' title="bbox 328 881 1083 916">
     <span class='ocr_line' id='line_1_16' title="bbox 328 881 1083 916; baseline 0 -8"><span class='ocrx_word' id='word_1_84' title='bbox 328 881 409 908; x_wconf 66' lang='lat' dir='ltr'><strong>Cano.</strong></span> <span class='ocrx_word' id='word_1_85' title='bbox 424 881 463 908; x_wconf 86' lang='lat' dir='ltr'><strong>Ne</strong></span> <span class='ocrx_word' id='word_1_86' title='bbox 492 885 518 908; x_wconf 86' lang='lat' dir='ltr'><strong>te</strong></span> <span class='ocrx_word' id='word_1_87' title='bbox 548 881 588 908; x_wconf 86' lang='lat' dir='ltr'><strong>rei</strong></span> <span class='ocrx_word' id='word_1_88' title='bbox 604 881 713 909; x_wconf 88' lang='lat' dir='ltr'><strong>novitas</strong></span> <span class='ocrx_word' id='word_1_89' title='bbox 737 882 882 916; x_wconf 87' lang='lat' dir='ltr'><strong>perturbet</strong></span> <span class='ocrx_word' id='word_1_90' title='bbox 894 892 904 910; x_wconf 88' lang='lat'><strong>-:</strong></span> <span class='ocrx_word' id='word_1_91' title='bbox 923 882 991 909; x_wconf 86' lang='lat' dir='ltr'><strong>nihil</strong></span> <span class='ocrx_word' id='word_1_92' title='bbox 1009 882 1083 913; x_wconf 85' lang='lat' dir='ltr'><strong>enim</strong></span> 
     </span>
    </p>
   </div>
   <div class='ocr_carea' id='block_1_17' title="bbox 292 925 1081 962">
    <p class='ocr_par' dir='ltr' id='par_1_17' title="bbox 292 925 1081 962">
     <span class='ocr_line' id='line_1_17' title="bbox 292 925 1081 962; baseline 0.003 -8"><span class='ocrx_word' id='word_1_93' title='bbox 292 927 351 954; x_wconf 86' lang='lat' dir='ltr'><strong>sine</strong></span> <span class='ocrx_word' id='word_1_94' title='bbox 366 927 473 954; x_wconf 88' lang='lat' dir='ltr'><strong>ratione</strong></span> <span class='ocrx_word' id='word_1_95' title='bbox 490 925 520 952; x_wconf 86' lang='lat' dir='ltr'><strong>ﬁt</strong></span> <span class='ocrx_word' id='word_1_96' title='bbox 537 934 633 954; x_wconf 87' lang='lat' dir='ltr'><strong>eorum</strong></span> <span class='ocrx_word' id='word_1_97' title='bbox 650 935 710 962; x_wconf 62' lang='lat' dir='ltr'><strong>qua}</strong></span> <span class='ocrx_word' id='word_1_98' title='bbox 724 928 792 955; x_wconf 88' lang='lat' dir='ltr'><strong>ﬁunt</strong></span> <span class='ocrx_word' id='word_1_99' title='bbox 806 929 839 960; x_wconf 83' lang='lat'><strong>&quot;°,</strong></span> <span class='ocrx_word' id='word_1_100' title='bbox 854 932 881 955; x_wconf 90' lang='lat' dir='ltr'><strong>et</strong></span> <span class='ocrx_word' id='word_1_101' title='bbox 897 929 955 955; x_wconf 91' lang='lat' dir='ltr'><strong>sine</strong></span> <span class='ocrx_word' id='word_1_102' title='bbox 973 929 1081 956; x_wconf 90' lang='lat' dir='ltr'><strong>ratione</strong></span> 
     </span>
    </p>
   </div>
   <div class='ocr_carea' id='block_1_18' title="bbox 292 971 1083 1006">
    <p class='ocr_par' dir='ltr' id='par_1_18' title="bbox 292 971 1083 1006">
     <span class='ocr_line' id='line_1_18' title="bbox 292 971 1083 1006; baseline -0.001 -8"><span class='ocrx_word' id='word_1_103' title='bbox 292 971 475 998; x_wconf 76' lang='lat' dir='ltr'><strong>Conveniente</strong></span> <span class='ocrx_word' id='word_1_104' title='bbox 497 979 505 998; x_wconf 85' lang='lat'><strong>:</strong></span> <span class='ocrx_word' id='word_1_105' title='bbox 534 971 582 999; x_wconf 87' lang='lat' dir='ltr'><strong>sed</strong></span> <span class='ocrx_word' id='word_1_106' title='bbox 609 971 637 998; x_wconf 88' lang='lat' dir='ltr'><strong>in</strong></span> <span class='ocrx_word' id='word_1_107' title='bbox 661 971 801 1006; x_wconf 89' lang='lat' dir='ltr'><strong>pondere,</strong></span> <span class='ocrx_word' id='word_1_108' title='bbox 816 979 933 998; x_wconf 92' lang='lat' dir='ltr'><strong>numero</strong></span> <span class='ocrx_word' id='word_1_109' title='bbox 957 976 985 997; x_wconf 87' lang='lat' dir='ltr'><strong>et</strong></span> <span class='ocrx_word' id='word_1_110' title='bbox 1007 979 1083 998; x_wconf 84' lang='lat' dir='ltr'><strong>men-</strong></span> 
     </span>
    </p>
   </div>
   <div class='ocr_carea' id='block_1_19' title="bbox 292 1017 1083 1052">
    <p class='ocr_par' dir='ltr' id='par_1_19' title="bbox 292 1017 1083 1052">
     <span class='ocr_line' id='line_1_19' title="bbox 292 1017 1083 1052; baseline 0.001 -9"><span class='ocrx_word' id='word_1_111' title='bbox 292 1025 366 1044; x_wconf 83' lang='lat' dir='ltr'><strong>sura.</strong></span> <span class='ocrx_word' id='word_1_112' title='bbox 391 1017 492 1044; x_wconf 86' lang='lat' dir='ltr'><strong>Paulus</strong></span> <span class='ocrx_word' id='word_1_113' title='bbox 521 1024 606 1052; x_wconf 85' lang='lat' dir='ltr'><strong>porro</strong></span> <span class='ocrx_word' id='word_1_114' title='bbox 623 1017 650 1044; x_wconf 93' lang='lat' dir='ltr'><strong>in</strong></span> <span class='ocrx_word' id='word_1_115' title='bbox 681 1018 767 1045; x_wconf 90' lang='lat' dir='ltr'><strong>altera</strong></span> <span class='ocrx_word' id='word_1_116' title='bbox 791 1017 915 1052; x_wconf 83' lang='lat' dir='ltr'><strong>Epistoia</strong></span> <span class='ocrx_word' id='word_1_117' title='bbox 937 1017 971 1044; x_wconf 85' lang='lat' dir='ltr'><strong>ad</strong></span> <span class='ocrx_word' id='word_1_118' title='bbox 997 1017 1083 1044; x_wconf 78' lang='lat' dir='ltr'><strong>Thes-</strong></span> 
     </span>
    </p>
   </div>
   <div class='ocr_carea' id='block_1_20' title="bbox 291 1054 1084 1100">
    <p class='ocr_par' dir='ltr' id='par_1_20' title="bbox 291 1054 1084 1100">
     <span class='ocr_line' id='line_1_20' title="bbox 291 1054 1084 1100; baseline 0.005 -12"><span class='ocrx_word' id='word_1_119' title='bbox 291 1063 479 1090; x_wconf 69' lang='lat' dir='ltr'><strong>salonicenses</strong></span> <span class='ocrx_word' id='word_1_120' title='bbox 503 1054 564 1098; x_wconf 49' lang='lat' dir='ltr'><strong>cfp.</strong></span> <span class='ocrx_word' id='word_1_121' title='bbox 581 1071 616 1096; x_wconf 85' lang='grc' dir='ltr'><strong>ιι,</strong></span> <span class='ocrx_word' id='word_1_122' title='bbox 639 1063 674 1090; x_wconf 86' lang='lat' dir='ltr'><strong>ad</strong></span> <span class='ocrx_word' id='word_1_123' title='bbox 696 1063 724 1091; x_wconf 90' lang='lat' dir='ltr'><strong>id</strong></span> <span class='ocrx_word' id='word_1_124' title='bbox 748 1065 822 1099; x_wconf 91' lang='lat' dir='ltr'><strong>quod</strong></span> <span class='ocrx_word' id='word_1_125' title='bbox 851 1065 952 1100; x_wconf 66' lang='lat' dir='ltr'><strong>quieris</strong></span> <span class='ocrx_word' id='word_1_126' title='bbox 968 1073 1084 1100; x_wconf 83' lang='lat' dir='ltr'><strong>respon-</strong></span> 
     </span>
    </p>
   </div>
   <div class='ocr_carea' id='block_1_21' title="bbox 292 1109 1080 1143">
    <p class='ocr_par' dir='ltr' id='par_1_21' title="bbox 292 1109 1080 1143">
     <span class='ocr_line' id='line_1_21' title="bbox 292 1109 1080 1143; baseline 0.004 -7"><span class='ocrx_word' id='word_1_127' title='bbox 292 1109 349 1136; x_wconf 89' lang='lat' dir='ltr'><strong>det.</strong></span> <span class='ocrx_word' id='word_1_128' title='bbox 391 1110 493 1137; x_wconf 83' lang='lat' dir='ltr'><strong>Eorum</strong></span> <span class='ocrx_word' id='word_1_129' title='bbox 534 1110 608 1137; x_wconf 87' lang='lat' dir='ltr'><strong>enim</strong></span> <span class='ocrx_word' id='word_1_130' title='bbox 645 1111 836 1139; x_wconf 80' lang='lat' dir='ltr'><strong>dominabitur</strong></span> <span class='ocrx_word' id='word_1_131' title='bbox 875 1112 1080 1143; x_wconf 86' lang='lat' dir='ltr'><strong>Antichristus,</strong></span> 
     </span>
    </p>
   </div>
   <div class='ocr_carea' id='block_1_22' title="bbox 291 1156 1084 1192">
    <p class='ocr_par' dir='ltr' id='par_1_22' title="bbox 291 1156 1084 1192">
     <span class='ocr_line' id='line_1_22' title="bbox 291 1156 1084 1192; baseline 0.005 -11"><span class='ocrx_word' id='word_1_132' title='bbox 291 1156 340 1190; x_wconf 92' lang='lat' dir='ltr'><strong>qui</strong></span> <span class='ocrx_word' id='word_1_133' title='bbox 352 1156 439 1190; x_wconf 79' lang='lat' dir='ltr'><strong>gratia</strong></span> <span class='ocrx_word' id='word_1_134' title='bbox 451 1156 498 1183; x_wconf 89' lang='lat' dir='ltr'><strong>Dei</strong></span> <span class='ocrx_word' id='word_1_135' title='bbox 511 1161 576 1183; x_wconf 87' lang='lat' dir='ltr'><strong>sunt</strong></span> <span class='ocrx_word' id='word_1_136' title='bbox 588 1156 724 1190; x_wconf 78' lang='lat' dir='ltr'><strong>destituti,</strong></span> <span class='ocrx_word' id='word_1_137' title='bbox 738 1158 784 1192; x_wconf 88' lang='lat' dir='ltr'><strong>qui</strong></span> <span class='ocrx_word' id='word_1_138' title='bbox 796 1158 947 1191; x_wconf 79' lang='lat' dir='ltr'><strong>teterrima,</strong></span> <span class='ocrx_word' id='word_1_139' title='bbox 960 1163 988 1185; x_wconf 89' lang='lat' dir='ltr'><strong>et</strong></span> <span class='ocrx_word' id='word_1_140' title='bbox 1001 1162 1084 1185; x_wconf 90' lang='lat' dir='ltr'><strong>teter—</strong></span> 
     </span>
    </p>
   </div>
   <div class='ocr_carea' id='block_1_23' title="bbox 293 1201 1082 1239">
    <p class='ocr_par' dir='ltr' id='par_1_23' title="bbox 293 1201 1082 1239">
     <span class='ocr_line' id='line_1_23' title="bbox 293 1201 1082 1239; baseline 0.005 -11"><span class='ocrx_word' id='word_1_141' title='bbox 293 1201 371 1229; x_wconf 86' lang='lat' dir='ltr'><strong>rimis</strong></span> <span class='ocrx_word' id='word_1_142' title='bbox 386 1201 498 1229; x_wconf 86' lang='lat' dir='ltr'><strong>tetriora</strong></span> <span class='ocrx_word' id='word_1_143' title='bbox 513 1202 654 1237; x_wconf 84' lang='lat' dir='ltr'><strong>patientur</strong></span> <span class='ocrx_word' id='word_1_144' title='bbox 669 1211 676 1229; x_wconf 89' lang='lat'><strong>:</strong></span> <span class='ocrx_word' id='word_1_145' title='bbox 694 1202 873 1231; x_wconf 70' lang='lat' dir='ltr'><strong>liebrmorum</strong></span> <span class='ocrx_word' id='word_1_146' title='bbox 891 1212 991 1239; x_wconf 88' lang='lat' dir='ltr'><strong>nempe</strong></span> <span class='ocrx_word' id='word_1_147' title='bbox 1003 1212 1082 1239; x_wconf 81' lang='lat' dir='ltr'><strong>gens,</strong></span> 
     </span>
    </p>
   </div>
   <div class='ocr_carea' id='block_1_24' title="bbox 291 1249 1083 1283">
    <p class='ocr_par' dir='ltr' id='par_1_24' title="bbox 291 1249 1083 1283">
     <span class='ocr_line' id='line_1_24' title="bbox 291 1249 1083 1283; baseline 0.005 -7"><span class='ocrx_word' id='word_1_148' title='bbox 291 1249 394 1277; x_wconf 80' lang='lat' dir='ltr'><strong>Christi</strong></span> <span class='ocrx_word' id='word_1_149' title='bbox 407 1250 589 1278; x_wconf 85' lang='lat' dir='ltr'><strong>interlectrix.</strong></span> <span class='ocrx_word' id='word_1_150' title='bbox 603 1251 738 1283; x_wconf 82' lang='lat' dir='ltr'><strong>Quoniam</strong></span> <span class='ocrx_word' id='word_1_151' title='bbox 754 1252 827 1279; x_wconf 90' lang='lat' dir='ltr'><strong>enim</strong></span> <span class='ocrx_word' id='word_1_152' title='bbox 847 1252 1009 1280; x_wconf 85' lang='lat' dir='ltr'><strong>charitatem</strong></span> <span class='ocrx_word' id='word_1_153' title='bbox 1028 1260 1083 1279; x_wconf 91' lang='lat' dir='ltr'><strong>non</strong></span> 
     </span>
    </p>
   </div>
   <div class='ocr_carea' id='block_1_25' title="bbox 294 1296 1085 1332">
    <p class='ocr_par' dir='ltr' id='par_1_25' title="bbox 294 1296 1085 1332">
     <span class='ocr_line' id='line_1_25' title="bbox 294 1296 1085 1332; baseline 0.003 -10"><span class='ocrx_word' id='word_1_154' title='bbox 294 1300 462 1330; x_wconf 81' lang='lat' dir='ltr'><strong>receperunt</strong></span> <span class='ocrx_word' id='word_1_155' title='bbox 488 1296 663 1331; x_wconf 88' lang='lat' dir='ltr'><strong>(charitatcm</strong></span> <span class='ocrx_word' id='word_1_156' title='bbox 692 1297 822 1332; x_wconf 81' lang='lat' dir='ltr'><strong>intelligit</strong></span> <span class='ocrx_word' id='word_1_157' title='bbox 847 1297 944 1330; x_wconf 90' lang='lat' dir='ltr'><strong>Deum,</strong></span> <span class='ocrx_word' id='word_1_158' title='bbox 969 1302 1085 1325; x_wconf 76' lang='lat' dir='ltr'><strong>vocatur</strong></span> 
     </span>
    </p>
   </div>
   <div class='ocr_carea' id='block_1_26' title="bbox 293 1342 1083 1377">
    <p class='ocr_par' dir='ltr' id='par_1_26' title="bbox 293 1342 1083 1377">
     <span class='ocr_line' id='line_1_26' title="bbox 293 1342 1083 1377; baseline 0.003 -8"><span class='ocrx_word' id='word_1_159' title='bbox 293 1342 367 1369; x_wconf 87' lang='lat' dir='ltr'><strong>enim</strong></span> <span class='ocrx_word' id='word_1_160' title='bbox 380 1342 512 1377; x_wconf 81' lang='lat' dir='ltr'><strong>charitas)</strong></span> <span class='ocrx_word' id='word_1_161' title='bbox 525 1343 559 1370; x_wconf 86' lang='lat' dir='ltr'><strong>ad</strong></span> <span class='ocrx_word' id='word_1_162' title='bbox 573 1343 720 1370; x_wconf 85' lang='lat' dir='ltr'><strong>utilitatem</strong></span> <span class='ocrx_word' id='word_1_163' title='bbox 731 1349 759 1370; x_wconf 90' lang='lat' dir='ltr'><strong>et</strong></span> <span class='ocrx_word' id='word_1_164' title='bbox 772 1343 903 1376; x_wconf 79' lang='lat' dir='ltr'><strong>fructum,</strong></span> <span class='ocrx_word' id='word_1_165' title='bbox 919 1344 954 1371; x_wconf 89' lang='lat' dir='ltr'><strong>ad</strong></span> <span class='ocrx_word' id='word_1_166' title='bbox 967 1345 1083 1371; x_wconf 86' lang='lat' dir='ltr'><strong>salutem</strong></span> 
     </span>
    </p>
   </div>
   <div class='ocr_carea' id='block_1_27' title="bbox 294 1389 1085 1424">
    <p class='ocr_par' dir='ltr' id='par_1_27' title="bbox 294 1389 1085 1424">
     <span class='ocr_line' id='line_1_27' title="bbox 294 1389 1085 1424; baseline 0.001 -8"><span class='ocrx_word' id='word_1_167' title='bbox 294 1396 384 1420; x_wconf 84' lang='lat' dir='ltr'><strong>suam,</strong></span> <span class='ocrx_word' id='word_1_168' title='bbox 411 1389 485 1416; x_wconf 89' lang='lat' dir='ltr'><strong>Deus</strong></span> <span class='ocrx_word' id='word_1_169' title='bbox 512 1389 566 1416; x_wconf 85' lang='lat' dir='ltr'><strong>illis</strong></span> <span class='ocrx_word' id='word_1_170' title='bbox 594 1390 785 1424; x_wconf 80' lang='lat' dir='ltr'><strong>operationem</strong></span> <span class='ocrx_word' id='word_1_171' title='bbox 804 1390 908 1417; x_wconf 87' lang='lat' dir='ltr'><strong>erroris</strong></span> <span class='ocrx_word' id='word_1_172' title='bbox 937 1391 1038 1421; x_wconf 88' lang='lat' dir='ltr'><strong>mittet,</strong></span> <span class='ocrx_word' id='word_1_173' title='bbox 1054 1395 1085 1417; x_wconf 95' lang='lat' dir='ltr'><strong>ut</strong></span> 
     </span>
    </p>
   </div>
   <div class='ocr_carea' id='block_1_28' title="bbox 294 1434 1084 1469">
    <p class='ocr_par' dir='ltr' id='par_1_28' title="bbox 294 1434 1084 1469">
     <span class='ocr_line' id='line_1_28' title="bbox 294 1434 1084 1469; baseline 0.005 -9"><span class='ocrx_word' id='word_1_174' title='bbox 294 1434 427 1468; x_wconf 84' lang='lat' dir='ltr'><strong>deinceps</strong></span> <span class='ocrx_word' id='word_1_175' title='bbox 441 1434 580 1469; x_wconf 86' lang='lat' dir='ltr'><strong>sequitur,</strong></span> <span class='ocrx_word' id='word_1_176' title='bbox 604 1435 638 1461; x_wconf 91' lang='lat' dir='ltr'><strong>ad</strong></span> <span class='ocrx_word' id='word_1_177' title='bbox 652 1436 892 1463; x_wconf 75' lang='lat' dir='ltr'><strong>confirmationem</strong></span> <span class='ocrx_word' id='word_1_178' title='bbox 913 1437 987 1464; x_wconf 87' lang='lat' dir='ltr'><strong>ﬁdei.</strong></span> <span class='ocrx_word' id='word_1_179' title='bbox 1004 1437 1084 1464; x_wconf 82' lang='lat' dir='ltr'><strong>Anti-</strong></span> 
     </span>
    </p>
   </div>
   <div class='ocr_carea' id='block_1_29' title="bbox 294 1481 1084 1518">
    <p class='ocr_par' dir='ltr' id='par_1_29' title="bbox 294 1481 1084 1518">
     <span class='ocr_line' id='line_1_29' title="bbox 294 1481 1084 1518; baseline 0.004 -10"><span class='ocrx_word' id='word_1_180' title='bbox 294 1481 429 1508; x_wconf 80' lang='lat' dir='ltr'><strong>christum</strong></span> <span class='ocrx_word' id='word_1_181' title='bbox 454 1491 463 1506; x_wconf 78' lang='grc' dir='ltr'>ι</span> <span class='ocrx_word' id='word_1_182' title='bbox 492 1481 681 1516; x_wconf 80' lang='lat' dir='ltr'><strong>operationem</strong></span> <span class='ocrx_word' id='word_1_183' title='bbox 704 1483 808 1510; x_wconf 89' lang='lat' dir='ltr'><strong>erroris</strong></span> <span class='ocrx_word' id='word_1_184' title='bbox 828 1492 838 1510; x_wconf 75' lang='lat' dir='ltr'><strong>t</strong></span> <span class='ocrx_word' id='word_1_185' title='bbox 870 1484 1027 1518; x_wconf 80' lang='lat' dir='ltr'><strong>appellavit.</strong></span> <span class='ocrx_word' id='word_1_186' title='bbox 1056 1483 1084 1511; x_wconf 88' lang='lat' dir='ltr'><strong>Si</strong></span> 
     </span>
    </p>
   </div>
   <div class='ocr_carea' id='block_1_30' title="bbox 294 1526 1085 1562">
    <p class='ocr_par' dir='ltr' id='par_1_30' title="bbox 294 1526 1085 1562">
     <span class='ocr_line' id='line_1_30' title="bbox 294 1526 1085 1562; baseline 0.006 -10"><span class='ocrx_word' id='word_1_187' title='bbox 294 1526 380 1561; x_wconf 73' lang='lat' dir='ltr'><strong>igitur</strong></span> <span class='ocrx_word' id='word_1_188' title='bbox 394 1527 577 1554; x_wconf 90' lang='lat' dir='ltr'><strong>audacissima</strong></span> <span class='ocrx_word' id='word_1_189' title='bbox 591 1528 637 1555; x_wconf 88' lang='lat' dir='ltr'><strong>illa</strong></span> <span class='ocrx_word' id='word_1_190' title='bbox 653 1528 740 1556; x_wconf 85' lang='lat' dir='ltr'><strong>bestia</strong></span> <span class='ocrx_word' id='word_1_191' title='bbox 754 1529 867 1556; x_wconf 91' lang='lat' dir='ltr'><strong>minime</strong></span> <span class='ocrx_word' id='word_1_192' title='bbox 878 1529 996 1562; x_wconf 86' lang='lat' dir='ltr'><strong>veniret,</strong></span> <span class='ocrx_word' id='word_1_193' title='bbox 1012 1538 1085 1557; x_wconf 90' lang='lat' dir='ltr'><strong>nun-</strong></span> 
     </span>
    </p>
   </div>
   <div class='ocr_carea' id='block_1_31' title="bbox 295 1573 1084 1610">
    <p class='ocr_par' dir='ltr' id='par_1_31' title="bbox 295 1573 1084 1610">
     <span class='ocr_line' id='line_1_31' title="bbox 295 1573 1084 1610; baseline 0.008 -13"><span class='ocrx_word' id='word_1_194' title='bbox 295 1578 379 1605; x_wconf 85' lang='lat' dir='ltr'><strong>quam</strong></span> <span class='ocrx_word' id='word_1_195' title='bbox 395 1579 473 1599; x_wconf 90' lang='lat' dir='ltr'><strong>suam</strong></span> <span class='ocrx_word' id='word_1_196' title='bbox 492 1573 703 1607; x_wconf 89' lang='lat' dir='ltr'><strong>perversitatem</strong></span> <span class='ocrx_word' id='word_1_197' title='bbox 717 1574 906 1609; x_wconf 78' lang='lat' dir='ltr'><strong>agnovissent.</strong></span> <span class='ocrx_word' id='word_1_198' title='bbox 933 1575 1028 1610; x_wconf 90' lang='lat' dir='ltr'><strong>itaque</strong></span> <span class='ocrx_word' id='word_1_199' title='bbox 1050 1576 1084 1603; x_wconf 90' lang='lat' dir='ltr'><strong>ad</strong></span> 
     </span>
    </p>
   </div>
   <div class='ocr_carea' id='block_1_32' title="bbox 296 1616 1120 1657">
    <p class='ocr_par' dir='ltr' id='par_1_32' title="bbox 296 1616 1120 1657">
     <span class='ocr_line' id='line_1_32' title="bbox 296 1616 1120 1657; baseline 0.007 -15"><span class='ocrx_word' id='word_1_200' title='bbox 296 1616 426 1644; x_wconf 70' lang='lat' dir='ltr'><strong>iiebrmos</strong></span> <span class='ocrx_word' id='word_1_201' title='bbox 455 1618 661 1650; x_wconf 75' lang='lat' dir='ltr'><strong>redarguendos</strong></span> <span class='ocrx_word' id='word_1_202' title='bbox 687 1619 791 1650; x_wconf 83' lang='lat' dir='ltr'><strong>veniet,</strong></span> <span class='ocrx_word' id='word_1_203' title='bbox 819 1625 849 1647; x_wconf 92' lang='lat' dir='ltr'><strong>ut</strong></span> <span class='ocrx_word' id='word_1_204' title='bbox 864 1628 897 1647; x_wconf 89' lang='lat' dir='ltr'><strong>ne</strong></span> <span class='ocrx_word' id='word_1_205' title='bbox 925 1621 1083 1655; x_wconf 79' lang='lat' dir='ltr'><strong>ﬁgmentum</strong></span> <span class='ocrx_word' id='word_1_206' title='bbox 1099 1628 1120 1657; x_wconf 67' lang='grc' dir='ltr'><strong>(ι</strong></span> 
     </span>
    </p>
   </div>
   <div class='ocr_carea' id='block_1_33' title="bbox 296 1662 1083 1700">
    <p class='ocr_par' dir='ltr' id='par_1_33' title="bbox 296 1662 1083 1700">
     <span class='ocr_line' id='line_1_33' title="bbox 296 1662 1083 1700; baseline 0.009 -13"><span class='ocrx_word' id='word_1_207' title='bbox 296 1662 408 1696; x_wconf 84' lang='lat' dir='ltr'><strong>quidem</strong></span> <span class='ocrx_word' id='word_1_208' title='bbox 420 1667 602 1697; x_wconf 78' lang='lat' dir='ltr'><strong>praetexentes</strong></span> <span class='ocrx_word' id='word_1_209' title='bbox 615 1665 708 1692; x_wconf 87' lang='lat' dir='ltr'><strong>dicere</strong></span> <span class='ocrx_word' id='word_1_210' title='bbox 721 1671 822 1700; x_wconf 88' lang='lat' dir='ltr'><strong>queant</strong></span> <span class='ocrx_word' id='word_1_211' title='bbox 834 1675 840 1693; x_wconf 89' lang='lat'>:</span> <span class='ocrx_word' id='word_1_212' title='bbox 855 1666 988 1699; x_wconf 78' lang='lat' dir='ltr'><strong>Quoniam</strong></span> <span class='ocrx_word' id='word_1_213' title='bbox 1004 1667 1083 1694; x_wconf 91' lang='lat' dir='ltr'><strong>audi-</strong></span> 
     </span>
    </p>
   </div>
   <div class='ocr_carea' id='block_1_34' title="bbox 296 1707 1085 1746">
    <p class='ocr_par' dir='ltr' id='par_1_34' title="bbox 296 1707 1085 1746">
     <span class='ocr_line' id='line_1_34' title="bbox 296 1707 1085 1746; baseline 0.01 -14"><span class='ocrx_word' id='word_1_214' title='bbox 296 1707 389 1734; x_wconf 80' lang='lat' dir='ltr'><strong>vimus</strong></span> <span class='ocrx_word' id='word_1_215' title='bbox 402 1708 544 1735; x_wconf 77' lang='lat' dir='ltr'><strong>Christum</strong></span> <span class='ocrx_word' id='word_1_216' title='bbox 558 1714 645 1737; x_wconf 80' lang='lat' dir='ltr'><strong>semet</strong></span> <span class='ocrx_word' id='word_1_217' title='bbox 660 1710 758 1737; x_wconf 85' lang='lat' dir='ltr'><strong>Filium</strong></span> <span class='ocrx_word' id='word_1_218' title='bbox 784 1711 831 1738; x_wconf 89' lang='lat' dir='ltr'><strong>Dei</strong></span> <span class='ocrx_word' id='word_1_219' title='bbox 847 1713 1046 1746; x_wconf 88' lang='lat' dir='ltr'><strong>nominantem,</strong></span> <span class='ocrx_word' id='word_1_220' title='bbox 1059 1718 1085 1740; x_wconf 91' lang='lat' dir='ltr'><strong>et</strong></span> 
     </span>
    </p>
   </div>
   <div class='ocr_carea' id='block_1_35' title="bbox 297 1753 1085 1790">
    <p class='ocr_par' dir='ltr' id='par_1_35' title="bbox 297 1753 1085 1790">
     <span class='ocr_line' id='line_1_35' title="bbox 297 1753 1085 1790; baseline 0.008 -11"><span class='ocrx_word' id='word_1_221' title='bbox 297 1753 346 1780; x_wconf 82' lang='lat' dir='ltr'><strong>Dei</strong></span> <span class='ocrx_word' id='word_1_222' title='bbox 364 1754 482 1781; x_wconf 78' lang='lat' dir='ltr'><strong>viventis</strong></span> <span class='ocrx_word' id='word_1_223' title='bbox 499 1755 659 1790; x_wconf 77' lang='lat' dir='ltr'><strong>progeniem</strong></span> <span class='ocrx_word' id='word_1_224' title='bbox 675 1756 709 1783; x_wconf 90' lang='lat' dir='ltr'><strong>ab</strong></span> <span class='ocrx_word' id='word_1_225' title='bbox 723 1756 794 1787; x_wconf 84' lang='lat' dir='ltr'><strong>aliis,</strong></span> <span class='ocrx_word' id='word_1_226' title='bbox 807 1757 884 1783; x_wconf 92' lang='lat' dir='ltr'><strong>nullo</strong></span> <span class='ocrx_word' id='word_1_227' title='bbox 897 1758 979 1785; x_wconf 88' lang='lat' dir='ltr'><strong>modo</strong></span> <span class='ocrx_word' id='word_1_228' title='bbox 994 1765 1045 1786; x_wconf 85' lang='lat' dir='ltr'><strong>nos</strong></span> <span class='ocrx_word' id='word_1_229' title='bbox 1060 1759 1085 1785; x_wconf 90' lang='lat' dir='ltr'><strong>ei</strong></span> 
     </span>
    </p>
   </div>
   <div class='ocr_carea' id='block_1_36' title="bbox 299 1797 1087 1836">
    <p class='ocr_par' dir='ltr' id='par_1_36' title="bbox 299 1797 1087 1836">
     <span class='ocr_line' id='line_1_36' title="bbox 299 1797 1087 1836; baseline 0.01 -13"><span class='ocrx_word' id='word_1_230' title='bbox 299 1797 436 1831; x_wconf 75' lang='lat' dir='ltr'><strong>subjicere</strong></span> <span class='ocrx_word' id='word_1_231' title='bbox 449 1799 597 1827; x_wconf 77' lang='lat' dir='ltr'><strong>voluimus.</strong></span> <span class='ocrx_word' id='word_1_232' title='bbox 614 1800 690 1828; x_wconf 83' lang='lat' dir='ltr'><strong>Talia</strong></span> <span class='ocrx_word' id='word_1_233' title='bbox 705 1801 885 1836; x_wconf 82' lang='lat' dir='ltr'><strong>loquentibus</strong></span> <span class='ocrx_word' id='word_1_234' title='bbox 897 1803 1087 1832; x_wconf 84' lang='lat' dir='ltr'><strong>Antichristus</strong></span> 
     </span>
    </p>
   </div>
   <div class='ocr_carea' id='block_1_37' title="bbox 298 1843 1085 1882">
    <p class='ocr_par' dir='ltr' id='par_1_37' title="bbox 298 1843 1085 1882">
     <span class='ocr_line' id='line_1_37' title="bbox 298 1843 1085 1882; baseline 0.008 -12"><span class='ocrx_word' id='word_1_235' title='bbox 298 1850 331 1870; x_wconf 79' lang='lat' dir='ltr'><strong>ex</strong></span> <span class='ocrx_word' id='word_1_236' title='bbox 349 1843 384 1871; x_wconf 85' lang='lat' dir='ltr'><strong>iis</strong></span> <span class='ocrx_word' id='word_1_237' title='bbox 397 1852 458 1878; x_wconf 66' lang='lat' dir='ltr'><strong>qua;</strong></span> <span class='ocrx_word' id='word_1_238' title='bbox 471 1844 530 1879; x_wconf 90' lang='lat' dir='ltr'><strong>ipse</strong></span> <span class='ocrx_word' id='word_1_239' title='bbox 545 1844 658 1878; x_wconf 78' lang='lat' dir='ltr'><strong>dixerit,</strong></span> <span class='ocrx_word' id='word_1_240' title='bbox 671 1845 863 1882; x_wconf 78' lang='lat' dir='ltr'><strong>eilinxeritque</strong></span> <span class='ocrx_word' id='word_1_241' title='bbox 876 1855 907 1875; x_wconf 90' lang='lat' dir='ltr'><strong>os</strong></span> <span class='ocrx_word' id='word_1_242' title='bbox 923 1849 1064 1876; x_wconf 84' lang='lat' dir='ltr'><strong>obturabit</strong></span> <span class='ocrx_word' id='word_1_243' title='bbox 1078 1858 1085 1875; x_wconf 91' lang='lat'><strong>:</strong></span> 
     </span>
    </p>
   </div>
   <div class='ocr_carea' id='block_1_38' title="bbox 297 1888 1086 1927">
    <p class='ocr_par' dir='ltr' id='par_1_38' title="bbox 297 1888 1086 1927">
     <span class='ocr_line' id='line_1_38' title="bbox 297 1888 1086 1927; baseline 0.006 -13"><span class='ocrx_word' id='word_1_244' title='bbox 297 1888 367 1915; x_wconf 87' lang='lat' dir='ltr'><strong>nihil</strong></span> <span class='ocrx_word' id='word_1_245' title='bbox 380 1889 454 1916; x_wconf 90' lang='lat' dir='ltr'><strong>enim</strong></span> <span class='ocrx_word' id='word_1_246' title='bbox 462 1889 495 1916; x_wconf 92' lang='lat' dir='ltr'><strong>ad</strong></span> <span class='ocrx_word' id='word_1_247' title='bbox 504 1890 660 1922; x_wconf 82' lang='lat' dir='ltr'><strong>veritatem,</strong></span> <span class='ocrx_word' id='word_1_248' title='bbox 673 1890 721 1918; x_wconf 89' lang='lat' dir='ltr'><strong>sed</strong></span> <span class='ocrx_word' id='word_1_249' title='bbox 734 1898 809 1918; x_wconf 90' lang='lat' dir='ltr'><strong>mera</strong></span> <span class='ocrx_word' id='word_1_250' title='bbox 823 1891 965 1919; x_wconf 87' lang='lat' dir='ltr'><strong>mendacia</strong></span> <span class='ocrx_word' id='word_1_251' title='bbox 977 1899 1086 1927; x_wconf 87' lang='lat' dir='ltr'><strong>semper</strong></span> 
     </span>
    </p>
   </div>
   <div class='ocr_carea' id='block_1_39' title="bbox 297 1933 1087 1970">
    <p class='ocr_par' dir='ltr' id='par_1_39' title="bbox 297 1933 1087 1970">
     <span class='ocr_line' id='line_1_39' title="bbox 297 1933 1087 1970; baseline 0.005 -11"><span class='ocrx_word' id='word_1_252' title='bbox 297 1933 428 1968; x_wconf 86' lang='lat' dir='ltr'><strong>loquetur</strong></span> <span class='ocrx_word' id='word_1_253' title='bbox 442 1938 469 1961; x_wconf 92' lang='lat' dir='ltr'><strong>et</strong></span> <span class='ocrx_word' id='word_1_254' title='bbox 481 1933 574 1966; x_wconf 83' lang='lat' dir='ltr'><strong>faciet,</strong></span> <span class='ocrx_word' id='word_1_255' title='bbox 591 1934 662 1962; x_wconf 83' lang='lat' dir='ltr'><strong>sicut</strong></span> <span class='ocrx_word' id='word_1_256' title='bbox 675 1939 753 1970; x_wconf 84' lang='lat' dir='ltr'><strong>pater</strong></span> <span class='ocrx_word' id='word_1_257' title='bbox 766 1936 913 1963; x_wconf 90' lang='lat' dir='ltr'><strong>mendacii.</strong></span> <span class='ocrx_word' id='word_1_258' title='bbox 930 1937 963 1963; x_wconf 90' lang='lat' dir='ltr'><strong>Et</strong></span> <span class='ocrx_word' id='word_1_259' title='bbox 976 1944 1038 1964; x_wconf 91' lang='lat' dir='ltr'><strong>cum</strong></span> <span class='ocrx_word' id='word_1_260' title='bbox 1052 1937 1087 1964; x_wconf 89' lang='lat' dir='ltr'><strong>sit</strong></span> 
     </span>
    </p>
   </div>
   <div class='ocr_carea' id='block_1_40' title="bbox 299 1979 1088 2016">
    <p class='ocr_par' dir='ltr' id='par_1_40' title="bbox 299 1979 1088 2016">
     <span class='ocr_line' id='line_1_40' title="bbox 299 1979 1088 2016; baseline 0.005 -10"><span class='ocrx_word' id='word_1_261' title='bbox 299 1979 348 2006; x_wconf 89' lang='lat' dir='ltr'><strong>Dei</strong></span> <span class='ocrx_word' id='word_1_262' title='bbox 372 1979 560 2012; x_wconf 83' lang='lat' dir='ltr'><strong>adversarius,</strong></span> <span class='ocrx_word' id='word_1_263' title='bbox 580 1980 665 2007; x_wconf 85' lang='lat' dir='ltr'><strong>Deum</strong></span> <span class='ocrx_word' id='word_1_264' title='bbox 683 1986 774 2008; x_wconf 86' lang='lat' dir='ltr'><strong>tamen</strong></span> <span class='ocrx_word' id='word_1_265' title='bbox 792 1989 853 2009; x_wconf 85' lang='lat' dir='ltr'><strong>sese</strong></span> <span class='ocrx_word' id='word_1_266' title='bbox 875 1990 929 2009; x_wconf 92' lang='lat' dir='ltr'><strong>non</strong></span> <span class='ocrx_word' id='word_1_267' title='bbox 951 1983 1046 2010; x_wconf 87' lang='lat' dir='ltr'><strong>timide</strong></span> <span class='ocrx_word' id='word_1_268' title='bbox 1061 1990 1088 2016; x_wconf 76' lang='grc' dir='ltr'><strong>(ο</strong></span> 
     </span>
    </p>
   </div>
   <div class='ocr_carea' id='block_1_41' title="bbox 298 2024 1089 2059">
    <p class='ocr_par' dir='ltr' id='par_1_41' title="bbox 298 2024 1089 2059">
     <span class='ocr_line' id='line_1_41' title="bbox 298 2024 1089 2059; baseline 0.005 -9"><span class='ocrx_word' id='word_1_269' title='bbox 298 2024 485 2058; x_wconf 84' lang='lat' dir='ltr'><strong>importunam</strong></span> <span class='ocrx_word' id='word_1_270' title='bbox 505 2024 683 2059; x_wconf 87' lang='lat' dir='ltr'><strong>audaciam!)</strong></span> <span class='ocrx_word' id='word_1_271' title='bbox 701 2026 891 2059; x_wconf 82' lang='lat' dir='ltr'><strong>appellaverit,</strong></span> <span class='ocrx_word' id='word_1_272' title='bbox 915 2027 998 2054; x_wconf 80' lang='lat' dir='ltr'><strong>etiam</strong></span> <span class='ocrx_word' id='word_1_273' title='bbox 1024 2027 1089 2054; x_wconf 88' lang='lat' dir='ltr'><strong>hinc</strong></span> 
     </span>
    </p>
   </div>
   <div class='ocr_carea' id='block_1_42' title="bbox 300 2069 1089 2104">
    <p class='ocr_par' dir='ltr' id='par_1_42' title="bbox 300 2069 1089 2104">
     <span class='ocr_line' id='line_1_42' title="bbox 300 2069 1089 2104; baseline 0.005 -11"><span class='ocrx_word' id='word_1_274' title='bbox 300 2069 496 2102; x_wconf 81' lang='lat' dir='ltr'><strong>ingratissimis</strong></span> <span class='ocrx_word' id='word_1_275' title='bbox 526 2069 666 2096; x_wconf 89' lang='lat' dir='ltr'><strong>siientiutn</strong></span> <span class='ocrx_word' id='word_1_276' title='bbox 695 2069 829 2104; x_wconf 88' lang='lat' dir='ltr'><strong>imponet.</strong></span> <span class='ocrx_word' id='word_1_277' title='bbox 859 2070 887 2097; x_wconf 84' lang='lat' dir='ltr'><strong>Si</strong></span> <span class='ocrx_word' id='word_1_278' title='bbox 923 2070 997 2098; x_wconf 88' lang='lat' dir='ltr'><strong>enim</strong></span> <span class='ocrx_word' id='word_1_279' title='bbox 1034 2078 1089 2098; x_wconf 92' lang='lat' dir='ltr'><strong>non</strong></span> 
     </span>
    </p>
   </div>
   <div class='ocr_carea' id='block_1_43' title="bbox 300 2112 1087 2149">
    <p class='ocr_par' dir='ltr' id='par_1_43' title="bbox 300 2112 1087 2149">
     <span class='ocr_line' id='line_1_43' title="bbox 300 2112 1087 2149; baseline 0.005 -11"><span class='ocrx_word' id='word_1_280' title='bbox 300 2112 471 2140; x_wconf 87' lang='lat' dir='ltr'><strong>audivissent</strong></span> <span class='ocrx_word' id='word_1_281' title='bbox 487 2113 628 2140; x_wconf 78' lang='lat' dir='ltr'><strong>Christum</strong></span> <span class='ocrx_word' id='word_1_282' title='bbox 640 2114 774 2146; x_wconf 80' lang='lat' dir='ltr'><strong>Verbum,</strong></span> <span class='ocrx_word' id='word_1_283' title='bbox 792 2115 877 2142; x_wconf 88' lang='lat' dir='ltr'><strong>Deum</strong></span> <span class='ocrx_word' id='word_1_284' title='bbox 893 2120 922 2142; x_wconf 88' lang='lat' dir='ltr'><strong>et</strong></span> <span class='ocrx_word' id='word_1_285' title='bbox 935 2115 1087 2149; x_wconf 83' lang='lat' dir='ltr'><strong>hominem,</strong></span> 
     </span>
    </p>
   </div>
   <div class='ocr_carea' id='block_1_44' title="bbox 300 2159 1090 2193">
    <p class='ocr_par' dir='ltr' id='par_1_44' title="bbox 300 2159 1090 2193">
     <span class='ocr_line' id='line_1_44' title="bbox 300 2159 1090 2193; baseline 0.008 -9"><span class='ocrx_word' id='word_1_286' title='bbox 300 2163 377 2186; x_wconf 85' lang='lat' dir='ltr'><strong>tanto</strong></span> <span class='ocrx_word' id='word_1_287' title='bbox 399 2159 486 2193; x_wconf 76' lang='lat' dir='ltr'><strong>magis</strong></span> <span class='ocrx_word' id='word_1_288' title='bbox 511 2159 550 2186; x_wconf 90' lang='lat' dir='ltr'><strong>illi</strong></span> <span class='ocrx_word' id='word_1_289' title='bbox 575 2159 689 2187; x_wconf 83' lang='lat' dir='ltr'><strong>credere</strong></span> <span class='ocrx_word' id='word_1_290' title='bbox 711 2168 766 2187; x_wconf 92' lang='lat' dir='ltr'><strong>non</strong></span> <span class='ocrx_word' id='word_1_291' title='bbox 792 2161 937 2189; x_wconf 89' lang='lat' dir='ltr'><strong>deberent.</strong></span> <span class='ocrx_word' id='word_1_292' title='bbox 963 2162 1090 2191; x_wconf 80' lang='lat' dir='ltr'><strong>Christus</strong></span> 
     </span>
    </p>
   </div>
   <div class='ocr_carea' id='block_1_45' title="bbox 301 2204 1090 2238">
    <p class='ocr_par' dir='ltr' id='par_1_45' title="bbox 301 2204 1090 2238">
     <span class='ocr_line' id='line_1_45' title="bbox 301 2204 1090 2238; baseline 0.01 -9"><span class='ocrx_word' id='word_1_293' title='bbox 301 2204 374 2230; x_wconf 74' lang='lat' dir='ltr'><strong>enim</strong></span> <span class='ocrx_word' id='word_1_294' title='bbox 392 2204 418 2231; x_wconf 91' lang='lat' dir='ltr'><strong>in</strong></span> <span class='ocrx_word' id='word_1_295' title='bbox 442 2204 597 2232; x_wconf 88' lang='lat' dir='ltr'><strong>humilitate</strong></span> <span class='ocrx_word' id='word_1_296' title='bbox 620 2205 747 2238; x_wconf 87' lang='lat' dir='ltr'><strong>docebat,</strong></span> <span class='ocrx_word' id='word_1_297' title='bbox 770 2206 866 2234; x_wconf 83' lang='lat' dir='ltr'><strong>dicens</strong></span> <span class='ocrx_word' id='word_1_298' title='bbox 895 2215 923 2235; x_wconf 83' lang='lat' dir='ltr'><strong>se</strong></span> <span class='ocrx_word' id='word_1_299' title='bbox 948 2209 1090 2237; x_wconf 85' lang='lat' dir='ltr'><strong>missuma</strong></span> 
     </span>
    </p>
   </div>
   <div class='ocr_carea' id='block_1_46' title="bbox 301 2250 1088 2285">
    <p class='ocr_par' dir='ltr' id='par_1_46' title="bbox 301 2250 1088 2285">
     <span class='ocr_line' id='line_1_46' title="bbox 301 2250 1088 2285; baseline 0.01 -9"><span class='ocrx_word' id='word_1_300' title='bbox 301 2250 381 2277; x_wconf 84' lang='lat' dir='ltr'><strong>Patre</strong></span> <span class='ocrx_word' id='word_1_301' title='bbox 398 2259 404 2276; x_wconf 89' lang='lat'><strong>:</strong></span> <span class='ocrx_word' id='word_1_302' title='bbox 421 2251 489 2278; x_wconf 89' lang='lat' dir='ltr'><strong>nihil</strong></span> <span class='ocrx_word' id='word_1_303' title='bbox 506 2251 565 2279; x_wconf 88' lang='lat' dir='ltr'><strong>sine</strong></span> <span class='ocrx_word' id='word_1_304' title='bbox 581 2252 639 2285; x_wconf 92' lang='lat' dir='ltr'><strong>illo,</strong></span> <span class='ocrx_word' id='word_1_305' title='bbox 654 2257 682 2280; x_wconf 89' lang='lat' dir='ltr'><strong>et</strong></span> <span class='ocrx_word' id='word_1_306' title='bbox 695 2253 811 2280; x_wconf 91' lang='lat' dir='ltr'><strong>consilio</strong></span> <span class='ocrx_word' id='word_1_307' title='bbox 824 2254 942 2282; x_wconf 85' lang='lat' dir='ltr'><strong>Paterno</strong></span> <span class='ocrx_word' id='word_1_308' title='bbox 958 2255 1060 2284; x_wconf 89' lang='lat' dir='ltr'><strong>habere</strong></span> <span class='ocrx_word' id='word_1_309' title='bbox 1073 2265 1088 2284; x_wconf 88' lang='lat' dir='ltr'><strong>a</strong></span> 
     </span>
    </p>
   </div>
   <div class='ocr_carea' id='block_1_47' title="bbox 1133 326 1923 362">
    <p class='ocr_par' dir='ltr' id='par_1_47' title="bbox 1133 326 1923 362">
     <span class='ocr_line' id='line_1_47' title="bbox 1133 326 1923 362; baseline 0.006 -10"><span class='ocrx_word' id='word_1_310' title='bbox 1133 326 1189 356; x_wconf 82' lang='lat' dir='ltr'><strong>det,</strong></span> <span class='ocrx_word' id='word_1_311' title='bbox 1204 327 1416 362; x_wconf 75' lang='lat' dir='ltr'><strong>nugabiturquc.</strong></span> <span class='ocrx_word' id='word_1_312' title='bbox 1429 327 1550 361; x_wconf 85' lang='lat' dir='ltr'><strong>Quorum</strong></span> <span class='ocrx_word' id='word_1_313' title='bbox 1563 329 1696 356; x_wconf 85' lang='lat' dir='ltr'><strong>Dominus</strong></span> <span class='ocrx_word' id='word_1_314' title='bbox 1706 329 1818 357; x_wconf 66' lang='lat' dir='ltr'><strong>Jt&#39;daaos</strong></span> <span class='ocrx_word' id='word_1_315' title='bbox 1829 330 1923 358; x_wconf 85' lang='lat' dir='ltr'><strong>admo-</strong></span> 
     </span>
    </p>
   </div>
   <div class='ocr_carea' id='block_1_48' title="bbox 1133 372 1922 408">
    <p class='ocr_par' dir='ltr' id='par_1_48' title="bbox 1133 372 1922 408">
     <span class='ocr_line' id='line_1_48' title="bbox 1133 372 1922 408; baseline 0.005 -10"><span class='ocrx_word' id='word_1_316' title='bbox 1133 380 1212 404; x_wconf 85' lang='lat' dir='ltr'><strong>nens,</strong></span> <span class='ocrx_word' id='word_1_317' title='bbox 1229 372 1319 400; x_wconf 80' lang='lat' dir='ltr'><strong>aiebat</strong></span> <span class='ocrx_word' id='word_1_318' title='bbox 1335 381 1343 401; x_wconf 87' lang='lat'>:</span> <span class='ocrx_word' id='word_1_319' title='bbox 1362 373 1403 400; x_wconf 82' lang='lat' dir='ltr'><strong>Me</strong></span> <span class='ocrx_word' id='word_1_320' title='bbox 1419 373 1466 408; x_wconf 88' lang='lat' dir='ltr'><strong>qui</strong></span> <span class='ocrx_word' id='word_1_321' title='bbox 1485 373 1547 400; x_wconf 88' lang='lat' dir='ltr'><strong>veni</strong></span> <span class='ocrx_word' id='word_1_322' title='bbox 1565 374 1592 400; x_wconf 94' lang='lat' dir='ltr'><strong>in</strong></span> <span class='ocrx_word' id='word_1_323' title='bbox 1610 375 1723 401; x_wconf 86' lang='lat' dir='ltr'><strong>nomine</strong></span> <span class='ocrx_word' id='word_1_324' title='bbox 1749 375 1840 402; x_wconf 78' lang='lat' dir='ltr'><strong>Patris</strong></span> <span class='ocrx_word' id='word_1_325' title='bbox 1858 377 1922 407; x_wconf 90' lang='lat' dir='ltr'><strong>mei,</strong></span> 
     </span>
    </p>
   </div>
   <div class='ocr_carea' id='block_1_49' title="bbox 1133 419 1919 455">
    <p class='ocr_par' dir='ltr' id='par_1_49' title="bbox 1133 419 1919 455">
     <span class='ocr_line' id='line_1_49' title="bbox 1133 419 1919 455; baseline 0.004 -9"><span class='ocrx_word' id='word_1_326' title='bbox 1133 423 1160 446; x_wconf 74' lang='lat' dir='ltr'><strong>et</strong></span> <span class='ocrx_word' id='word_1_327' title='bbox 1175 419 1314 446; x_wconf 81' lang='lat' dir='ltr'><strong>voluntate</strong></span> <span class='ocrx_word' id='word_1_328' title='bbox 1339 424 1464 454; x_wconf 86' lang='lat' dir='ltr'><strong>paterna,</strong></span> <span class='ocrx_word' id='word_1_329' title='bbox 1479 427 1534 447; x_wconf 90' lang='lat' dir='ltr'><strong>non</strong></span> <span class='ocrx_word' id='word_1_330' title='bbox 1550 421 1713 455; x_wconf 79' lang='lat' dir='ltr'><strong>suscepistis</strong></span> <span class='ocrx_word' id='word_1_331' title='bbox 1730 430 1736 448; x_wconf 89' lang='lat'>:</span> <span class='ocrx_word' id='word_1_332' title='bbox 1759 431 1768 446; x_wconf 68' lang='grc' dir='ltr'><strong>ε</strong></span> <span class='ocrx_word' id='word_1_333' title='bbox 1796 422 1875 449; x_wconf 81' lang='lat' dir='ltr'><strong>Alius</strong></span> <span class='ocrx_word' id='word_1_334' title='bbox 1894 422 1919 449; x_wconf 94' lang='lat' dir='ltr'><strong>in</strong></span> 
     </span>
    </p>
   </div>
   <div class='ocr_carea' id='block_1_50' title="bbox 1134 465 1764 501">
    <p class='ocr_par' dir='ltr' id='par_1_50' title="bbox 1134 465 1764 501">
     <span class='ocr_line' id='line_1_50' title="bbox 1134 465 1764 501; baseline 0.003 -9"><span class='ocrx_word' id='word_1_335' title='bbox 1134 465 1245 493; x_wconf 84' lang='lat' dir='ltr'><strong>nomine</strong></span> <span class='ocrx_word' id='word_1_336' title='bbox 1264 473 1314 493; x_wconf 92' lang='lat' dir='ltr'><strong>suo</strong></span> <span class='ocrx_word' id='word_1_337' title='bbox 1327 466 1429 498; x_wconf 87' lang='lat' dir='ltr'><strong>veniet,</strong></span> <span class='ocrx_word' id='word_1_338' title='bbox 1444 466 1518 494; x_wconf 90' lang='lat' dir='ltr'><strong>hunc</strong></span> <span class='ocrx_word' id='word_1_339' title='bbox 1530 467 1688 501; x_wconf 81' lang='lat' dir='ltr'><strong>suseipietis</strong></span> <span class='ocrx_word' id='word_1_340' title='bbox 1702 467 1737 494; x_wconf 83' lang='lat'><strong>“.</strong></span> <span class='ocrx_word' id='word_1_341' title='bbox 1754 477 1764 493; x_wconf 75' lang='grc' dir='ltr'><strong><em>ι</em></strong></span> 
     </span>
    </p>
   </div>
   <div class='ocr_carea' id='block_1_51' title="bbox 1169 511 1925 548">
    <p class='ocr_par' dir='ltr' id='par_1_51' title="bbox 1169 511 1925 548">
     <span class='ocr_line' id='line_1_51' title="bbox 1169 511 1925 548; baseline 0.005 -11"><span class='ocrx_word' id='word_1_342' title='bbox 1169 512 1267 538; x_wconf 64' lang='grc' dir='ltr'><strong>Αῖωιιλ.</strong></span> <span class='ocrx_word' id='word_1_343' title='bbox 1281 511 1424 544; x_wconf 72' lang='lat' dir='ltr'><strong>Quomodo</strong></span> <span class='ocrx_word' id='word_1_344' title='bbox 1435 517 1528 540; x_wconf 79' lang='lat' dir='ltr'><strong>autem</strong></span> <span class='ocrx_word' id='word_1_345' title='bbox 1541 512 1657 540; x_wconf 86' lang='lat' dir='ltr'><strong>Satanas</strong></span> <span class='ocrx_word' id='word_1_346' title='bbox 1669 520 1774 548; x_wconf 93' lang='lat' dir='ltr'><strong>corpus</strong></span> <span class='ocrx_word' id='word_1_347' title='bbox 1784 514 1925 548; x_wconf 73' lang='lat' dir='ltr'><strong>gestabit?</strong></span> 
     </span>
    </p>
   </div>
   <div class='ocr_carea' id='block_1_52' title="bbox 1133 557 1925 593">
    <p class='ocr_par' dir='ltr' id='par_1_52' title="bbox 1133 557 1925 593">
     <span class='ocr_line' id='line_1_52' title="bbox 1133 557 1925 593; baseline 0.003 -10"><span class='ocrx_word' id='word_1_348' title='bbox 1133 565 1243 591; x_wconf 70' lang='lat' dir='ltr'><strong>quaeso;</strong></span> <span class='ocrx_word' id='word_1_349' title='bbox 1277 562 1305 585; x_wconf 91' lang='lat' dir='ltr'><strong>et</strong></span> <span class='ocrx_word' id='word_1_350' title='bbox 1325 557 1464 592; x_wconf 88' lang='lat' dir='ltr'><strong>quomodo</strong></span> <span class='ocrx_word' id='word_1_351' title='bbox 1481 566 1564 585; x_wconf 90' lang='lat' dir='ltr'><strong>carne</strong></span> <span class='ocrx_word' id='word_1_352' title='bbox 1581 558 1830 586; x_wconf 87' lang='lat' dir='ltr'><strong>eontinebitur?et</strong></span> <span class='ocrx_word' id='word_1_353' title='bbox 1855 567 1925 593; x_wconf 89' lang='lat' dir='ltr'><strong>quo-</strong></span> 
     </span>
    </p>
   </div>
   <div class='ocr_carea' id='block_1_53' title="bbox 1133 603 1926 640">
    <p class='ocr_par' dir='ltr' id='par_1_53' title="bbox 1133 603 1926 640">
     <span class='ocr_line' id='line_1_53' title="bbox 1133 603 1926 640; baseline 0.005 -10"><span class='ocrx_word' id='word_1_354' title='bbox 1133 603 1216 631; x_wconf 89' lang='lat' dir='ltr'><strong>modo</strong></span> <span class='ocrx_word' id='word_1_355' title='bbox 1241 604 1360 631; x_wconf 87' lang='lat' dir='ltr'><strong>animam</strong></span> <span class='ocrx_word' id='word_1_356' title='bbox 1389 609 1579 640; x_wconf 83' lang='lat' dir='ltr'><strong>mentemque,</strong></span> <span class='ocrx_word' id='word_1_357' title='bbox 1608 610 1640 632; x_wconf 91' lang='lat' dir='ltr'><strong>ut</strong></span> <span class='ocrx_word' id='word_1_358' title='bbox 1668 611 1793 640; x_wconf 86' lang='lat' dir='ltr'><strong>apparet,</strong></span> <span class='ocrx_word' id='word_1_359' title='bbox 1821 612 1850 634; x_wconf 90' lang='lat' dir='ltr'><strong>et</strong></span> <span class='ocrx_word' id='word_1_360' title='bbox 1875 607 1926 634; x_wconf 86' lang='lat' dir='ltr'><strong>alia</strong></span> 
     </span>
    </p>
   </div>
   <div class='ocr_carea' id='block_1_54' title="bbox 1135 650 1922 686">
    <p class='ocr_par' dir='ltr' id='par_1_54' title="bbox 1135 650 1922 686">
     <span class='ocr_line' id='line_1_54' title="bbox 1135 650 1922 686; baseline 0.005 -10"><span class='ocrx_word' id='word_1_361' title='bbox 1135 650 1236 678; x_wconf 87' lang='lat' dir='ltr'><strong>habere</strong></span> <span class='ocrx_word' id='word_1_362' title='bbox 1248 650 1407 681; x_wconf 85' lang='lat' dir='ltr'><strong>videbitur?</strong></span> <span class='ocrx_word' id='word_1_363' title='bbox 1419 656 1448 678; x_wconf 93' lang='lat' dir='ltr'><strong>et</strong></span> <span class='ocrx_word' id='word_1_364' title='bbox 1464 651 1604 686; x_wconf 88' lang='lat' dir='ltr'><strong>quomodo</strong></span> <span class='ocrx_word' id='word_1_365' title='bbox 1619 653 1773 681; x_wconf 87' lang='lat' dir='ltr'><strong>secundum</strong></span> <span class='ocrx_word' id='word_1_366' title='bbox 1791 654 1922 681; x_wconf 86' lang='lat' dir='ltr'><strong>substan-</strong></span> 
     </span>
    </p>
   </div>
   <div class='ocr_carea' id='block_1_55' title="bbox 1135 696 1636 732">
    <p class='ocr_par' dir='ltr' id='par_1_55' title="bbox 1135 696 1636 732">
     <span class='ocr_line' id='line_1_55' title="bbox 1135 696 1636 732; baseline 0.004 -9"><span class='ocrx_word' id='word_1_367' title='bbox 1135 698 1199 724; x_wconf 89' lang='lat' dir='ltr'><strong>tiam</strong></span> <span class='ocrx_word' id='word_1_368' title='bbox 1216 696 1274 731; x_wconf 83' lang='lat' dir='ltr'><strong>ipse</strong></span> <span class='ocrx_word' id='word_1_369' title='bbox 1290 704 1400 732; x_wconf 86' lang='lat' dir='ltr'><strong>quoque</strong></span> <span class='ocrx_word' id='word_1_370' title='bbox 1416 697 1541 725; x_wconf 88' lang='lat' dir='ltr'><strong>mortalis</strong></span> <span class='ocrx_word' id='word_1_371' title='bbox 1559 698 1636 725; x_wconf 87' lang='lat' dir='ltr'><strong>erit?</strong></span> 
     </span>
    </p>
   </div>
   <div class='ocr_carea' id='block_1_56' title="bbox 1169 743 1925 779">
    <p class='ocr_par' dir='ltr' id='par_1_56' title="bbox 1169 743 1925 779">
     <span class='ocr_line' id='line_1_56' title="bbox 1169 743 1925 779; baseline 0.001 -9"><span class='ocrx_word' id='word_1_372' title='bbox 1169 743 1252 770; x_wconf 67' lang='lat' dir='ltr'><strong>Csuo.</strong></span> <span class='ocrx_word' id='word_1_373' title='bbox 1265 743 1306 770; x_wconf 84' lang='lat' dir='ltr'><strong>ita</strong></span> <span class='ocrx_word' id='word_1_374' title='bbox 1319 744 1374 770; x_wconf 91' lang='lat' dir='ltr'><strong>noli</strong></span> <span class='ocrx_word' id='word_1_375' title='bbox 1385 744 1518 778; x_wconf 80' lang='lat' dir='ltr'><strong>cogitare,</strong></span> <span class='ocrx_word' id='word_1_376' title='bbox 1531 751 1581 771; x_wconf 88' lang='lat' dir='ltr'><strong>nec</strong></span> <span class='ocrx_word' id='word_1_377' title='bbox 1593 744 1709 777; x_wconf 87' lang='lat' dir='ltr'><strong>sentire,</strong></span> <span class='ocrx_word' id='word_1_378' title='bbox 1722 752 1774 771; x_wconf 90' lang='lat' dir='ltr'><strong>nec</strong></span> <span class='ocrx_word' id='word_1_379' title='bbox 1787 745 1925 779; x_wconf 88' lang='lat' dir='ltr'><strong>proloqui.</strong></span> 
     </span>
    </p>
   </div>
   <div class='ocr_carea' id='block_1_57' title="bbox 1134 787 1925 824">
    <p class='ocr_par' dir='ltr' id='par_1_57' title="bbox 1134 787 1925 824">
     <span class='ocr_line' id='line_1_57' title="bbox 1134 787 1925 824; baseline 0.003 -10"><span class='ocrx_word' id='word_1_380' title='bbox 1134 788 1172 814; x_wconf 77' lang='lat' dir='ltr'><strong>Ex</strong></span> <span class='ocrx_word' id='word_1_381' title='bbox 1183 795 1284 822; x_wconf 76' lang='lat' dir='ltr'><strong>genere</strong></span> <span class='ocrx_word' id='word_1_382' title='bbox 1297 787 1408 822; x_wconf 87' lang='lat' dir='ltr'><strong>quidem</strong></span> <span class='ocrx_word' id='word_1_383' title='bbox 1421 789 1491 820; x_wconf 89' lang='lat' dir='ltr'><strong>Dan,</strong></span> <span class='ocrx_word' id='word_1_384' title='bbox 1501 793 1529 815; x_wconf 88' lang='lat' dir='ltr'><strong>et</strong></span> <span class='ocrx_word' id='word_1_385' title='bbox 1539 788 1668 816; x_wconf 73' lang='lat' dir='ltr'><strong>Galiiaeus</strong></span> <span class='ocrx_word' id='word_1_386' title='bbox 1681 789 1744 816; x_wconf 89' lang='lat' dir='ltr'><strong>erit.</strong></span> <span class='ocrx_word' id='word_1_387' title='bbox 1760 790 1925 824; x_wconf 73' lang='lat' dir='ltr'><strong>Virguncuia</strong></span> 
     </span>
    </p>
   </div>
   <div class='ocr_carea' id='block_1_58' title="bbox 1136 834 1927 870">
    <p class='ocr_par' dir='ltr' id='par_1_58' title="bbox 1136 834 1927 870">
     <span class='ocr_line' id='line_1_58' title="bbox 1136 834 1927 870; baseline 0.001 -9"><span class='ocrx_word' id='word_1_388' title='bbox 1136 834 1204 862; x_wconf 76' lang='lat' dir='ltr'><strong>falso</strong></span> <span class='ocrx_word' id='word_1_389' title='bbox 1227 834 1342 867; x_wconf 79' lang='lat' dir='ltr'><strong>credita,</strong></span> <span class='ocrx_word' id='word_1_390' title='bbox 1371 839 1401 862; x_wconf 92' lang='lat' dir='ltr'><strong>et</strong></span> <span class='ocrx_word' id='word_1_391' title='bbox 1431 834 1650 870; x_wconf 87' lang='lat' dir='ltr'><strong>impudicissima</strong></span> <span class='ocrx_word' id='word_1_392' title='bbox 1683 836 1862 863; x_wconf 85' lang='lat' dir='ltr'><strong>meretricula</strong></span> <span class='ocrx_word' id='word_1_393' title='bbox 1894 843 1927 863; x_wconf 77' lang='lat' dir='ltr'><strong>ex</strong></span> 
     </span>
    </p>
   </div>
   <div class='ocr_carea' id='block_1_59' title="bbox 1135 881 1925 917">
    <p class='ocr_par' dir='ltr' id='par_1_59' title="bbox 1135 881 1925 917">
     <span class='ocr_line' id='line_1_59' title="bbox 1135 881 1925 917; baseline 0 -9"><span class='ocrx_word' id='word_1_394' title='bbox 1135 881 1218 908; x_wconf 87' lang='lat' dir='ltr'><strong>cubili</strong></span> <span class='ocrx_word' id='word_1_395' title='bbox 1232 881 1393 908; x_wconf 80' lang='lat' dir='ltr'><strong>inconcessa</strong></span> <span class='ocrx_word' id='word_1_396' title='bbox 1408 881 1560 909; x_wconf 80' lang='lat' dir='ltr'><strong>nefandum</strong></span> <span class='ocrx_word' id='word_1_397' title='bbox 1578 882 1655 909; x_wconf 92' lang='lat' dir='ltr'><strong>illum</strong></span> <span class='ocrx_word' id='word_1_398' title='bbox 1667 882 1808 909; x_wconf 87' lang='lat' dir='ltr'><strong>hominem</strong></span> <span class='ocrx_word' id='word_1_399' title='bbox 1825 883 1925 917; x_wconf 90' lang='lat' dir='ltr'><strong>pariet.</strong></span> 
     </span>
    </p>
   </div>
   <div class='ocr_carea' id='block_1_60' title="bbox 1135 927 1924 962">
    <p class='ocr_par' dir='ltr' id='par_1_60' title="bbox 1135 927 1924 962">
     <span class='ocr_line' id='line_1_60' title="bbox 1135 927 1924 962; baseline 0.003 -9"><span class='ocrx_word' id='word_1_400' title='bbox 1135 927 1163 953; x_wconf 92' lang='lat' dir='ltr'><strong>in</strong></span> <span class='ocrx_word' id='word_1_401' title='bbox 1177 935 1232 962; x_wconf 93' lang='lat' dir='ltr'><strong>quo</strong></span> <span class='ocrx_word' id='word_1_402' title='bbox 1248 934 1302 954; x_wconf 91' lang='lat' dir='ltr'><strong>non</strong></span> <span class='ocrx_word' id='word_1_403' title='bbox 1318 928 1435 955; x_wconf 89' lang='lat' dir='ltr'><strong>obscure</strong></span> <span class='ocrx_word' id='word_1_404' title='bbox 1449 928 1576 955; x_wconf 87' lang='lat' dir='ltr'><strong>diabolus</strong></span> <span class='ocrx_word' id='word_1_405' title='bbox 1592 928 1770 961; x_wconf 85' lang='lat' dir='ltr'><strong>inhabitabit,</strong></span> <span class='ocrx_word' id='word_1_406' title='bbox 1788 934 1817 956; x_wconf 88' lang='lat' dir='ltr'><strong>et</strong></span> <span class='ocrx_word' id='word_1_407' title='bbox 1832 929 1924 955; x_wconf 86' lang='lat' dir='ltr'><strong>omnia</strong></span> 
     </span>
    </p>
   </div>
   <div class='ocr_carea' id='block_1_61' title="bbox 1135 971 1926 1008">
    <p class='ocr_par' dir='ltr' id='par_1_61' title="bbox 1135 971 1926 1008">
     <span class='ocr_line' id='line_1_61' title="bbox 1135 971 1926 1008; baseline 0.003 -10"><span class='ocrx_word' id='word_1_408' title='bbox 1135 971 1169 998; x_wconf 90' lang='lat' dir='ltr'><strong>ad</strong></span> <span class='ocrx_word' id='word_1_409' title='bbox 1188 972 1356 999; x_wconf 83' lang='lat' dir='ltr'><strong>voluntatem</strong></span> <span class='ocrx_word' id='word_1_410' title='bbox 1371 972 1473 999; x_wconf 89' lang='lat' dir='ltr'><strong>diaboli</strong></span> <span class='ocrx_word' id='word_1_411' title='bbox 1494 972 1587 1005; x_wconf 78' lang='lat' dir='ltr'><strong>faciet,</strong></span> <span class='ocrx_word' id='word_1_412' title='bbox 1608 977 1636 1000; x_wconf 90' lang='lat' dir='ltr'><strong>et</strong></span> <span class='ocrx_word' id='word_1_413' title='bbox 1657 977 1789 1008; x_wconf 86' lang='lat' dir='ltr'><strong>tanquam</strong></span> <span class='ocrx_word' id='word_1_414' title='bbox 1808 973 1926 1001; x_wconf 78' lang='lat' dir='ltr'><strong>dzemoni</strong></span> 
     </span>
    </p>
   </div>
   <div class='ocr_carea' id='block_1_62' title="bbox 1135 1018 1926 1054">
    <p class='ocr_par' dir='ltr' id='par_1_62' title="bbox 1135 1018 1926 1054">
     <span class='ocr_line' id='line_1_62' title="bbox 1135 1018 1926 1054; baseline 0.003 -10"><span class='ocrx_word' id='word_1_415' title='bbox 1135 1018 1259 1045; x_wconf 87' lang='lat' dir='ltr'><strong>initiatus</strong></span> <span class='ocrx_word' id='word_1_416' title='bbox 1275 1023 1303 1046; x_wconf 90' lang='lat' dir='ltr'><strong>et</strong></span> <span class='ocrx_word' id='word_1_417' title='bbox 1321 1019 1459 1053; x_wconf 87' lang='lat' dir='ltr'><strong>loquetur,</strong></span> <span class='ocrx_word' id='word_1_418' title='bbox 1479 1023 1507 1046; x_wconf 88' lang='lat' dir='ltr'><strong>et</strong></span> <span class='ocrx_word' id='word_1_419' title='bbox 1523 1023 1586 1054; x_wconf 78' lang='lat' dir='ltr'><strong>aget</strong></span> <span class='ocrx_word' id='word_1_420' title='bbox 1605 1028 1612 1045; x_wconf 90' lang='lat'><strong>:</strong></span> <span class='ocrx_word' id='word_1_421' title='bbox 1642 1024 1758 1052; x_wconf 85' lang='lat' dir='ltr'><strong>tractus,</strong></span> <span class='ocrx_word' id='word_1_422' title='bbox 1785 1024 1884 1054; x_wconf 87' lang='lat' dir='ltr'><strong>raptus</strong></span> <span class='ocrx_word' id='word_1_423' title='bbox 1901 1021 1926 1047; x_wconf 88' lang='lat' dir='ltr'><strong>in</strong></span> 
     </span>
    </p>
   </div>
   <div class='ocr_carea' id='block_1_63' title="bbox 1134 1064 1925 1100">
    <p class='ocr_par' dir='ltr' id='par_1_63' title="bbox 1134 1064 1925 1100">
     <span class='ocr_line' id='line_1_63' title="bbox 1134 1064 1925 1100; baseline 0.004 -10"><span class='ocrx_word' id='word_1_424' title='bbox 1134 1064 1230 1098; x_wconf 83' lang='lat' dir='ltr'><strong>spiritu</strong></span> <span class='ocrx_word' id='word_1_425' title='bbox 1243 1065 1371 1099; x_wconf 74' lang='lat' dir='ltr'><strong>maligno,</strong></span> <span class='ocrx_word' id='word_1_426' title='bbox 1382 1066 1422 1092; x_wconf 86' lang='lat' dir='ltr'><strong>sic</strong></span> <span class='ocrx_word' id='word_1_427' title='bbox 1437 1065 1578 1100; x_wconf 86' lang='lat' dir='ltr'><strong>procedet,</strong></span> <span class='ocrx_word' id='word_1_428' title='bbox 1588 1066 1716 1093; x_wconf 86' lang='lat' dir='ltr'><strong>nesciens</strong></span> <span class='ocrx_word' id='word_1_429' title='bbox 1726 1066 1793 1100; x_wconf 90' lang='lat' dir='ltr'><strong>quid</strong></span> <span class='ocrx_word' id='word_1_430' title='bbox 1805 1065 1925 1093; x_wconf 79' lang='lat' dir='ltr'><strong>faciat&quot;.</strong></span> 
     </span>
    </p>
   </div>
   <div class='ocr_carea' id='block_1_64' title="bbox 1171 1110 1928 1145">
    <p class='ocr_par' dir='ltr' id='par_1_64' title="bbox 1171 1110 1928 1145">
     <span class='ocr_line' id='line_1_64' title="bbox 1171 1110 1928 1145; baseline 0 -7"><span class='ocrx_word' id='word_1_431' title='bbox 1171 1111 1210 1138; x_wconf 90' lang='lat' dir='ltr'><strong>En</strong></span> <span class='ocrx_word' id='word_1_432' title='bbox 1240 1110 1368 1145; x_wconf 81' lang='lat' dir='ltr'><strong>exposui,</strong></span> <span class='ocrx_word' id='word_1_433' title='bbox 1399 1119 1468 1145; x_wconf 89' lang='lat' dir='ltr'><strong>quas</strong></span> <span class='ocrx_word' id='word_1_434' title='bbox 1500 1111 1535 1138; x_wconf 93' lang='lat' dir='ltr'><strong>ob</strong></span> <span class='ocrx_word' id='word_1_435' title='bbox 1563 1119 1662 1139; x_wconf 82' lang='lat' dir='ltr'><strong>causas</strong></span> <span class='ocrx_word' id='word_1_436' title='bbox 1691 1111 1928 1141; x_wconf 79' lang='lat' dir='ltr'><strong>seeleratissimus</strong></span> 
     </span>
    </p>
   </div>
   <div class='ocr_carea' id='block_1_65' title="bbox 1135 1154 1928 1191">
    <p class='ocr_par' dir='ltr' id='par_1_65' title="bbox 1135 1154 1928 1191">
     <span class='ocr_line' id='line_1_65' title="bbox 1135 1154 1928 1191; baseline 0.005 -11"><span class='ocrx_word' id='word_1_437' title='bbox 1135 1154 1322 1182; x_wconf 81' lang='lat' dir='ltr'><strong>Antichristus</strong></span> <span class='ocrx_word' id='word_1_438' title='bbox 1333 1155 1426 1182; x_wconf 85' lang='lat' dir='ltr'><strong>venire</strong></span> <span class='ocrx_word' id='word_1_439' title='bbox 1438 1155 1614 1190; x_wconf 88' lang='lat' dir='ltr'><strong>permittatur</strong></span> <span class='ocrx_word' id='word_1_440' title='bbox 1627 1156 1744 1184; x_wconf 82' lang='lat' dir='ltr'><strong>:Partim</strong></span> <span class='ocrx_word' id='word_1_441' title='bbox 1757 1161 1788 1183; x_wconf 91' lang='lat' dir='ltr'><strong>ut</strong></span> <span class='ocrx_word' id='word_1_442' title='bbox 1802 1161 1928 1191; x_wconf 86' lang='lat' dir='ltr'><strong>amputet</strong></span> 
     </span>
    </p>
   </div>
   <div class='ocr_carea' id='block_1_66' title="bbox 1135 1201 1924 1237">
    <p class='ocr_par' dir='ltr' id='par_1_66' title="bbox 1135 1201 1924 1237">
     <span class='ocr_line' id='line_1_66' title="bbox 1135 1201 1924 1237; baseline 0.003 -9"><span class='ocrx_word' id='word_1_443' title='bbox 1135 1201 1328 1229; x_wconf 85' lang='lat' dir='ltr'><strong>excusationes</strong></span> <span class='ocrx_word' id='word_1_444' title='bbox 1347 1201 1526 1230; x_wconf 80' lang='lat' dir='ltr'><strong>Hebraeorum</strong></span> <span class='ocrx_word' id='word_1_445' title='bbox 1544 1222 1552 1235; x_wconf 89' lang='lat'><strong>,</strong></span> <span class='ocrx_word' id='word_1_446' title='bbox 1568 1202 1670 1237; x_wconf 84' lang='lat' dir='ltr'><strong>partim</strong></span> <span class='ocrx_word' id='word_1_447' title='bbox 1696 1207 1727 1230; x_wconf 91' lang='lat' dir='ltr'><strong>ut</strong></span> <span class='ocrx_word' id='word_1_448' title='bbox 1744 1202 1840 1230; x_wconf 84' lang='lat' dir='ltr'><strong>ﬁdeles</strong></span> <span class='ocrx_word' id='word_1_449' title='bbox 1859 1202 1924 1230; x_wconf 87' lang='lat' dir='ltr'><strong>ﬁde-</strong></span> 
     </span>
    </p>
   </div>
   <div class='ocr_carea' id='block_1_67' title="bbox 1135 1247 1927 1284">
    <p class='ocr_par' dir='ltr' id='par_1_67' title="bbox 1135 1247 1927 1284">
     <span class='ocr_line' id='line_1_67' title="bbox 1135 1247 1927 1284; baseline 0 -10"><span class='ocrx_word' id='word_1_450' title='bbox 1135 1247 1258 1282; x_wconf 86' lang='lat' dir='ltr'><strong>liumque</strong></span> <span class='ocrx_word' id='word_1_451' title='bbox 1285 1248 1438 1275; x_wconf 83' lang='lat' dir='ltr'><strong>certamina</strong></span> <span class='ocrx_word' id='word_1_452' title='bbox 1463 1253 1627 1283; x_wconf 86' lang='lat' dir='ltr'><strong>appareant,</strong></span> <span class='ocrx_word' id='word_1_453' title='bbox 1652 1256 1714 1284; x_wconf 74' lang='lat' dir='ltr'><strong>quae</strong></span> <span class='ocrx_word' id='word_1_454' title='bbox 1737 1248 1876 1275; x_wconf 88' lang='lat' dir='ltr'><strong>adversus</strong></span> <span class='ocrx_word' id='word_1_455' title='bbox 1900 1252 1927 1274; x_wconf 83' lang='lat' dir='ltr'><strong>et</strong></span> 
     </span>
    </p>
   </div>
   <div class='ocr_carea' id='block_1_68' title="bbox 1135 1293 1926 1328">
    <p class='ocr_par' dir='ltr' id='par_1_68' title="bbox 1135 1293 1926 1328">
     <span class='ocr_line' id='line_1_68' title="bbox 1135 1293 1926 1328; baseline -0.001 -8"><span class='ocrx_word' id='word_1_456' title='bbox 1135 1298 1231 1320; x_wconf 87' lang='lat' dir='ltr'><strong>contra</strong></span> <span class='ocrx_word' id='word_1_457' title='bbox 1242 1293 1331 1328; x_wconf 89' lang='lat' dir='ltr'><strong>ipsum</strong></span> <span class='ocrx_word' id='word_1_458' title='bbox 1344 1299 1409 1321; x_wconf 88' lang='lat' dir='ltr'><strong>tunc</strong></span> <span class='ocrx_word' id='word_1_459' title='bbox 1419 1293 1606 1328; x_wconf 78' lang='lat' dir='ltr'><strong>suscipiantur</strong></span> <span class='ocrx_word' id='word_1_460' title='bbox 1617 1315 1624 1326; x_wconf 92' lang='lat'><strong>,</strong></span> <span class='ocrx_word' id='word_1_461' title='bbox 1639 1299 1666 1321; x_wconf 84' lang='lat' dir='ltr'><strong>et</strong></span> <span class='ocrx_word' id='word_1_462' title='bbox 1681 1293 1728 1320; x_wconf 91' lang='lat' dir='ltr'><strong>alii</strong></span> <span class='ocrx_word' id='word_1_463' title='bbox 1742 1293 1806 1320; x_wconf 89' lang='lat' dir='ltr'><strong>aliis</strong></span> <span class='ocrx_word' id='word_1_464' title='bbox 1816 1300 1926 1328; x_wconf 89' lang='lat' dir='ltr'><strong>semper</strong></span> 
     </span>
    </p>
   </div>
   <div class='ocr_carea' id='block_1_69' title="bbox 1137 1339 1926 1375">
    <p class='ocr_par' dir='ltr' id='par_1_69' title="bbox 1137 1339 1926 1375">
     <span class='ocr_line' id='line_1_69' title="bbox 1137 1339 1926 1375; baseline -0.001 -9"><span class='ocrx_word' id='word_1_465' title='bbox 1137 1340 1263 1374; x_wconf 80' lang='lat' dir='ltr'><strong>exemplo</strong></span> <span class='ocrx_word' id='word_1_466' title='bbox 1272 1340 1337 1372; x_wconf 87' lang='lat' dir='ltr'><strong>sint,</strong></span> <span class='ocrx_word' id='word_1_467' title='bbox 1352 1343 1380 1367; x_wconf 87' lang='lat' dir='ltr'><strong>et</strong></span> <span class='ocrx_word' id='word_1_468' title='bbox 1393 1339 1433 1367; x_wconf 91' lang='lat' dir='ltr'><strong>sic</strong></span> <span class='ocrx_word' id='word_1_469' title='bbox 1445 1339 1567 1375; x_wconf 70' lang='lat' dir='ltr'><strong>prtemia,</strong></span> <span class='ocrx_word' id='word_1_470' title='bbox 1582 1340 1685 1375; x_wconf 88' lang='lat' dir='ltr'><strong>quibus</strong></span> <span class='ocrx_word' id='word_1_471' title='bbox 1696 1340 1732 1367; x_wconf 92' lang='lat' dir='ltr'><strong>ob</strong></span> <span class='ocrx_word' id='word_1_472' title='bbox 1743 1339 1832 1366; x_wconf 84' lang='lat' dir='ltr'><strong>zelum</strong></span> <span class='ocrx_word' id='word_1_473' title='bbox 1845 1340 1926 1366; x_wconf 82' lang='lat' dir='ltr'><strong>istum</strong></span> 
     </span>
    </p>
   </div>
   <div class='ocr_carea' id='block_1_70' title="bbox 1136 1384 1927 1421">
    <p class='ocr_par' dir='ltr' id='par_1_70' title="bbox 1136 1384 1927 1421">
     <span class='ocr_line' id='line_1_70' title="bbox 1136 1384 1927 1421; baseline 0 -10"><span class='ocrx_word' id='word_1_474' title='bbox 1136 1392 1231 1412; x_wconf 87' lang='lat' dir='ltr'><strong>omnes</strong></span> <span class='ocrx_word' id='word_1_475' title='bbox 1259 1385 1335 1421; x_wconf 74' lang='lat' dir='ltr'><strong>digni</strong></span> <span class='ocrx_word' id='word_1_476' title='bbox 1364 1391 1446 1418; x_wconf 86' lang='lat' dir='ltr'><strong>sunt,</strong></span> <span class='ocrx_word' id='word_1_477' title='bbox 1480 1385 1679 1420; x_wconf 84' lang='lat' dir='ltr'><strong>adipiscantur.</strong></span> <span class='ocrx_word' id='word_1_478' title='bbox 1708 1385 1765 1413; x_wconf 85' lang='lat' dir='ltr'><strong>Nec</strong></span> <span class='ocrx_word' id='word_1_479' title='bbox 1792 1385 1867 1412; x_wconf 90' lang='lat' dir='ltr'><strong>enim</strong></span> <span class='ocrx_word' id='word_1_480' title='bbox 1896 1384 1927 1411; x_wconf 85' lang='lat' dir='ltr'><strong>ad</strong></span> 
     </span>
    </p>
   </div>
   <div class='ocr_carea' id='block_1_71' title="bbox 1137 1429 1929 1465">
    <p class='ocr_par' dir='ltr' id='par_1_71' title="bbox 1137 1429 1929 1465">
     <span class='ocr_line' id='line_1_71' title="bbox 1137 1429 1929 1465; baseline -0.001 -8"><span class='ocrx_word' id='word_1_481' title='bbox 1137 1430 1329 1458; x_wconf 86' lang='lat' dir='ltr'><strong>universorum</strong></span> <span class='ocrx_word' id='word_1_482' title='bbox 1355 1432 1486 1463; x_wconf 80' lang='lat' dir='ltr'><strong>exitium,</strong></span> <span class='ocrx_word' id='word_1_483' title='bbox 1507 1436 1555 1458; x_wconf 87' lang='lat' dir='ltr'><strong>aut</strong></span> <span class='ocrx_word' id='word_1_484' title='bbox 1584 1431 1655 1459; x_wconf 89' lang='lat' dir='ltr'><strong>citra</strong></span> <span class='ocrx_word' id='word_1_485' title='bbox 1672 1431 1809 1458; x_wconf 87' lang='lat' dir='ltr'><strong>rationem</strong></span> <span class='ocrx_word' id='word_1_486' title='bbox 1829 1429 1929 1465; x_wconf 86' lang='lat' dir='ltr'><strong>proba-</strong></span> 
     </span>
    </p>
   </div>
   <div class='ocr_carea' id='block_1_72' title="bbox 1137 1475 1928 1511">
    <p class='ocr_par' dir='ltr' id='par_1_72' title="bbox 1137 1475 1928 1511">
     <span class='ocr_line' id='line_1_72' title="bbox 1137 1475 1928 1511; baseline 0 -9"><span class='ocrx_word' id='word_1_487' title='bbox 1137 1475 1218 1502; x_wconf 90' lang='lat' dir='ltr'><strong>bilem</strong></span> <span class='ocrx_word' id='word_1_488' title='bbox 1227 1475 1502 1511; x_wconf 85' lang='lat' dir='ltr'><strong>convenientemque,</strong></span> <span class='ocrx_word' id='word_1_489' title='bbox 1513 1476 1560 1503; x_wconf 90' lang='lat' dir='ltr'><strong>sed</strong></span> <span class='ocrx_word' id='word_1_490' title='bbox 1568 1476 1601 1504; x_wconf 86' lang='lat' dir='ltr'><strong>ad</strong></span> <span class='ocrx_word' id='word_1_491' title='bbox 1611 1477 1757 1503; x_wconf 83' lang='lat' dir='ltr'><strong>maximam</strong></span> <span class='ocrx_word' id='word_1_492' title='bbox 1768 1475 1928 1508; x_wconf 76' lang='lat' dir='ltr'><strong>utilitatem.</strong></span> 
     </span>
    </p>
   </div>
   <div class='ocr_carea' id='block_1_73' title="bbox 1137 1521 1929 1555">
    <p class='ocr_par' dir='ltr' id='par_1_73' title="bbox 1137 1521 1929 1555">
     <span class='ocr_line' id='line_1_73' title="bbox 1137 1521 1929 1555; baseline 0 -7"><span class='ocrx_word' id='word_1_493' title='bbox 1137 1526 1167 1549; x_wconf 87' lang='lat' dir='ltr'><strong>ut</strong></span> <span class='ocrx_word' id='word_1_494' title='bbox 1180 1529 1262 1555; x_wconf 88' lang='lat' dir='ltr'><strong>supra</strong></span> <span class='ocrx_word' id='word_1_495' title='bbox 1285 1521 1442 1553; x_wconf 88' lang='lat' dir='ltr'><strong>docuimus,</strong></span> <span class='ocrx_word' id='word_1_496' title='bbox 1465 1527 1600 1550; x_wconf 87' lang='lat' dir='ltr'><strong>venturus</strong></span> <span class='ocrx_word' id='word_1_497' title='bbox 1616 1527 1669 1550; x_wconf 87' lang='lat' dir='ltr'><strong>est.</strong></span> <span class='ocrx_word' id='word_1_498' title='bbox 1693 1523 1761 1550; x_wconf 80' lang='lat' dir='ltr'><strong>Nam</strong></span> <span class='ocrx_word' id='word_1_499' title='bbox 1784 1527 1814 1549; x_wconf 90' lang='lat' dir='ltr'><strong>et</strong></span> <span class='ocrx_word' id='word_1_500' title='bbox 1830 1528 1929 1549; x_wconf 82' lang='lat' dir='ltr'><strong>carnes</strong></span> 
     </span>
    </p>
   </div>
   <div class='ocr_carea' id='block_1_74' title="bbox 1137 1568 1928 1604">
    <p class='ocr_par' dir='ltr' id='par_1_74' title="bbox 1137 1568 1928 1604">
     <span class='ocr_line' id='line_1_74' title="bbox 1137 1568 1928 1604; baseline 0 -10"><span class='ocrx_word' id='word_1_501' title='bbox 1137 1572 1299 1602; x_wconf 87' lang='lat' dir='ltr'><strong>serpentum</strong></span> <span class='ocrx_word' id='word_1_502' title='bbox 1309 1576 1325 1595; x_wconf 91' lang='lat' dir='ltr'><strong>a</strong></span> <span class='ocrx_word' id='word_1_503' title='bbox 1335 1568 1452 1596; x_wconf 88' lang='lat' dir='ltr'><strong>medicis</strong></span> <span class='ocrx_word' id='word_1_504' title='bbox 1460 1568 1697 1604; x_wconf 54' lang='lat' dir='ltr'><strong>praestantissimis</strong></span> <span class='ocrx_word' id='word_1_505' title='bbox 1704 1568 1737 1596; x_wconf 86' lang='lat' dir='ltr'><strong>ad</strong></span> <span class='ocrx_word' id='word_1_506' title='bbox 1747 1568 1928 1599; x_wconf 79' lang='lat' dir='ltr'><strong>medicinam,</strong></span> 
     </span>
    </p>
   </div>
   <div class='ocr_carea' id='block_1_75' title="bbox 1137 1614 1931 1645">
    <p class='ocr_par' dir='ltr' id='par_1_75' title="bbox 1137 1614 1931 1645">
     <span class='ocr_line' id='line_1_75' title="bbox 1137 1614 1931 1645; baseline -0.003 -4"><span class='ocrx_word' id='word_1_507' title='bbox 1137 1619 1165 1641; x_wconf 90' lang='lat' dir='ltr'><strong>et</strong></span> <span class='ocrx_word' id='word_1_508' title='bbox 1191 1614 1263 1641; x_wconf 81' lang='lat' dir='ltr'><strong>vires</strong></span> <span class='ocrx_word' id='word_1_509' title='bbox 1288 1614 1431 1642; x_wconf 90' lang='lat' dir='ltr'><strong>hominum</strong></span> <span class='ocrx_word' id='word_1_510' title='bbox 1456 1614 1651 1642; x_wconf 85' lang='lat' dir='ltr'><strong>instaurandas</strong></span> <span class='ocrx_word' id='word_1_511' title='bbox 1677 1618 1872 1645; x_wconf 85' lang='lat' dir='ltr'><strong>assumuntur,</strong></span> <span class='ocrx_word' id='word_1_512' title='bbox 1900 1618 1931 1640; x_wconf 81' lang='lat' dir='ltr'><strong>ut</strong></span> 
     </span>
    </p>
   </div>
   <div class='ocr_carea' id='block_1_76' title="bbox 1137 1658 1931 1696">
    <p class='ocr_par' dir='ltr' id='par_1_76' title="bbox 1137 1658 1931 1696">
     <span class='ocr_line' id='line_1_76' title="bbox 1137 1658 1931 1696; baseline -0.001 -10"><span class='ocrx_word' id='word_1_513' title='bbox 1137 1659 1190 1686; x_wconf 89' lang='lat' dir='ltr'><strong>alia</strong></span> <span class='ocrx_word' id='word_1_514' title='bbox 1213 1660 1334 1693; x_wconf 89' lang='lat' dir='ltr'><strong>inutilia,</strong></span> <span class='ocrx_word' id='word_1_515' title='bbox 1356 1665 1385 1688; x_wconf 88' lang='lat' dir='ltr'><strong>et</strong></span> <span class='ocrx_word' id='word_1_516' title='bbox 1414 1668 1476 1695; x_wconf 65' lang='lat' dir='ltr'><strong>quae</strong></span> <span class='ocrx_word' id='word_1_517' title='bbox 1504 1665 1638 1696; x_wconf 86' lang='lat' dir='ltr'><strong>putantur</strong></span> <span class='ocrx_word' id='word_1_518' title='bbox 1665 1661 1746 1688; x_wconf 81' lang='lat' dir='ltr'><strong>noxia</strong></span> <span class='ocrx_word' id='word_1_519' title='bbox 1779 1669 1786 1687; x_wconf 89' lang='lat'><strong>:</strong></span> <span class='ocrx_word' id='word_1_520' title='bbox 1817 1658 1931 1687; x_wconf 78' lang='lat' dir='ltr'><strong>tametsi</strong></span> 
     </span>
    </p>
   </div>
   <div class='ocr_carea' id='block_1_77' title="bbox 1137 1698 1929 1742">
    <p class='ocr_par' dir='ltr' id='par_1_77' title="bbox 1137 1698 1929 1742">
     <span class='ocr_line' id='line_1_77' title="bbox 1137 1698 1929 1742; baseline 0 -10"><span class='ocrx_word' id='word_1_521' title='bbox 1137 1698 1327 1734; x_wconf 86' lang='lat' dir='ltr'><strong>Antichristus</strong></span> <span class='ocrx_word' id='word_1_522' title='bbox 1351 1707 1512 1742; x_wconf 90' lang='lat' dir='ltr'><strong>neutiquam</strong></span> <span class='ocrx_word' id='word_1_523' title='bbox 1528 1711 1572 1734; x_wconf 85' lang='lat' dir='ltr'><strong>est</strong></span> <span class='ocrx_word' id='word_1_524' title='bbox 1590 1707 1739 1740; x_wconf 85' lang='lat' dir='ltr'><strong>medicina,</strong></span> <span class='ocrx_word' id='word_1_525' title='bbox 1757 1706 1806 1734; x_wconf 85' lang='lat' dir='ltr'><strong>sed</strong></span> <span class='ocrx_word' id='word_1_526' title='bbox 1831 1705 1929 1741; x_wconf 86' lang='lat' dir='ltr'><strong>perni-</strong></span> 
     </span>
    </p>
   </div>
   <div class='ocr_carea' id='block_1_78' title="bbox 1138 1751 1314 1786">
    <p class='ocr_par' dir='ltr' id='par_1_78' title="bbox 1138 1751 1314 1786">
     <span class='ocr_line' id='line_1_78' title="bbox 1138 1751 1314 1786; baseline 0 -8"><span class='ocrx_word' id='word_1_527' title='bbox 1138 1752 1194 1779; x_wconf 87' lang='lat' dir='ltr'><strong>cies</strong></span> <span class='ocrx_word' id='word_1_528' title='bbox 1213 1751 1314 1786; x_wconf 85' lang='lat' dir='ltr'><strong>potius.</strong></span> 
     </span>
    </p>
   </div>
   <div class='ocr_carea' id='block_1_79' title="bbox 1438 1820 1626 1849">
    <p class='ocr_par' dir='ltr' id='par_1_79' title="bbox 1438 1820 1626 1849">
     <span class='ocr_line' id='line_1_79' title="bbox 1438 1820 1626 1849; baseline 0 -1"><span class='ocrx_word' id='word_1_529' title='bbox 1438 1820 1551 1849; x_wconf 84' lang='lat' dir='ltr'><strong>CAPUT</strong></span> <span class='ocrx_word' id='word_1_530' title='bbox 1568 1821 1626 1848; x_wconf 76' lang='lat' dir='ltr'><strong>XII.</strong></span> 
     </span>
    </p>
   </div>
   <div class='ocr_carea' id='block_1_80' title="bbox 1140 1877 1932 1912">
    <p class='ocr_par' dir='ltr' id='par_1_80' title="bbox 1140 1877 1932 1912">
     <span class='ocr_line' id='line_1_80' title="bbox 1140 1877 1932 1912; baseline 0.003 -9"><span class='ocrx_word' id='word_1_531' title='bbox 1140 1878 1178 1904; x_wconf 75' lang='lat' dir='ltr'><strong>Ad</strong></span> <span class='ocrx_word' id='word_1_532' title='bbox 1205 1881 1365 1912; x_wconf 14' lang='lat' dir='ltr'><strong>perpetuam?</strong></span> <span class='ocrx_word' id='word_1_533' title='bbox 1393 1877 1631 1904; x_wconf 76' lang='lat' dir='ltr'><strong>considerationem</strong></span> <span class='ocrx_word' id='word_1_534' title='bbox 1673 1879 1765 1904; x_wconf 80' lang='lat' dir='ltr'><strong>mortis</strong></span> <span class='ocrx_word' id='word_1_535' title='bbox 1799 1879 1932 1905; x_wconf 76' lang='lat' dir='ltr'><strong>incitatio.</strong></span> 
     </span>
    </p>
   </div>
   <div class='ocr_carea' id='block_1_81' title="bbox 1298 1911 1769 1940">
    <p class='ocr_par' dir='ltr' id='par_1_81' title="bbox 1298 1911 1769 1940">
     <span class='ocr_line' id='line_1_81' title="bbox 1298 1911 1769 1940; baseline 0.004 -2"><span class='ocrx_word' id='word_1_536' title='bbox 1298 1911 1327 1939; x_wconf 90' lang='lat' dir='ltr'><strong>S.</strong></span> <span class='ocrx_word' id='word_1_537' title='bbox 1345 1911 1482 1939; x_wconf 72' lang='lat' dir='ltr'><strong>Trinitatis</strong></span> <span class='ocrx_word' id='word_1_538' title='bbox 1499 1913 1557 1939; x_wconf 78' lang='lat' dir='ltr'><strong>laus</strong></span> <span class='ocrx_word' id='word_1_539' title='bbox 1574 1917 1598 1939; x_wconf 84' lang='lat' dir='ltr'><strong>et</strong></span> <span class='ocrx_word' id='word_1_540' title='bbox 1616 1913 1769 1940; x_wconf 86' lang='lat' dir='ltr'><strong>admiratio.</strong></span> 
     </span>
    </p>
   </div>
   <div class='ocr_carea' id='block_1_82' title="bbox 1175 1979 1933 2016">
    <p class='ocr_par' dir='ltr' id='par_1_82' title="bbox 1175 1979 1933 2016">
     <span class='ocr_line' id='line_1_82' title="bbox 1175 1979 1933 2016; baseline 0 -9"><span class='ocrx_word' id='word_1_541' title='bbox 1175 1980 1215 2008; x_wconf 85' lang='lat' dir='ltr'><strong>Ne</strong></span> <span class='ocrx_word' id='word_1_542' title='bbox 1239 1980 1323 2016; x_wconf 76' lang='lat' dir='ltr'><strong>igitur</strong></span> <span class='ocrx_word' id='word_1_543' title='bbox 1351 1979 1485 2015; x_wconf 74' lang='lat' dir='ltr'><strong>investiga</strong></span> <span class='ocrx_word' id='word_1_544' title='bbox 1503 1988 1547 2008; x_wconf 84' lang='lat' dir='ltr'><strong>res</strong></span> <span class='ocrx_word' id='word_1_545' title='bbox 1569 1979 1662 2016; x_wconf 85' lang='lat' dir='ltr'><strong>hujus,</strong></span> <span class='ocrx_word' id='word_1_546' title='bbox 1687 1988 1739 2008; x_wconf 89' lang='lat' dir='ltr'><strong>nec</strong></span> <span class='ocrx_word' id='word_1_547' title='bbox 1768 1981 1933 2016; x_wconf 70' lang='lat' dir='ltr'><strong>interroga:</strong></span> 
     </span>
    </p>
   </div>
   <div class='ocr_carea' id='block_1_83' title="bbox 1140 2026 1931 2062">
    <p class='ocr_par' dir='ltr' id='par_1_83' title="bbox 1140 2026 1931 2062">
     <span class='ocr_line' id='line_1_83' title="bbox 1140 2026 1931 2062; baseline 0 -8"><span class='ocrx_word' id='word_1_548' title='bbox 1140 2027 1210 2054; x_wconf 90' lang='lat' dir='ltr'><strong>nihil</strong></span> <span class='ocrx_word' id='word_1_549' title='bbox 1227 2027 1330 2062; x_wconf 91' lang='lat' dir='ltr'><strong>quippe</strong></span> <span class='ocrx_word' id='word_1_550' title='bbox 1348 2026 1399 2054; x_wconf 88' lang='lat' dir='ltr'><strong>ista</strong></span> <span class='ocrx_word' id='word_1_551' title='bbox 1421 2026 1536 2054; x_wconf 87' lang='lat' dir='ltr'><strong>scientia</strong></span> <span class='ocrx_word' id='word_1_552' title='bbox 1560 2026 1630 2054; x_wconf 90' lang='lat' dir='ltr'><strong>lucri</strong></span> <span class='ocrx_word' id='word_1_553' title='bbox 1655 2027 1794 2062; x_wconf 82' lang='lat' dir='ltr'><strong>acquires.</strong></span> <span class='ocrx_word' id='word_1_554' title='bbox 1813 2027 1931 2055; x_wconf 76' lang='lat' dir='ltr'><strong>Mortem</strong></span> 
     </span>
    </p>
   </div>
   <div class='ocr_carea' id='block_1_84' title="bbox 1141 2072 1933 2107">
    <p class='ocr_par' dir='ltr' id='par_1_84' title="bbox 1141 2072 1933 2107">
     <span class='ocr_line' id='line_1_84' title="bbox 1141 2072 1933 2107; baseline 0.001 -8"><span class='ocrx_word' id='word_1_555' title='bbox 1141 2077 1233 2100; x_wconf 90' lang='lat' dir='ltr'><strong>autem</strong></span> <span class='ocrx_word' id='word_1_556' title='bbox 1251 2077 1279 2100; x_wconf 86' lang='lat' dir='ltr'><strong>et</strong></span> <span class='ocrx_word' id='word_1_557' title='bbox 1301 2072 1384 2100; x_wconf 89' lang='lat' dir='ltr'><strong>ﬁnem</strong></span> <span class='ocrx_word' id='word_1_558' title='bbox 1410 2073 1439 2099; x_wconf 92' lang='lat' dir='ltr'><strong>in</strong></span> <span class='ocrx_word' id='word_1_559' title='bbox 1461 2072 1546 2100; x_wconf 90' lang='lat' dir='ltr'><strong>horas</strong></span> <span class='ocrx_word' id='word_1_560' title='bbox 1571 2078 1723 2107; x_wconf 83' lang='lat' dir='ltr'><strong>exspecta:</strong></span> <span class='ocrx_word' id='word_1_561' title='bbox 1747 2080 1863 2101; x_wconf 86' lang='lat' dir='ltr'><strong>necesse</strong></span> <span class='ocrx_word' id='word_1_562' title='bbox 1891 2078 1933 2100; x_wconf 86' lang='lat' dir='ltr'><strong>est</strong></span> 
     </span>
    </p>
   </div>
   <div class='ocr_carea' id='block_1_85' title="bbox 1141 2119 1932 2155">
    <p class='ocr_par' dir='ltr' id='par_1_85' title="bbox 1141 2119 1932 2155">
     <span class='ocr_line' id='line_1_85' title="bbox 1141 2119 1932 2155; baseline 0.001 -9"><span class='ocrx_word' id='word_1_563' title='bbox 1141 2119 1216 2146; x_wconf 86' lang='lat' dir='ltr'><strong>enim</strong></span> <span class='ocrx_word' id='word_1_564' title='bbox 1244 2123 1369 2147; x_wconf 87' lang='lat' dir='ltr'><strong>naturam</strong></span> <span class='ocrx_word' id='word_1_565' title='bbox 1395 2119 1519 2147; x_wconf 89' lang='lat' dir='ltr'><strong>dissolvi.</strong></span> <span class='ocrx_word' id='word_1_566' title='bbox 1540 2119 1673 2147; x_wconf 86' lang='lat' dir='ltr'><strong>Meditare</strong></span> <span class='ocrx_word' id='word_1_567' title='bbox 1703 2120 1775 2148; x_wconf 89' lang='lat' dir='ltr'><strong>hanc</strong></span> <span class='ocrx_word' id='word_1_568' title='bbox 1801 2128 1932 2155; x_wconf 86' lang='lat' dir='ltr'><strong>semper:</strong></span> 
     </span>
    </p>
   </div>
   <div class='ocr_carea' id='block_1_86' title="bbox 1145 2166 1934 2201">
    <p class='ocr_par' dir='ltr' id='par_1_86' title="bbox 1145 2166 1934 2201">
     <span class='ocr_line' id='line_1_86' title="bbox 1145 2166 1934 2201; baseline 0.001 -9"><span class='ocrx_word' id='word_1_569' title='bbox 1145 2175 1153 2191; x_wconf 79' lang='grc' dir='ltr'>ι</span> <span class='ocrx_word' id='word_1_570' title='bbox 1172 2166 1322 2193; x_wconf 77' lang='lat' dir='ltr'><strong>Memorare</strong></span> <span class='ocrx_word' id='word_1_571' title='bbox 1336 2170 1495 2194; x_wconf 86' lang='lat' dir='ltr'><strong>constanter</strong></span> <span class='ocrx_word' id='word_1_572' title='bbox 1509 2167 1658 2194; x_wconf 87' lang='lat' dir='ltr'><strong>novissima</strong></span> <span class='ocrx_word' id='word_1_573' title='bbox 1674 2171 1732 2199; x_wconf 87' lang='lat' dir='ltr'><strong>tua,</strong></span> <span class='ocrx_word' id='word_1_574' title='bbox 1747 2171 1775 2194; x_wconf 88' lang='lat' dir='ltr'><strong>et</strong></span> <span class='ocrx_word' id='word_1_575' title='bbox 1788 2174 1934 2201; x_wconf 88' lang='lat' dir='ltr'><strong>nunquam</strong></span> 
     </span>
    </p>
   </div>
   <div class='ocr_carea' id='block_1_87' title="bbox 1142 2212 1936 2247">
    <p class='ocr_par' dir='ltr' id='par_1_87' title="bbox 1142 2212 1936 2247">
     <span class='ocr_line' id='line_1_87' title="bbox 1142 2212 1936 2247; baseline 0 -7"><span class='ocrx_word' id='word_1_576' title='bbox 1142 2212 1278 2247; x_wconf 85' lang='lat' dir='ltr'><strong>peccabis,</strong></span> <span class='ocrx_word' id='word_1_577' title='bbox 1291 2221 1301 2238; x_wconf 72' lang='grc' dir='ltr'><strong><em>ι</em></strong></span> <span class='ocrx_word' id='word_1_578' title='bbox 1322 2217 1353 2240; x_wconf 86' lang='lat' dir='ltr'><strong>ut</strong></span> <span class='ocrx_word' id='word_1_579' title='bbox 1371 2212 1409 2239; x_wconf 84' lang='lat' dir='ltr'><strong>ait</strong></span> <span class='ocrx_word' id='word_1_580' title='bbox 1421 2212 1564 2247; x_wconf 89' lang='lat' dir='ltr'><strong>Scriptura</strong></span> <span class='ocrx_word' id='word_1_581' title='bbox 1579 2213 1612 2239; x_wconf 75' lang='grc' dir='ltr'><strong>ἰ.</strong></span> <span class='ocrx_word' id='word_1_582' title='bbox 1624 2212 1753 2240; x_wconf 83' lang='lat' dir='ltr'><strong>Admiror</strong></span> <span class='ocrx_word' id='word_1_583' title='bbox 1766 2214 1850 2240; x_wconf 85' lang='lat' dir='ltr'><strong>etiam</strong></span> <span class='ocrx_word' id='word_1_584' title='bbox 1859 2213 1936 2240; x_wconf 65' lang='lat' dir='ltr'><strong>Grae-</strong></span> 
     </span>
    </p>
   </div>
   <div class='ocr_carea' id='block_1_88' title="bbox 1143 2257 1936 2293">
    <p class='ocr_par' dir='ltr' id='par_1_88' title="bbox 1143 2257 1936 2293">
     <span class='ocr_line' id='line_1_88' title="bbox 1143 2257 1936 2293; baseline 0 -9"><span class='ocrx_word' id='word_1_585' title='bbox 1143 2265 1200 2289; x_wconf 90' lang='lat' dir='ltr'><strong>cos,</strong></span> <span class='ocrx_word' id='word_1_586' title='bbox 1213 2258 1260 2292; x_wconf 93' lang='lat' dir='ltr'><strong>qui</strong></span> <span class='ocrx_word' id='word_1_587' title='bbox 1282 2258 1422 2292; x_wconf 89' lang='lat' dir='ltr'><strong>sapienter</strong></span> <span class='ocrx_word' id='word_1_588' title='bbox 1444 2258 1625 2292; x_wconf 82' lang='lat' dir='ltr'><strong>scripserunt,</strong></span> <span class='ocrx_word' id='word_1_589' title='bbox 1640 2257 1845 2293; x_wconf 88' lang='lat' dir='ltr'><strong>philosophiam</strong></span> <span class='ocrx_word' id='word_1_590' title='bbox 1873 2264 1936 2284; x_wconf 86' lang='lat' dir='ltr'><strong>esse</strong></span> 
     </span>
    </p>
   </div>
   <div class='ocr_carea' id='block_1_89' title="bbox 302 2297 1936 2338">
    <p class='ocr_par' dir='ltr' id='par_1_89' title="bbox 302 2297 1936 2338">
     <span class='ocr_line' id='line_1_89' title="bbox 302 2297 1936 2338; baseline 0.004 -15"><span class='ocrx_word' id='word_1_591' title='bbox 302 2297 450 2332; x_wconf 83' lang='lat' dir='ltr'><strong>semetipso</strong></span> <span class='ocrx_word' id='word_1_592' title='bbox 462 2297 527 2332; x_wconf 93' lang='lat' dir='ltr'><strong>quid</strong></span> <span class='ocrx_word' id='word_1_593' title='bbox 542 2298 652 2326; x_wconf 84' lang='lat' dir='ltr'><strong>laceret.</strong></span> <span class='ocrx_word' id='word_1_594' title='bbox 673 2299 861 2327; x_wconf 78' lang='lat' dir='ltr'><strong>Antichristus</strong></span> <span class='ocrx_word' id='word_1_595' title='bbox 874 2305 966 2328; x_wconf 88' lang='lat' dir='ltr'><strong>autem</strong></span> <span class='ocrx_word' id='word_1_596' title='bbox 984 2308 1091 2331; x_wconf 85' lang='lat' dir='ltr'><strong>contra-</strong></span> <span class='ocrx_word' id='word_1_597' title='bbox 1107 2301 1128 2328; x_wconf 87' lang='lat' dir='ltr'><strong>D</strong></span> <span class='ocrx_word' id='word_1_598' title='bbox 1143 2304 1350 2331; x_wconf 83' lang='lat' dir='ltr'><strong>meditationem</strong></span> <span class='ocrx_word' id='word_1_599' title='bbox 1365 2303 1473 2330; x_wconf 88' lang='lat' dir='ltr'><strong>mortis.</strong></span> <span class='ocrx_word' id='word_1_600' title='bbox 1492 2303 1570 2330; x_wconf 86' lang='lat' dir='ltr'><strong>Sicut</strong></span> <span class='ocrx_word' id='word_1_601' title='bbox 1585 2303 1658 2330; x_wconf 89' lang='lat' dir='ltr'><strong>enim</strong></span> <span class='ocrx_word' id='word_1_602' title='bbox 1675 2304 1755 2338; x_wconf 90' lang='lat' dir='ltr'><strong>panis</strong></span> <span class='ocrx_word' id='word_1_603' title='bbox 1771 2311 1828 2338; x_wconf 73' lang='lat' dir='ltr'><strong>pne</strong></span> <span class='ocrx_word' id='word_1_604' title='bbox 1844 2303 1936 2330; x_wconf 88' lang='lat' dir='ltr'><strong>omni-</strong></span> 
     </span>
    </p>
   </div>
   <div class='ocr_carea' id='block_1_90' title="bbox 302 2342 1088 2383">
    <p class='ocr_par' dir='ltr' id='par_1_90' title="bbox 302 2342 1088 2383">
     <span class='ocr_line' id='line_1_90' title="bbox 302 2342 1088 2383; baseline 0.009 -14"><span class='ocrx_word' id='word_1_605' title='bbox 302 2342 343 2374; x_wconf 82' lang='lat' dir='ltr'><strong>ria</strong></span> <span class='ocrx_word' id='word_1_606' title='bbox 359 2347 386 2369; x_wconf 89' lang='lat' dir='ltr'><strong>et</strong></span> <span class='ocrx_word' id='word_1_607' title='bbox 398 2343 481 2374; x_wconf 89' lang='lat' dir='ltr'><strong>dicet,</strong></span> <span class='ocrx_word' id='word_1_608' title='bbox 500 2349 528 2371; x_wconf 89' lang='lat' dir='ltr'><strong>et</strong></span> <span class='ocrx_word' id='word_1_609' title='bbox 543 2344 633 2372; x_wconf 81' lang='lat' dir='ltr'><strong>faciet.</strong></span> <span class='ocrx_word' id='word_1_610' title='bbox 650 2345 718 2378; x_wconf 88' lang='lat' dir='ltr'><strong>Quis</strong></span> <span class='ocrx_word' id='word_1_611' title='bbox 740 2347 811 2374; x_wconf 82' lang='lat' dir='ltr'><strong>alius</strong></span> <span class='ocrx_word' id='word_1_612' title='bbox 830 2347 921 2374; x_wconf 86' lang='lat' dir='ltr'><strong>Deus‘!</strong></span> <span class='ocrx_word' id='word_1_613' title='bbox 939 2348 1019 2380; x_wconf 87' lang='lat' dir='ltr'><strong>dicet,</strong></span> <span class='ocrx_word' id='word_1_614' title='bbox 1038 2357 1088 2383; x_wconf 68' lang='lat' dir='ltr'><strong>suo</strong></span> 
     </span>
    </p>
   </div>
   <div class='ocr_carea' id='block_1_91' title="bbox 301 2389 1089 2430">
    <p class='ocr_par' dir='ltr' id='par_1_91' title="bbox 301 2389 1089 2430">
     <span class='ocr_line' id='line_1_91' title="bbox 301 2389 1089 2430; baseline 0.009 -15"><span class='ocrx_word' id='word_1_615' title='bbox 301 2389 377 2416; x_wconf 87' lang='lat' dir='ltr'><strong>solus</strong></span> <span class='ocrx_word' id='word_1_616' title='bbox 398 2397 457 2416; x_wconf 87' lang='lat' dir='ltr'><strong>sum</strong></span> <span class='ocrx_word' id='word_1_617' title='bbox 473 2390 563 2425; x_wconf 86' lang='lat' dir='ltr'><strong>Deus;</strong></span> <span class='ocrx_word' id='word_1_618' title='bbox 581 2396 679 2426; x_wconf 58' lang='lat' dir='ltr'><strong>praeter</strong></span> <span class='ocrx_word' id='word_1_619' title='bbox 691 2400 734 2420; x_wconf 91' lang='lat' dir='ltr'><strong>me</strong></span> <span class='ocrx_word' id='word_1_620' title='bbox 749 2401 806 2420; x_wconf 87' lang='lat' dir='ltr'><strong>non</strong></span> <span class='ocrx_word' id='word_1_621' title='bbox 822 2398 865 2420; x_wconf 89' lang='lat' dir='ltr'><strong>est</strong></span> <span class='ocrx_word' id='word_1_622' title='bbox 878 2393 959 2421; x_wconf 89' lang='lat' dir='ltr'><strong>alius.</strong></span> <span class='ocrx_word' id='word_1_623' title='bbox 976 2395 1010 2421; x_wconf 87' lang='lat' dir='ltr'><strong>Et</strong></span> <span class='ocrx_word' id='word_1_624' title='bbox 1027 2396 1089 2430; x_wconf 89' lang='lat' dir='ltr'><strong>quis</strong></span> 
     </span>
    </p>
   </div>
   <div class='ocr_carea' id='block_1_92' title="bbox 301 2435 1091 2473">
    <p class='ocr_par' dir='ltr' id='par_1_92' title="bbox 301 2435 1091 2473">
     <span class='ocr_line' id='line_1_92' title="bbox 301 2435 1091 2473; baseline 0.009 -11"><span class='ocrx_word' id='word_1_625' title='bbox 301 2435 401 2463; x_wconf 72' lang='lat' dir='ltr'><strong>similis</strong></span> <span class='ocrx_word' id='word_1_626' title='bbox 427 2437 504 2464; x_wconf 90' lang='lat' dir='ltr'><strong>mei?</strong></span> <span class='ocrx_word' id='word_1_627' title='bbox 533 2445 585 2473; x_wconf 76' lang='lat' dir='ltr'><strong>ego</strong></span> <span class='ocrx_word' id='word_1_628' title='bbox 616 2439 717 2466; x_wconf 73' lang='lat' dir='ltr'><strong>emtum</strong></span> <span class='ocrx_word' id='word_1_629' title='bbox 745 2443 775 2466; x_wconf 85' lang='lat' dir='ltr'><strong>et</strong></span> <span class='ocrx_word' id='word_1_630' title='bbox 805 2445 918 2471; x_wconf 88' lang='lat' dir='ltr'><strong>terram,</strong></span> <span class='ocrx_word' id='word_1_631' title='bbox 951 2445 979 2468; x_wconf 84' lang='lat' dir='ltr'><strong>et</strong></span> <span class='ocrx_word' id='word_1_632' title='bbox 999 2443 1091 2469; x_wconf 85' lang='lat' dir='ltr'><strong>omnia</strong></span> 
     </span>
    </p>
   </div>
   <div class='ocr_carea' id='block_1_93' title="bbox 339 2506 831 2542">
    <p class='ocr_par' dir='ltr' id='par_1_93' title="bbox 339 2506 831 2542">
     <span class='ocr_line' id='line_1_93' title="bbox 339 2506 831 2542; baseline 0.004 -9"><span class='ocrx_word' id='word_1_633' title='bbox 339 2506 361 2521; x_wconf 64' lang='lat'><strong>’9</strong></span> <span class='ocrx_word' id='word_1_634' title='bbox 387 2506 452 2542; x_wconf 68' lang='lat' dir='ltr'><strong>Sep.</strong></span> <span class='ocrx_word' id='word_1_635' title='bbox 471 2515 509 2540; x_wconf 74' lang='lat' dir='ltr'><strong>in,</strong></span> <span class='ocrx_word' id='word_1_636' title='bbox 533 2507 578 2534; x_wconf 70' lang='lat'><strong>26.</strong></span> <span class='ocrx_word' id='word_1_637' title='bbox 618 2507 639 2522; x_wconf 74' lang='grc' dir='ltr'><strong>⁸ο</strong></span> <span class='ocrx_word' id='word_1_638' title='bbox 655 2507 772 2540; x_wconf 81' lang='lat' dir='ltr'><strong>Joan,\&#39;,</strong></span> <span class='ocrx_word' id='word_1_639' title='bbox 788 2508 831 2535; x_wconf 69' lang='grc'><strong>45.</strong></span> 
     </span>
    </p>
   </div>
   <div class='ocr_carea' id='block_1_94' title="bbox 870 2509 1126 2542">
    <p class='ocr_par' dir='ltr' id='par_1_94' title="bbox 870 2509 1126 2542">
     <span class='ocr_line' id='line_1_94' title="bbox 870 2509 1126 2542; baseline 0 -6"><span class='ocrx_word' id='word_1_640' title='bbox 870 2509 891 2524; x_wconf 76' lang='grc'><strong>⁶¹</strong></span> <span class='ocrx_word' id='word_1_641' title='bbox 908 2509 992 2537; x_wconf 76' lang='lat' dir='ltr'><strong>Eccli.</strong></span> <span class='ocrx_word' id='word_1_642' title='bbox 1005 2519 1058 2542; x_wconf 58' lang='lat' dir='ltr'><strong>ru,</strong></span> <span class='ocrx_word' id='word_1_643' title='bbox 1081 2511 1126 2538; x_wconf 73' lang='grc'><strong>40.</strong></span> 
     </span>
    </p>
   </div>
   <div class='ocr_carea' id='block_1_95' title="bbox 1144 2349 1937 2380">
    <p class='ocr_par' dir='ltr' id='par_1_95' title="bbox 1144 2349 1937 2380">
     <span class='ocr_line' id='line_1_95' title="bbox 1144 2349 1937 2380; baseline -0.003 -3"><span class='ocrx_word' id='word_1_644' title='bbox 1144 2351 1196 2377; x_wconf 88' lang='lat' dir='ltr'><strong>bus</strong></span> <span class='ocrx_word' id='word_1_645' title='bbox 1211 2350 1282 2377; x_wconf 85' lang='lat' dir='ltr'><strong>escis</strong></span> <span class='ocrx_word' id='word_1_646' title='bbox 1304 2355 1347 2377; x_wconf 86' lang='lat' dir='ltr'><strong>est</strong></span> <span class='ocrx_word' id='word_1_647' title='bbox 1367 2350 1594 2380; x_wconf 87' lang='lat' dir='ltr'><strong>necessarius,et</strong></span> <span class='ocrx_word' id='word_1_648' title='bbox 1616 2353 1659 2375; x_wconf 83' lang='lat' dir='ltr'><strong>est</strong></span> <span class='ocrx_word' id='word_1_649' title='bbox 1678 2349 1884 2376; x_wconf 87' lang='lat' dir='ltr'><strong>ﬁrmamentum</strong></span> <span class='ocrx_word' id='word_1_650' title='bbox 1905 2355 1937 2375; x_wconf 91' lang='lat' dir='ltr'><strong>ac</strong></span> 
     </span>
    </p>
   </div>
   <div class='ocr_carea' id='block_1_96' title="bbox 1146 2395 1936 2428">
    <p class='ocr_par' dir='ltr' id='par_1_96' title="bbox 1146 2395 1936 2428">
     <span class='ocr_line' id='line_1_96' title="bbox 1146 2395 1936 2428; baseline -0.003 -5"><span class='ocrx_word' id='word_1_651' title='bbox 1146 2396 1365 2424; x_wconf 87' lang='lat' dir='ltr'><strong>stabilimentum</strong></span> <span class='ocrx_word' id='word_1_652' title='bbox 1391 2396 1493 2428; x_wconf 86' lang='lat' dir='ltr'><strong>cordis,</strong></span> <span class='ocrx_word' id='word_1_653' title='bbox 1529 2396 1569 2423; x_wconf 85' lang='lat' dir='ltr'><strong>sic</strong></span> <span class='ocrx_word' id='word_1_654' title='bbox 1592 2400 1621 2423; x_wconf 92' lang='lat' dir='ltr'><strong>et</strong></span> <span class='ocrx_word' id='word_1_655' title='bbox 1640 2396 1799 2423; x_wconf 81' lang='lat' dir='ltr'><strong>meminisse</strong></span> <span class='ocrx_word' id='word_1_656' title='bbox 1824 2395 1936 2428; x_wconf 87' lang='lat' dir='ltr'><strong>mortis,</strong></span> 
     </span>
    </p>
   </div>
   <div class='ocr_carea' id='block_1_97' title="bbox 1148 2441 1937 2477">
    <p class='ocr_par' dir='ltr' id='par_1_97' title="bbox 1148 2441 1937 2477">
     <span class='ocr_line' id='line_1_97' title="bbox 1148 2441 1937 2477; baseline -0.003 -8"><span class='ocrx_word' id='word_1_657' title='bbox 1148 2442 1271 2470; x_wconf 90' lang='lat' dir='ltr'><strong>omnium</strong></span> <span class='ocrx_word' id='word_1_658' title='bbox 1291 2448 1334 2470; x_wconf 86' lang='lat' dir='ltr'><strong>est</strong></span> <span class='ocrx_word' id='word_1_659' title='bbox 1347 2442 1493 2477; x_wconf 88' lang='lat' dir='ltr'><strong>optimum.</strong></span> <span class='ocrx_word' id='word_1_660' title='bbox 1505 2441 1680 2469; x_wconf 87' lang='lat' dir='ltr'><strong>Esurientem</strong></span> <span class='ocrx_word' id='word_1_661' title='bbox 1694 2442 1770 2469; x_wconf 86' lang='lat' dir='ltr'><strong>enim</strong></span> <span class='ocrx_word' id='word_1_662' title='bbox 1784 2442 1864 2477; x_wconf 89' lang='lat' dir='ltr'><strong>panis</strong></span> <span class='ocrx_word' id='word_1_663' title='bbox 1880 2447 1937 2468; x_wconf 86' lang='lat' dir='ltr'><strong>non</strong></span> 
     </span>
    </p>
   </div>
   <div class='ocr_carea' id='block_1_98' title="bbox 1054 2569 1191 2599">
    <p class='ocr_par' dir='ltr' id='par_1_98' title="bbox 1054 2569 1191 2599">
     <span class='ocr_line' id='line_1_98' title="bbox 1054 2569 1191 2599; baseline -0.007 0"><span class='ocrx_word' id='word_1_664' title='bbox 1054 2569 1191 2599; x_wconf 83' lang='lat' dir='ltr'><strong>Scholia.</strong></span> 
     </span>
    </p>
   </div>
   <div class='ocr_carea' id='block_1_99' title="bbox 338 2627 1093 2663">
    <p class='ocr_par' dir='ltr' id='par_1_99' title="bbox 338 2627 1093 2663">
     <span class='ocr_line' id='line_1_99' title="bbox 338 2627 1093 2663; baseline 0.004 -10"><span class='ocrx_word' id='word_1_665' title='bbox 338 2628 350 2640; x_wconf 69' lang='grc' dir='ltr'><strong>θ</strong></span> <span class='ocrx_word' id='word_1_666' title='bbox 360 2627 433 2654; x_wconf 82' lang='lat' dir='ltr'><strong>Sicut</strong></span> <span class='ocrx_word' id='word_1_667' title='bbox 458 2627 525 2663; x_wconf 80' lang='lat' dir='ltr'><strong>enim</strong></span> <span class='ocrx_word' id='word_1_668' title='bbox 537 2631 647 2663; x_wconf 17' lang='lat' dir='ltr'><strong>rautca__</strong></span> <span class='ocrx_word' id='word_1_669' title='bbox 658 2627 791 2663; x_wconf 74' lang='lat' dir='ltr'><strong>destructa</strong></span> <span class='ocrx_word' id='word_1_670' title='bbox 800 2633 826 2663; x_wconf 59' lang='lat' dir='ltr'><strong>et</strong></span> <span class='ocrx_word' id='word_1_671' title='bbox 838 2635 927 2654; x_wconf 65' lang='lat' dir='ltr'><strong>(versa</strong></span> <span class='ocrx_word' id='word_1_672' title='bbox 939 2633 1000 2655; x_wconf 76' lang='lat' dir='ltr'><strong>sum</strong></span> <span class='ocrx_word' id='word_1_673' title='bbox 1012 2630 1093 2663; x_wconf 76' lang='lat' dir='ltr'><strong>impe-</strong></span> 
     </span>
    </p>
   </div>
   <div class='ocr_carea' id='block_1_100' title="bbox 305 2661 1092 2698">
    <p class='ocr_par' dir='ltr' id='par_1_100' title="bbox 305 2661 1092 2698">
     <span class='ocr_line' id='line_1_100' title="bbox 305 2661 1092 2698; baseline 0.001 -9"><span class='ocrx_word' id='word_1_674' title='bbox 305 2664 389 2695; x_wconf 79' lang='lat' dir='ltr'><strong>ria,et</strong></span> <span class='ocrx_word' id='word_1_675' title='bbox 406 2661 755 2698; x_wconf 54' lang='lat' dir='ltr'><strong>mongrclrimtuMedorum</strong></span> <span class='ocrx_word' id='word_1_676' title='bbox 771 2661 960 2698; x_wconf 29' lang='lat' dir='ltr'><strong>aABabyloniis,</strong></span> <span class='ocrx_word' id='word_1_677' title='bbox 977 2661 1092 2698; x_wconf 74' lang='lat' dir='ltr'><strong>Babylo-</strong></span> 
     </span>
    </p>
   </div>
   <div class='ocr_carea' id='block_1_101' title="bbox 306 2696 1093 2730">
    <p class='ocr_par' dir='ltr' id='par_1_101' title="bbox 306 2696 1093 2730">
     <span class='ocr_line' id='line_1_101' title="bbox 306 2696 1093 2730; baseline 0 -6"><span class='ocrx_word' id='word_1_678' title='bbox 306 2699 410 2730; x_wconf 73' lang='lat' dir='ltr'><strong>niorum</strong></span> <span class='ocrx_word' id='word_1_679' title='bbox 425 2705 441 2723; x_wconf 84' lang='lat' dir='ltr'><strong>a</strong></span> <span class='ocrx_word' id='word_1_680' title='bbox 459 2696 557 2726; x_wconf 79' lang='lat' dir='ltr'><strong>Persis,</strong></span> <span class='ocrx_word' id='word_1_681' title='bbox 576 2696 718 2723; x_wconf 70' lang='lat' dir='ltr'><strong>Persarum</strong></span> <span class='ocrx_word' id='word_1_682' title='bbox 735 2701 758 2723; x_wconf 88' lang='lat' dir='ltr'><strong>et</strong></span> <span class='ocrx_word' id='word_1_683' title='bbox 773 2696 946 2723; x_wconf 71' lang='lat' dir='ltr'><strong>Macedonum</strong></span> <span class='ocrx_word' id='word_1_684' title='bbox 963 2707 978 2724; x_wconf 85' lang='grc' dir='ltr'><em>ιι</em></span> <span class='ocrx_word' id='word_1_685' title='bbox 996 2696 1093 2725; x_wconf 72' lang='lat' dir='ltr'><strong>Iloinn-</strong></span> 
     </span>
    </p>
   </div>
   <div class='ocr_carea' id='block_1_102' title="bbox 305 2731 1092 2765">
    <p class='ocr_par' dir='ltr' id='par_1_102' title="bbox 305 2731 1092 2765">
     <span class='ocr_line' id='line_1_102' title="bbox 305 2731 1092 2765; baseline 0.001 -6"><span class='ocrx_word' id='word_1_686' title='bbox 305 2733 357 2763; x_wconf 72' lang='lat' dir='ltr'><strong>xis,</strong></span> <span class='ocrx_word' id='word_1_687' title='bbox 376 2734 413 2760; x_wconf 86' lang='lat' dir='ltr'><strong>sic</strong></span> <span class='ocrx_word' id='word_1_688' title='bbox 433 2736 457 2758; x_wconf 88' lang='lat' dir='ltr'><strong>et</strong></span> <span class='ocrx_word' id='word_1_689' title='bbox 477 2731 535 2760; x_wconf 79' lang='lat' dir='ltr'><strong>hoc.</strong></span> <span class='ocrx_word' id='word_1_690' title='bbox 558 2731 716 2763; x_wconf 79' lang='lat' dir='ltr'><strong>Romanum,</strong></span> <span class='ocrx_word' id='word_1_691' title='bbox 735 2733 856 2765; x_wconf 78' lang='lat' dir='ltr'><strong>inquam.</strong></span> <span class='ocrx_word' id='word_1_692' title='bbox 885 2733 1036 2759; x_wconf 79' lang='lat' dir='ltr'><strong>destruetur</strong></span> <span class='ocrx_word' id='word_1_693' title='bbox 1059 2735 1092 2760; x_wconf 81' lang='lat' dir='ltr'><strong>ab</strong></span> 
     </span>
    </p>
   </div>
   <div class='ocr_carea' id='block_1_103' title="bbox 307 2765 1090 2801">
    <p class='ocr_par' dir='ltr' id='par_1_103' title="bbox 307 2765 1090 2801">
     <span class='ocr_line' id='line_1_103' title="bbox 307 2765 1090 2801; baseline 0.001 -7"><span class='ocrx_word' id='word_1_694' title='bbox 307 2768 477 2797; x_wconf 80' lang='lat' dir='ltr'><strong>Antichristo,</strong></span> <span class='ocrx_word' id='word_1_695' title='bbox 494 2771 516 2792; x_wconf 84' lang='lat' dir='ltr'><strong>et</strong></span> <span class='ocrx_word' id='word_1_696' title='bbox 534 2765 580 2792; x_wconf 76' lang='lat' dir='ltr'><strong>ille</strong></span> <span class='ocrx_word' id='word_1_697' title='bbox 593 2775 607 2792; x_wconf 84' lang='grc' dir='ltr'><em>α</em></span> <span class='ocrx_word' id='word_1_698' title='bbox 629 2765 744 2796; x_wconf 78' lang='lat' dir='ltr'><strong>Christo,</strong></span> <span class='ocrx_word' id='word_1_699' title='bbox 760 2774 806 2792; x_wconf 82' lang='lat' dir='ltr'><strong>nec</strong></span> <span class='ocrx_word' id='word_1_700' title='bbox 818 2765 932 2801; x_wconf 76' lang='lat' dir='ltr'><strong>amplius</strong></span> <span class='ocrx_word' id='word_1_701' title='bbox 946 2769 1090 2801; x_wconf 63' lang='lat' dir='ltr'><strong>occupabit.</strong></span> 
     </span>
    </p>
   </div>
   <div class='ocr_carea' id='block_1_104' title="bbox 344 2801 1092 2834">
    <p class='ocr_par' dir='ltr' id='par_1_104' title="bbox 344 2801 1092 2834">
     <span class='ocr_line' id='line_1_104' title="bbox 344 2801 1092 2834; baseline 0.004 -7"><span class='ocrx_word' id='word_1_702' title='bbox 344 2805 361 2813; x_wconf 90' lang='lat'><strong><em>&quot;</em></strong></span> <span class='ocrx_word' id='word_1_703' title='bbox 375 2802 424 2834; x_wconf 84' lang='lat' dir='ltr'><strong>Qui</strong></span> <span class='ocrx_word' id='word_1_704' title='bbox 437 2803 468 2828; x_wconf 81' lang='lat' dir='ltr'><strong>ab</strong></span> <span class='ocrx_word' id='word_1_705' title='bbox 484 2801 619 2827; x_wconf 83' lang='lat' dir='ltr'><strong>immundo</strong></span> <span class='ocrx_word' id='word_1_706' title='bbox 637 2801 731 2834; x_wconf 83' lang='lat' dir='ltr'><strong>spiritu</strong></span> <span class='ocrx_word' id='word_1_707' title='bbox 749 2805 786 2826; x_wconf 80' lang='lat' dir='ltr'><strong>est</strong></span> <span class='ocrx_word' id='word_1_708' title='bbox 809 2802 937 2834; x_wconf 79' lang='lat' dir='ltr'><strong>obsessus,</strong></span> <span class='ocrx_word' id='word_1_709' title='bbox 958 2806 987 2828; x_wconf 82' lang='lat' dir='ltr'><strong>ut</strong></span> <span class='ocrx_word' id='word_1_710' title='bbox 1007 2808 1092 2830; x_wconf 82' lang='lat' dir='ltr'><strong>mente</strong></span> 
     </span>
    </p>
   </div>
   <div class='ocr_carea' id='block_1_105' title="bbox 307 2836 1091 2867">
    <p class='ocr_par' dir='ltr' id='par_1_105' title="bbox 307 2836 1091 2867">
     <span class='ocr_line' id='line_1_105' title="bbox 307 2836 1091 2867; baseline 0 -4"><span class='ocrx_word' id='word_1_711' title='bbox 307 2837 441 2863; x_wconf 72' lang='lat' dir='ltr'><strong>alienatus</strong></span> <span class='ocrx_word' id='word_1_712' title='bbox 452 2836 623 2866; x_wconf 73' lang='lat' dir='ltr'><strong>vaticinatur,</strong></span> <span class='ocrx_word' id='word_1_713' title='bbox 633 2837 660 2861; x_wconf 71' lang='lat' dir='ltr'><strong>ei</strong></span> <span class='ocrx_word' id='word_1_714' title='bbox 670 2845 685 2861; x_wconf 91' lang='lat' dir='ltr'><strong>a</strong></span> <span class='ocrx_word' id='word_1_715' title='bbox 701 2836 818 2862; x_wconf 69' lang='lat' dir='ltr'><strong>(Immone</strong></span> <span class='ocrx_word' id='word_1_716' title='bbox 833 2838 958 2867; x_wconf 76' lang='lat' dir='ltr'><strong>ira/titur,</strong></span> <span class='ocrx_word' id='word_1_717' title='bbox 973 2838 1091 2864; x_wconf 66' lang='lat' dir='ltr'><strong>nesciens</strong></span> 
     </span>
    </p>
   </div>
   <div class='ocr_carea' id='block_1_106' title="bbox 307 2871 1090 2906">
    <p class='ocr_par' dir='ltr' id='par_1_106' title="bbox 307 2871 1090 2906">
     <span class='ocr_line' id='line_1_106' title="bbox 307 2871 1090 2906; baseline 0.001 -9"><span class='ocrx_word' id='word_1_718' title='bbox 307 2872 371 2903; x_wconf 70' lang='lat' dir='ltr'><strong>quid</strong></span> <span class='ocrx_word' id='word_1_719' title='bbox 393 2872 472 2897; x_wconf 86' lang='lat' dir='ltr'><strong>dicat.</strong></span> <span class='ocrx_word' id='word_1_720' title='bbox 495 2871 550 2897; x_wconf 84' lang='lat' dir='ltr'><strong>Hoc</strong></span> <span class='ocrx_word' id='word_1_721' title='bbox 569 2871 638 2896; x_wconf 81' lang='lat' dir='ltr'><strong>enim</strong></span> <span class='ocrx_word' id='word_1_722' title='bbox 658 2871 859 2906; x_wconf 74' lang='lat' dir='ltr'><strong>votirinuntittm</strong></span> <span class='ocrx_word' id='word_1_723' title='bbox 882 2877 919 2897; x_wconf 77' lang='lat' dir='ltr'><strong>est</strong></span> <span class='ocrx_word' id='word_1_724' title='bbox 943 2872 1090 2906; x_wconf 75' lang='lat' dir='ltr'><strong>proprium,</strong></span> 
     </span>
    </p>
   </div>
   <div class='ocr_carea' id='block_1_107' title="bbox 307 2905 1090 2940">
    <p class='ocr_par' dir='ltr' id='par_1_107' title="bbox 307 2905 1090 2940">
     <span class='ocr_line' id='line_1_107' title="bbox 307 2905 1090 2940; baseline 0.004 -10"><span class='ocrx_word' id='word_1_725' title='bbox 307 2906 333 2930; x_wconf 85' lang='lat' dir='ltr'><strong>iu</strong></span> <span class='ocrx_word' id='word_1_726' title='bbox 347 2907 436 2932; x_wconf 73' lang='lat' dir='ltr'><strong>utentis</strong></span> <span class='ocrx_word' id='word_1_727' title='bbox 447 2909 634 2936; x_wconf 72' lang='lat' dir='ltr'><strong>potestulenou</strong></span> <span class='ocrx_word' id='word_1_728' title='bbox 652 2913 716 2936; x_wconf 71' lang='lat' dir='ltr'><strong>esse,</strong></span> <span class='ocrx_word' id='word_1_729' title='bbox 728 2905 779 2931; x_wconf 77' lang='lat' dir='ltr'><strong>vim</strong></span> <span class='ocrx_word' id='word_1_730' title='bbox 798 2907 864 2938; x_wconf 77' lang='lat' dir='ltr'><strong>pati,</strong></span> <span class='ocrx_word' id='word_1_731' title='bbox 881 2907 992 2940; x_wconf 77' lang='lat' dir='ltr'><strong>imprlli.</strong></span> <span class='ocrx_word' id='word_1_732' title='bbox 1009 2908 1090 2938; x_wconf 76' lang='lat' dir='ltr'><strong>(ru/ii,</strong></span> 
     </span>
    </p>
   </div>
   <div class='ocr_carea' id='block_1_108' title="bbox 309 2940 1090 2975">
    <p class='ocr_par' dir='ltr' id='par_1_108' title="bbox 309 2940 1090 2975">
     <span class='ocr_line' id='line_1_108' title="bbox 309 2940 1090 2975; baseline 0.004 -10"><span class='ocrx_word' id='word_1_733' title='bbox 309 2942 421 2973; x_wconf 65' lang='lat' dir='ltr'><strong>rupturi,</strong></span> <span class='ocrx_word' id='word_1_734' title='bbox 433 2941 590 2975; x_wconf 78' lang='lat' dir='ltr'><strong>furiosorum</strong></span> <span class='ocrx_word' id='word_1_735' title='bbox 601 2940 695 2974; x_wconf 69' lang='lat' dir='ltr'><strong>instar,</strong></span> <span class='ocrx_word' id='word_1_736' title='bbox 712 2944 735 2966; x_wconf 75' lang='lat' dir='ltr'><strong>et</strong></span> <span class='ocrx_word' id='word_1_737' title='bbox 747 2941 846 2968; x_wconf 72' lang='lat' dir='ltr'><strong>nesrire</strong></span> <span class='ocrx_word' id='word_1_738' title='bbox 858 2942 920 2969; x_wconf 82' lang='lat' dir='ltr'><strong>ouid</strong></span> <span class='ocrx_word' id='word_1_739' title='bbox 937 2941 1090 2969; x_wconf 73' lang='lat' dir='ltr'><strong>(canuntur.</strong></span> 
     </span>
    </p>
   </div>
   <div class='ocr_carea' id='block_1_109' title="bbox 1181 2628 1938 2664">
    <p class='ocr_par' dir='ltr' id='par_1_109' title="bbox 1181 2628 1938 2664">
     <span class='ocr_line' id='line_1_109' title="bbox 1181 2628 1938 2664; baseline -0.004 -7"><span class='ocrx_word' id='word_1_740' title='bbox 1181 2630 1335 2664; x_wconf 48' lang='lat' dir='ltr'><strong>Chrysost;</strong></span> <span class='ocrx_word' id='word_1_741' title='bbox 1352 2628 1409 2664; x_wconf 73' lang='lat' dir='ltr'><strong>Non</strong></span> <span class='ocrx_word' id='word_1_742' title='bbox 1419 2633 1451 2655; x_wconf 83' lang='lat' dir='ltr'><strong>ut</strong></span> <span class='ocrx_word' id='word_1_743' title='bbox 1465 2629 1599 2663; x_wconf 75' lang='lat' dir='ltr'><strong>prop/reue</strong></span> <span class='ocrx_word' id='word_1_744' title='bbox 1612 2628 1767 2662; x_wconf 82' lang='lat' dir='ltr'><strong>loquentur,</strong></span> <span class='ocrx_word' id='word_1_745' title='bbox 1785 2629 1832 2655; x_wconf 76' lang='lat' dir='ltr'><strong>sed</strong></span> <span class='ocrx_word' id='word_1_746' title='bbox 1844 2628 1938 2662; x_wconf 72' lang='lat' dir='ltr'><strong>quales</strong></span> 
     </span>
    </p>
   </div>
   <div class='ocr_carea' id='block_1_110' title="bbox 1147 2662 1936 2700">
    <p class='ocr_par' dir='ltr' id='par_1_110' title="bbox 1147 2662 1936 2700">
     <span class='ocr_line' id='line_1_110' title="bbox 1147 2662 1936 2700; baseline -0.004 -8"><span class='ocrx_word' id='word_1_747' title='bbox 1147 2662 1248 2700; x_wconf 74' lang='lat' dir='ltr'><strong>fatidici</strong></span> <span class='ocrx_word' id='word_1_748' title='bbox 1265 2669 1354 2691; x_wconf 81' lang='lat' dir='ltr'><strong>erant.</strong></span> <span class='ocrx_word' id='word_1_749' title='bbox 1437 2664 1506 2700; x_wconf 67' lang='lat' dir='ltr'><strong>enim</strong></span> <span class='ocrx_word' id='word_1_750' title='bbox 1516 2662 1519 2663; x_wconf 51' lang='grc'><strong><em>⁷</em></strong></span> <span class='ocrx_word' id='word_1_751' title='bbox 1529 2671 1588 2690; x_wconf 86' lang='lat' dir='ltr'><strong>cum</strong></span> <span class='ocrx_word' id='word_1_752' title='bbox 1602 2664 1707 2700; x_wconf 78' lang='lat' dir='ltr'><strong>domum</strong></span> <span class='ocrx_word' id='word_1_753' title='bbox 1723 2664 1844 2700; x_wconf 84' lang='lat' dir='ltr'><strong>animam</strong></span> <span class='ocrx_word' id='word_1_754' title='bbox 1858 2671 1936 2700; x_wconf 64' lang='lat' dir='ltr'><strong>oceu-</strong></span> 
     </span>
    </p>
   </div>
   <div class='ocr_carea' id='block_1_111' title="bbox 1147 2698 1937 2735">
    <p class='ocr_par' dir='ltr' id='par_1_111' title="bbox 1147 2698 1937 2735">
     <span class='ocr_line' id='line_1_111' title="bbox 1147 2698 1937 2735; baseline -0.004 -9"><span class='ocrx_word' id='word_1_755' title='bbox 1147 2698 1229 2735; x_wconf 68' lang='lat' dir='ltr'><strong>purit,</strong></span> <span class='ocrx_word' id='word_1_756' title='bbox 1248 2705 1361 2726; x_wconf 80' lang='lat' dir='ltr'><strong>mentem</strong></span> <span class='ocrx_word' id='word_1_757' title='bbox 1376 2699 1505 2735; x_wconf 71' lang='lat' dir='ltr'><strong>debilitat,</strong></span> <span class='ocrx_word' id='word_1_758' title='bbox 1524 2703 1548 2725; x_wconf 84' lang='lat' dir='ltr'><strong>et</strong></span> <span class='ocrx_word' id='word_1_759' title='bbox 1565 2699 1695 2724; x_wconf 84' lang='lat' dir='ltr'><strong>rationem</strong></span> <span class='ocrx_word' id='word_1_760' title='bbox 1717 2698 1842 2724; x_wconf 76' lang='lat' dir='ltr'><strong>obscurat</strong></span> <span class='ocrx_word' id='word_1_761' title='bbox 1859 2704 1883 2722; x_wconf 78' lang='grc' dir='ltr'><strong>ει</strong></span> <span class='ocrx_word' id='word_1_762' title='bbox 1897 2698 1937 2723; x_wconf 83' lang='lat' dir='ltr'><strong>ita</strong></span> 
     </span>
    </p>
   </div>
   <div class='ocr_carea' id='block_1_112' title="bbox 1147 2734 1936 2770">
    <p class='ocr_par' dir='ltr' id='par_1_112' title="bbox 1147 2734 1936 2770">
     <span class='ocr_line' id='line_1_112' title="bbox 1147 2734 1936 2770; baseline -0.006 -8"><span class='ocrx_word' id='word_1_763' title='bbox 1147 2736 1261 2770; x_wconf 80' lang='lat' dir='ltr'><strong>loquitur</strong></span> <span class='ocrx_word' id='word_1_764' title='bbox 1285 2735 1340 2766; x_wconf 76' lang='lat' dir='ltr'><strong>ipse</strong></span> <span class='ocrx_word' id='word_1_765' title='bbox 1354 2734 1442 2770; x_wconf 73' lang='lat' dir='ltr'><strong>omnia</strong></span> <span class='ocrx_word' id='word_1_766' title='bbox 1466 2741 1557 2770; x_wconf 80' lang='lat' dir='ltr'><strong>eorum</strong></span> <span class='ocrx_word' id='word_1_767' title='bbox 1579 2734 1682 2760; x_wconf 81' lang='lat' dir='ltr'><strong>ratione</strong></span> <span class='ocrx_word' id='word_1_768' title='bbox 1695 2738 1719 2759; x_wconf 79' lang='lat' dir='ltr'><strong>et</strong></span> <span class='ocrx_word' id='word_1_769' title='bbox 1742 2739 1827 2770; x_wconf 70' lang='lat' dir='ltr'><strong>mente</strong></span> <span class='ocrx_word' id='word_1_770' title='bbox 1851 2736 1936 2770; x_wconf 39' lang='lat' dir='ltr'><strong>tutum</strong></span> 
     </span>
    </p>
   </div>
   <div class='ocr_carea' id='block_1_113' title="bbox 1146 2767 1937 2805">
    <p class='ocr_par' dir='ltr' id='par_1_113' title="bbox 1146 2767 1937 2805">
     <span class='ocr_line' id='line_1_113' title="bbox 1146 2767 1937 2805; baseline -0.004 -9"><span class='ocrx_word' id='word_1_771' title='bbox 1146 2767 1327 2805; x_wconf 74' lang='lat' dir='ltr'><strong>ignorantibus</strong></span> <span class='ocrx_word' id='word_1_772' title='bbox 1338 2789 1345 2798; x_wconf 84' lang='lat'><strong>,</strong></span> <span class='ocrx_word' id='word_1_773' title='bbox 1361 2768 1452 2805; x_wconf 70' lang='lat' dir='ltr'><strong>sedul</strong></span> <span class='ocrx_word' id='word_1_774' title='bbox 1463 2769 1528 2794; x_wconf 84' lang='lat' dir='ltr'><strong>tibia</strong></span> <span class='ocrx_word' id='word_1_775' title='bbox 1543 2769 1661 2795; x_wconf 83' lang='lat' dir='ltr'><strong>inanima</strong></span> <span class='ocrx_word' id='word_1_776' title='bbox 1675 2767 1937 2805; x_wconf 24' lang='lat' dir='ltr'><strong>sounnlilutszSirut</strong></span> 
     </span>
    </p>
   </div>
   <div class='ocr_carea' id='block_1_114' title="bbox 1147 2801 1934 2840">
    <p class='ocr_par' dir='ltr' id='par_1_114' title="bbox 1147 2801 1934 2840">
     <span class='ocr_line' id='line_1_114' title="bbox 1147 2801 1934 2840; baseline -0.003 -10"><span class='ocrx_word' id='word_1_777' title='bbox 1147 2801 1191 2840; x_wconf 64' lang='lat' dir='ltr'><strong>riui</strong></span> <span class='ocrx_word' id='word_1_778' title='bbox 1212 2809 1310 2830; x_wconf 76' lang='lat' dir='ltr'><strong>canunt</strong></span> <span class='ocrx_word' id='word_1_779' title='bbox 1323 2803 1445 2840; x_wconf 76' lang='lat' dir='ltr'><strong>oracula.</strong></span> <span class='ocrx_word' id='word_1_780' title='bbox 1463 2807 1488 2828; x_wconf 77' lang='lat' dir='ltr'><strong>et</strong></span> <span class='ocrx_word' id='word_1_781' title='bbox 1503 2808 1584 2840; x_wconf 67' lang='lat' dir='ltr'><strong>votes,</strong></span> <span class='ocrx_word' id='word_1_782' title='bbox 1599 2805 1714 2840; x_wconf 62' lang='lat' dir='ltr'><strong>quicum</strong></span> <span class='ocrx_word' id='word_1_783' title='bbox 1730 2801 1814 2840; x_wconf 70' lang='lat' dir='ltr'><strong>multa</strong></span> <span class='ocrx_word' id='word_1_784' title='bbox 1831 2802 1934 2840; x_wconf 58' lang='lat' dir='ltr'><strong>dicunt,</strong></span> 
     </span>
    </p>
   </div>
   <div class='ocr_carea' id='block_1_115' title="bbox 1143 2836 1961 2873">
    <p class='ocr_par' dir='ltr' id='par_1_115' title="bbox 1143 2836 1961 2873">
     <span class='ocr_line' id='line_1_115' title="bbox 1143 2836 1961 2873; baseline -0.005 -7"><span class='ocrx_word' id='word_1_785' title='bbox 1143 2836 1210 2866; x_wconf 72' lang='lat' dir='ltr'><strong>iii/ii!</strong></span> <span class='ocrx_word' id='word_1_786' title='bbox 1224 2847 1314 2865; x_wconf 85' lang='lat' dir='ltr'><strong>corum</strong></span> <span class='ocrx_word' id='word_1_787' title='bbox 1327 2839 1425 2873; x_wconf 78' lang='lat' dir='ltr'><strong>sciunt,</strong></span> <span class='ocrx_word' id='word_1_788' title='bbox 1442 2846 1501 2873; x_wconf 69' lang='grc' dir='ltr'><strong><em>(μην</em></strong></span> <span class='ocrx_word' id='word_1_789' title='bbox 1519 2837 1626 2864; x_wconf 78' lang='lat' dir='ltr'><strong>dicunt.</strong></span> <span class='ocrx_word' id='word_1_790' title='bbox 1642 2837 1679 2862; x_wconf 84' lang='lat' dir='ltr'><strong>ila</strong></span> <span class='ocrx_word' id='word_1_791' title='bbox 1697 2841 1721 2873; x_wconf 68' lang='lat' dir='ltr'><strong>et</strong></span> <span class='ocrx_word' id='word_1_792' title='bbox 1739 2836 1784 2862; x_wconf 67' lang='lat' dir='ltr'><strong>ille</strong></span> <span class='ocrx_word' id='word_1_793' title='bbox 1795 2846 1814 2873; x_wconf 12' lang='lat' dir='ltr'><strong>in</strong></span> <span class='ocrx_word' id='word_1_794' title='bbox 1828 2836 1935 2873; x_wconf 65' lang='lat' dir='ltr'><strong>Sutrino</strong></span> <span class='ocrx_word' id='word_1_795' title='bbox 1958 2857 1961 2859; x_wconf 94' lang='lat'><strong>.</strong></span> 
     </span>
    </p>
   </div>
   <div class='ocr_carea' id='block_1_116' title="bbox 1143 2871 1936 2907">
    <p class='ocr_par' dir='ltr' id='par_1_116' title="bbox 1143 2871 1936 2907">
     <span class='ocr_line' id='line_1_116' title="bbox 1143 2871 1936 2907; baseline -0.003 -7"><span class='ocrx_word' id='word_1_796' title='bbox 1143 2879 1228 2900; x_wconf 80' lang='lat' dir='ltr'><strong>nteute</strong></span> <span class='ocrx_word' id='word_1_797' title='bbox 1241 2879 1351 2906; x_wconf 75' lang='lat' dir='ltr'><strong>emotus,</strong></span> <span class='ocrx_word' id='word_1_798' title='bbox 1367 2871 1496 2907; x_wconf 80' lang='lat' dir='ltr'><strong>loquetur,</strong></span> <span class='ocrx_word' id='word_1_799' title='bbox 1509 2876 1531 2897; x_wconf 80' lang='lat' dir='ltr'><strong>et</strong></span> <span class='ocrx_word' id='word_1_800' title='bbox 1544 2876 1603 2906; x_wconf 80' lang='lat' dir='ltr'><strong>ugrt</strong></span> <span class='ocrx_word' id='word_1_801' title='bbox 1614 2879 1672 2905; x_wconf 75' lang='lat' dir='ltr'><strong>quw</strong></span> <span class='ocrx_word' id='word_1_802' title='bbox 1684 2871 1798 2898; x_wconf 75' lang='lat' dir='ltr'><strong>tlwmoui</strong></span> <span class='ocrx_word' id='word_1_803' title='bbox 1810 2872 1936 2898; x_wconf 62' lang='lat' dir='ltr'><strong>collibus-</strong></span> 
     </span>
    </p>
   </div>
   <div class='ocr_carea' id='block_1_117' title="bbox 1143 2910 1205 2936">
    <p class='ocr_par' dir='ltr' id='par_1_117' title="bbox 1143 2910 1205 2936">
     <span class='ocr_line' id='line_1_117' title="bbox 1143 2910 1205 2936; baseline 0.032 -2"><span class='ocrx_word' id='word_1_804' title='bbox 1143 2910 1205 2936; x_wconf 81' lang='lat' dir='ltr'><strong>rint.</strong></span> 
     </span>
    </p>
   </div>
  </div>
