2032 3156
254 245 354 272 artem,
371 247 418 267 seu
434 240 587 273 scientiam,
605 247 652 268 seu
670 241 819 272 actionem,
833 247 882 268 scu
905 239 1043 275 eperatio~
1062 241 1085 269 Α

255 294 331 319 nem,
349 294 398 314 seu
428 286 687 321 contemplationem
720 291 840 321 spectes,
863 295 896 314 cx
917 285 1047 313 omnibus

255 333 316 368 ejus
342 333 576 360 immortalitatem
595 333 717 368 colliges,
738 338 766 360 et
783 334 873 368 qualis
887 337 1045 368 quantaque

255 380 291 405 sit
309 378 446 413 intelliges
460 387 466 411 ;
482 378 713 414 quemadmodum
738 379 765 406 in
781 378 900 406 secunda
922 377 1047 412 disputa‘

254 425 329 452 tione
341 433 424 460 supra
436 425 593 453 docuimus.
606 426 658 459 Qui
676 427 749 453 enim
762 426 796 453 ab
808 425 887 453 initio
901 425 1047 452 animabus

254 476 285 498 ut
301 476 395 498 essent
408 472 536 506 praebuit,
559 473 604 500 ille
620 472 693 500 idem
719 473 875 500 aeternitate
894 472 967 507 ipsas
983 479 1045 498 mu—

255 522 370 545 neratus
389 522 432 546 est
448 519 538 553 :quod
551 519 664 554 quidem
677 527 779 547 munus
790 527 853 546 cum
866 519 906 546 eis
922 518 949 545 in
964 522 1046 545 natu-

255 571 312 590 ram
325 572 436 591 versum
447 565 492 598 sit,
510 573 544 592 eo
559 566 661 600 privari
679 573 820 601 nunquam
837 569 961 600 possunt.
975 564 1048 598 Quot

253 612 346 635 autem
369 617 484 637 numero
505 610 561 637 sint
587 611 696 644 animus,
714 618 853 646 quamque
878 618 974 645 magna
999 617 1046 636 eo-

256 660 318 679 rum
342 654 501 686 multitudo,
520 655 664 682 hominum
687 656 790 683 nemini
812 656 952 691 cognitum
979 660 1046 683 est:

253 699 397 734 cognitum
417 705 511 728 autent
537 705 566 729 et
588 706 762 737 perspectum
783 701 919 734 Creatori,
934 702 978 728 cui
996 701 1047 729 soli

254 752 321 773 nota
337 751 402 774 sunt
416 748 519 775 omnia.
535 747 629 781 Qualis
648 753 781 783 praeterea
792 756 930 785 quamque
946 748 1048 776 nobilis

254 792 292 820 sit
317 801 379 820 cum
393 794 564 829 angelorum,
586 799 644 822 tum
663 795 816 822 animarum
837 799 947 826 natura,
963 795 1046 822 etiam

255 840 310 867 hoc
324 839 369 869 ille
385 839 458 868 idem
480 841 557 869 novit
573 850 580 868 :
596 841 659 876 quis
673 841 748 868 enim
772 846 865 869 nosset
887 840 976 868 alius?

567 908 680 937 CAPUT
706 909 739 936 ll.

254 956 367 982 Animas
389 963 485 982 vacare
511 964 619 991 prorsus
650 957 782 990 corporeis
808 957 997 985 arcidentihus.
1022 961 1046 982 et

287 991 432 1019 secundum
455 991 632 1018 substantiam
657 991 732 1018 nullo
757 992 908 1019 discrimine
935 993 1044 1019 variari.

288 1025 321 1052 1η
350 1027 540 1053 resurrectione
565 1035 617 1053 non
648 1026 785 1054 beatorum
818 1035 972 1061 corporum,
1000 1034 1047 1053 nec

291 1062 462 1098 animarum,
476 1062 533 1098 sed
556 1061 649 1097 gloria
675 1063 898 1098 praemiorumque
927 1063 1048 1098 differen-

289 1096 355 1122 tiam
369 1096 425 1131 fore
441 1096 509 1131 (l6).

291 1151 390 1180 Astu.
406 1152 486 1180 Aliud
501 1160 605 1188 quaero,
622 1153 706 1187 idque
728 1152 850 1185 dilﬁcile,
862 1153 937 1188 quod
954 1158 1046 1180 tamen

254 1205 387 1232 pernosse
401 1198 474 1229 volo,
493 1197 660 1233 concupisco
674 1203 702 1225 et
714 1197 853 1225 desidero.
870 1198 903 1225 Et
921 1198 1048 1232 Scriptu-

255 1244 294 1270 ris
307 1244 388 1270 docta
403 1251 463 1270 sum
483 1243 629 1278 perspicue
646 1251 708 1271 esse
723 1244 838 1276 animas,
856 1247 888 1271 ut
910 1243 1013 1275 dixisti,
1032 1251 1047 1270 a

255 1289 371 1316 materia
385 1293 553 1324 segregatas,
570 1293 598 1317 et
610 1289 717 1317 ratione
729 1289 869 1324 praeditas.
885 1288 951 1322 Quae
963 1289 1047 1316 etiam

255 1337 376 1365 essentia
395 1338 452 1372 ipsa
464 1344 526 1364 cum
541 1337 646 1372 angelis
662 1336 842 1367 conveniunt.
862 1340 983 1370 suntque
997 1336 1048 1362 tri-

256 1382 376 1418 partitae.
389 1385 420 1408 ut
444 1382 634 1418 disputatione
665 1381 786 1409 secunda
813 1386 956 1409 ostensum
990 1385 1045 1408 est.

255 1429 364 1456 Habent
394 1428 467 1457 enim
491 1429 571 1462 iram,
584 1429 776 1464 cupiditatem,
795 1431 824 1456 et
841 1428 868 1455 in
886 1428 983 1463 primis
1003 1435 1047 1454 ra—

254 1475 370 1507 tionem,
388 1482 448 1509 qua!
472 1475 537 1502 item
561 1478 704 1510 permanet
724 1483 730 1501 ε
751 1475 864 1509 insuper
888 1474 1047 1502 facultatem

253 1522 424 1555 interiorem,
433 1522 785 1559 quintnplicem,mentem,
793 1520 1046 1552 ratiocinationem,

254 1568 439 1603 phantasiam.
452 1568 659 1599 discretionem,
669 1575 730 1602 qua:
740 1567 885 1594 facultates
892 1573 1002 1600 quoque
1009 1573 1048 1592 ra-

254 1615 371 1642 tionales
385 1614 559 1650 appellantur
572 1622 579 1646 ;
593 1613 677 1641 etiam
691 1612 865 1643 memoriam,
875 1611 947 1646 quod
962 1611 1046 1638 maxi-

253 1669 328 1689 mum
341 1667 393 1689 est.
407 1660 560 1696 [Equaliter
573 1667 673 1694 nempe
687 1659 744 1686 hanc
756 1659 886 1686 omnibus
901 1658 1047 1686 animabus

253 1709 449 1743 contigerunt:
465 1714 520 1733 non
536 1712 567 1733 ut
581 1706 635 1732 alia
647 1706 719 1740 plus,
731 1705 784 1732 alia
799 1705 892 1733 minus
901 1705 1025 1732 obtineat
1039 1714 1046 1731 ί

252 1763 306 1782 nec
323 1759 354 1781 ut
379 1754 460 1781 aliter
479 1753 538 1785 illa,
552 1752 634 1780 aliter
658 1752 709 1780 ista
733 1759 762 1779 se
785 1752 813 1779 in
827 1751 872 1779 his
894 1751 1004 1780 habeat.
1020 1755 1048 1778 et

251 1802 305 1830 alia
321 1799 430 1827 caeteris
447 1799 475 1827 in
496 1799 595 1826 iisdem
620 1799 749 1834 superior
760 1798 919 1826 conditione
933 1797 981 1830 sit,
993 1797 1046 1825 alia

252 1847 386 1882 majorem
412 1845 573 1881 puritatem,
596 1850 624 1872 et
649 1844 825 1880 praestantius
847 1844 995 1880 quiddam.
1015 1851 1047 1871 ac

251 1894 346 1932 potius
365 1893 400 1920 ad
424 1900 467 1920 res
491 1892 599 1920 divinas
625 1892 851 1928 contemplandas
876 1896 906 1920 et
928 1891 1047 1927 agendas

253 1937 350 1968 sortita
372 1939 418 1967 sit.
432 1939 526 1975 Itaque
546 1939 580 1966 de
607 1939 655 1967 his.
683 1944 712 1966 et
741 1939 795 1967 illis
818 1938 955 1972 sciscitor,
980 1946 1046 1966 num

252 1993 350 2014 omnes
367 1986 440 2013 inter
461 1993 491 2013 se
507 1985 590 2013 simili
611 1985 667 2012 sint
684 1985 754 2012 facie
772 1990 855 2020 atque
871 1985 942 2017 visu,
958 1992 993 2012 an
1019 1984 1047 2012 in

253 2033 307 2060 hoc
329 2031 510 2058 varietatibus
539 2031 708 2066 discrepent.
731 2030 759 2058 Si
777 2035 869 2058 tamen
891 2035 1046 2066 aspectum,

251 2083 279 2107 et
295 2078 411 2105 formam
427 2078 468 2105 eis
486 2077 608 2104 tribuere
633 2077 674 2103 fas
690 2081 743 2104 est.

285 2125 368 2153 Csuo.
385 2124 448 2151 llaec
458 2124 492 2151 de
510 2123 675 2158 corporibus
691 2123 805 2155 nostris,
816 2122 907 2158 deque
918 2122 1048 2150 omnibus

251 2179 315 2206 quae
324 2179 435 2198 setisqu
445 2174 571 2205 tangunt,
584 2169 726 2201 dicuntur,
737 2169 764 2195 in
776 2168 1048 2204 quibusnaluraliter

251 2217 376 2252 quaedam
395 2216 491 2248 facies,
507 2215 700 2245 conformatio.
717 2219 746 2242 et
761 2215 881 2250 species,
898 2219 1045 2249 aspectus,

252 2255 407 2294 aduncitas,
422 2261 585 2289 etsimilitas
602 2261 739 2296 quaedam,
751 2260 855 2293 album,
868 2260 987 2291 fuscum,
1001 2260 1046 2287 ni-
1065 2278 1085 2305 Β

252 2316 342 2340 arum,
358 2316 484 2343 pill'V’lllll,
496 2315 636 2342 magnum,
650 2311 742 2340 tenue,
758 2314 882 2334 crassum
895 2307 1045 2341 reperitur.

251 2355 287 2382 Et
300 2361 341 2382 est
355 2362 455 2391 corpus
468 2354 547 2381 aliud
561 2353 697 2388 pusionis,
714 2353 838 2384 infantis,
852 2353 934 2381 modo
948 2353 1046 2389 geniti,

252 2408 280 2430 et
300 2402 551 2434 alind,seuescens.
569 2401 639 2430 Sunt
656 2402 767 2429 demum
785 2401 877 2436 qualia
898 2405 926 2428 et
943 2405 1047 2436 quanta

253 2457 380 2484 corpora,
399 2453 429 2475 ut
453 2448 560 2482 reliqua
587 2447 742 2475 accidentia
759 2447 979 2483 praetermittam.
996 2447 1048 2474 Ve-

252 2499 411 2522 rnmlamen
435 2499 497 2529 post
516 2494 749 2522 resurrectionem
764 2501 779 2521 e
799 2493 936 2528 sepulcris
961 2494 1044 2520 etiam

256 2541 320 2572 ista,
339 2541 456 2576 perinde
481 2545 509 2567 ut
537 2548 654 2575 corpora
678 2540 736 2575 ipsa
759 2539 992 2571 immutabuntur,
1009 2538 1044 2566 ad

253 2595 337 2614 unam
353 2587 533 2623 eamdemque
547 2587 666 2622 speciem
692 2587 813 2619 redacta,
827 2590 854 2613 et
869 2586 902 2614 ad
919 2586 1044 2614 eamdem

253 2639 372 2667 aetatem,
389 2638 418 2661 ut
431 2634 565 2668 scriptum
579 2639 621 2661 est
639 2643 645 2661 :
662 2633 748 2669 gloria
758 2637 863 2660 tantum
880 2640 934 2660 non
949 2633 1044 2661 eadem

1065 918 1084 946 Β

872 184 1043 215 PHILIPPI
1063 185 1258 215 SOLITARII

1839 186 1893 217 κει

1099 241 1225 275 singulis,
1242 242 1289 269 sed
1309 250 1358 276 pro
1371 242 1454 269 rebus
1469 242 1495 270 in
1511 243 1563 270 hac
1578 243 1632 269 vita
1647 247 1764 277 pa‘ratts
1786 243 1898 270 tribue-

1101 287 1277 318 tur;etaliis
1294 288 1345 315 alia
1363 289 1468 320 bravia,
1486 296 1534 316 seu
1558 289 1669 324 prtemia
1685 297 1749 316 cum
1763 297 1897 316 mensura

1099 332 1288 361 conferentur.
1309 333 1337 361 ln
1350 335 1515 369 corporibus
1529 335 1604 362 nulla
1631 342 1745 369 prorsus
1760 335 1896 362 ditl‘cren-

1101 379 1139 406 tia
1153 383 1294 407 cernetur.
1311 379 1340 407 ln
1355 381 1501 408 animabus
1514 385 1607 408 autem
1618 380 1717 408 similis
1729 381 1756 407 iu
1771 387 1897 415 praesens

1100 429 1199 452 natura
1213 430 1241 452 et
1258 430 1312 458 est,
1330 431 1358 453 et
1372 426 1433 459 fuit,
1452 426 1508 461 jam
1527 425 1590 453 inde
1615 426 1650 453 ab
1665 430 1763 454 exortu
1779 426 1897 453 humani

1101 472 1223 506 generis,
1242 477 1297 500 ute
1314 480 1392 500 sacra
1405 473 1547 508 Scriptura
1558 473 1658 507 liquet,
1671 472 1898 507 corporibusque

1102 518 1244 552 implicita:
1260 523 1335 552 sunt,
1355 524 1384 547 et
1418 527 1504 546 unum
1536 519 1638 546 animal
1654 519 1795 546 videntur.
1815 519 1898 546 Nulla

1100 565 1185 600 igitur
1198 570 1242 592 est
1264 565 1338 593 inter
1361 573 1410 593 eas
1425 566 1579 593 secundum
1595 571 1724 592 naturam
1748 565 1898 592 dissimili-

1101 611 1183 637 tudo:
1201 618 1252 638 nec
1264 611 1316 638 alia
1328 611 1399 639 alius
1410 611 1518 646 species
1530 620 1536 637 :
1549 611 1595 638 sed
1609 611 1751 638 communi
1765 611 1899 638 omnibus

1100 657 1218 689 ratione,
1238 657 1370 690 essentia,
1403 662 1431 684 et
1458 657 1557 689 forma,
1586 661 1614 684 et
1641 661 1739 684 natura
1765 656 1900 684 omnibus

1100 703 1197 730 eadem
1217 713 1224 731 :
1253 704 1274 731 si
1289 708 1381 730 tamen
1405 703 1441 730 ita
1465 703 1500 731 de
1526 703 1673 738 spiritibus
1689 703 1766 738 loqui
1782 703 1825 730 fas
1843 707 1897 730 est.

1102 749 1264 777 Substantia
1277 750 1351 776 enim
1365 757 1419 777 non
1434 754 1579 784 corporata
1594 756 1743 784 quamuam
1758 749 1897 776 crassitu-

1100 797 1205 829 dinem,
1221 801 1250 823 et
1273 797 1447 824 latitudinem
1471 801 1499 824 et
1515 795 1687 828 distantiam,
1711 800 1758 822 aut
1783 795 1899 830 profun-

1099 843 1214 870 ditatem
1227 842 1358 877 aliquam,
1371 847 1420 870 aut
1436 842 1551 878 figuram
1566 861 1574 873 ,
1593 845 1641 868 aut
1656 841 1765 876 pondus
1778 841 1898 868 varieta-

1099 890 1144 921 tis,
1165 890 1252 918 instar
1272 890 1353 917 molis
1373 889 1492 916 habeat?
1506 888 1650 923 longitudo
1671 887 1767 919 etiam,
1784 891 1814 914 et
1833 894 1894 913 ma—

1099 936 1215 972 gnitudo
1239 936 1274 963 iis
1304 935 1449 967 inhaerent,
1464 942 1526 969 quae
1551 934 1603 961 sub
1624 941 1735 961 sensum
1766 933 1896 960 veniunt.

1100 981 1163 1009 Haec
1182 981 1274 1009 omnia
1289 981 1369 1017 longe
1388 981 1423 1008 ab
1450 980 1596 1008 animabus
1622 979 1733 1006 absunt.
1759 978 1845 1010 Illud,
1871 983 1898 1005 et

1097 1027 1208 1063 quidem
1246 1027 1354 1060 solum,
1372 1027 1454 1061 plane
1484 1025 1629 1053 sciendum
1643 1045 1651 1057 ,
1672 1031 1898 1060 unamquamque

1099 1078 1282 1110 congruenter
1299 1073 1432 1109 operibus
1451 1076 1478 1099 et
1504 1071 1630 1099 moribus
1654 1071 1713 1098 suis
1738 1070 1897 1105 praemium,

1098 1120 1309 1154 mercedemque
1344 1119 1492 1146 relaturum
1525 1138 1532 1150 ,
1565 1117 1799 1152 quemadmodum
1836 1124 1897 1144 ser-

1099 1175 1181 1196 mone
1191 1168 1333 1203 superiore
1350 1166 1471 1194 dilucide
1485 1166 1653 1201 explicatum
1674 1169 1727 1192 est.
1741 1165 1808 1192 Nam
1836 1171 1897 1200 qua
1939 1185 1944 1190 .

1099 1213 1171 1240 bona
1203 1212 1310 1245 fuerit,
1340 1211 1456 1247 gloriam
1486 1210 1650 1238 immensam
1677 1214 1893 1244 consequetur:

1099 1267 1160 1295 qua:
1185 1258 1256 1285 mala
1276 1262 1304 1285 et
1332 1262 1402 1289 atra,
1432 1257 1562 1284 tenebras
1591 1255 1736 1283 sortietur.
1760 1255 1896 1288 Quaelibet

1097 1306 1174 1341 juxta
1189 1312 1302 1340 scopum
1319 1303 1548 1339 propositumque
1571 1310 1664 1336 suum,
1685 1302 1758 1329 sicut
1780 1307 1896 1337 operata

1098 1355 1152 1384 est,
1166 1350 1202 1378 ita
1217 1350 1259 1377 vel
1274 1350 1415 1385 gaudium,
1435 1353 1462 1377 et
1484 1349 1630 1381 honorem,
1648 1348 1691 1376 vel
1713 1348 1852 1379 dolorem.
1868 1353 1895 1375 et

1100 1397 1280 1433 ignominiam
1296 1396 1430 1423 inveniet.
1444 1395 1542 1422 Anima
1559 1394 1661 1429 quippe
1687 1393 1775 1421 libera
1795 1398 1849 1426 est,
1867 1396 1893 1420 et

1099 1444 1173 1480 quod
1190 1444 1268 1477 libet,
1279 1443 1332 1470 hoc
1347 1442 1421 1470 facit.
1435 1440 1605 1476 Corporibus
1626 1444 1718 1467 autem
1733 1439 1849 1474 perinde
1866 1443 1895 1466 ut

1101 1490 1247 1518 animabus
1263 1489 1375 1516 accidit.
1392 1488 1640 1516 Verumenimvero
1655 1490 1783 1513 naturam
1797 1485 1895 1512 animae

1100 1545 1183 1565 nemo
1205 1543 1327 1571 unquam
1362 1535 1432 1562 vidit
1456 1538 1557 1570 praeter
1582 1532 1745 1564 Dominum,
1766 1530 1814 1565 qui
1833 1538 1893 1558 eam

1100 1582 1236 1616 condidit,
1255 1586 1286 1609 ut
1299 1582 1358 1617 ipse
1367 1581 1455 1609 novit.

1397 1638 1512 1666 CAPUT
1542 1638 1588 1666 ill.

1102 1686 1217 1721 Miriﬁca
1235 1690 1260 1714 et
1278 1685 1416 1720 multiplex
1436 1685 1505 1711 inter
1534 1684 1650 1711 homines
1676 1689 1731 1711 tum
1755 1683 1787 1711 ab
1805 1685 1893 1710 animo

1137 1727 1161 1748 et
1176 1722 1301 1752 moribus,
1312 1725 1368 1747 lunt
1378 1729 1394 1747 α
1410 1727 1518 1754 corpore
1534 1725 1558 1746 et
1573 1720 1689 1747 sensibus
1705 1720 1893 1754 discrepantia.

1137 1757 1237 1791 Corpus
1249 1756 1414 1792 singulorum
1431 1763 1463 1782 ea:
1473 1759 1588 1791 quatuor
1605 1754 1738 1782 elementis
1757 1754 1894 1790 a‘qualim’

1134 1797 1265 1819 constare.

1139 1849 1235 1876 Aruns.
1252 1847 1280 1875 Si
1301 1847 1397 1883 igitur,
1413 1851 1444 1873 ut
1459 1846 1591 1878 docuisti,
1608 1846 1709 1874 animae
1737 1845 1892 1874 secundum

1101 1901 1239 1928 naturam,
1259 1894 1327 1921 nihil
1343 1893 1415 1921 inter
1436 1900 1466 1920 se
1480 1893 1623 1924 differunt,
1635 1900 1752 1927 quaeque
1763 1900 1777 1918 a
1788 1891 1894 1927 princi-

1101 1943 1148 1978 pio
1161 1941 1275 1973 habent,
1291 1944 1319 1967 et
1331 1939 1477 1966 facultates
1493 1938 1645 1969 recensitos
1659 1938 1765 1974 pariter
1777 1937 1890 1972 aequali-

1103 1994 1199 2024 terque
1223 1987 1336 2019 habent,
1356 1986 1439 2013 etiam
1469 1985 1494 2012 iu
1523 1985 1653 2013 omnibus
1681 1985 1743 2012 aliis
1767 1984 1820 2012 sibi
1849 1991 1894 2011 re-

1101 2034 1239 2069 spondere
1260 2032 1386 2060 homines
1405 2031 1564 2066 oportebat,
1586 2039 1639 2066 qua
1662 2030 1820 2066 prudentia,
1841 2036 1893 2065 qua
1926 2063 1929 2070 ,

1101 2079 1271 2114 cognitione,
1288 2086 1342 2113 qua
1361 2077 1510 2113 sapientia,
1522 2084 1576 2111 qua
1605 2076 1733 2108 scientia,
1747 2083 1802 2111 qua
1832 2075 1892 2110 pul—

1101 2125 1271 2157 ebritudine,
1289 2133 1343 2160 qua
1357 2128 1477 2152 statura.
1490 2123 1590 2150 Anima
1607 2122 1744 2157 siquidem
1763 2122 1891 2151 viviﬁcat,

1102 2177 1130 2200 et
1144 2176 1294 2203 restaurat,
1308 2174 1337 2198 et
1349 2173 1498 2202 sustentat,
1513 2173 1541 2196 et
1554 2169 1613 2200 alit,
1631 2173 1658 2196 et
1674 2168 1775 2200 firmat,
1785 2173 1814 2195 et
1828 2176 1892 2195 cou-

1103 2218 1172 2245 tinet
1198 2225 1328 2252 corpus;
1350 2216 1444 2251 illique
1464 2215 1593 2243 obtutum
1622 2221 1697 2242 nunc
1724 2214 1839 2242 hilarem
1865 2217 1891 2241 et

1099 2263 1274 2299 jucundum,
1300 2270 1375 2290 nunc
1399 2262 1505 2289 tristem
1530 2267 1727 2295 morosumque
1750 2260 1841 2292 affert,
1865 2264 1892 2286 et

1100 2311 1193 2337 omnia
1214 2309 1274 2337 haae
1292 2316 1342 2344 pro
1368 2308 1504 2336 arbitratu
1521 2311 1619 2335 mutat.
1636 2305 1716 2339 Quod
1744 2306 1891 2332 maximum

1098 2362 1181 2392 atque
1199 2355 1418 2391 pulcherrimum
1443 2359 1496 2385 est,
1509 2353 1641 2389 loquendi
1659 2353 1820 2380 facultatem
1837 2352 1890 2379 dat.

1098 2407 1127 2430 et
1153 2401 1313 2430 ambulandi
1334 2405 1363 2428 et
1394 2400 1505 2435 agendi,
1523 2405 1728 2434 quamcumque
1756 2399 1890 2425 actionem

1099 2449 1300 2481 nominaveris,
1318 2452 1348 2475 et
1369 2448 1454 2479 unde,
1477 2451 1506 2474 et
1517 2445 1669 2482 quomodo,
1686 2450 1713 2471 et
1728 2444 1850 2479 quando,
1865 2447 1891 2470 ct

1100 2496 1159 2528 ubi,
1182 2495 1275 2522 omnia
1302 2494 1354 2521 ista
1381 2493 1409 2520 in
1433 2496 1570 2528 potestate
1599 2491 1700 2518 mentis
1713 2494 1790 2522 sunt,
1817 2496 1890 2516 mens

1099 2547 1191 2569 autem
1209 2541 1308 2568 animat
1324 2540 1396 2567 idem
1418 2543 1472 2571 est,
1488 2538 1560 2574 quod
1571 2537 1668 2565 oculos
1682 2536 1806 2572 corpori.
1824 2536 1890 2563 Abs-

1101 2596 1155 2624 que
1167 2588 1212 2614 his
1228 2594 1329 2622 corpus
1346 2586 1422 2613 iners
1442 2590 1469 2612 ct
1480 2590 1622 2612 mortuum
1637 2591 1747 2619 quoque
1770 2587 1824 2609 est.
1837 2582 1891 2616 Ego

1103 2639 1188 2667 porro
1211 2631 1361 2658 discrimen
1390 2630 1474 2658 nimis
1503 2637 1633 2665 magnum
1652 2628 1809 2656 observavi.
1827 2627 1890 2655 Nam

873 2689 981 2721 Jacobi
1004 2690 1140 2720 Gt‘ntst‘rl
1158 2691 1251 2719 notae.

291 2742 347 2776 (16)
371 2741 458 2769 Doce:
483 2746 579 2769 auctor
604 2741 631 2769 in
654 2741 820 2776 corporibus
834 2739 1046 2776 resurgentium

255 2777 360 2804 nullam
383 2784 498 2810 prorsus
522 2777 581 2804 fore
606 2775 805 2804 diﬂ‘ereiuiam.
828 2775 882 2803 Sed
908 2775 1001 2801 verior
1020 2779 1048 2803 et

255 2813 431 2838 communior
449 2817 492 2840 est
508 2813 648 2840 contraria
675 2813 865 2846 theologorum
889 2810 1045 2846 sententia;

256 2853 355 2881 nempe
388 2855 617 2882 unumquemque
643 2845 867 2875 resurrecturum
898 2847 924 2872 in
953 2845 1048 2882 vigore

256 2880 387 2914 juvenilis
398 2880 497 2913 aetatis,
511 2880 592 2917 quem
606 2884 679 2910 circa
690 2883 859 2909 tricesimum
874 2889 887 2907 a
903 2880 1048 2908 uativitatc

257 2924 370 2951 annum,
395 2917 437 2946 vcl
462 2918 568 2952 habuit,
589 2919 630 2946 \cl
657 2918 804 2946 habturus
831 2917 940 2952 fuisset,
967 2917 989 2944 si
1015 2925 1048 2945 eo

1097 2747 1185 2774 usque
1209 2739 1347 2767 vixisset:
1367 2737 1489 2772 itemque
1515 2738 1543 2765 in
1567 2745 1598 2765 ea
1624 2742 1750 2774 corporis
1777 2740 1888 2774 statura,

1097 2770 1264 2809 qnamjuxta
1275 2774 1419 2809 proprium
1432 2770 1681 2809 temperamentum
1694 2775 1722 2809 e_t
1732 2770 1888 2809 facultatem

1092 2805 1250 2840 naturalem
1268 2805 1382 2843 adipisci
1397 2805 1528 2843 potuerit,
1548 2808 1570 2835 si
1588 2808 1695 2843 nullum
1709 2805 1890 2843 [Inpedimen-

1099 2850 1156 2871 tnm
1171 2840 1335 2873 obstitisset.
1361 2842 1429 2870 Vide
1444 2843 1607 2878 Gregorium
1626 2842 1660 2868 de
1675 2840 1802 2878 Valentia
1827 2847 1888 2878 lunt.

1098 2879 1235 2942 lV,ld;sp.
1255 2880 1298 2913 tl,
1314 2888 1341 2915 q.
1358 2879 1385 2912 5,
1404 2886 1431 2913 ι).
1449 2879 1475 2914 5,
1492 2875 1520 2908 et
1535 2879 1639 2907 Suarez
1661 2883 1717 2906 tom
1746 2875 1782 2911 ll,
1800 2885 1829 2913 p.
1845 2876 1887 2908 5t),

1098 2924 1142 2942 SCC
1160 2935 1166 2942 ι
1201 2934 1208 2942 .

1098 2919 1166 2944 sect.
1182 2919 1208 2942 δ.
