2032 3156
139 203 192 238 825

854 208 1030 242 DIOPTRA.

1708 217 1762 250 826

140 263 185 290 hic
209 261 320 296 quidem
344 261 426 289 homo
441 266 485 290 est
516 262 638 298 prudens
664 268 692 292 et
719 263 863 296 honestus,
877 265 922 291 ille
936 264 959 293 Α
974 265 1151 301 Quaecunque
1165 270 1256 294 autem
1275 265 1303 294 in
1321 267 1371 295 hoc
1388 268 1498 303 gemino
1513 269 1616 297 mundo
1631 277 1704 305 sunt,
1719 281 1763 300 su-

140 309 278 343 ingeuium
296 309 322 336 in
339 314 467 344 promptu
489 310 582 341 habet,
604 310 675 338 alius
687 315 729 337 est
746 310 920 344 sapientissi-

139 362 209 387 mus,
233 355 303 382 alius
320 355 435 387 delirus,
450 355 522 383 alius
540 356 669 389 furiosus,
681 356 753 383 alius
774 356 919 386 attonitus,

137 402 206 428 alius
224 401 367 436 perspicax
382 405 410 429 et
421 398 520 434 solePs,
536 402 607 429 alius
629 402 755 437 torpidus
770 406 797 429 et
811 402 921 437 ingenio

138 446 322 475 crdissimus.
336 446 457 474 Rursum
470 447 497 474 in
508 448 637 475 sensibus
649 448 704 474 vidi
714 447 920 474 dissimilitudi-

138 501 199 521 nem
218 493 290 520 haud
317 494 496 521 mediocrem.
514 494 582 522 Nam
599 494 626 521 hi
656 499 766 521 acutum
791 498 918 525 cernunt,

137 540 182 567 alii
198 540 324 567 obtusam
334 540 438 569 habent
448 541 545 568 aciem.
566 541 598 568 Et
614 541 677 575 quis
688 541 755 567 satis
770 545 809 567 tot
823 539 921 566 discri-

137 586 210 613 mina
221 587 383 621 eloquetur?
399 587 473 614 Mitto
485 591 635 622 gustatum,
647 587 806 618 tactionem,
821 585 848 612 in
862 585 922 619 qui-

137 630 188 658 bus
210 636 312 664 qnanta
342 631 497 666 reperiatur
518 631 637 658 varietas
667 632 730 666 quis
756 630 921 665 explicabit?

136 677 165 704 In
177 677 242 710 illis,
254 685 312 709 oro,
329 678 396 704 mihi
407 678 590 705 ditl'erentiam
607 678 786 713 multiplicem
799 678 918 705 intuere.

135 723 201 750 Nam
234 731 307 751 unus
331 724 452 759 quidem.
481 732 637 759 quanquam
661 729 766 752 natura:
786 731 920 755 consors,

136 775 228 796 mutus
251 774 305 801 est,
334 770 404 798 alios
424 770 624 797 vocalissimus.
641 770 718 797 Alius
746 769 855 805 genitus
879 773 921 796 est

135 823 196 844 cum
211 824 277 843 voce
294 823 373 843 rauca
387 821 416 843 et
444 817 596 847 malesana,
622 816 692 843 alius
713 816 822 848 balbus,
850 816 921 843 alius

135 862 310 896 impeditiore
350 862 469 897 lingua,
498 862 569 889 alius
617 862 814 897 tardiloquus.
849 862 920 889 alius

134 909 196 936 exili
222 916 299 936 voce.
320 909 450 942 Rursum,
477 909 548 936 alius
566 912 692 943 prompte
713 915 746 935 ac
776 907 856 935 facile
878 908 920 934 lo-

134 956 250 990 quitur,
288 956 358 983 alius
387 959 428 983 est
462 955 550 983 instar
578 954 756 982 tintinnabuli
783 953 918 990 garrulus.

134 1000 211 1027 Alitis
242 1000 355 1027 minime
383 1000 526 1035 probatur,
555 1000 626 1027 alius
646 1000 776 1026 laudatur
796 999 830 1026 ab
859 1007 918 1026 om-

133 1045 226 1073 nibus.
257 1046 294 1073 De
320 1046 433 1073 staturis
469 1051 560 1074 autem
594 1046 659 1081 quid
696 1046 844 1074 dicemus?
869 1046 920 1074 llic

134 1091 221 1123 brevi,
237 1091 282 1119 ille
293 1092 385 1126 longa,
399 1092 468 1118 alius
484 1092 572 1119 media
586 1099 634 1119 seu
657 1092 740 1126 iusta.
755 1092 832 1119 Alius
855 1100 921 1127 pro-

132 1145 195 1169 nus,
211 1137 282 1165 alius
300 1143 420 1169 erectus,
435 1138 505 1165 alius
521 1137 662 1173 gibbosus.
682 1138 758 1166 Alius
773 1138 840 1165 l'acie
856 1146 930 1165 cant

86 1199 89 1201 ›
131 1182 207 1214 dida,
222 1182 294 1209 alius
312 1183 399 1217 nigra,
411 1182 481 1209 alius
492 1182 592 1210 media.
608 1182 686 1210 Alius
700 1187 835 1214 comatus,
850 1182 920 1209 alius
944 1218 948 1223 η

131 1230 252 1264 crispus,
273 1229 344 1256 alius
359 1229 469 1264 depilis.
489 1229 564 1256 Alius
588 1229 720 1257 imberbis
747 1234 831 1261 totus,
850 1230 920 1256 alius

132 1275 268 1309 promissa
285 1280 313 1301 et
329 1274 416 1302 densa
431 1274 525 1302 barba.
545 1274 662 1308 Quidam
685 1276 916 1311 pediculosissimi

131 1323 207 1351 sunt,
220 1320 332 1354 quidam
345 1320 446 1347 habent
459 1320 642 1354 paucissimos
651 1321 672 1348 '.
783 1354 786 1357 _

168 1365 243 1392 Alios
262 1373 347 1392 cerno
378 1365 526 1393 iracundos
543 1385 550 1397 ,
571 1365 688 1394 biliosos
705 1387 712 1395 .
738 1371 766 1393 et
801 1366 919 1394 choleri-

132 1419 195 1443 cos;
213 1411 283 1438 alios
309 1417 471 1438 mansuetos
498 1419 530 1439 ac
563 1412 640 1439 lenes
665 1413 757 1439 animo
785 1417 814 1440 et
835 1413 920 1440 mori—

133 1458 193 1485 bus.
210 1457 300 1484 ~Alios
327 1457 461 1489 imbelles,
480 1457 641 1492 degeneres.
668 1457 798 1490 timidos;
823 1463 918 1486 contra

133 1503 200 1530 alios
227 1509 387 1537 generosos,
417 1501 513 1533 fortes.
533 1506 563 1529 et
589 1502 787 1537 magnanimos.
805 1502 858 1529 Sed
889 1502 919 1528 ti-

135 1556 194 1575 nem
218 1548 351 1576 iaciaums
375 1548 555 1576 enumerandi
586 1552 627 1575 tot
652 1548 810 1576 discrimina
830 1552 856 1575 et
878 1548 919 1575 di-

972 311 1081 346 periora
1101 315 1129 339 et
1147 312 1289 344 inferiora,
1305 313 1427 348 inquam,
1444 314 1502 341 haec
1520 315 1631 349 quidem
1647 325 1679 344 ex
1696 318 1762 353 ipsis

972 358 1145 392 corporibus,
1168 359 1215 386 illa
1236 359 1398 394 incorporea
1414 360 1562 399 _condidit,
1587 363 1762 398 incorporeas

972 411 1106 438 supernas
1116 404 1237 440 legiones
1251 405 1381 439 intellige,
1397 411 1521 433 naturam
1537 409 1650 435 materia
1663 418 1762 437 vacano

973 453 1038 481 tem,
1052 449 1104 476 sub
1121 450 1215 477 oculos
1243 458 1297 477 non
1314 450 1458 478 cadentem
1471 457 1500 479 et
1521 453 1683 487 simplicem.
1701 455 1761 488 Ast,

973 494 1104 522 inferiora
1116 495 1179 523 fecit
1193 503 1318 530 corpora,
1333 498 1448 524 materia
1462 498 1588 525 videlicet
1597 500 1761 528 constantia.

972 540 1028 568 Nec
1040 548 1122 575 supra
1144 546 1208 568 sunt
1224 549 1366 577 corporea,
1383 550 1433 570 nec
1446 543 1515 569 intra
1529 544 1650 571 materiae
1663 552 1761 579 exper-

973 587 1018 614 tia.
1036 585 1124 614 Homo
1140 592 1242 618 autem,
1257 595 1273 615 ο
1287 588 1356 614 mira
1375 596 1428 621 res,
1443 597 1475 616 ex
1488 589 1531 616 his
1545 591 1679 618 ambobus
1694 599 1762 619 con-

972 638 1063 662 cretus
1087 638 1140 665 est.
1161 642 1194 661 ex
1205 643 1400 670 supernorum.
1426 636 1548 671 inquam,
1571 638 1761 670 intellectuali.

972 684 1000 707 et
1014 680 1139 715 principe
1154 685 1264 712 natura,
1280 684 1306 706 et
1323 688 1355 707 ex
1370 681 1429 707 luto
1443 689 1475 708 ac
1490 682 1612 715 pulvere.
1626 682 1698 710 unde
1719 683 1763 709 in-

973 724 1076 753 feriora'
1088 726 1264 754 exstiterunt.
1279 726 1387 753 Animal
1401 727 1551 760 quoddam,
1570 735 1684 762 corpore
1700 729 1762 763 qui-

972 772 1033 799 dem
1051 772 1180 805 iul'erum,
1197 772 1288 798 anima
1311 780 1377 799 vero
1399 780 1538 807 superum.
1556 773 1585 800 In
1610 773 1663 801 hoc
1680 774 1764 808 igitur

973 816 1076 844 mundo
1099 824 1180 851 quem
1205 817 1350 848 sentimus,
1369 817 1450 844 etiam
1473 817 1607 844 elementa
1630 818 1763 852 perfecta,

973 866 1102 896 quatuor,
1116 867 1144 889 et
1161 862 1248 896 prima
1269 869 1386 898 corpora
1402 870 1417 888 e
1434 862 1521 889 nihilo
1537 863 1669 897 producta
1688 867 1763 895 sunt,

975 908 1054 943 ignis,
1072 915 1128 940 aer,
1144 915 1226 942 aqua,
1248 912 1331 935 terra.
1352 908 1424 943 Ignis
1444 909 1549 936 calidus
1562 914 1604 936 est
1624 909 1763 941 etsiccus.

974 961 1022 980 aer
1035 953 1141 980 calidus
1154 958 1182 980 et
1198 953 1338 983 htuuidns.
1353 958 1424 980 terra
1442 953 1538 988 frigida
1554 959 1581 980 et
1595 953 1679 983 sicca.
1693 961 1764 988 aqua

972 1000 1068 1035 frigida
1090 1005 1117 1027 et
1143 999 1265 1026 humida.
1283 1000 1378 1027 Atram
1403 999 1485 1026 bilem
1504 1005 1577 1027 terra
1601 1005 1714 1035 generat
1736 1004 1766 1028 et

972 1047 1034 1073 alit:
1053 1050 1095 1073 est
1114 1046 1250 1080 siquidem
1268 1046 1339 1072 sicca
1356 1051 1383 1073 et
1399 1046 1509 1080 frigida,
1530 1046 1764 1079 quemadmodum

971 1092 1031 1126 ejus
1048 1096 1136 1118 mater
1151 1096 1234 1118 terra.
1249 1091 1378 1126 Phlegma
1391 1091 1510 1118 debetur
1525 1099 1603 1126 aqua:
1619 1100 1626 1118 :
1639 1099 1700 1118 nam
1716 1091 1764 1118 fri-

971 1138 1064 1173 gidum
1082 1142 1135 1170 est,
1154 1141 1182 1164 et
1200 1137 1352 1168 humidum,
1377 1142 1405 1164 ut
1422 1137 1477 1164 illa.
1493 1137 1534 1164 Ab
1556 1145 1620 1164 aere
1641 1137 1765 1172 procedit

972 1184 1094 1218 sanguis,
1110 1183 1237 1210 similiter
1251 1187 1279 1209 ut
1297 1183 1342 1210 illc
1357 1183 1462 1210 calidus
1489 1187 1516 1209 cI
1533 1183 1672 1209 humidus.
1693 1183 1766 1218 Ignis

971 1233 1083 1264 gcnerat
1098 1229 1194 1256 ﬂavam
1215 1228 1310 1259 bilem,
1334 1229 1415 1255 ambo
1443 1229 1516 1255 enim
1541 1228 1611 1255 sicca
1627 1233 1654 1255 et
1677 1228 1765 1255 calida

971 1279 1046 1302 sunt.
1072 1275 1110 1301 Ex
1133 1275 1207 1302 hisce
1229 1279 1349 1308 quattuor
1374 1274 1517 1301 hominum
1543 1281 1658 1308 corpora
1688 1282 1766 1301 com-

971 1321 1050 1347 mista
1067 1328 1099 1348 ac
1114 1325 1263 1355 temperata
1287 1325 1362 1351 sunt,
1376 1328 1410 1347 ex
1429 1325 1546 1354 utraque
1570 1320 1675 1347 scilicet
1698 1319 1764 1351 bile,

971 1367 1039 1394 ﬂava
1054 1371 1082 1394 et
1096 1372 1165 1398 atra,
1191 1375 1223 1394 ex
1245 1367 1390 1401 sanguine,
1413 1371 1440 1393 et
1461 1366 1626 1400 phlegmale.
1651 1365 1690 1392 Ex
1707 1365 1765 1392 ele-

971 1413 1071 1441 mentis
1103 1414 1219 1442 l'ruclus.
1239 1414 1530 1447 nutrinicntorumque
1558 1412 1599 1439 vis
1622 1421 1628 1439 :
1648 1419 1764 1446 corpora

970 1464 1062 1487 autem
1075 1459 1234 1487 animalium
1245 1467 1278 1486 ex
1289 1459 1451 1486 humoribus
1464 1462 1592 1493 quatuor.
1608 1457 1765 1485 Auctoritas

971 1506 1045 1532 enim
1061 1509 1181 1540 quatuor
1199 1505 1355 1538 elementis,
1368 1510 1398 1532 ut
1414 1505 1578 1540 quihusdam
1596 1504 1699 1539 aurigis
1716 1508 1765 1530 aut

971 1552 1089 1580 ducibus
1105 1553 1210 1587 magnis
1225 1551 1287 1579 data
1303 1557 1355 1583 est,
1368 1560 1429 1586 qtae
1445 1552 1516 1578 Deus
1528 1551 1649 1577 omnium
1667 1549 1764 1577 artifex

134 1594 313 1628 screpantias.
325 1594 392 1627 Quis
407 1594 479 1622 enim
491 1602 537 1622 cas
550 1594 720 1622 recensuerit
736 1602 843 1627 omnes,
856 1603 917 1622 cum
933 1597 954 1626 c
972 1606 1089 1631 pmesse
1111 1598 1286 1633 corporibus,
1309 1605 1396 1632 eaque
1415 1605 1510 1632 regere
1534 1597 1632 1624 voluit.
1647 1595 1766 1629 Quadri-

133 1639 186 1666 sint
210 1639 447 1667 innumerabiles?
467 1639 506 1667 Ne
532 1640 603 1667 ultra
619 1648 700 1674 quam
728 1640 808 1669 decet
828 1649 921 1669 sermo

132 1685 306 1714 extendatur.
325 1686 365 1714 Tu
395 1694 439 1714 me
455 1694 551 1714 verum
576 1687 645 1715 doce
671 1687 698 1716 in
721 1687 764 1715 his
782 1688 920 1715 omnibus.

133 1731 196 1758 Nam
213 1739 280 1759 cum
296 1731 450 1759 ostenderis
463 1732 569 1760 animas
582 1733 724 1760 hominum
746 1740 806 1761 esse
830 1741 922 1768 mqua-

133 1777 179 1809 lcs,
195 1782 288 1805 tamen
304 1785 398 1804 earum
426 1777 600 1805 cﬂicientiam
615 1779 752 1806 diversam
769 1779 921 1807 conﬁteris.

132 1823 196 1850 Nam
224 1823 372 1858 aequalitas
399 1823 426 1850 in
450 1823 612 1859 corporibus
634 1828 728 1860 aperta
756 1830 808 1858 est,
829 1829 922 1860 utpote

131 1876 189 1903 quae
199 1877 230 1897 ex
244 1869 315 1904 ipsis
329 1873 448 1903 quatuor
465 1869 560 1904 primis
575 1870 740 1905 corporibus
756 1876 783 1898 et
800 1871 922 1898 elemen-

133 1915 173 1947 tis,
186 1923 218 1943 ex
233 1915 340 1951 quibus
351 1917 460 1952 penitus
471 1917 574 1949 omnia,
590 1920 719 1944 concreta
736 1922 763 1944 et
776 1924 922 1952 coagmen-

133 1965 184 1988 tata
199 1966 280 1992 sunt.
296 1970 330 1989 ex
351 1963 450 1995 calida,
467 1962 577 1998 frigida,
598 1963 682 1993 sicca.
699 1962 812 1989 humida
843 1963 924 1990 subs-

133 2007 222 2038 tantia,
239 2008 350 2042 quibus
362 2009 530 2044 respondent
555 2008 635 2043 ignis,
653 2016 734 2042 aqua,
752 2015 811 2040 aer,
835 2013 921 2035 terra.

133 2052 164 2080 Et
177 2053 240 2082 hinc
259 2053 322 2081 bilis
335 2058 405 2086 atra,
423 2053 484 2080 bilis
500 2053 711 2088 ﬂava,sanguis,
727 2052 852 2088 phlegma
868 2052 922 2080 illis

132 2105 258 2135 cognata,
273 2104 301 2127 et
319 2100 473 2135 aequalibus
490 2099 616 2134 aequalia.

438 2169 550 2198 CAPUT
571 2170 615 2198 Ν.

133 2223 231 2260 Duplex
266 2227 395 2257 mundus.
427 2228 545 2259 superior
573 2231 597 2253 et
625 2227 745 2261 inferior.
781 2225 918 2253 Hominem

166 2263 304 2297 utriusque
314 2263 467 2296 participem
480 2270 544 2288 esse.
557 2262 687 2297 Cujusque
702 2261 835 2291 elementi.
851 2261 917 2297 bina’
934 2263 958 2293 D

167 2297 321 2330 qualitates.
335 2297 374 2324 Ea:
388 2303 503 2332 quatuor
519 2296 672 2324 humoribus
685 2297 794 2332 quinam
805 2297 847 2323 cui
862 2296 916 2323 ele-

168 2336 254 2359 mento
265 2337 372 2367 propter
383 2332 480 2358 similes
494 2332 636 2367 qualitates
652 2332 828 2366 respondeant
846 2340 854 2358 :
869 2340 921 2365 qua

168 2372 244 2400 pacto
267 2376 326 2394 cum
346 2368 435 2394 iisdem
453 2367 587 2394 elementis
603 2372 628 2394 et
643 2372 756 2402 quatuor
771 2367 921 2394 humoribus

169 2402 275 2428 totidem
301 2403 364 2428 anni
385 2407 503 2437 tempora
531 2403 707 2430 consentiant.
734 2402 793 2435 Qua
819 2402 922 2429 ratione

169 2444 246 2473 causa
265 2437 384 2470 superius
395 2437 537 2471 explicata!
550 2439 696 2469 varietatis,
713 2437 874 2473 qualitatum
897 2441 922 2463 et

169 2470 305 2507 ῥιιιιιοςιηη
315 2470 496 2507 ιρπιηεηιιὶοηί
504 2474 528 2500 in
546 2481 654 2507 corpore
661 2470 918 2507 ltunianodebeatur.

168 2505 216 2531 ltei
232 2505 397 2533 “lustranda:
413 2505 611 2542 paradigmata.
779 2505 782 2508 ’

169 2560 248 2587 Cano.
274 2559 360 2587 Etiam
384 2561 410 2588 in
427 2561 469 2589 his
487 2562 616 2598 deinceps
641 2568 667 2590 te
686 2562 821 2590 erudiam.
847 2562 919 2588 Duos

136 2606 251 2632 mundos
268 2606 302 2633 ah
318 2605 407 2638 initio,
422 2611 449 2634 et
469 2611 616 2642 utrumque
633 2608 751 2643 simplici
767 2607 919 2635 substantia

136 2651 155 2678 C
175 2651 266 2678 mlitor
281 2652 429 2687 produxit:
453 2653 633 2687 superiorem,
654 2663 734 2690 quem
757 2655 920 2689 cogitatione

139 2697 315 2732 percipimus;
347 2698 522 2732 inferiorem,
548 2699 595 2734 qui
621 2699 648 2726 in
677 2708 774 2728 sensus
793 2699 921 2727 incurrit.

970 1644 1085 1680 partitas
1112 1649 1266 1679 temporum
1298 1644 1530 1671 commutationes
1553 1651 1642 1670 annus
1667 1641 1764 1674 ad‘ert,

970 1697 1068 1724 nempe
1090 1698 1148 1722 ver,
1165 1694 1300 1721 aestatem,
1323 1694 1496 1719 autumnum.
1517 1688 1646 1715 hiemem.
1675 1687 1766 1714 Verna

970 1739 1120 1769 tempestas
1137 1734 1249 1761 humida
1273 1739 1316 1760 est
1334 1738 1362 1760 et
1383 1733 1488 1766 calida;
1503 1732 1597 1760 :cstisa
1623 1731 1713 1759 calida
1736 1735 1766 1758 et

969 1782 1060 1812 sicca:
1078 1780 1246 1807 autumnalis
1262 1779 1334 1807 sicea
1350 1784 1378 1806 et
1393 1778 1510 1814 frigida;
1533 1778 1649 1805 hiberna
1668 1777 1766 1812 frigida

969 1831 998 1854 et
1027 1826 1152 1853 humida.
1181 1826 1286 1852 Horum
1317 1825 1482 1859 qualitatum
1517 1827 1765 1858 temperamentum

969 1871 1131 1898 edisseram.
1159 1867 1357 1897 Verumtamen
1386 1869 1540 1900 disseram,
1568 1872 1597 1895 et
1619 1867 1766 1894 admodum

971 1916 1116 1951 perspicue
1137 1915 1164 1942 in
1181 1915 1373 1950 sequentibus.
1391 1914 1469 1942 Nunc
1480 1913 1662 1949 qumstionem
1678 1912 1727 1939 abs
1741 1917 1768 1939 te

970 1962 1137 1996 propositam
1152 1961 1344 1995 expediamus,
1363 1961 1476 1995 Deoque
1491 1959 1638 1995 adjuvante
1651 1958 1768 1986 feliciter

972 2015 1029 2034 rem
1060 2007 1245 2034 absulvamus.
1270 2006 1394 2040 Quatuor
1427 2006 1492 2033 anni
1525 2004 1764 2033 vicissitudinibus

973 2053 1137 2080 constitutio
1157 2060 1268 2087 quoque
1285 2059 1434 2087 corporum
1458 2056 1500 2079 est
1515 2055 1700 2078 consentanea
1716 2057 1767 2076 ne—

972 2099 1103 2127 cessario.
1118 2099 1187 2126 Vere
1203 2103 1319 2134 augetur
1332 2098 1452 2134 sanguis,
1462 2098 1526 2133 quia
1535 2097 1666 2124 humidus
1677 2100 1705 2123 et
1720 2103 1767 2123 ca-

973 2145 1045 2172 lidus
1059 2153 1066 2178 ;
1092 2144 1158 2171 ﬂava
1183 2144 1245 2171 bilis
1257 2149 1361 2176 aestate,
1381 2143 1511 2179 quoniam
1533 2142 1606 2170 sicca
1621 2146 1663 2168 est
1678 2145 1706 2168 et
1722 2148 1767 2167 ca-

969 2191 1044 2225 lida;
1058 2196 1114 2218 atra
1129 2195 1273 2223 autumno,
1285 2198 1349 2217 nam
1366 2189 1437 2217 sicca
1450 2193 1491 2217 est
1506 2194 1533 2216 ct
1546 2187 1661 2223 frigida;
1675 2181 1774 2213 hieme~

970 2242 1062 2266 autem
1086 2237 1223 2272 phlegma,
1241 2236 1313 2272 quod
1340 2235 1469 2271 frigidum
1495 2239 1537 2262 est
1561 2238 1588 2261 et
1609 2232 1764 2260 humidum.

970 2284 1038 2312 Cum
1048 2288 1166 2318 quatuor
1180 2283 1271 2317 itaque
1283 2282 1346 2309 anni
1362 2281 1546 2315 temporibus,
1561 2283 1591 2306 ut
1602 2278 1669 2309 dixi,
1681 2277 1765 2305 etiam

971 2331 1171 2358 elementorum
1195 2335 1293 2356 natura
1314 2328 1465 2362 conspirat.
1485 2327 1512 2354 Si
1529 2333 1594 2360 ergo
1612 2331 1697 2352 unum
1717 2323 1767 2349 ho-

972 2384 1032 2403 rum
1048 2383 1108 2410 qua:
1127 2374 1265 2402 nominavi
1283 2375 1394 2400 modum
1410 2372 1571 2402 excesserit,
1584 2370 1694 2404 quando
1704 2372 1767 2403 post

972 2421 1193 2450 commistioncm
1232 2421 1414 2447 humanorum
1441 2424 1586 2452 Corporum
1613 2415 1643 2442 ﬁt
1669 2421 1767 2441 conce-

974 2469 1050 2504 ptio,
1075 2467 1231 2502 hujusmozli
1257 2466 1339 2493 etiam
1363 2467 1448 2492 erasis
1465 2465 1492 2491 in
1515 2464 1605 2490 anima
1628 2461 1765 2494 sequitur.

973 2515 1039 2542 Nam
1055 2514 1076 2541 si
1093 2519 1209 2548 uterque
1222 2513 1383 2547 qualitatum
1398 2510 1531 2541 binurius,
1542 2509 1617 2536 calor
1632 2506 1765 2541 ctl'rigus,

974 2561 1074 2588 humor
1095 2565 1123 2587 ct
1142 2560 1251 2587 siccitas
1271 2558 1356 2593 probe
1371 2556 1505 2584 conflatus
1524 2560 1550 2582 et
1566 2553 1767 2582 coessentiatus

975 2606 1067 2636 fuerit,
1094 2604 1166 2639 quod
1192 2607 1338 2639 generatur
1358 2602 1493 2636 optinqu
1517 2602 1763 2634 temperamentum

976 2652 1098 2680 habebit.
1116 2651 1192 2684 Quod
1215 2650 1237 2677 si
1259 2649 1376 2676 calidius
1398 2648 1564 2675 elementum
1580 2643 1764 2681 superaverit,

977 2703 1083 2725 certum
1096 2702 1148 2728 est,
1158 2696 1231 2732 quod
1242 2695 1372 2731 gignitur,
1386 2693 1532 2730 pulchrum
1544 2698 1572 2720 et
1583 2690 1765 2719 fortissimum

867 2759 1004 2789 Scholia.

171 2805 371 2844 ‘Chrysostom.
383 2810 451 2838 :Seu
460 2811 504 2845 qui
520 2818 657 2841 sencx,seu
668 2811 773 2844 juvenis
782 2810 919 2845 fuerit,seu

141 2848 197 2868 uoce
218 2844 325 2875 absona,
353 2854 397 2872 seu
428 2844 536 2873 alterius
562 2847 712 2879 cuiuspiam
735 2846 921 2872 concinnitatis

141 2883 239 2909 mpera.
259 2880 361 2906 nullum
374 2885 410 2907 est
423 2882 532 2907 crimen.
545 2880 619 2913 Quod
630 2881 699 2906 enim
711 2881 751 2906 hic
766 2882 920 2914 requiritur.

140 2915 176 2936 est
193 2914 279 2941 anima
294 2915 390 2950 sobria,
404 2924 472 2945 mem
507 2917 511 2921 '
534 2916 550 2927 "
722 2916 726 2920 ”
836 2925 838 2927 ‘
856 2917 859 2921 ”
915 2925 917 2929 ·

973 2815 1105 2841 constans,
1121 2809 1278 2836 conscientia
1294 2816 1371 2842 pura.
1386 2807 1447 2834 Hau:
1457 2809 1480 2834 si
1495 2807 1551 2841 quis
1565 2803 1695 2834 habuerit,
1710 2801 1764 2842 Dco

974 2847 1080 2880 placere
1100 2839 1224 2880 potuerit.
1238 2839 1350 2880 Tantum
1373 2850 1445 2880 mens
1463 2839 1590 2880 generosa
1612 2844 1676 2880 esto,
1693 2842 1717 2880 rt
1730 2839 1764 2865 ab

974 2875 1042 2908 iam
1059 2875 1188 2915 corporeis
1203 2878 1342 2913 defectibus
1357 2875 1522 2906 nullum'crit
1536 2875 1763 2914 impedimentum.
