2032 3156
279 200 333 230 827

903 197 1069 229 PlllLlPPI
1089 197 1283 229 SOLITARII

1857 198 1908 231 8‘28

279 255 347 282 fore.
365 254 392 282 Si
417 254 555 290 frigidum,
580 253 705 288 frigidius
726 258 752 281 et
774 254 892 288 pigrum.
906 254 934 282 Si
950 256 1065 286 siccum,
1082 258 1104 285 Α
1120 255 1195 282 nium
1213 255 1240 282 in
1269 262 1324 281 uno
1343 258 1423 289 gustu
1448 259 1476 281 et
1493 254 1579 281 forma
1597 253 1749 281 convenire
1773 260 1908 288 oportere.

278 301 449 332 acerbius,et
462 301 666 327 submorosum.
680 300 706 326 Si
722 300 873 332 humidum,
884 302 973 328 vetttri
986 301 1065 329 dedi-

280 352 347 379 tnttt,
362 352 388 373 et
403 347 513 374 mobile.
533 345 689 373 Clarissinte
716 346 798 380 igitur
815 347 1067 376 demonstravimus

278 392 437 418 Creatorem
459 400 491 418 ac
511 391 654 426 Dominum
677 399 726 426 per
748 399 792 418 res
806 399 822 418 a
843 400 872 418 se
886 392 1000 420 eﬂ'ectas
1017 401 1066 428 po—

278 437 390 463 tentiam
418 445 494 463 suam
519 437 695 471 proportione
714 438 832 472 quadam
851 438 1015 470 ostendisse,
1038 439 1066 466 in

277 483 348 508 uelo
365 486 392 508 et
413 482 505 515 astris,
529 483 586 510 Sole
601 488 630 509 et
644 484 720 513 luna.
745 483 772 510 in
787 484 829 510 his
844 491 904 518 qua:
925 484 1023 518 spiritu
1039 489 1068 512 et.

264 525 333 552 'vita
350 526 489 560 fruuntur,
506 527 533 554 iit
549 527 639 562 aquis,
656 533 683 555 et
698 529 810 556 omnino
830 530 856 556 itt
878 531 986 557 caeteris
1004 531 1067 557 tnti-

278 572 374 599 versis.
393 573 420 599 in
436 573 564 600 omnibus
583 574 656 601 enim
672 579 777 609 partettt
800 576 919 610 aliquam
935 576 1068 604 Conditor

279 618 399 645 videtur.
412 619 476 645 Tale
494 625 536 646 est
556 621 641 647 etiam
656 622 757 652 anima,
776 622 837 653 ltoc,
855 623 976 656 inquam,
994 623 1067 657 quod

280 669 321 690 cst
345 665 497 691 secundum
515 666 660 700 imaginem
678 667 735 699 Dei,
757 668 961 702 inaspectabilc,
984 674 1013 696 et
1027 670 1068 697 vi-

280 717 342 735 suttt
360 710 451 737 adhuc
465 711 581 743 nemini,
596 712 669 746 quod
685 721 735 746 per
749 721 857 747 corpus,
877 715 902 740 in
918 723 973 749 quo
990 716 1069 743 habi-

281 759 330 786 tat,
346 760 373 781 et
389 756 569 783 instrumenta
590 758 714 791 corporis
729 767 792 786 suas
804 759 929 787 actiones
941 769 1067 795 exerens,

283 800 347 826 inde
359 802 544 835 cognoscitur.
559 802 686 830 Animum
701 804 811 838 quippe,
828 805 872 831 cui
894 805 1012 833 tributus
1028 813 1070 834 est

283 846 462 880 principatus,
486 848 628 875 cerebrum
651 849 815 876 incolentem
840 851 918 885 quasi
939 851 1069 880 decenter

283 891 427 925 sagittans‘n
456 900 517 918 cum
544 893 643 928 triplici
668 895 727 929 ejus
749 895 892 928 facultate.
918 898 1068 929 memoria.

284 936 436 971 phantasia.
465 944 491 966 et
513 940 690 973 cogitatione,
716 949 816 976 corpus
843 943 876 969 ad
901 943 1070 970 voluntatem

283 986 345 1015 apte
366 981 536 1015 tnoderatur,
559 984 790 1018 quemadmodum
817 987 971 1014 universam
996 995 1072 1015 crea-

285 1031 373 1052 tttrattt
397 1036 473 1054 mens
490 1028 535 1055 illa
556 1029 646 1056 omnia
663 1038 790 1064 operans,
810 1030 995 1059 administrat.
1015 1033 1071 1060 fta-

285 1072 351 1098 tioni
376 1081 425 1107 pro
448 1074 513 1101 sede
534 1082 582 1102 cor
606 1075 758 1103 tribuitur:
778 1077 894 1111 jocinori
916 1083 1012 1113 agnata
1032 1084 1073 1106 est

285 1119 430 1152 cupiditas,
456 1120 523 1146 risui
547 1121 669 1155 splettettt
686 1122 790 1149 servire
809 1128 926 1154 constat.
943 1124 1071 1158 spiritum

286 1165 429 1199 pulmones
455 1166 492 1193 uti
517 1166 596 1205 fqllcs
622 1168 763 1203 excipiunt
786 1173 813 1196 et
836 1169 971 1203 reddunt;
995 1171 1073 1198 urina

285 1210 410 1245 genitalis
436 1213 550 1240 renibus
566 1213 733 1252 innascitur;
751 1215 841 1242 fervor
859 1216 913 1249 ira}.
942 1221 970 1243 et
993 1217 1075 1244 ardor

286 1264 300 1282 e
313 1257 444 1291 sanguine
461 1261 534 1286 circa
544 1267 591 1286 eor
605 1259 735 1288 bulliente
747 1261 851 1288 exsistit
865 1271 872 1289 :
885 1263 1016 1290 noscendi
1034 1264 1074 1290 vis

286 1303 373 1329 oculis
388 1308 430 1330 est
445 1304 541 1337 insita;
558 1305 649 1339 lingua
665 1305 794 1341 loquendi
816 1306 975 1335 facultatem
988 1308 1073 1342 possi-

289 1349 344 1376 det.
359 1349 393 1377 Ut
415 1352 508 1384 pattcis
529 1352 708 1386 complectar,
724 1361 773 1387 per
789 1354 910 1380 membra
931 1360 1076 1389 partesque

290 1395 413 1429 torporis
431 1396 469 1422 uti
486 1404 535 1430 per
556 1397 740 1424 instrumenta
760 1406 824 1425 suas
838 1399 960 1427 actiones
981 1407 1076 1428 omnes

290 1441 409 1468 exhibet.
427 1441 533 1469 Etenim
548 1443 697 1470 secundum
717 1453 797 1478 quant
823 1445 977 1473 mistionem
994 1452 1076 1473 natu-

291 1494 347 1512 ram
363 1486 492 1521 adeptum
513 1492 554 1514 est
569 1497 669 1523 corpus
682 1490 788 1524 (cadent
803 1492 875 1518 ettittt
890 1492 947 1519 haec
960 1493 1075 1527 iterabo)

290 1531 323 1556 ad
339 1532 462 1558 eamdem
480 1533 577 1560 anima:
594 1534 635 1560 vis
656 1539 683 1561 et
697 1543 766 1569 opus
786 1544 846 1562 sese
857 1538 1074 1566 accommodant.

292 1577 498 1612 l’erspicttitatis
517 1587 596 1606 causa
613 1582 767 1616 exemplum
788 1583 883 1610 affero.
904 1584 975 1611 Deus
996 1593 1010 1611 e
1028 1592 1075 1611 su-

293 1623 366 1656 peris
381 1623 448 1650 locis
462 1625 552 1658 pluvia
567 1625 696 1660 detttissa,
716 1632 798 1654 totum
817 1634 916 1656 terrain
937 1639 1006 1666 aqtta
1028 1639 1078 1659 tta-

293 1674 353 1695 tttra
369 1669 485 1704 simplici
504 1671 606 1707 irrigat,
620 1680 690 1707 aqua
707 1679 797 1701 autem
815 1675 888 1702 varie
909 1677 934 1703 itt
952 1678 1079 1706 omnibus

290 1715 446 1747 arboribus,
461 1723 488 1745 et
501 1718 595 1746 lterbis
614 1719 697 1746 hunto
715 1721 916 1755 prodeuntibus
938 1728 1077 1751 transmu-

292 1766 500 1796 tatur,qttorum
515 1765 729 1800 unumquodque
743 1767 813 1793 hanc.
828 1769 966 1796 cmlestem
979 1777 1078 1804 aquam

292 1816 353 1834 t'lttn
370 1811 533 1844 susceperit,
551 1816 660 1845 gustatu
675 1818 701 1839 et
717 1821 765 1847 per
779 1821 806 1840 se
820 1816 898 1848 plane
914 1814 1078 1849 simplicem,

292 1854 429 1886 immutat.
441 1861 468 1883 et
483 1863 603 1885 coactam
618 1859 802 1892 transformat,
816 1865 843 1886 et
857 1861 967 1895 figurant
984 1870 1080 1896 quaut-

292 1899 365 1932 dam,
385 1905 412 1928 et
439 1903 664 1937 magnitudinem.
690 1909 718 1932 et
750 1905 869 1932 colorem
893 1907 1080 1934 accommodat

293 1951 375 1981 atque
387 1948 528 1979 admiscet.
548 1950 619 1976 unde
632 1951 706 1977 mille
723 1951 879 1986 qualitates.
895 1953 924 1979 in
941 1961 1003 1980 rosa
1017 1954 1079 1988 qui-

294 1991 355 2018 dem
374 1993 442 2020 odor
463 1995 564 2026 suavis,
584 1995 611 2022 itt
632 2000 692 2023 ruta
711 2001 791 2030 teter,
809 1998 836 2024 in
857 1998 932 2029 allio,
957 2000 1031 2033 cepis
1053 2004 1080 2026 et

294 2038 409 2072 reliqttis
424 2041 586 2068 acerrimus.
604 2042 632 2068 ln
651 2042 709 2068 lilio
721 2043 797 2070 color
814 2044 1037 2077 candidissimus,
1053 2046 1080 2073 in

295 2083 364 2108 viola
378 2091 514 2117 purpureo
529 2085 636 2117 similis,
650 2087 675 2112 in
692 2094 752 2113 rosa
764 2087 931 2119 subrubcus,
944 2093 972 2115 et
989 2090 1078 2116 cocci-

295 2136 364 2154 tteus
379 2134 406 2155 et
423 2130 511 2157 albus.
532 2130 560 2156 ltt
575 2131 635 2157 aliis
650 2131 856 2166 hyacinthinus,
875 2135 1019 2166 C-‘L'l'UiCUS,
1034 2144 1081 2163 va-

296 2173 364 2199 rius.
385 2173 460 2201 Oliva
485 2176 590 2209 profert
610 2177 712 2208 oleum,
731 2178 757 2204 in
776 2179 831 2204 vite
849 2179 952 2213 pendet
976 2180 1080 2213 vinum,

296 2217 323 2244 iit
338 2219 466 2246 omnibus
490 2221 581 2248 omnia
593 2229 626 2248 ex
643 2223 699 2249 sola
715 2230 785 2257 aqua
804 2229 964 2256 nascuntur,
984 2233 1039 2252 non
1053 2233 1082 2254 se

1117 300 1283 335 ntiuinteqne
1302 300 1328 327 in
1352 305 1453 327 tantam
1478 299 1681 326 multitudinem
1703 303 1792 333 atque
1827 302 1908 328 varic-

1117 350 1200 373 tatcm
1216 346 1346 377 discerni,
1358 349 1388 372 ut
1403 346 1472 372 alius
1484 350 1557 372 esset
1574 351 1673 379 sapore
1685 344 1827 379 jucunde,
1841 346 1906 373 alitis

1116 398 1220 421 amaro.
1237 391 1308 417 alitis
1323 391 1486 420 astrictorio.
1507 390 1578 418 alius
1598 390 1690 422 dulci;
1705 390 1756 417 sed
1781 392 1908 425 quemad-

1119 436 1231 463 modum
1248 444 1317 470 aqua
1336 444 1389 463 una
1405 441 1457 468 est,
1477 437 1517 463 sic
1531 441 1558 463 et
1573 437 1625 462 ista
1637 435 1688 462 sub
1707 444 1797 462 unum
1816 436 1906 470 redigi.

1117 481 1145 508 Si
1161 481 1222 524 quis
1238 482 1278 508 sic
1292 482 1482 514 ratiocinetur,
1497 489 1560 509 eum
1577 489 1627 516 ego
1642 481 1752 516 nugari,
1766 486 1907 516 menteque

1117 537 1149 557 ac
1164 537 1246 558 sensu
1269 530 1429 557 destitutum
1457 534 1523 564 puto
1538 539 1543 556 :
1559 529 1640 556 talem
1663 529 1798 556 nimirum
1817 529 1908 556 existi-

1120 583 1194 602 tnare
1211 575 1365 602 animarqu
1388 579 1513 602 naturam
1537 582 1641 608 parem.
1668 574 1836 601 inseruntur
1849 581 1907 600 cor-

1119 621 1244 656 poribus,
1257 626 1286 648 et
1301 621 1488 648 coalescentes
1501 628 1533 646 ea
1546 625 1574 647 et
1594 620 1683 651 alunt,
1701 624 1730 646 et
1742 623 1906 650 sustentant,

1119 670 1146 692 et
1155 665 1247 692 fovent
1259 665 1436 693 omnimodis.
1450 665 1573 698 Qualitas
1585 671 1678 692 atttcm
1689 664 1906 698 temperamenti,

1120 711 1316 745 qualiScunque
1334 711 1443 737 tandem
1457 711 1524 745 ipsis
1539 718 1572 737 ex
1588 710 1748 741 elementis,
1767 714 1796 737 et
1813 710 1906 736 humo-
1940 704 1945 712 λ

1122 756 1197 783 ribus
1216 757 1341 791 contigit,
1360 756 1539 784 immutabilis
1556 761 1609 787 est,
1630 756 1688 783 sive
1705 755 1772 790 quis
1787 754 1906 785 calidam,

1120 802 1177 828 sive
1192 802 1328 837 frigidam,
1344 802 1402 829 sive
1419 802 1531 833 siccam,
1555 802 1611 828 sive
1627 800 1771 827 lttttttidam
1790 805 1907 826 naturain

1121 847 1241 874 obtinuit
1256 856 1263 874 :
1283 853 1311 875 et
1331 849 1389 875 sive
1404 848 1538 882 quaepiam
1555 847 1657 874 fetnitta
1673 847 1756 878 bene.
1773 845 1832 872 sive
1847 846 1908 872 male

1122 893 1194 920 oleat
1212 902 1220 920 :
1241 893 1299 920 sive
1322 893 1455 925 cattdida,
1474 893 1531 920 sive
1555 893 1631 920 fusca
1653 893 1689 920 sit
1708 902 1715 919 :
1738 893 1799 918 sive
1822 891 1906 918 defer

1124 939 1245 966 missima
1260 938 1319 966 sive
1342 938 1554 966 formosissima.
1575 939 1634 965 Non
1651 939 1725 965 enim
1750 937 1907 965 animarum.

1123 984 1170 1011 sed
1196 984 1395 1011 elementorum
1418 985 1497 1019 juxta
1520 983 1642 1010 divinam
1660 983 1744 1018 plane
1773 982 1909 1016 provideti-

1125 1030 1190 1056 tiam
1204 1034 1246 1057 est
1267 1026 1318 1056 ista
1332 1030 1543 1065 coagmentatio.
1559 1030 1587 1056 Si
1601 1029 1686 1063 igitur
1699 1036 1807 1062 corpus
1819 1028 1908 1054 bonam

1124 1082 1155 1102 ex
1172 1075 1316 1102 elementis
1335 1075 1563 1109 temperationem
1584 1075 1723 1107 habuerit,
1745 1079 1774 1101 et
1790 1082 1849 1108 quae
1870 1072 1907 1099 isti

1125 1121 1302 1156 porportione
1317 1121 1477 1156 respondet,
1494 1129 1529 1148 ex
1544 1122 1688 1156 sanguine.
1703 1121 1868 1155 phlegmata,
1879 1126 1908 1146 el

1126 1171 1242 1202 utraque
1255 1167 1308 1193 bile
1321 1167 1479 1194 commistio
1494 1174 1572 1201 aqua
1588 1166 1671 1193 fuerit
1685 1166 1872 1200 qttalitateque
1884 1167 1909 1190 et

1125 1213 1278 1247 quantitate
1296 1212 1499 1244 consenserint,
1517 1217 1544 1239 et
1562 1212 1774 1244 concordarint,
1790 1217 1846 1238 tum
1863 1217 1908 1244 pu-

1126 1266 1177 1292 gna
1198 1263 1225 1285 et
1246 1258 1347 1285 seditio
1367 1258 1513 1285 elementis
1535 1258 1609 1285 nulla
1623 1257 1787 1289 intercedit,
1812 1263 1860 1284 nec
1877 1255 1907 1282 ob

1126 1304 1243 1337 aliquant
1265 1304 1487 1338 exsuperantiam
1504 1307 1552 1330 aut
1567 1303 1739 1330 nimietatem
1756 1304 1785 1330 in
1803 1310 1832 1330 se
1856 1309 1908 1328 ntu-

1128 1353 1175 1375 ttto
1191 1349 1334 1383 insurgunt
1348 1357 1356 1382 ;
1370 1350 1416 1376 sed
1433 1357 1539 1384 pacem,
1556 1354 1584 1376 et
1608 1349 1748 1382 ordinem,
1771 1353 1800 1376 et
1815 1347 1908 1375 [eadem

1128 1399 1303 1426 conservant,
1321 1395 1594 1430 corroborattturque
1609 1400 1637 1422 et
1650 1395 1763 1428 florent,
1774 1399 1803 1422 ct
1818 1400 1909 1427 corpus

1128 1448 1224 1467 sensus
1244 1447 1309 1467 suos
1323 1440 1393 1467 bene
1410 1441 1503 1468 firmos
1518 1448 1550 1467 ac
1571 1448 1653 1468 sanos
1673 1441 1800 1476 possidet
1817 1449 1824 1467 :
1841 1440 1908 1466 insu-

1128 1495 1176 1522 per
1189 1492 1218 1514 et
1230 1487 1386 1519 cerebrum,
1402 1487 1475 1514 unde
1488 1489 1543 1515 vita
1557 1489 1703 1522 perspicue
1715 1487 1829 1522 pendet,
1847 1486 1908 1512 bene

1130 1533 1213 1560 habet
1229 1533 1244 1550 *
1261 1541 1267 1560 :
1281 1541 1332 1560 ttcc
1345 1533 1496 1567 quidquam
1521 1533 1622 1564 ntorbi,
1639 1537 1687 1560 aut
1702 1533 1850 1563 obstaculi.
1869 1534 1911 1557 aut

1129 1581 1285 1607 ttocutnettti
1304 1580 1422 1606 sentitur
1440 1588 1447 1606 :
1467 1580 1515 1606 sed
1533 1580 1651 1606 maxima
1668 1581 1695 1607 in
1719 1578 1911 1614 tranquillitate

1131 1634 1232 1661 corpus
1249 1630 1383 1658 versatur.
1408 1627 1547 1661 simulque
1562 1631 1591 1653 et
1605 1634 1657 1653 una
1673 1633 1735 1653 cum
1750 1626 1819 1661 ipsis
1831 1625 1909 1651 visce-

1129 1680 1190 1699 ruttt
1207 1673 1347 1707 primaria,
1363 1681 1422 1704 eor,
1438 1673 1526 1707 jecur.
1539 1672 1710 1702 stomachus.
1726 1673 1795 1701 lien.
1810 1673 1843 1699 Et
1854 1676 1910 1697 tunc

1130 1719 1221 1745 anima
1245 1718 1325 1746 facile
1346 1726 1448 1753 corpus
1474 1718 1545 1746 istuc
1569 1718 1686 1750 tolerat,
1709 1718 1910 1750 functionesque

1131 1771 1195 1790 suas
1204 1764 1272 1790 citra
1286 1764 1525 1797 intpeditttentum.
1538 1763 1641 1797 optime
1656 1763 1718 1789 aliis
1734 1763 1788 1790 ista
1806 1768 1911 1796 sequen-

1133 1811 1206 1837 tibus
1226 1814 1412 1844 repratsentat.
1439 1810 1508 1836 Nam
1533 1809 1680 1844 respiratio
1703 1810 1788 1841 valet,
1805 1813 1832 1836 et
1852 1812 1910 1842 prte-

1131 1856 1224 1882 eordia
1238 1861 1300 1882 sunt
1315 1856 1474 1885 incolumia.
1488 1862 1635 1889 moresque
1649 1855 1683 1882 ad
1697 1855 1800 1883 bonam
1814 1854 1911 1882 habitu-

1131 1902 1233 1933 dittem,
1261 1907 1288 1928 et
1312 1902 1475 1933 elegantiam
1495 1902 1653 1930 enitescunt
1673 1912 1681 1930 :
1703 1910 1859 1938 quanquam
1881 1907 1909 1927 ex

1131 1949 1234 1981 aninta,
1251 1956 1304 1983 qtta
1321 1953 1397 1983 parte
1414 1957 1476 1976 cum
1493 1949 1583 1976 brutis
1604 1949 1685 1976 nobis
1700 1949 1853 1976 communis
1865 1951 1910 1976 est.

1131 1995 1291 2030 procedant.
1304 1995 1382 2028 Quod
1395 1995 1417 2022 si
1433 2002 1533 2029 corpus
1543 2003 1709 2030 quocunque
1723 1995 1805 2022 modo
1820 1999 1909 2028 aegrum

1132 2041 1224 2073 fuerit.
1240 2048 1294 2068 non
1312 2041 1414 2076 poterit
1434 2041 1500 2068 illud
1516 2042 1607 2068 anima
1627 2042 1782 2069 restituere.
1803 2041 1848 2069 Rei
1868 2039 1910 2065 de-

1133 2087 1267 2114 clarandae
1287 2087 1444 2121 paradigma
1458 2088 1487 2114 in
1504 2088 1625 2114 medium
1641 2087 1788 2114 adducant.
1813 2087 1855 2115 Sol
1876 2088 1911 2112 est

1133 2133 1257 2166 pulcher,
1276 2137 1304 2159 et
1330 2133 1405 2159 lucet
1426 2133 1502 2159 velut
1524 2141 1652 2167 sponsus,
1669 2133 1744 2160 velut
1764 2134 1838 2168 gigas
1856 2138 1910 2166 spe-

1134 2179 1226 2205 ciosus
1247 2178 1281 2204 δ’.
1296 2178 1362 2212 Ejus
1380 2179 1486 2217 fuqctio
1499 2178 1599 2213 duplex
1616 2184 1669 2211 est,
1685 2180 1780 2207 lucere
1803 2186 1829 2207 et
1849 2177 1912 2205 cale-

1134 2224 1236 2251 facere.
1252 2224 1323 2251 Sttnt
1337 2225 1420 2251 etiam
1436 2224 1463 2250 in
1481 2225 1562 2252 terris
1580 2225 1699 2257 diversa,
1716 2226 1817 2260 campi,
1828 2223 1911 2252 valles.

296 2268 431 2294 mutante,
449 2272 499 2292 nec
513 2273 562 2299 per
580 2272 667 2294 semet
682 2268 761 2294 aliaat
787 2268 901 2296 fortnam
916 2271 1055 2305 ‘iuducnte
1072 2293 1079 2304 ,
1097 2270 1120 2297 D
1135 2271 1250 2305 seopttli.
1267 2271 1361 2303 colles,
1386 2271 1470 2302 silvaz,
1489 2272 1560 2306 pagi,
1575 2279 1635 2306 qua:
1651 2272 1743 2299 omnia
1768 2272 1850 2299 radiis
1864 2268 1914 2296 suis

296 2318 385 2344 neque
399 2311 425 2337 itt
440 2312 518 2338 aliam
537 2314 718 2341 substantiam
738 2317 871 2351 migrante
887 2325 948 2343 cum
967 2317 1000 2344 de
1016 2318 1085 2345 cmlo

295 2356 324 2382 itt
342 2362 428 2384 terras
445 2359 596 2394 praecipitat
613 2369 619 2386 :
637 2361 683 2387 sed
695 2362 770 2396 juxta
785 2362 942 2397 qualitates,
956 2369 984 2390 et
998 2369 1086 2390 muta-

294 2402 385 2429 tiones
399 2412 506 2435 eorum,
525 2413 539 2431 a
557 2406 658 2440 quibus
672 2407 803 2441 recipitur
818 2408 875 2442 ipsa
894 2417 1002 2443 quoque
1015 2410 1086 2436 alte-

297 2453 354 2475 rata
373 2455 399 2476 ct
411 2450 566 2484 immutata,
580 2460 628 2486 pro
640 2453 772 2488 cujusque
790 2458 886 2481 natura
899 2455 1043 2482 commoda
1058 2460 1085 2483 ct

296 2496 373 2522 utilis
387 2497 499 2530 evadit;
515 2503 542 2525 et
554 2500 679 2532 quamvis
692 2501 818 2527 arborem
837 2508 885 2528 seu
902 2501 1084 2533 fructiferam,

295 2550 344 2569 seu
363 2544 483 2571 sterilem
498 2546 587 2572 nutrit
604 2565 611 2578 ,
628 2551 653 2573 et
668 2554 778 2574 onmem
800 2547 911 2574 herbam
928 2548 996 2582 agri,
1009 2555 1086 2582 sege-

297 2594 352 2616 tem
369 2595 398 2617 et
421 2599 546 2625 gramen.
573 2600 621 2619 seti
640 2593 718 2625 utile,
736 2600 783 2620 seu
805 2593 902 2620 inutile
925 2593 1036 2623 educat.
1058 2597 1086 2620 et

297 2638 435 2670 producit.
447 2638 503 2665 Nec
511 2639 586 2665 enim
596 2639 741 2674 quisquam
752 2639 863 2671 dixerit,
876 2640 1004 2675 quoniam
1017 2647 1086 2674 aqua

297 2691 381 2711 unum
397 2685 527 2719 quiddam
540 2689 594 2719 est,
608 2686 691 2712 etiam
705 2686 861 2721 qualitates,
873 2690 901 2713 et
911 2685 1018 2713 fructus
1032 2692 1088 2712 om-

317 2755 340 2770 "
369 2755 441 2782 I’sal.
468 2763 544 2788 xvnt.
571 2756 599 2784 6.

1135 2317 1198 2344 ferit
1217 2325 1249 2344 ac
1266 2317 1416 2352 perfttndit.
1446 2317 1498 2345 Sed
1524 2318 1568 2344 ubi
1591 2326 1706 2345 serenus
1723 2326 1755 2345 ac
1780 2325 1862 2352 purus
1878 2317 1913 2341 εει

1133 2371 1191 2395 aer,
1209 2363 1234 2390 in
1254 2363 1297 2390 ltis
1311 2364 1387 2390 nullo
1405 2363 1602 2397 impedimento
1619 2364 1713 2391 lumen
1731 2364 1866 2391 radiorum
1879 2361 1913 2395 ja-

1134 2407 1182 2434 cit.
1199 2407 1250 2435 Ubi
1265 2415 1329 2434 vero
1351 2407 1470 2438 nebulae,
1496 2412 1524 2436 et
1540 2415 1629 2434 aerem
1647 2408 1779 2442 caligines
1800 2416 1828 2435 se
1842 2404 1913 2433 ditfu‘

1135 2454 1245 2486 derunt,
1262 2454 1429 2488 densiorque
1445 2455 1531 2481 nubes
1549 2461 1579 2481 se
1599 2454 1762 2488 interponit,
1784 2462 1837 2481 tton
1850 2452 1914 2479 luce!

1135 2508 1234 2536 purum
1247 2501 1298 2532 sol,
1310 2507 1400 2535 neque
1414 2499 1550 2531 calefacit.
1560 2499 1607 2527 sed
1624 2500 1793 2532 tenuissimo,
1802 2506 1827 2527 et
1839 2501 1914 2532 opaco

1136 2546 1250 2574 lutnine.
1275 2546 1335 2573 Non
1360 2551 1450 2573 tamen
1468 2551 1533 2573 tunc
1556 2547 1710 2580 culpandus
1732 2551 1774 2573 est
1790 2546 1839 2576 sol.
1856 2549 1914 2577 quo-

1136 2593 1210 2619 niam
1226 2600 1280 2619 non
1301 2592 1369 2626 ipse,
1387 2592 1433 2618 sed
1453 2592 1553 2624 nubes,
1567 2597 1595 2619 et
1612 2600 1693 2619 aerea
1712 2592 1850 2620 erassities
1862 2592 1914 2622 (ιυίῐὲ

1138 2638 1296 2673 prohibent,
1308 2637 1335 2664 itt
1345 2645 1425 2664 causa
1436 2642 1510 2664 sunt.
1522 2638 1628 2673 Corpus
1637 2638 1762 2665 existima
1777 2645 1836 2665 esse
1845 2640 1914 2662 Inun-

1138 2684 1203 2711 dum
1223 2684 1329 2717 :vicos,
1352 2688 1379 2710 et
1402 2684 1486 2711 urbes
1501 2691 1562 2712 esse
1582 2693 1691 2718 sensus,
1707 2691 1734 2712 et
1747 2683 1874 2712 membra.
1891 2680 1914 2704 οι

1052 2815 1189 2847 Scholia.

355 2877 547 2905 15ititil'lls.?Ab
562 2880 698 2908 immodico
710 2881 874 2915 intrittpcrt’cs
886 2879 926 2914 ﬁt.
939 2879 1049 2912 Qumth
1069 2880 1137 2906 enim
1149 2877 1277 2905 elmtcnta
1298 2877 1421 2904 terminos
1440 2884 1499 2903 suos
1516 2876 1694 2911 egrediuntur,
1716 2878 1776 2901 tunc
1797 2869 1913 2902 morbi.“

303 2909 368 2940 dira:
385 2920 478 2940 mortes
494 2915 625 2941 t'tx'nitutt.

2001 1616 2003 1774 l

2001 1616 2003 1774 l
