2032 3156
184 205 252 238 829

185 270 290 300 partes
304 267 439 302 corporis,
455 272 483 295 et
500 268 604 296 viscera
622 277 629 296 :
648 270 776 297 nebulam
806 276 987 307 symptomata

184 319 344 348 corporum
365 314 497 350 intcllige,
520 315 722 344 lucidissimum
739 317 824 344 Solent
842 318 989 346 facultates

186 357 305 391 animae,
318 359 345 386 in
359 359 401 387 his
415 368 533 395 namque
548 363 707 397 paradigma
719 363 785 390 solis
795 363 988 398 accipiendum

185 411 247 434 est.
263 406 292 434 Si
303 415 357 442 qua
370 408 442 435 enim
455 416 552 436 serena
565 411 668 438 sanitas
683 419 698 438 e
711 412 875 445 corporibus
887 413 987 444 elucet,

183 455 217 479 et
244 453 399 480 membrum
421 455 531 490 aliquod
549 462 706 487 externum.
727 463 774 484 aut
790 467 854 492 pars
873 459 988 485 interior

183 497 227 524 ab
245 497 337 532 aliquo
349 504 532 534 syutptomatc
548 502 707 536 neutiquam
718 503 838 536 heditur,
850 504 912 530 imle
927 511 988 531 cor—

183 550 245 577 pus
261 543 411 572 bellissime
430 553 490 573 sese
507 547 598 574 habet.
617 548 645 575 in
661 549 762 583 quibus
785 558 864 577 secus
888 550 927 582 fit,
949 551 986 578 ibi

182 590 277 616 etiam
294 591 392 618 anima:
409 592 553 619 facultates
578 594 723 621 feriantur.
744 598 834 630 Atque
864 597 919 624 tinc
933 601 985 629 est,

182 635 266 669 quod
292 636 420 665 homines
444 643 551 665 tantum
578 640 694 667 invicem
718 642 887 676 discrepant.
910 642 987 670 Alius

183 679 374 716 intelligentia
399 683 472 710 iners
492 689 550 714 est,
577 685 648 712 alius
672 687 813 721 perspicax
834 692 861 714 et
886 688 984 715 solt-rs.

182 725 270 754 Alius
281 727 350 754 bette
365 734 496 761 moratus,
508 731 579 758 alius
589 732 743 766 improbus,
757 733 828 759 alius
839 734 984 766 superbus.

182 771 270 800 Alius
283 773 381 805 fidelis,
401 775 472 802 alius
493 777 654 805 malevnltts.
678 777 780 805 Horum
794 787 904 806 causam
924 788 985 807 esse

182 819 277 846 Deum
295 827 362 847 cave
381 827 471 856 putes,
486 823 559 857 quod
574 825 740 858 quibusdam
757 825 864 852 scilicet
882 827 985 860 optime

182 866 268 897 velit,
293 871 320 893 et
345 868 449 901 optima
473 869 526 895 illis
545 870 639 901 donet,
665 872 795 906 omnique
820 872 943 899 bonitate
958 878 985 900 et

181 912 277 945 gratia
290 920 339 939 eos
354 914 493 941 cttmulct:
507 916 673 950 quibttsdam
690 925 756 944 vero
773 917 839 944 velit
853 919 981 952 pessime,

180 965 292 993 eosque
307 961 446 987 contrario
469 962 550 988 tundo
568 967 678 990 tractet.
706 964 850 997 Quomodo
866 965 939 991 enint
957 970 981 991 ct

182 1003 242 1031 ista
255 1005 353 1039 judicii
375 1007 614 1042 Providentimque
630 1009 732 1036 divitue
753 1010 837 1037 sunt?
852 1018 866 1036 a
888 1018 940 1044 qua
960 1011 982 1036 si

180 1050 364 1084 potissimum
378 1060 509 1087 suspensa
526 1058 630 1086 essent,
654 1063 707 1082 non
722 1063 809 1090 :cqna,
827 1056 873 1082 sed
891 1057 982 1090 iniqua

181 1096 333 1124 manifeste
350 1097 431 1125 foret.
446 1098 498 1125 Sed
517 1099 575 1126 htec
594 1100 764 1135 blasphemia
788 1102 869 1128 ctiatn
892 1103 984 1130 verbis

182 1145 272 1168 tenus
298 1143 381 1170 absit.
407 1143 485 1171 Sicut
518 1145 591 1171 enim
623 1147 675 1173 soli
710 1146 786 1174 dedit
812 1155 982 1182 qua‘cunqut:

179 1188 463 1221 dedit,celcrilatem,
486 1192 715 1226 magnitudinem,
733 1193 981 1228 pulchritudinem,

182 1235 381 1268 splendorem;
395 1242 423 1264 ct
439 1242 517 1265 terrae
534 1239 661 1266 similiter
676 1240 888 1271 fecunditatem,
902 1241 983 1268 arbo-

181 1279 264 1307 rihtts
286 1281 359 1309 ferre
383 1282 489 1311 fructus
504 1305 510 1315 ,
529 1285 668 1312 frumento
692 1290 719 1313 et
742 1286 803 1313 aliis
831 1287 981 1321 unicuique

180 1325 356 1354 functionent
374 1331 512 1364 propriattt
533 1337 560 1358 et
575 1337 711 1363 naturam,
738 1333 777 1359 sic
790 1333 849 1360 istis
863 1338 982 1368 quatuor

179 1373 333 1401 elentcntis
347 1377 538 1403 auctoritatem
558 1382 584 1404 et
610 1378 754 1412 imperium
770 1380 896 1414 corporis
917 1381 980 1407 uni-

180 1426 275 1449 verse,
295 1419 408 1454 ejusque
423 1421 634 1454 incrementum,
648 1423 883 1455 immutationem,
900 1425 980 1451 finem

179 1472 216 1492 ac
249 1465 456 1493 dissolutionem
486 1469 641 1501 commisit,
675 1469 778 1496 iudicio
814 1474 842 1496 ct
876 1471 981 1497 ratione

180 1519 267 1546 quam
281 1513 338 1547 ipse
359 1514 444 1548 probe
461 1515 546 1541 novit.
562 1514 636 1541 Nihil
657 1515 730 1542 enim
748 1523 840 1542 rerum
857 1517 980 1543 omnitttn

181 1557 302 1584 Domino
326 1567 380 1586 non
412 1565 475 1587 autc
499 1561 669 1588 intellectum
694 1566 722 1588 et
741 1562 880 1596 provisum
911 1568 977 1590 est:

178 1604 230 1638 qui
247 1610 437 1632 creaturarum
449 1615 549 1641 parens
560 1612 588 1634 ct
599 1608 766 1642 gubernator
781 1615 833 1640 est,
845 1614 872 1636 ct
891 1611 981 1636 omni-

177 1651 278 1678 busex
293 1653 366 1678 omni
386 1659 460 1688 parte
475 1654 574 1686 adest,
598 1658 625 1681 et
649 1655 740 1682 omnia
763 1661 882 1690 permeat
906 1647 982 1691 qu:t--‘

177 1705 291 1732 cunque
317 1698 396 1729 fecit.
414 1703 441 1725 et
467 1699 567 1731 facere,
587 1705 614 1727 et
631 1708 804 1732 conservare,
823 1707 849 1729 et
865 1702 983 1729 admini-

177 1748 283 1773 strare,
303 1749 331 1770 et
349 1748 458 1778 portare
482 1753 537 1772 non
560 1751 659 1774 cessat.
679 1747 707 1773 Si
732 1747 815 1782 igitur
835 1747 936 1779 bonus,
954 1743 983 1775 et

175 1789 293 1823 sapiens
313 1794 364 1822 est,
387 1795 416 1817 ut
439 1797 481 1818 est
501 1800 508 1818 :
527 1800 578 1826 qua
599 1793 697 1825 bonus,
722 1794 814 1821 omnia
843 1794 981 1828 producit'

178 1840 209 1862 ut
239 1837 339 1863 Lonum
353 1844 412 1863 sese
425 1837 573 1870 diffundat,
593 1843 743 1873 notumque
761 1844 788 1866 et
804 1839 980 1866 manifestum

175 1883 244 1913 fiat;
261 1890 314 1917 qua
334 1884 452 1917 sapiens,
474 1884 674 1918 providentiam
701 1889 728 1912 ct
742 1893 836 1912 cttram
865 1893 979 1920 operum

174 1935 295 1955 suorum
311 1929 440 1961 ostendit,
451 1930 517 1957 Nam
534 1931 555 1958 si
571 1931 639 1957 nihil
655 1931 821 1965 provideret,
833 1939 887 1966 quo
899 1932 980 1959 m'odo

175 1975 292 2010 sapiens
306 1976 399 2002 esset?
410 1976 466 2003 Nec
482 1977 582 2008 bonus.
598 1984 649 2004 nec
663 1977 784 2011 sapiens,
797 1979 821 2004 st
835 1986 890 2004 non
908 1986 980 2012 pra:—

174 2021 289 2047 vitierct
307 2022 445 2056 rebusque
461 2023 631 2049 consuleret.
650 2022 735 2057 Igitur
749 2024 819 2058 apud
833 2032 939 2054 omnes,
952 2029 980 2051 et

176 2074 237 2101 pra:
251 2067 380 2093 omnibus
400 2071 505 2094 eertum
521 2072 562 2095 est
579 2067 710 2103 Opificem
739 2077 830 2095 rerum
850 2069 979 2097 omnibus

175 2120 242 2147 qua:
258 2112 408 2140 fabricatth
434 2119 477 2140 est
501 2114 669 2148 prospicurc,
695 2120 723 2142 ct
742 2114 902 2149 providere.
923 2115 977 2143 Co—

176 2159 268 2194 gnitio
289 2164 380 2186 autent
402 2160 559 2187 futurorum
577 2161 603 2188 in
627 2162 708 2189 nobis
724 2170 777 2188 non
801 2167 853 2194 est,
870 2163 916 2197 qui
933 2163 976 2189 vix

176 2205 239 2232 sola
256 2213 317 2240 qua:
332 2210 395 2233 ante
412 2206 497 2240 pedes
513 2211 588 2239 sunt,
606 2208 699 2235 videre
717 2215 874 2242 possumus,
888 2213 916 2235 et
932 2208 977 2235 vix

178 2251 342 2278 memoriam
373 2255 401 2278 ct
428 2251 563 2286 judicium
594 2254 796 2287 pra’teritorum
829 2254 972 2282 habemus.

931 215 1108 246 DIOPTRA.

1780 223 1833 254 830

1007 278 1029 305 Α
1045 273 1164 300 culosam
1181 277 1209 300 et
1221 277 1357 303 cavatam.
1371 278 1399 300 et
1414 273 1515 301 habere
1523 275 1656 310 quasdam
1674 283 1766 310 venas,
1783 285 1835 312 per

1043 327 1111 353 quas
1130 319 1164 346 ab
1181 319 1247 350 imo,
1261 323 1289 346 et
1301 319 1409 347 occulte
1424 321 1499 348 rivos
1512 329 1646 356 aquarum
1663 323 1786 355 emittat,
1799 331 1833 352 es
1847 324 1854 326 ⁷

1042 365 1144 401 quibus
1159 370 1188 393 et
1205 366 1294 393 fontes
1318 371 1418 394 terram
1440 368 1565 403 irrigcnt.
1584 369 1635 396 Per
1658 369 1709 397 hos
1725 375 1833 399 meatus

1041 419 1111 445 aqua
1130 411 1236 437 marina
1257 412 1375 440 colatur.
1391 417 1419 439 ct
1435 421 1516 440 cursu
1530 414 1675 449 peregrino
1685 416 1831 449 dulcescit,

1039 462 1067 483 et
1084 458 1109 483 in
1125 457 1285 491 qualitatem
1299 463 1483 492 naturamque
1498 460 1682 492 metallorum,
1698 466 1726 488 et
1741 463 1831 489 fonta-

1039 510 1113 534 nam,
1133 511 1164 529 ac
1181 505 1318 536 putealem
1334 512 1432 537 aquatu
1456 510 1588 532 mutatur.
1605 505 1683 538 Quod
1702 507 1723 533 si
1747 512 1831 540 terra,

1038 556 1069 574 ex
1086 556 1138 582 qua
1156 553 1257 582 putt-us
1269 549 1584 584 scaturientiaerumpit,
1598 559 1701 580 amara.
1713 556 1760 578 aut
1772 552 1834 578 dul-

1038 595 1077 621 cis
1092 594 1186 627 fuerit,
1204 603 1274 629 aqua
1291 595 1398 622 marina
1417 595 1489 622 illam
1513 597 1601 630 ipsam
1617 597 1790 631 qualitatem,
1809 597 1832 634 si

1038 641 1075 667 ita
1100 642 1258 676 contigerit,
1276 650 1324 669 sett
1348 642 1540 674 acerbitatem,
1557 648 1604 668 aut
1621 644 1773 670 amaritiem
1791 644 1833 670 vi-

1038 686 1148 718 delicet,
1171 694 1219 713 seu
1242 687 1418 714 dulcedinem
1442 688 1468 714 in
1491 695 1520 714 se
1543 689 1673 722 capessit.
1692 690 1718 716 Si
1741 695 1833 717 autettt

1038 738 1146 760 meatus
1158 733 1194 759 sit
1208 738 1352 768 angustus,
1365 734 1430 760 duttt
1446 734 1504 768 ipso
1516 735 1589 760 fluxu
1606 735 1736 767 luctatur,
1753 737 1835 764 velte-

1038 779 1157 806 mentius
1174 779 1286 806 calescit
1305 800 1312 811 ,
1331 785 1360 806 ct
1385 785 1414 806 ttt
1434 785 1476 807 est
1495 785 1723 810 consentaneum.
1746 781 1835 809 ferve-

1037 825 1099 851 scit.
1122 825 1155 852 Et
1172 825 1197 851 in
1219 825 1262 851 itis
1274 825 1329 859 jam
1349 826 1430 851 dictis
1450 834 1557 852 rursum
1577 831 1717 860 perspecta
1734 831 1774 853 est
1788 827 1833 854 illa

1037 871 1155 901 novitas.
1170 871 1309 906 quomodo
1323 879 1384 898 cum
1401 879 1452 897 tttta
1465 871 1575 905 quidem
1590 872 1768 906 sitaquarum
1785 881 1833 899 tta-

1038 921 1110 946 tura.
1126 916 1152 942 in
1169 916 1231 942 aliis
1248 921 1338 942 tanten
1361 917 1434 943 aliud
1453 917 1509 947 fiat,
1527 922 1711 951 naturamque
1734 922 1832 950 mutet,

1003 967 1020 993 Β
1037 961 1064 986 in
1079 961 1252 995 qualitatem,
1264 961 1291 988 in
1304 962 1494 991 tnctallum.et
1511 963 1634 989 habittun
1647 963 1830 997 singulorum.

1037 1006 1155 1033 Perinde
1170 1014 1286 1041 corpora
1303 1015 1332 1034 se
1344 1007 1458 1034 habent.
1475 1009 1636 1034 Animarum
1652 1016 1717 1035 vero
1732 1014 1832 1036 natura

1036 1061 1090 1079 non
1107 1058 1148 1080 est
1168 1054 1221 1081 alia
1237 1058 1318 1087 atque
1339 1055 1401 1085 alia,
1418 1054 1464 1081 sed
1487 1055 1601 1088 aiqnalis
1621 1055 1754 1082 omnium.
1783 1055 1833 1083 Ast

1036 1098 1063 1124 in
1078 1098 1242 1132 corporibus
1257 1099 1370 1126 minimc
1384 1099 1523 1126 intenilur
1538 1100 1666 1127 identitas
1679 1101 1831 1128 secundum

1037 1144 1174 1175 habitum,
1200 1146 1246 1172 sed
1275 1146 1327 1173 alia
1346 1146 1392 1172 alii
1421 1146 1518 1177 erasis,
1547 1152 1577 1172 ut
1603 1152 1745 1174 ostensum
1763 1153 1830 1175 est:

1035 1190 1171 1224 siquidem
1187 1198 1237 1217 nec
1251 1191 1277 1218 in
1297 1192 1426 1218 omnibus
1440 1193 1583 1226 :cqualiter
1599 1193 1735 1220 elementa
1751 1194 1832 1222 mista

1035 1240 1063 1262 et
1085 1241 1236 1270 temperata
1254 1242 1328 1266 sunt.
1346 1238 1394 1264 sed
1411 1239 1631 1273 unumquodque
1649 1244 1678 1266 ut
1701 1240 1830 1266 sortitum

1034 1287 1077 1308 est
1095 1290 1172 1309 suam
1185 1283 1289 1315 erasin,
1307 1284 1342 1310 ita
1359 1284 1391 1310 ad
1405 1293 1433 1311 se
1445 1285 1562 1311 animam
1578 1293 1688 1319 queque
1704 1285 1830 1311 inflectit.

1035 1327 1130 1362 Itaque
1143 1328 1200 1356 sive
1215 1330 1277 1364 quis
1295 1330 1415 1364 graviter
1436 1330 1516 1357 irasci
1533 1331 1613 1362 solet,
1630 1336 1657 1357 et
1672 1336 1714 1357 cst
1731 1338 1829 1365 supcr-

1034 1374 1098 1405 bus,
1117 1375 1174 1401 sive
1197 1380 1368 1407 mansuetus,
1387 1376 1444 1402 sive
1463 1377 1639 1410 tranquillus,
1663 1377 1720 1403 sive
1737 1376 1831 1403 mode-

1034 1426 1123 1452 ratus,
1143 1422 1201 1448 sive
1226 1427 1373 1453 srortator,
1393 1423 1449 1449 sive
1468 1422 1596 1454 lascivus,
1616 1423 1672 1450 sive
1688 1428 1781 1450 castus
1802 1426 1831 1449 et.

1034 1469 1148 1502 probus,
1165 1468 1223 1496 sive
1244 1469 1436 1503 magnanimus
1451 1474 1560 1498 natura,
1577 1469 1634 1495 sive
1656 1475 1751 1495 contra
1769 1476 1829 1496 sor-

1033 1513 1125 1546 didus,
1148 1520 1195 1541 aut
1216 1519 1336 1549 potator.
1360 1519 1408 1541 aut
1428 1515 1566 1544 ebriosus,
1586 1518 1633 1541 aut
1657 1515 1776 1545 sobrius,
1801 1518 1830 1541 et

1034 1569 1112 1596 aqute
1133 1567 1223 1595 potor,
1238 1566 1285 1588 attt
1307 1561 1433 1596 vigilans.
1451 1566 1497 1587 aut
1521 1561 1667 1595 celeripes.
1683 1566 1729 1587 attt
1742 1560 1829 1587 tardi-

1035 1608 1145 1642 gradus,
1168 1613 1214 1634 aut
1232 1608 1340 1638 docilis,
1365 1613 1411 1633 aut
1435 1607 1574 1637 induciis,
1603 1611 1650 1633 aut
1670 1607 1755 1636 rudis.
1774 1614 1827 1633 non

1035 1658 1077 1681 est
1096 1653 1231 1688 culpanda
1250 1655 1353 1684 anima.
1370 1654 1604 1687 qm-madmodum
1622 1654 1712 1680 oratio
1736 1659 1829 1680 nostra

1036 1700 1175 1735 sigillatim
1197 1708 1246 1734 per
1262 1700 1354 1726 omnia
1371 1700 1500 1727 diSscrnit
1517 1709 1523 1726 :
1540 1700 1586 1726 scd
1603 1700 1695 1734 politis
1716 1707 1827 1734 corpus,

1034 1751 1062 1773 et
1089 1750 1357 1780 temperamentum,
1386 1747 1459 1779 quod
1489 1746 1527 1772 illi
1558 1746 1690 1780 contigit;
1717 1749 1830 1780 propter

1034 1791 1106 1827 quod
1125 1800 1179 1819 non
1195 1793 1284 1819 solent
1301 1792 1353 1818 sibi
1365 1792 1478 1818 similari
1495 1800 1622 1826 corpora,
1643 1792 1765 1826 inquam,
1777 1799 1828 1819 nec

1033 1846 1094 1866 esse
1110 1838 1200 1865 aliinia
1218 1839 1244 1865 in
1267 1846 1430 1872 quacunque
1447 1846 1486 1864 re.
1508 1839 1541 1864 ad
1559 1839 1702 1865 scientiam
1719 1843 1765 1864 aut
1785 1846 1828 1865 sa-

1033 1884 1176 1919 pientiam,
1200 1884 1233 1910 ad
1252 1884 1375 1910 habitum
1392 1889 1439 1910 attt
1460 1887 1597 1914 naturam,
1621 1883 1653 1909 ad
1673 1886 1826 1917 aspectum,

1032 1934 1078 1956 aut
1095 1929 1222 1964 figuram.
1247 1929 1279 1955 ad
1298 1934 1470 1956 venustatem
1491 1928 1596 1956 forma}.
1615 1929 1684 1955 Cum
1701 1929 1774 1955 enim
1793 1936 1827 1955 ex

1031 1976 1174 2002 elementis
1191 1976 1265 2002 varia
1283 1975 1446 2009 temperatio
1460 1975 1586 2006 exsistat,
1603 1982 1715 2002 necesse
1731 1979 1784 2005 est,
1798 1978 1826 2001 et

1031 2028 1147 2055 corpora
1169 2020 1197 2047 in
1217 2020 1261 2047 Itis
1275 2021 1350 2047 varie
1373 2028 1401 2047 se
1420 2021 1533 2051 habere,
1555 2025 1582 2047 et
1603 2020 1721 2047 animam
1746 2019 1779 2046 ad
1796 2027 1825 2047 se

1030 2067 1169 2093 violenter
1194 2067 1315 2094 trahere.
1333 2065 1414 2097 Satis,
1439 2071 1469 2092 ut
1489 2065 1620 2097 arbitror,
1644 2073 1687 2092 res
1709 2065 1825 2100 probata

1029 2119 1080 2145 est,
1097 2119 1124 2141 ct
1139 2114 1263 2148 pluribus
1280 2113 1347 2140 nihil
1361 2118 1402 2139 est
1417 2121 1496 2147 opus.
1516 2112 1583 2139 Illud
1600 2112 1675 2139 dictu
1693 2111 1769 2138 valde
1781 2115 1824 2138 est

1030 2159 1227 2186 necessarium.
1250 2159 1278 2186 Si
1299 2166 1369 2185 unus
1389 2159 1499 2192 quidam
1524 2159 1668 2185 character
1690 2158 1717 2184 itt
1734 2157 1825 2184 omni-

1029 2206 1080 2233 bus
1111 2206 1267 2232 ltominibus
1290 2213 1382 2235 esset,
1407 2206 1491 2231 inulta
1521 2205 1547 2231 in
1577 2212 1677 2240 genere
1701 2204 1823 2230 ltumatto

1028 2256 1191 2285 sequeretur
1213 2251 1350 2282 confusio,
1367 2256 1394 2277 et
1411 2251 1499 2285 caligo
1519 2255 1547 2277 et
1568 2258 1619 2276 uox
1639 2250 1721 2276 vitam
1738 2256 1822 2275 occu-

177 2297 315 2325 Condilor
338 2303 444 2330 aulmn.
468 2303 498 2325 ut
513 2299 595 2330 Deus.
611 2305 639 2326 et
656 2300 700 2326 illa
717 2301 925 2336 praecognoscit,
946 2305 974 2328 et
990 2306 1011 2334 ι)
1027 2302 1118 2331 patam
1134 2301 1251 2324 teneret.
1270 2297 1376 2329 Quibus
1391 2297 1465 2324 enim
1483 2297 1601 2327 indiciis,
1625 2301 1671 2322 aut
1692 2295 1821 2330 qualibus

177 2345 270 2379 justus
286 2345 380 2379 jmlcx,
401 2351 428 2373 et
452 2345 557 2372 arbiter
579 2351 671 2373 rectus
687 2352 739 2377 est,
755 2352 782 2374 et
796 2349 818 2375 si
837 2357 845 2374 ι
865 2348 966 2383 judicia

181 2390 272 2416 divina
288 2392 399 2426 abyssus
416 2393 498 2420 multa
511 2393 560 2419 ⁸³.»
572 2393 716 2426 Quomodo
732 2394 813 2429 igitur
828 2402 868 2426 se,
886 2395 975 2429 quoad

183 2439 427 2468 temperamentum
462 2438 582 2471 attinet,
614 2446 716 2474 corpus
740 2439 890 2466 humanum
924 2440 976 2467 ha-

182 2479 256 2510 beat,
275 2484 302 2506 ct
321 2482 458 2514 quomodo
474 2483 590 2511 effector
612 2491 737 2511 sutnmus
762 2485 908 2513 elementis
930 2494 976 2513 re-

181 2532 263 2558 gnum
279 2524 504 2558 itnpertivcrit.et
513 2529 625 2562 quinam
636 2530 789 2557 secundum
799 2531 972 2564 qualitatem,

181 2575 209 2596 et
227 2576 470 2605 temperamentum
487 2574 549 2606 tale,
567 2576 640 2609 quali
654 2583 770 2611 corpora
782 2576 932 2604 constituta
945 2582 973 2604 ct

181 2621 370 2652 coagmentata
387 2623 461 2648 sunt.
476 2624 505 2646 ut
519 2620 649 2653 diximus,
671 2623 754 2650 etiam
768 2623 866 2650 anima:
886 2623 974 2650 facul-

182 2667 223 2689 tas
235 2667 263 2689 et
287 2663 360 2690 actio
381 2669 512 2698 patescat.
534 2668 672 2700 quomodo
691 2673 805 2704 propter
827 2669 887 2696 hzec
901 2677 974 2704 sytn-

182 2713 302 2742 ptontata
325 2710 463 2743 eveniant,
476 2716 504 2739 et
518 2720 534 2739 e
550 2715 689 2742 contrario
705 2722 824 2750 corpora
843 2716 912 2743 bene
928 2724 974 2743 va-

182 2752 266 2787 leant,
279 2759 308 2782 et
323 2755 349 2782 in
372 2756 470 2784 melius
483 2758 639 2791 proficiant,
653 2761 719 2788 satis
741 2766 834 2789 nostra
848 2762 974 2797 disputa-

184 2798 255 2826 tione
271 2805 412 2828 ostensum
429 2807 482 2830 est.
498 2803 684 2833 Nihilominus
699 2807 883 2842 paradigmatc
901 2813 972 2838 utar,

183 2851 236 2878 quo
249 2845 321 2875 dicta
337 2847 399 2882 plus
413 2848 482 2877 lucis
495 2849 641 2886 accipiant.
659 2852 770 2880 Terram
797 2853 876 2881 aiunt
894 2854 974 2881 cuni-

215 2933 241 2952 “
256 2935 417 2972 Psal.xxxv,
427 2939 452 2966 7.

1026 2350 1041 2368 e
1056 2343 1141 2377 signis
1158 2343 1321 2377 peregrinus
1348 2342 1382 2369 ab
1401 2343 1490 2369 amico
1506 2347 1533 2368 et
1548 2340 1674 2367 familiari
1696 2340 1821 2367 interno-

1027 2389 1171 2416 sceretur?
1186 2388 1418 2420 inimicissimum,
1432 2389 1466 2414 ab
1481 2388 1586 2422 optimo
1599 2395 1660 2421 qua:
1678 2391 1749 2414 noue
1765 2385 1823 2412 dis-

1025 2435 1193 2462 cernerent?
1208 2435 1266 2462 Non
1285 2435 1332 2461 filii
1351 2440 1489 2469 parentes,
1508 2441 1559 2460 nec
1578 2438 1674 2460 contra
1692 2437 1822 2466 parentes

1027 2479 1107 2511 filios,
1128 2479 1321 2506 deficientibus
1342 2478 1500 2513 ltttjusmodi
1527 2478 1659 2513 symbolis
1687 2484 1822 2512 agnosce-

1025 2531 1095 2552 rent.
1116 2525 1251 2552 Cmtcrum
1268 2525 1380 2559 sapiens
1398 2524 1583 2552 Arcltitcctus.
1599 2529 1626 2550 et
1642 2523 1757 2557 largitor
1777 2530 1821 2549 sa-

1028 2571 1149 2606 pientim,
1176 2571 1301 2606 plasmati
1319 2571 1353 2598 ad
1366 2571 1490 2598 notitiam
1516 2575 1639 2597 mutuam
1663 2569 1815 2600 consuluit.

1028 2617 1093 2644 dum
1118 2617 1227 2644 diversa
1245 2617 1346 2644 indicia
1368 2617 1527 2644 hominibus
1543 2621 1571 2643 vt
1591 2624 1624 2643 ex
1651 2616 1737 2642 forma
1761 2615 1819 2641 sive

1027 2663 1212 2694 lineamentis,
1229 2668 1257 2690 et
1278 2671 1332 2690 non
1348 2663 1439 2690 minus
1462 2671 1494 2690 ex
1511 2671 1578 2690 voce
1605 2662 1682 2697 quasi
1707 2660 1817 2688 infudit.

1024 2707 1159 2735 Prmterea
1175 2709 1295 2735 divinam
1314 2708 1515 2735 Providentiam
1538 2709 1564 2735 itt
1589 2713 1662 2734 tanta
1685 2707 1817 2734 facierutu

1024 2753 1183 2781 diversitate
1199 2754 1329 2781 admit-ari
1344 2754 1536 2789 dignissimum
1569 2757 1622 2780 est.
1645 2753 1714 2779 liiuc
1740 2759 1817 2779 natu-

1023 2807 1076 2834 que
1093 2800 1202 2827 anintus
1216 2800 1390 2827 occasionem
1405 2801 1566 2836 indagandae
1584 2798 1719 2830 veritatis,
1737 2805 1818 2825 erro-

1025 2846 1118 2880 risque
1131 2846 1235 2874 vitandi
1256 2846 1389 2875 inveniet.
1406 2846 1484 2880 Quod
1500 2847 1522 2874 si
1538 2847 1594 2874 haec
1610 2845 1659 2874 tibi
1675 2852 1732 2873 non
1749 2850 1817 2872 satis
