2032 3156
227 202 277 234 811

227 260 448 294 persuadcntur,
473 259 590 289 fidelem.
606 263 634 286 et
658 267 673 286 a
698 259 754 286 Deo
778 260 899 286 afﬂatum
927 264 1023 286 testem
1038 259 1062 288 A

227 306 310 337 dabo,
336 307 446 333 nomine
467 305 652 337 Auastasium,
675 311 857 340 cognomento
883 305 1018 339 Sinaiten,

227 352 372 379 docentem
386 356 413 379 et
423 352 589 379 scribentem
604 353 677 378 clare
693 359 776 386 super
788 351 842 384 his,
857 359 917 387 qua:
933 353 1021 379 inter-

227 402 338 432 rogatus
353 398 452 424 fuerat.
465 397 516 424 Sed
532 397 596 424 audi
613 397 707 425 verba.

264 443 452 478 Interrogatio.
475 443 550 471 Unde
573 443 609 470 ab
627 443 686 477 ipso
701 448 764 470 ortu
781 448 809 471 et
824 443 926 471 teneris
940 444 1020 471 annis

227 491 339 525 quidam
367 490 547 516 inveniuntur
570 494 669 516 natura
694 489 785 521 mites,
812 489 859 516 alii
875 489 1019 520 ,iracundi.

227 536 273 563 alii
296 535 432 569 injuriosi,
463 535 507 562 alii
536 535 669 570 voluptati
697 535 823 562 obscena:
850 535 946 566 dediti,
973 535 1020 563 alii

228 587 323 606 osorcs
345 579 492 606 mulierum
519 583 547 606 et
562 579 756 606 continentes?
772 580 890 606 Rursum
908 580 1020 614 quidam

228 631 325 652 natura
341 625 419 652 facile
428 633 476 652 sua
487 625 760 657 communicaut,alii
776 632 841 653 sunt
863 627 1018 660 inhumani,

228 672 296 698 nihil
313 671 374 699 aliis
388 671 422 698 de
434 679 485 698 suo
502 671 704 706 impertientes.
721 673 755 699 Et.
773 673 885 707 quidam
901 681 1021 701 cernun-

229 723 274 744 tur
292 718 517 752 ingeniosissimi,
536 722 564 745 et
579 719 613 745 ad
628 718 839 754 excogitandum
855 719 1019 753 felicissimi,

228 763 274 790 alii
294 763 363 790 lardi
378 769 405 790 et
426 764 539 798 stupidi.

265 809 416 840 Responsio.
436 811 495 837 Non
512 814 555 838 est
581 809 664 841 Deus,
677 811 723 846 qui
743 809 817 838 htinc
838 811 950 846 quidem
970 821 1021 848 pu-

229 855 332 884 dicum.
353 857 436 882 alium
451 856 564 883 Veneris
577 857 735 888 satellitem,
750 857 831 884 istum
846 857 1020 890 iracundum,

231 901 304 929 hunc
322 902 412 929 lenem
441 902 528 929 facit:
557 903 604 930 sed
628 911 729 938 genera
743 903 868 938 quaedam
894 909 969 936 sunt,
994 909 1022 932 ct

231 953 446 982 temperamento
473 950 630 983 regionum.
650 950 786 981 locorum,
812 950 1024 982 elementorum,
1042 942 1060 968 Β

229 993 355 1028 aerisque
365 998 393 1020 et
409 999 562 1028 temporutn
576 994 753 1023 mutationes.
767 1002 798 1020 ac
807 994 1022 1022 vicissitudines.

230 1038 333 1066 Deinde
345 1043 372 1064 et
386 1040 525 1066 naturales
537 1047 637 1070 causa},
651 1039 853 1066 elementorum
866 1040 892 1067 in
908 1048 1024 1075 corpore

231 1084 458 1118 temperationem
487 1085 663 1112 comitantes.
693 1086 744 1112 Per
768 1093 837 1120 quas
862 1093 970 1117 causas,
996 1091 1024 1114 et

230 1129 407 1161 mutationes,
426 1134 454 1156 et
486 1134 608 1165 tempora
631 1136 659 1158 et
679 1135 906 1166 tetnperamenta,
925 1132 947 1159 si
968 1140 1023 1167 qua

230 1175 296 1201 hora
312 1175 403 1202 infans
417 1176 582 1211 concipitur,
602 1177 721 1205 calidum
744 1178 911 1205 elementum
939 1186 1022 1205 exsu-

230 1222 378 1255 peraverit,
399 1222 471 1256 quod
499 1227 659 1258 generatur,
685 1224 781 1252 calida).
802 1225 1021 1255 constitutionis,

231 1268 261 1294 ad
282 1268 335 1294 vim
354 1273 381 1294 et
399 1268 528 1302 injuriam
558 1277 727 1303 propensum
758 1271 823 1302 erit,
852 1275 880 1297 et
902 1271 1023 1298 libenter

231 1319 279 1338 sua
304 1313 532 1340 communicabit.
554 1313 602 1340 Sin
635 1314 765 1348 frigidum
792 1315 959 1342 elementum
979 1323 1023 1342 re-

234 1358 411 1389 dundaverit,
428 1359 500 1392 quod
516 1360 649 1391 nascitur,
666 1367 699 1386 ex
719 1360 862 1395 frigidiora
885 1361 1021 1389 coastitu-

230 1403 305 1430 tione
321 1403 355 1430 ad
372 1404 528 1431 castitatem
554 1411 685 1432 ceructur
702 1406 877 1440 propensius.
893 1406 967 1434 Idem
986 1407 1021 1434 de

231 1449 291 1476 aliis
308 1449 415 1477 duobus
439 1450 585 1478 clementis
603 1451 762 1478 dicendum.
782 1452 940 1479 Secundum
966 1453 1021 1480 sic—

229 1503 290 1522 cum
310 1504 429 1531 namque
451 1497 580 1529 solitarii,
607 1499 720 1529 nmrosi,
751 1497 848 1529 sobrii,
862 1503 890 1525 et
917 1507 1020 1526 acres:

230 1543 379 1569 secundum
408 1543 552 1570 humidum
580 1544 649 1579 pigri
667 1548 696 1571 et
715 1544 823 1576 caduci,
848 1549 931 1579 atque
951 1545 1022 1580 gula:

230 1588 326 1620 dediti,
339 1593 367 1616 ct
385 1589 520 1616 itumuudi
535 1589 613 1616 fiunt.
631 1590 699 1617 Nam
721 1590 745 1617 si
760 1590 913 1618 dixerimus
925 1580 1019 1618 divino
1034 1618 1055 1628 Π

230 1642 303 1668 |ussu
312 1643 343 1662 ac
353 1635 493 1663 voluntate
504 1636 629 1671 generari
642 1636 715 1663 hunc
724 1637 836 1670 quidem
849 1637 1019 1672 improbum,

230 1681 306 1707 Illum
321 1681 448 1715 probum,
463 1690 517 1708 non
535 1688 609 1709 recte
625 1682 760 1713 dicemus,
776 1682 817 1710 vel
831 1683 922 1718 potius
935 1684 1020 1712 Deum

230 1727 378 1754 maledicto
395 1727 576 1754 inecssemus.
601 1728 656 1755 Nec
675 1728 744 1755 istuc
757 1729 858 1760 solum,
876 1729 924 1756 sed
937 1729 1021 1757 etiam

230 1773 312 1800 homo
329 1778 421 1800 castus
439 1781 492 1801 n0u
509 1774 775 1810 invenieturdignus
787 1776 934 1808 mercede;
953 1777 1024 1804 Deus

229 1819 301 1846 enim
324 1824 428 1847 castum
454 1820 528 1848 fecit.
546 1820 602 1848 Nec
617 1821 794 1852 libidinosus,
818 1827 846 1849 et
877 1823 1026 1850 iracundus

229 1866 410 1894 merebuntur
435 1875 554 1902 poenam,
588 1876 602 1895 a
628 1869 684 1896 Deo
715 1869 825 1896 scilicet
853 1869 921 1896 tales
948 1868 1024 1896 facti.

230 1911 325 1948 Itaque
338 1913 396 1940 hzec
412 1921 445 1940 ex
458 1919 556 1941 natura
573 1919 715 1946 emanant,
736 1915 896 1949 prudentia,
917 1920 1023 1950 tempe-

231 1959 328 1991 rantia,
344 1963 371 1986 et
386 1959 504 1994 reliqua,
521 1968 581 1995 qua:
594 1968 608 1987 a
621 1961 724 1988 sanctis
747 1961 876 1989 Patribus
894 1969 949 1988 non
969 1962 1026 1988 vir-

231 2008 315 2035 tutes,
339 2005 386 2031 sed
403 2007 544 2033 naturales
567 2007 728 2034 eminentia:
739 2012 767 2034 ct
787 2008 959 2035 excellentia:
976 2016 1027 2035 no-

229 2050 382 2082 minantur,
398 2059 460 2085 qure
471 2052 770 2088 Grzecorumastrologi
786 2053 869 2081 stulte
883 2053 1026 2088 sapientes

229 2097 383 2123 secundum
401 2098 560 2130 motionem,
577 2107 746 2133 cursumque
762 2099 883 2126 siderum
902 2100 1026 2127 homini-

229 2142 282 2169 bus
308 2143 468 2177 Contingere
486 2144 602 2172 fabulati
621 2150 694 2172 sunt.
716 2145 792 2172 Fidei
806 2145 939 2173 faciendae
959 2147 1026 2174 satis

229 2193 290 2215 esto
308 2188 434 2215 Sinaita:
454 2197 487 2215 an
511 2189 602 2216 adhuc
627 2190 849 2224 praestantiorem
865 2190 1026 2218 desideras?

264 2234 364 2260 Asina.
382 2233 499 2267 Sufﬁcit,
515 2239 543 2261 et
565 2235 681 2269 recipio,
710 2240 738 2262 et
755 2243 788 2263 eo
805 2244 867 2263 sum
884 2240 1024 2270 contenta,

228 2284 258 2307 et
277 2289 341 2308 eum
368 2289 496 2309 veneror.
516 2281 575 2309 Non
589 2290 658 2317 opus
674 2283 741 2309 mihi
763 2287 805 2310 est
822 2283 946 2318 longiore
961 2291 1023 2310 ora-
1036 2294 1063 2323 D

229 2327 315 2359 tione,
344 2335 395 2355 nec
424 2328 551 2363 pluribus
579 2329 756 2361 testimoniis,
782 2337 844 2357 cum
863 2330 920 2357 lucc
948 2330 1022 2357 dicat

228 2379 401 2410 testeturque
420 2376 515 2403 multis
530 2376 753 2410 tequiparandus,
771 2376 900 2411 pluribus
914 2376 1021 2403 antefe-

229 2421 332 2448 rendus
347 2422 525 2449 Athanasius.
547 2422 603 2449 Nec
630 2422 668 2449 illi
686 2423 833 2457 quisquam
861 2423 1023 2450 criminator

228 2467 303 2494 hunc
322 2468 456 2496 honorem
472 2469 618 2496 invidebit.

539 2526 652 2555 CAPUT
672 2527 704 2554 V.

228 2572 260 2599 In
281 2582 341 2600 voce
361 2574 478 2600 ltttmrma
503 2582 608 2600 summa
630 2574 746 2600 varietas
767 2582 798 2600 ac
824 2572 1022 2606 dissimilitudo,

263 2610 461 2643 conlparatione
480 2610 597 2643 quade
615 2608 691 2643 lyrw,
708 2617 756 2635 seu
781 2609 948 2635 instrumenti
965 2617 1023 2635 mu-

264 2645 312 2671 sici
327 2650 389 2671 ante
403 2644 492 2671 oculos
504 2645 622 2680 ponitur.

267 2702 305 2728 De
333 2707 444 2733 cancro,
469 2709 519 2734 age
539 2701 573 2728 de
597 2705 694 2728 natura
723 2701 811 2733 vocis,
828 2706 856 2728 et
884 2700 1022 2735 quomodo

230 2755 282 2774 nec
297 2747 354 2781 ipsa
374 2747 519 2782 mqualitcr
543 2747 712 2779 hominibus,
731 2748 778 2774 sed
803 2747 865 2774 aliis
882 2747 934 2774 alia
959 2747 1022 2774 data

231 2794 278 2824 sit,
307 2794 470 2821 multimoda
490 2798 519 2821 et
535 2793 609 2820 varia
627 2802 633 2820 :
650 2799 678 2820 et
691 2793 725 2820 ad
751 2794 858 2820 varium
874 2801 965 2824 usum,
987 2792 1021 2819 ad

231 2839 413 2873 loquendum,
437 2841 472 2868 ad
497 2840 677 2873 cantandum,
706 2840 739 2867 ad
755 2839 968 2870 intendendum,
994 2843 1022 2866 et.

231 2884 439 2912 remittendum.

268 2930 352 2958 Cano.
374 2931 402 2958 ln
418 2931 471 2959 hoc
483 2939 594 2966 quoque
614 2939 719 2959 tnorcnt
733 2938 825 2966 geram
853 2929 913 2957 tibi.
930 2929 957 2957 Si
979 2938 1023 2957 ur-

850 202 1023 232 PlilLlPPI
1045 202 1241 234 SOLITARH

1816 206 1871 237 832

1076 267 1166 294 gauon
1197 269 1245 288 seu
1273 260 1488 288 instrumentum
1513 261 1648 288 musicum
1673 262 1745 290 bene
1764 267 1869 297 aptum,

1074 310 1102 333 ct
1117 306 1190 341 ligno
1206 307 1408 341 pulcherrimo,
1433 307 1506 342 quod
1520 313 1680 341 putrescere
1696 309 1803 343 nequit,
1819 317 1870 337 nec

1075 351 1227 378 marcidum
1238 352 1316 385 quid,
1332 359 1383 378 nec
1393 351 1466 378 aliud
1477 351 1573 378 vitium
1589 351 1718 383 habente,
1730 352 1765 379 ab
1776 353 1869 387 aliquo

1075 396 1311 424 excellentissimo
1349 397 1456 423 artiﬁce
1482 395 1620 423 fabrefieri
1654 397 1814 432 contigerit,
1841 403 1869 425 et

1074 442 1253 476 glutinatum,
1269 447 1296 469 et
1317 447 1499 476 compactutn.
1527 447 1555 469 et
1579 442 1700 476 undique
1717 443 1868 477 perfectum

1075 488 1288 522 absolutumque
1326 488 1422 520 fuerit,
1466 494 1493 515 et
1507 489 1629 523 aequales
1657 489 1790 520 chordas,
1818 497 1870 516 nec

1075 543 1196 569 asperas,
1222 540 1251 563 ut
1279 535 1418 569 Eumolpi,
1438 540 1467 562 et
1489 535 1537 561 has
1563 535 1724 569 congruenti
1751 544 1868 570 propor-

1076 580 1149 609 tione
1159 600 1166 612 ,
1179 581 1329 608 secundum
1347 582 1528 608 intcusioncm
1542 602 1548 612 ,
1561 586 1588 607 et
1605 582 1794 608 remissionem
1803 587 1871 608 tem-

1076 632 1196 660 peratas,
1225 628 1294 654 etin
1317 627 1411 653 nervis
1441 626 1595 660 aequalibus
1627 632 1810 656 momentum.
1842 631 1870 654 et

1077 678 1208 704 tractent,
1229 677 1258 700 et
1284 673 1338 700 alia
1353 673 1490 706 habuerit,
1517 677 1581 700 tunc
1603 674 1691 700 melos
1721 673 1868 704 musicum,

1077 719 1203 754 beneque
1221 727 1410 751 numerosum,
1428 724 1456 747 et
1476 720 1562 747 melos
1576 720 1656 755 plane
1675 721 1868 748 harmonicum

1075 765 1185 792 artificii
1214 765 1311 792 musici
1340 765 1439 792 reddit.
1458 765 1485 793 Si
1510 770 1603 792 autem
1619 765 1730 793 chordae
1750 767 1871 801 aequales

1074 810 1113 837 illi
1130 818 1183 836 nou
1199 810 1382 845 contigerint;
1400 809 1448 837 sed
1463 810 1516 837 alia
1548 811 1652 842 tenuis,
1668 811 1723 838 alia
1747 812 1870 846 gracilis,

1074 855 1126 882 alia
1143 855 1262 882 crassior
1277 855 1323 886 sit,
1340 860 1367 882 et
1378 855 1431 882 alia
1444 855 1570 882 ordinem
1588 864 1642 883 non
1660 856 1772 886 habeat.
1790 857 1871 883 sinti-

1075 900 1193 935 literque
1210 907 1260 927 nec
1285 901 1391 927 ratione
1408 901 1569 928 intendatur
1583 906 1632 928 aut
1655 902 1826 934 remittatur,
1844 907 1873 930 et

1078 945 1183 980 lignum
1200 947 1284 974 etiam
1305 947 1342 973 sit
1361 947 1587 982 scmiputridum,
1605 948 1729 975 musicus
1745 950 1874 983 quamvis

1078 993 1228 1028 plurimum
1239 993 1365 1024 excellat,
1380 995 1520 1029 egregium
1537 995 1634 1025 melos,
1659 999 1687 1021 et
1704 995 1874 1022 omnimodis

1077 1040 1244 1067 concinnum
1266 1041 1384 1068 formare
1402 1049 1456 1068 non
1474 1045 1575 1074 potest.
1605 1041 1673 1068 Nam
1691 1041 1713 1068 si
1741 1041 1813 1068 desit
1829 1042 1872 1068 ci-

1081 1087 1169 1119 thara,
1188 1092 1216 1114 et
1233 1087 1348 1122 lignum,
1366 1092 1394 1114 et
1407 1087 1482 1115 illius
1500 1092 1563 1122 apta
1590 1087 1769 1122 compositio,
1785 1091 1813 1114 et
1827 1094 1874 1114 ars

1078 1133 1260 1164 conveniens,
1291 1133 1426 1161 artificem
1463 1134 1590 1168 peritiam
1614 1141 1693 1160 suam
1723 1134 1873 1161 ostendere

1079 1178 1248 1214 impossibile
1265 1185 1307 1206 est
1326 1179 1446 1214 penitus.
1464 1179 1524 1206 Non
1546 1179 1619 1206 enim
1636 1179 1740 1206 bonum
1759 1185 1788 1207 et
1806 1188 1872 1206 sua-

1076 1231 1137 1250 vem
1156 1231 1253 1250 sonum
1266 1223 1322 1258 lyra
1339 1223 1472 1250 remittet.
1488 1223 1521 1250 Et
1534 1224 1660 1258 quamvis
1669 1224 1818 1259 dignarum
1828 1233 1874 1251 ar-

1077 1268 1192 1296 tificiosa
1221 1269 1374 1296 mobilitate
1395 1269 1495 1301 valeat,
1522 1277 1576 1304 qua
1608 1269 1729 1297 chordas
1755 1270 1798 1297 vel
1813 1278 1873 1297 mo-

1079 1319 1172 1341 mento
1203 1315 1359 1348 percurrat,
1390 1322 1445 1342 non
1484 1320 1575 1342 tamen
1613 1316 1872 1344 numerosissimum

1079 1359 1165 1386 melos
1183 1359 1257 1391 edet,
1278 1359 1334 1394 lyra
1351 1367 1405 1386 non
1424 1359 1503 1391 bene,
1518 1364 1549 1386 ut
1578 1359 1748 1390 dicebamus,
1761 1360 1873 1386 concin-

1077 1409 1152 1432 nata.
1185 1404 1288 1432 Eadem
1306 1413 1419 1439 prorsus
1435 1405 1469 1432 de
1487 1413 1555 1433 voce
1582 1406 1688 1440 cogites
1715 1405 1810 1432 velim.
1835 1405 1872 1433 Os

1078 1449 1149 1477 istuc
1172 1455 1248 1477 tuum
1260 1458 1406 1485 organum,
1421 1459 1469 1478 seu
1491 1451 1706 1478 instrumentum
1720 1451 1870 1482 arbitrare,

1076 1500 1104 1522 et
1126 1495 1180 1522 dici
1197 1487 1313 1531 patiare.
1330 1495 1416 1523 Nervi
1432 1501 1461 1524 et
1487 1496 1598 1523 chordae
1614 1497 1662 1524 tibi
1685 1497 1740 1524 sint
1753 1505 1872 1532 quva-

1077 1548 1136 1568 cem
1162 1541 1250 1575 'quasi
1278 1541 1435 1574 rotundam,
1473 1546 1501 1569 et
1538 1542 1697 1569 tornatilem
1737 1542 1871 1574 eﬂiciunl,

1077 1586 1184 1619 dentes,
1201 1587 1282 1620 labia,
1309 1587 1413 1621 fauces,
1425 1588 1539 1621 collum,
1557 1588 1661 1623 lingua,
1680 1588 1760 1622 junde
1786 1596 1872 1616 sonus

1072 1633 1187 1660 melicus
1212 1633 1330 1662 exsistit.
1346 1634 1387 1661 Ad
1401 1634 1458 1662 haec
1480 1639 1586 1670 pectus,
1611 1634 1715 1669 ptilmo,
1743 1635 1871 1662 musculi.

1072 1680 1126 1707 Ista
1142 1688 1260 1715 namque
1278 1681 1524 1709 instrumentorum
1542 1681 1628 1708 instar
1654 1681 1776 1708 sermoni
1807 1682 1871 1708 sub-

1074 1721 1211 1756 scrviuui.
1221 1729 1335 1763 insuper
1347 1737 1443 1764 aspera
1461 1730 1563 1756 arteria
1574 1729 1691 1756 maxima
1706 1739 1713 1756 :
1728 1730 1754 1756 in
1772 1729 1871 1764 quibus

1075 1774 1206 1801 eninibus
1230 1774 1416 1802 diﬂ‘erentiam
1442 1775 1548 1802 videbis
1575 1783 1729 1803 summam.
1755 1775 1870 1808 Quidam

1078 1824 1120 1847 est
1134 1820 1226 1855 lingua
1242 1821 1365 1848 versatili
1383 1829 1415 1848 ac
1428 1821 1556 1848 subtenui
1576 1829 1582 1847 :
1601 1821 1672 1848 alius
1684 1821 1762 1848 tarda
1774 1826 1804 1848 et
1816 1828 1871 1848 car-

1079 1874 1159 1894 nosa.
1177 1866 1256 1894 Alius
1276 1866 1375 1894 dentes
1390 1867 1519 1902 majores.
1544 1867 1615 1894 alius
1640 1868 1763 1894 minores
1792 1867 1870 1902 gerit.

1078 1912 1158 1940 Alitis
1172 1917 1215 1940 est
1237 1913 1378 1946 dentatus,
1400 1914 1471 1941 alitis
1492 1914 1650 1941 edentuius.
1667 1913 1738 1941 Huic
1751 1919 1816 1941 sunt
1830 1914 1871 1941 iu-

1080 1959 1208 1992 teriores,
1228 1959 1265 1986 illi
1280 1960 1355 1987 foras
1367 1960 1533 1995 prominent.
1549 1960 1627 1988 Alius
1638 1960 1694 1987 lato
1709 1961 1792 1993 collo,
1802 1961 1871 1987 alius

1079 2011 1205 2040 angusto.
1227 2005 1287 2034 Jam
1302 2006 1488 2042 gurgulionis,
1501 2006 1634 2037 faucium,
1650 2007 1788 2034 labiorum
1805 2014 1871 2034 con-

1078 2051 1250 2078 stitutionem
1261 2051 1363 2078 variam
1376 2059 1409 2079 ac
1421 2052 1583 2079 dissimilem
1595 2052 1657 2087 quis
1666 2050 1872 2086 consequatur?

1077 2098 1134 2126 Nec
1150 2107 1214 2125 vero
1228 2099 1254 2125 in
1272 2099 1331 2133 ipso
1346 2106 1393 2126 ore
1411 2098 1595 2133 mqualitatem
1622 2106 1731 2125 cernas.
1747 2098 1787 2125 Ex
1810 2105 1870 2125 om-

1079 2146 1156 2173 nium
1174 2146 1257 2180 igitur
1280 2146 1379 2173 horum
1395 2146 1567 2178 diversitate,
1595 2145 1681 2172 veluti
1698 2144 1794 2172 fidium
1812 2144 1871 2180 pul-

1076 2199 1136 2218 sum
1153 2195 1181 2218 et
1196 2199 1307 2223 sonum,
1334 2199 1430 2218 vocem
1452 2199 1564 2226 quoque
1595 2191 1760 2226 inzequalem
1783 2190 1870 2223 reddi,

1078 2236 1216 2271 aliamque
1231 2237 1265 2264 ab
1285 2237 1338 2263 alia
1355 2237 1522 2271 permultum
1537 2237 1641 2264 distare
1658 2236 1803 2272 contingit.
1817 2235 1871 2263 Nec

1077 2291 1142 2310 vero
1166 2283 1219 2310 ista
1244 2283 1279 2309 ab
1298 2283 1400 2314 anima,
1420 2288 1550 2318 tanquam
1569 2290 1583 2309 a
1600 2290 1704 2310 causa:
1732 2282 1781 2310 sed
1799 2290 1814 2310 a
1831 2286 1871 2310 ως

1077 2329 1227 2356 bernaculo
1245 2329 1309 2361 isto,
1326 2329 1442 2364 ejusque
1460 2329 1593 2356 membris
1613 2333 1639 2355 et
1655 2328 1782 2363 partibus
1806 2336 1871 2363 peu<

1075 2376 1151 2403 dent.
1182 2375 1228 2407 Os,
1257 2375 1343 2410 lyram
1371 2375 1449 2406 dico,
1488 2374 1607 2401 chordas
1632 2374 1734 2400 iterum
1765 2373 1871 2408 appello

1073 2426 1180 2457 guttur,
1207 2421 1312 2454 fauces,
1341 2421 1455 2453 collum,
1483 2420 1616 2454 linguam,
1646 2419 1755 2451 dentes,
1778 2419 1870 2451 labra;

1074 2468 1132 2495 haec
1144 2467 1218 2495 enim
1235 2475 1298 2495 cum
1314 2467 1349 2494 ad
1360 2467 1425 2498 alia,
1444 2471 1502 2493 tum
1518 2468 1551 2494 ad
1570 2473 1681 2497 vocem,
1707 2470 1830 2497 cantum,
1843 2468 1870 2492 et

1074 2521 1230 2542 sermonem
1256 2513 1432 2541 eﬂiciendum
1450 2513 1642 2547 requiruntur.
1667 2511 1766 2539 Anima
1793 2518 1870 2542 vero,

1073 2561 1140 2588 etin
1158 2569 1188 2587 ea
1206 2560 1315 2587 auinms
1330 2559 1398 2594 ipse,
1414 2563 1457 2586 est
1469 2559 1577 2586 artifex.
1612 2558 1668 2592 Ego
1687 2565 1771 2592 porro
1788 2558 1870 2585 etiam

1073 2615 1154 2635 nares
1171 2614 1265 2634 vocem
1277 2606 1408 2640 adjuvare
1442 2605 1530 2635 video.
1544 2605 1604 2631 sine
1627 2604 1729 2638 quibus
1752 2611 1833 2631 nemo
1853 2603 1867 2637 β
1902 2629 1906 2632 ,

1074 2660 1101 2682 et
1118 2663 1138 2689 μ
1153 2655 1260 2682 litteras
1285 2653 1464 2687 pronuntiare
1478 2655 1577 2686 potest.
1599 2650 1760 2685 Quanquam
1778 2649 1868 2677 omnia

1073 2701 1138 2736 lyne
1149 2706 1176 2727 et
1191 2699 1314 2730 chordis,
1333 2699 1372 2725 uti
1387 2705 1482 2726 voeem
1511 2702 1540 2724 et
1559 2697 1635 2724 vocis
1662 2704 1761 2723 sonum
1789 2695 1869 2729 perti—

1075 2746 1216 2774 cientibus
1234 2745 1492 2775 attribuimus.cum
1508 2749 1598 2771 tamen
1615 2751 1670 2770 non
1684 2746 1772 2769 totum
1788 2749 1871 2776 penes

1075 2793 1120 2820 illa
1138 2793 1184 2819 sit.
1201 2791 1308 2819 Etenim
1324 2790 1375 2817 alia
1388 2790 1445 2825 lyra
1463 2798 1495 2817 ex
1506 2791 1580 2824 ligno
1595 2789 1688 2816 salicis
1702 2788 1867 2818 conﬁcitur.

1074 2838 1126 2864 alia
1140 2845 1155 2864 e
1167 2837 1296 2868 ficulneo,
1311 2835 1363 2862 alia
1388 2842 1492 2870 querno
1515 2834 1538 2862 si
1552 2834 1636 2865 voles,
1651 2838 1679 2860 et
1695 2833 1747 2860 alia
1765 2833 1870 2860 instru-

1075 2887 1166 2910 menta
1178 2881 1281 2909 musica
1297 2881 1366 2908 forte
1382 2888 1414 2907 et
1431 2880 1492 2907 aliis
1505 2885 1563 2906 tum
1579 2887 1611 2906 ex
1632 2878 1866 2914 astringentibus.

1075 2927 1200 2962 ctduris,
1212 2931 1269 2954 tum
1281 2934 1314 2955 ex
1325 2925 1455 2954 marcidis
1469 2930 1498 2953 ct
1512 2925 1590 2954 rasis.
1606 2925 1639 2954 Et
1649 2924 1792 2961 quomodo
1806 2923 1868 2959 quis

1354 2994 1366 3002 κ
