2032 3156
238 194 291 227 839

846 194 1019 226 PlIlLlPPI
1037 194 1234 225 SOLlTARlI

1815 193 1873 224 8&0

238 253 321 280 etiam
337 255 458 287 quatuor
478 250 598 278 hominis
615 253 710 278 aetates
731 251 932 283 assimilantur,
949 252 1025 286 prin-
1043 254 1065 282 Α
1081 250 1132 278 ista
1151 256 1242 285 partes
1263 249 1318 277 sint
1337 250 1413 283 anui,
1429 253 1459 277 ut
1474 250 1603 282 diximus,
1620 257 1653 276 an
1670 257 1724 276 non
1739 248 1788 277 tibi
1804 258 1871 285 pars

238 298 357 333 cipium,
383 305 555 333 progressus,
576 297 653 331 vigor
676 302 705 323 et
728 296 855 332 languor,
877 305 1025 332 puerorum

237 344 378 375 videlicet,
393 344 538 378 juvenum,
557 342 692 374 virorum,
705 343 920 375 senescentium,
939 348 966 370 et
979 343 1028 371 de-

237 389 407 424 crepitorum
424 397 431 414 :
451 389 498 423 qui
519 389 622 424 gradus
639 388 722 416 etiam
739 394 857 424 quatuor
874 390 939 416 anni
957 394 1027 417 tem-

237 436 352 470 poribus
367 435 546 470 respondent.
562 434 615 462 Sed
630 435 651 463 si
665 435 766 470 placet,
784 436 834 463 ista
850 436 953 464 clarius
966 444 1028 470 per—

237 485 398 508 tractemus.
414 481 544 515 Phlegma
561 488 593 507 ex
608 488 679 515 aqua
693 482 793 512 oritur,
811 489 873 509 cum
890 482 1027 510 elemento

235 527 273 553 illi
292 527 409 554 societas
423 531 482 560 est;
501 531 559 553 atra
577 527 640 554 bilis
658 535 691 554 ex
708 528 782 555 sit-ca
798 532 870 555 terra
884 529 1026 561 provenit;

235 571 303 599 ﬂava
318 580 351 598 ex
372 572 444 606 igne,
458 579 520 598 cum
540 572 597 607 ipsa
615 581 725 607 quoque
746 573 780 600 ad
802 574 874 608 ignis
899 579 1026 601 naturam

233 617 359 644 accedat.
379 618 431 644 Per
455 618 581 653 phlegma
600 619 743 646 hibernam
769 624 959 655 tempestatem
984 622 1026 648 in-

237 662 342 697 tellige.
361 670 422 697 qua:
438 662 551 690 humida
567 667 595 690 et
614 663 724 699 frigida,
739 669 767 692 et
781 665 869 693 instar
882 667 1026 699 cujusdam

235 709 307 736 senii
323 713 375 736 est.
397 709 516 744 Sanguis
532 710 621 745 ipsum
637 719 685 738 ver
709 711 795 739 refert
810 721 817 739 :
831 717 873 739 est
889 713 962 740 enim
978 714 1029 741 hu-

238 756 341 788 tnidus,
355 760 385 783 et
400 756 519 787 calidus.
537 757 770 791 quemadmodum
787 766 935 793 puerorum
955 760 1027 788 bona

236 803 398 837 temperies.
432 804 514 831 Flava
547 805 636 832 aestati
673 811 860 840 comparatur.
895 806 1026 834 Estatem

238 851 340 885 quippe
355 850 472 877 calidam
485 854 515 877 et
527 850 629 878 siccam
645 852 805 886 experimur
827 860 835 879 :
851 852 934 880 sicuti
951 853 1027 881 viro-

237 905 298 924 rum
317 901 382 924 attas
407 901 450 924 est
477 898 600 925 robusta.
623 898 689 925 Atra
705 898 769 925 bilis
787 903 949 927 autumnum
963 900 1027 927 imi-

237 948 312 970 tatur
328 952 335 970 :
351 948 395 970 est
414 943 488 970 enim
514 944 559 971 ille
579 944 669 972 siccus
692 949 720 972 et
740 945 867 981 frigidus,
887 947 1026 981 quotuodo

235 993 301 1016 aetas
312 988 442 1023 juvenilis
459 990 476 1016 '.

273 1033 366 1069 Spatia
383 1039 476 1061 autem
502 1035 636 1070 cujusque
649 1036 749 1066 artatis.
764 1036 961 1072 universasque.
978 1046 1027 1066 cu-

228 1079 349 1115 juslibet
367 1080 552 1114 proprietates
563 1085 591 1107 et
604 1080 774 1112 discrimina,
789 1089 1024 1117 Supervacaneum

236 1130 304 1160 puto
324 1133 498 1159 percensere.
513 1126 665 1154 Dicendum
684 1132 773 1154 tamen
791 1127 882 1156 adhuc
897 1129 931 1156 de
947 1130 1025 1164 ipsis,

236 1170 259 1198 si
273 1171 394 1198 videtur.
408 1171 447 1198 Ac
463 1171 489 1198 in
503 1172 600 1206 primis
614 1173 725 1207 quidetn
742 1178 770 1200 et
781 1179 844 1201 ante
856 1176 949 1202 omnia
969 1184 1028 1202 ont-

235 1216 312 1242 nium
328 1215 427 1243 artifex
444 1215 566 1244 Verbum
579 1217 716 1250 divimun,
730 1219 876 1247 thesaurus
892 1221 1025 1254 scientiae,

235 1266 264 1288 ct
279 1262 394 1296 abyssus
406 1262 550 1296 sapientiae
573 1263 717 1298 cegitanda
729 1268 780 1291 est.
795 1264 862 1291 lude
878 1265 911 1292 ad
930 1274 1028 1294 causas

235 1307 420 1339 miseriarum,
438 1307 472 1335 de
496 1308 599 1342 quibus
624 1317 718 1343 supra,
743 1310 922 1339 veniendum.
938 1311 1027 1338 Gene-

236 1358 313 1381 ratur
339 1354 430 1381 infans
450 1363 456 1381 :
477 1354 644 1388 principium
670 1354 730 1389 ejus
757 1357 942 1389 generationis
959 1357 1025 1385 tntilli

236 1399 393 1427 considera.
414 1399 474 1427 Non
491 1404 520 1426 ut
537 1408 552 1427 e
567 1400 640 1428 lucta
658 1402 836 1436 gymnastica,
854 1403 955 1429 sudore
973 1411 1026 1430 un-

236 1445 320 1480 dique
337 1453 467 1477 manans;
484 1445 532 1472 sed
549 1446 576 1471 in
591 1450 669 1473 utero
688 1451 716 1474 et
731 1446 757 1473 in
776 1451 882 1480 ventre,
902 1455 956 1475 non
975 1449 1027 1476 hu-

237 1499 356 1524 mectus,
366 1491 412 1519 sed
424 1491 534 1518 humor.
549 1492 636 1520 Lebes
647 1492 680 1519 ah
694 1493 773 1519 initio
787 1501 885 1527 aquam
898 1494 1024 1529 frigidam

237 1539 360 1572 capiens,
377 1539 503 1565 continet
515 1546 587 1569 eam,
600 1539 722 1572 quandiu
736 1539 834 1574 frigida
853 1539 946 1567 fuerit.
956 1540 1024 1568 Cum

236 1588 328 1610 autem
341 1583 488 1614 ferhuerit,
507 1589 534 1610 et
549 1584 584 1610 ob
601 1584 690 1619 ignem
705 1585 875 1619 adjacentem
892 1586 1026 1620 bullierit,
1042 1602 1062 1629 α

237 1633 297 1657 tum
322 1629 389 1655 mihi
404 1629 523 1655 duorum
545 1629 747 1656 contrariorum
772 1631 849 1665 quasi
874 1637 1025 1666 certamen,

237 1678 266 1701 et
283 1674 426 1701 victoriam
445 1674 591 1709 insignem,
613 1680 641 1703 et
656 1683 687 1703 ex
704 1677 855 1704 certamine
878 1678 1025 1713 imperiutn

236 1719 310 1752 vide,
336 1720 475 1754 quomodo
502 1721 627 1749 deterius
654 1722 761 1749 meliori
786 1723 888 1750 sensim
913 1723 1024 1757 cedens,

236 1774 395 1801 quanquam
408 1767 513 1798 volens,
529 1768 589 1795 sine
604 1768 667 1795 tuba
684 1769 779 1796 reddat
794 1769 916 1797 sonitum
932 1778 939 1796 :
955 1774 1027 1798 stre-

236 1813 324 1847 pitum
343 1813 496 1841 bullitionis
513 1814 654 1846 videlicet,
671 1817 717 1849 qui
743 1816 808 1843 huic
833 1817 957 1843 victoria:
974 1825 1025 1852 pro

237 1857 303 1884 tuha
317 1863 371 1885 est.
386 1858 487 1886 Semen
504 1867 573 1894 aqua
590 1865 662 1890 esto.
676 1860 794 1888 lebctem
819 1865 883 1894 puta
907 1862 1024 1888 materni

237 1904 308 1931 uteri
333 1904 421 1936 sinus,
437 1906 641 1940 copulationem
666 1907 842 1942 caloremque
864 1915 1024 1942 corporum,

237 1949 328 1984 ignem
351 1950 546 1986 interpretare.
563 1951 674 1979 Lebctis
694 1952 777 1987 igitur
791 1953 918 1987 exemplo
934 1954 1026 1981 infan-

239 1995 307 2021 tium
323 1995 438 2030 gradum
455 1995 638 2023 ostendimus.
655 1996 720 2024 inde
733 1997 767 2023 ad
780 1997 887 2025 virilem
901 2002 1024 2026 transea-

237 2047 310 2071 mus,
323 2044 350 2065 et
367 2039 393 2065 in
404 2039 457 2066 hac
471 2048 570 2067 novam
589 2041 768 2067 mutationctn
787 2041 945 2076 videamus;
962 2051 1024 2070 mu-

238 2084 385 2116 tationem,
403 2084 437 2110 de
453 2092 506 2118 qua
528 2089 605 2110 tanto
630 2089 694 2111 ante
720 2093 833 2119 magnus
855 2087 952 2120 David,
965 2096 1026 2122 qua;

236 2133 278 2156 est
301 2129 378 2163 plane
401 2129 523 2156 dextera:
546 2129 671 2157 Excelsi:
692 2138 701 2154 ‹
723 2130 827 2158 Memor
848 2131 899 2164 fui,
924 2133 1025 2168 inquit,

238 2180 351 2207 operum
375 2174 531 2200 Domini".
549 2184 558 2199 ι
574 2174 646 2207 Quid
671 2175 754 2209 igitur
777 2176 842 2204 huic
866 2179 1027 2212 proprium?

238 2219 311 2252 quod
332 2218 391 2253 ejus
407 2223 655 2253 temperamentum
665 2220 676 2246 ?
688 2221 806 2255 primum
820 2227 861 2249 est
877 2223 951 2250 calor
965 2225 1023 2258 qui-

1080 297 1165 330 partis
1188 296 1298 323 videtur
1318 301 1427 331 tempus
1451 296 1505 323 diei
1522 301 1604 331 atque
1629 295 1718 323 noctis
1735 297 1870 322 horarum

1078 344 1123 370 24.
1143 344 1295 379 Dupliciter
1313 345 1385 371 enim
1402 347 1510 379 tempus
1527 344 1638 372 dicitur.
1650 349 1678 370 et
1692 343 1719 370 in
1733 347 1825 378 parte,
1841 347 1872 370 et

1078 389 1106 415 in
1128 394 1196 416 toto.
1222 389 1337 416 Noctem
1370 394 1471 422 autem,
1497 389 1580 416 etiam
1606 389 1720 418 aestatis.
1747 389 1871 416 hiemem

1078 440 1153 470 puta.
1167 434 1235 461 Tota
1250 435 1323 461 enim
1337 435 1461 467 humida,
1478 439 1505 461 et
1521 434 1618 469 frigida
1629 438 1672 461 est
1688 439 1786 461 natura
1808 442 1871 466 sua,

1080 486 1191 516 propter
1202 482 1416 516 cxspirationetn
1434 486 1609 512 nocturnaut,
1626 486 1654 508 et
1669 489 1760 509 rorem
1779 485 1872 508 matu-

1078 527 1175 559 tinum,
1193 530 1271 562 cujus
1295 527 1440 562 imaginem
1463 527 1534 562 getit
1555 532 1695 555 senectus.
1713 527 1765 555 Ubi
1783 527 1872 563 igitur

1078 572 1118 599 sol
1142 574 1269 599 exoriens
1290 578 1373 607 caput
1396 573 1553 608 protulerit,
1574 573 1752 606 mediumque
1771 572 1871 599 orbem

1080 618 1239 645 inferiorem
1256 619 1374 646 lustrare
1392 619 1508 653 cmperit
1521 623 1550 646 ut
1573 626 1691 653 sponsus
1705 626 1720 645 e
1736 618 1870 650 thalamo,

1079 665 1288 698 incomparabili
1302 665 1406 699 specie,
1418 670 1446 692 et
1459 669 1489 691 ut
1504 664 1592 692 infans
1606 673 1639 692 ex
1649 670 1728 691 utero
1742 669 1871 691 materno

1079 710 1259 745 prospexerit,
1270 715 1297 737 et
1309 710 1465 737 ridentibus
1479 711 1566 737 oculis
1582 715 1684 737 terram
1698 709 1870 744 despexerit,

1078 765 1127 792 per
1142 757 1232 783 omnia
1250 757 1342 785 radios
1357 757 1484 784 Iuciiluos
1503 757 1671 788 ilitl'undens,
1690 761 1804 791 repente
1820 763 1872 783 ex—

1078 803 1193 839 spiratio
1209 804 1322 830 humida
1340 811 1402 830 rore
1421 807 1560 835 manente,
1577 807 1678 830 cessat.
1691 803 1758 830 Rari
1784 809 1871 837 porro

1078 850 1212 878 admislus
1223 855 1266 877 est
1281 855 1309 877 et
1328 851 1413 877 calor.
1429 850 1525 876 Annon
1544 850 1602 876 haec
1626 853 1721 884 aperte
1734 849 1870 884 juvenutn

1078 897 1162 924 (etas?
1189 897 1337 931 PoStquam
1363 896 1389 923 in
1411 896 1531 923 medium
1555 896 1666 927 malum,
1686 899 1817 929 tanquam
1843 894 1870 921 in

1081 948 1241 978 prytaneum
1259 942 1344 973 venit,
1364 942 1391 969 in
1404 942 1459 969 alto
1476 943 1530 977 jam
1547 942 1709 971 collocatus,
1726 941 1869 968 hominem

1081 989 1259 1021 laboriosum,
1272 993 1298 1016 et
1323 989 1422 1016 durum
1451 991 1640 1023 repraesentat,
1658 992 1686 1014 et
1711 991 1741 1014 ut
1759 985 1870 1021 proceri

1080 1035 1204 1069 corporis
1217 1035 1292 1070 gigas
1308 1035 1408 1070 aliquis
1426 1034 1551 1061 laborare
1568 1042 1623 1061 non
1636 1038 1737 1064 cessat,
1753 1040 1806 1059 nec
1821 1033 1872 1058 ad-

1081 1082 1246 1109 mirabiliter
1259 1081 1351 1108 invehi
1369 1081 1471 1108 desinit
1483 1089 1489 1107 :
1502 1080 1550 1108 sed
1565 1080 1704 1107 indefesso
1721 1079 1869 1106 continen-

1081 1127 1155 1162 tique
1168 1134 1251 1153 cursu
1264 1124 1395 1153 volvitur.
1407 1126 1462 1152 Ros
1477 1125 1587 1160 quidem
1603 1117 1652 1159 per
1663 1125 1783 1151 calorem
1794 1123 1872 1150 abla-

1081 1177 1124 1200 tus
1141 1178 1194 1200 est.
1211 1172 1244 1200 Et
1260 1172 1325 1199 hinc
1339 1177 1431 1203 testas,
1452 1179 1486 1199 ac
1501 1171 1590 1198 virilis
1611 1175 1678 1198 tetas
1699 1170 1869 1197 insinuatur.

1081 1218 1198 1248 Rursus,
1225 1217 1336 1252 quando
1366 1217 1488 1245 devexus
1511 1217 1544 1244 ad
1571 1217 1743 1244 occidentem
1769 1214 1869 1246 tendit,

1080 1265 1199 1291 ealoretn
1217 1264 1389 1298 relinquens,
1407 1267 1435 1290 et
1449 1263 1600 1290 siceitatem
1613 1261 1749 1293 retinens,
1765 1264 1793 1287 et
1805 1267 1870 1294 par-

1080 1313 1135 1336 tem
1153 1307 1264 1343 frigoris
1288 1308 1403 1340 habens,
1419 1315 1534 1342 eamque
1551 1315 1566 1334 a
1587 1311 1680 1338 nocte,
1692 1314 1764 1341 qme,
1782 1309 1812 1332 ut
1827 1305 1870 1331 di-

1079 1359 1153 1382 ctum
1166 1358 1217 1385 est.
1235 1355 1398 1382 naturaliter
1414 1354 1521 1389 frigida,
1532 1353 1643 1380 humida
1657 1356 1709 1385 est,
1726 1359 1818 1379 annon
1840 1353 1870 1376 ut

1079 1408 1162 1428 senex
1181 1400 1317 1435 quispiam
1333 1400 1438 1431 aridus,
1453 1400 1600 1433 laboreque
1619 1397 1766 1433 languidus
1786 1400 1869 1430 atque

1080 1446 1197 1476 fractus.
1212 1447 1340 1473 deorsum
1364 1447 1473 1473 videtur
1487 1453 1608 1480 praaceps
1623 1444 1757 1471 currere?
1772 1443 1870 1470 Nonne

1081 1493 1191 1519 videtur
1210 1492 1281 1519 istuc
1297 1497 1430 1519 autumno
1451 1499 1511 1519 esse
1528 1491 1630 1524 simile,
1644 1490 1765 1524 indeque
1778 1487 1869 1515 notari

1080 1547 1177 1566 senutn
1196 1543 1305 1566 aetatem
1323 1546 1468 1565 exsuccam
1484 1545 1543 1565 esse
1559 1542 1587 1564 et
1604 1536 1743 1571 frigidam.

1371 1601 1484 1629 CAPUT
1505 1601 1573 1629 Vlll.

1080 1648 1270 1683 Ea'plimturus
1292 1657 1400 1675 causam
1423 1649 1546 1674 uitiorum
1570 1648 1698 1681 corporis.
1722 1647 1776 1674 alio
1796 1647 1870 1674 abri-

1083 1691 1087 1695 ”
1114 1685 1196 1718 pitur,
1215 1688 1239 1710 et
1251 1692 1298 1710 cur
1313 1683 1380 1710 Drus
1398 1685 1531 1710 hominem
1543 1691 1594 1709 non
1604 1683 1760 1716 simplicem,
1776 1686 1806 1718 ut
1820 1691 1869 1708 uu-

1113 1716 1183 1753 yelos
1203 1720 1340 1750 creaverit,
1353 1719 1435 1745 docet.
1462 1717 1561 1745 Deinde
1580 1718 1756 1744 deliramenta
1780 1716 1871 1743 Muni-

1112 1755 1244 1782 clneorum
1258 1755 1412 1780 insectatur.

1113 1809 1248 1842 Quoniam
1261 1813 1353 1836 autent
1376 1808 1454 1844 quasi
1476 1809 1720 1844 quinquertionem
1747 1809 1866 1840 absolvi.

1078 1857 1104 1884 itl
1127 1861 1179 1888 est,
1199 1861 1322 1890 tempora
1345 1856 1448 1887 omnia,
1465 1861 1493 1883 et
1510 1860 1727 1891 temperamenta
1751 1856 1865 1888 adduxi,

1077 1903 1160 1929 etiam
1177 1902 1293 1936 reliqua,
1312 1906 1342 1928 ut
1366 1901 1416 1929 tibi
1441 1903 1567 1937 promisi,
1586 1910 1733 1937 apponam.
1762 1903 1868 1935 Scopas

1077 1956 1144 1975 vero
1158 1953 1186 1976 et
1201 1948 1384 1983 propositttm,
1395 1954 1437 1976 est
1450 1940 1554 1981 dicere,
1567 1949 1640 1976 unde
1651 1949 1687 1976 ab
1701 1949 1762 1984 ipso
1773 1949 1865 1976 statim

1078 2001 1158 2023 utero
1172 1995 1324 2022 infantibus
1336 1995 1493 2030 hujusmodi
1508 2000 1642 2027 casus;et
1655 2003 1765 2022 rursum
1780 1995 1866 2025 unde.

1078 2041 1210 2075 temporis
1224 2048 1380 2075 progressu,
1394 2044 1537 2075 postquam
1552 2040 1579 2067 in
1595 2040 1684 2067 lucem
1701 2045 1765 2067 sunt
1776 2041 1843 2068 editi
1856 2048 1863 2072 ;

1078 2086 1169 2113 dicere
1198 2091 1288 2113 autem
1313 2086 1432 2120 propitio
1456 2087 1587 2118 numine,
1609 2092 1692 2121 prout
1718 2087 1812 2118 vires,
1837 2091 1866 2114 et

1078 2131 1162 2158 verba
1175 2132 1263 2165 ipsum
1280 2132 1526 2166 suppeditaverint.
1546 2131 1579 2159 Et
1594 2132 1734 2166 quomodo
1752 2132 1862 2159 tandem

1079 2176 1162 2211 hujus
1179 2177 1288 2212 generis
1305 2177 1477 2204 incommoda
1492 2177 1545 2205 alia
1566 2177 1599 2205 ab
1615 2178 1674 2212 ipso
1692 2179 1790 2206 matris
1805 2178 1865 2205 alvo

1080 2230 1176 2257 usque,
1193 2223 1244 2250 alia
1261 2227 1322 2257 post
1344 2227 1435 2250 ortum
1455 2223 1605 2250 eveniunt?
1622 2223 1655 2250 Et
1674 2231 1802 2258 quamam
1819 2230 1866 2258 pe-

237 2264 311 2295 datu,
328 2264 429 2292 deinde
444 2265 564 2293 siccitas.
581 2266 688 2301 Accipit
700 2268 773 2294 enim
787 2267 894 2296 initium
906 2277 940 2296 ex
956 2278 1023 2304 pue-
1041 2269 1062 2295 υ
1079 2273 1208 2301 rcnnant,
1228 2276 1288 2303 qua:
1312 2268 1494 2300 curationem,
1515 2275 1546 2295 ac
1562 2269 1617 2295 cito
1637 2269 1750 2302 quidem
1767 2269 1865 2296 admit-

238 2316 332 2336 rorum
350 2314 442 2343 aetate,
464 2311 508 2337 cui
523 2312 650 2346 cognatio
667 2320 729 2339 cum
746 2321 810 2340 vere
827 2319 879 2345 est,
897 2323 957 2349 qua!
971 2320 1025 2343 ter-

239 2356 331 2382 minus
360 2360 402 2382 est
430 2356 541 2389 hiemis,
566 2358 646 2392 cujus
674 2358 736 2385 ﬁnis
763 2364 807 2386 est
831 2360 972 2394 humidus,
996 2367 1026 2389 ut

238 2401 404 2436 principium
422 2403 563 2438 frigidum.
578 2404 679 2432 Verum
693 2412 743 2439 ego
762 2405 811 2432 ista
822 2413 931 2441 quoque
948 2415 1025 2441 para-

241 2448 362 2482 digntate
382 2450 502 2484 quodam
520 2450 678 2478 declarabo.
702 2451 827 2484 Quatuor
849 2456 1025 2487 tempestates

236 2501 295 2520 esse
311 2495 440 2527 dicimus,
454 2501 481 2522 et
502 2496 615 2523 totidem
630 2496 777 2529 elementa,
789 2502 883 2525 aetates
897 2504 1024 2532 quatuor,

237 2539 351 2567 totidem
377 2541 506 2569 videlicet
533 2543 729 2570 communione
762 2544 880 2578 quadam
904 2545 959 2571 illis
984 2553 1026 2572 re-

237 2578 410 2618 spoudentia.
424 2586 477 2613 Sed
493 2587 640 2621 quaternio
652 2593 695 2614 est
709 2587 780 2614 alius
793 2588 819 2614 in
835 2593 912 2622 parte
929 2590 1024 2623 patris.

238 2627 459 2665 Unumquodque
473 2632 546 2658 enim
563 2629 681 2666 tempus,
691 2637 781 2664 astas,
793 2637 953 2666 autumntts,
969 2642 1024 2666 rer,

237 2672 326 2701 hiems
341 2676 454 2703 omnino
478 2684 541 2711 pars
563 2681 605 2703 est
620 2677 696 2704 anni.
713 2677 781 2704 Cum
807 2677 889 2712 igitur
903 2683 1026 2713 tempora

272 2731 296 2747 "
317 2732 415 2759 Esther
430 2741 488 2765 xnt,
507 2733 535 2761 9.
573 2734 596 2750 "
614 2734 684 2761 Psal.
700 2742 790 2767 Lxxvt,
810 2734 854 2761 l2.

1078 2314 1158 2340 tunt?
1173 2318 1201 2340 et
1217 2321 1273 2348 quo
1295 2319 1375 2349 pacto
1390 2314 1512 2349 quaedam
1529 2321 1591 2340 cum
1615 2317 1740 2348 tempore
1762 2322 1864 2348 augen-

1077 2364 1135 2391 tur,
1148 2359 1272 2394 quzxdam
1289 2360 1366 2395 quasi
1392 2360 1578 2392 retrocedunt,
1595 2364 1622 2387 et
1643 2360 1760 2387 omnino
1776 2366 1864 2388 retro-

1076 2405 1161 2439 grada
1191 2406 1381 2433 evanescunt?
1406 2406 1438 2432 Et
1465 2405 1531 2440 quid
1560 2409 1616 2435 est.
1646 2405 1720 2439 quod
1751 2405 1863 2441 quidam

1077 2452 1243 2485 puniuntur,
1261 2452 1371 2486 quidatn
1390 2453 1579 2479 coronantur?
1593 2452 1626 2479 Et
1642 2452 1785 2486 quomodo
1803 2453 1864 2487 qui-

1077 2497 1191 2524 busdam
1209 2498 1340 2525 conducit
1356 2499 1517 2526 servitutem
1534 2499 1639 2529 timere,
1654 2498 1821 2532 quibusdam
1835 2499 1860 2525 in

1076 2543 1204 2571 libertate
1224 2544 1334 2571 vivere?
1353 2544 1406 2571 Alii
1430 2545 1588 2578 capiuntur,
1602 2544 1647 2570 alii
1665 2544 1692 2570 in
1714 2544 1820 2571 honore
1836 2548 1863 2571 et

1076 2589 1160 2624 gloria
1182 2596 1256 2622 sunt,
1273 2597 1334 2616 cum
1351 2590 1412 2616 aliis
1430 2591 1510 2617 aliter
1529 2598 1559 2617 se.
1579 2598 1624 2616 res
1642 2590 1735 2616 habet.
1754 2590 1862 2617 lntinita

1077 2642 1229 2662 cernuntur
1246 2636 1406 2662 discrimina
1422 2636 1448 2662 in
1468 2636 1550 2663 rebus
1573 2636 1711 2668 humanis,
1731 2637 1862 2671 varieque

1077 2682 1302 2709 cmnmiscentur.
1322 2682 1351 2709 in
1365 2682 1420 2709 Deo
1433 2687 1475 2710 est
1489 2686 1619 2716 potestas,
1635 2687 1663 2709 et
1680 2689 1789 2709 summa
1802 2681 1864 2717 qui-

978 2778 1117 2809 Srholia.

272 2828 280 2838 ‘
295 2827 473 2865 Communicet
489 2830 570 2864 igitur
591 2830 698 2865 sanguis
715 2838 773 2856 cum
789 2831 858 2864 [lava
873 2829 925 2865 bile
935 2829 961 2855 in
977 2837 1022 2855 ca-

238 2860 304 2893 lorc,
315 2864 385 2896 ﬂava
398 2864 454 2890 bills
467 2860 526 2890 cuin
540 2870 600 2891 atra
614 2860 771 2891 invsiccitate
810 2869 870 2890 atra
889 2864 947 2890 bilis
962 2872 1020 2890 cnnt

237 2899 385 2932 phlegmata
400 2900 426 2924 in
445 2900 551 2934 frigore,
569 2899 691 2934 p/tlt'glltlt
707 2908 766 2926 cunt
778 2900 905 2934 sanguine
924 2900 950 2925 in
972 2899 1021 2925 Im~

1077 2837 1160 2874 more2
1182 2829 1301 2874 ‘Rurstlts.
1314 2831 1493 2873 unusquisque
1513 2841 1607 2874 numer
1627 2841 1764 2874 propriam
1788 2842 1863 2861 suam

1076 2864 1231 2903 quantum»
1256 2865 1344 2903 habet,
1370 2864 1478 2903 sanguis
1502 2864 1634 2901 calorem,
1657 2864 1716 2896 bilis
1750 2875 1863 2903 utraque

1077 2900 1230 2933 sicritutem,
1248 2900 1352 2935 plrgma
1368 2901 1462 2936 frigus.
