2032 3156
135 227 184 259 841

857 225 1030 257 DIOPTRA.

1709 225 1762 257 842

135 288 197 314 dem
208 291 291 320 atque
303 285 488 319 omnipotens.
502 283 592 312 Potuit
615 284 662 311 ille
673 284 792 311 animam
804 283 924 311 condere
938 286 963 316 Α
978 284 1025 316 tia,
1050 290 1134 310 unum
1165 282 1324 318 imperium.
1350 282 1418 310 Tres
1443 282 1614 318 hypostases,
1632 283 1762 311 deitatem

135 330 287 365 simplicem
302 335 329 356 et
349 329 560 360 subsistentem,
577 329 650 357 sicut
665 330 778 364 angelos
798 329 863 356 fecit
879 329 922 356 in-

135 383 293 411 corporeos.
315 375 388 402 Idem
405 375 507 410 quippe
531 376 685 403 animarum
707 375 922 410 angelorumque

135 423 284 450 fabricator
301 427 343 450 est
358 432 364 449 :
380 427 408 449 ct
431 423 551 450 condere
572 422 647 449 omni
668 422 779 450 turbida
801 423 923 449 motione

136 470 262 502 liberam,
281 468 396 504 perinde
412 473 442 495 ut
457 468 584 496 caelestes
606 469 670 495 illos
689 469 806 496 animos.
823 468 924 503 Hujus-

138 515 212 543 modi
235 521 355 548 namque
380 513 518 542 motiones
542 518 771 549 corporatorum,
786 521 840 540 non
862 520 925 540 cor-

137 569 203 596 pore
227 560 382 588 vacantium
407 564 472 586 sunt
495 559 572 586 :nisi
600 559 662 594 quis
686 559 866 586 intentionem
891 557 925 584 ad

135 607 238 642 aliquid
265 607 345 634 talem
370 611 475 634 motum
490 611 581 638 vocet,
601 611 632 632 ut
650 605 678 632 in
703 605 808 640 angelis
827 611 925 632 recens

137 653 280 689 productis
303 653 418 688 contigit
438 661 445 679 :
467 659 586 687 quorum
610 652 657 679 alii
694 651 819 678 ordinent
844 658 925 677 suunt

136 700 358 734 dignitatemque
398 699 594 730 retinuerunt,
620 705 683 726 cum
710 705 763 732 qua
791 696 928 731 procreati

135 750 233 776 crant;
247 745 292 772 alii
312 745 442 780 superbia
468 743 567 777 inﬂati,
582 751 614 772 ea
629 742 806 773 deciderunt.
819 741 927 769 Etenim

136 799 199 819 cum
225 791 265 818 sic
286 795 379 818 essent
396 789 535 826 producti,
555 794 584 817 ut
599 789 634 816 ad
656 789 758 816 bonum
771 787 875 814 moveri
891 786 929 814 la-

137 837 239 864 ctllinte
256 841 380 871 possent,
397 836 448 871 ipsi
463 835 497 863 ad
514 835 665 870 pessimum
681 833 787 861 incitati
807 836 882 865 sunt,
900 837 928 859 ct

137 887 234 908 contra
255 881 339 908 Deum
359 889 389 908 se
414 881 574 912 eﬂ'erenles,
591 880 680 916 majus
694 879 824 914 quiddam
846 885 926 913 quam

137 935 187 962 pro
203 932 302 954 natura
323 935 373 954 sua
387 931 587 962 conceperunt.
602 927 663 954 Non
680 933 746 961 ergo
763 924 849 952 creati
865 928 930 952 sunt

139 973 217 1006 mali,
235 973 283 1000 sed
302 973 365 1000 mali
389 973 565 1008 postmodum
581 975 780 1007 apparuerunt.
797 970 867 998 Cum
878 970 931 1005 igi-

139 1024 185 1046 IUI'
211 1019 318 1046 animas
338 1023 467 1054 tanquam
490 1023 598 1046 mentes
620 1021 761 1052 separatas
785 1023 930 1051 procreare

139 1070 249 1099 posset,
275 1069 374 1092 natura
400 1064 551 1100 simplices,
575 1063 681 1091 ratione
704 1068 828 1096 orttatas,
849 1061 931 1089 nullis

139 1111 402 1145 perturbationibus
424 1110 570 1143 obnoxias,
592 1118 648 1137 non
666 1109 706 1137 sic
729 1117 787 1140 cas,
802 1108 850 1136 sed
875 1108 931 1135 alio

142 1157 253 1184 ctmiro
281 1157 400 1192 quodam
429 1156 512 1184 tnodo
540 1155 707 1191 procreavit,
735 1155 931 1188 hominemque

139 1203 254 1230 mictum
267 1203 399 1238 quiddam
414 1207 442 1230 et
456 1206 677 1239 coagmentatum
694 1201 797 1233 elIecit.
815 1207 931 1234 corpore

139 1248 274 1275 nimirutn
289 1256 322 1275 ex
346 1248 510 1276 inferiorum
539 1255 572 1276 ac
592 1247 778 1279 terrestriutn,
791 1247 883 1275 aninta
898 1254 932 1274 ex

140 1295 319 1329 superiorum
334 1301 367 1321 ac
391 1294 546 1322 cmlestium
561 1294 669 1326 ordine,
684 1293 785 1321 mentis
799 1297 827 1320 ct
841 1292 932 1320 consi-

140 1342 171 1368 lii
188 1346 355 1376 compotcm,
370 1346 399 1369 et
421 1342 484 1374 hoc,
501 1342 646 1369 secundum
662 1341 816 1376 imaginem,
832 1345 861 1366 ut
883 1347 932 1374 po-

142 1387 258 1415 tentiam
271 1395 304 1414 ac
317 1387 482 1422 sapientiam
494 1394 572 1414 suam
585 1391 662 1414 tanto
673 1385 832 1414 evidentius
844 1389 933 1411 ostcn‘

142 1434 232 1464 deret,
242 1441 296 1467 qua
309 1433 389 1461 aliam
402 1433 434 1459 ad
440 1432 504 1465 ltuc,
515 1436 544 1460 et
559 1439 658 1461 novam
669 1436 824 1459 creaturam
838 1437 933 1458 creare

143 1483 245 1514 potest.
260 1479 327 1506 t\'atu
347 1478 370 1506 si
385 1483 412 1506 et
433 1478 517 1509 hunc,
534 1477 674 1505 hominem
690 1482 766 1511 puta,
781 1475 932 1510 simplicem

145 1529 332 1560 procreasset,
357 1524 518 1559 angelorum
540 1527 648 1550 tantum
671 1526 832 1558 procreatur
857 1521 933 1548 visus

144 1572 254 1599 fuisset.
276 1571 386 1598 Etenim
403 1570 515 1605 quidam
539 1577 622 1604 prave
645 1569 829 1604 opittantium,
847 1568 932 1595 alium

142 1617 292 1647 bonorum,
310 1615 394 1642 alium
409 1616 543 1643 malorum
570 1623 631 1642 esse
651 1620 790 1642 auctorem
807 1614 934 1641 condito—

144 1670 260 1697 remque
284 1662 467 1690 arbitrantur.
484 1662 540 1689 Nee
556 1666 665 1696 putant,
681 1666 711 1688 ut
733 1661 860 1688 homines
874 1666 932 1688 sto-

142 1709 202 1741 lidi,
215 1713 361 1744 peccatum
376 1715 432 1735 non
447 1715 508 1734 esse
521 1706 716 1739 substantiam,
729 1714 781 1733 nec
792 1706 927 1733 extrinse-

143 1763 201 1783 cam
216 1762 271 1782 nec
291 1755 469 1782 intrinsccam
494 1763 501 1780 ς
520 1753 568 1780 sed
594 1753 717 1780 melioris
735 1753 929 1788 privationem,

143 1801 215 1829 sicut
234 1801 357 1830 tenebrat
374 1808 408 1828 ex
425 1800 488 1834 luga
506 1800 575 1827 lttcis
591 1799 737 1832 exsistunt,
753 1803 781 1826 et
800 1807 853 1826 nox
870 1804 932 1833 post

143 1852 273 1872 occasum
300 1844 415 1878 Hesperi
434 1844 568 1878 emergit,
593 1849 622 1871 et
651 1844 771 1871 vicissim
802 1843 931 1871 Lucifero

144 1889 351 1924 resplettdcnte,
385 1889 444 1924 ipsa
468 1889 610 1924 repellitur
634 1895 661 1917 et
685 1890 766 1924 fugit.
788 1889 823 1917 Ut
848 1889 932 1924 igitur

143 1936 282 1963 bonorum
305 1935 430 1965 omnium
446 1935 524 1970 origo
538 1941 566 1962 et
579 1936 718 1970 cognitor,
740 1935 871 1962 radicitus
884 1942 933 1961 ex-

144 1981 273 2016 stirpavit
285 1988 398 2016 germen
412 1981 554 2015 nequitia),
567 1989 649 2015 quam
676 1985 770 2015 aperte
786 1979 934 2014 appellavit

144 2027 280 2055 Dominus
294 2027 425 2059 domum,
441 2035 523 2061 quam
543 2027 618 2053 venti
639 2026 721 2053 simul
743 2026 842 2053 ﬂantes
858 2025 933 2052 auris

146 2073 259 2105 divinis,
272 2077 301 2100 et
318 2077 455 2101 torrentes
467 2071 620 2100 circumﬂui
636 2079 668 2099 ex
681 2071 756 2099 fonte
771 2079 786 2098 a
801 2071 857 2098 Deo
873 2079 934 2099 sca-

148 2124 220 2148 tente
235 2119 391 2154 improviso
404 2119 553 2150 irruentes,
563 2118 597 2145 ad
608 2123 707 2145 terram
715 2117 893 2144 detraxerunt
900 2117 933 2143 ".

147 2166 199 2194 Sed
219 2174 292 2202 quos
308 2165 418 2194 ﬁnxerit
443 2164 666 2200 improbissimus
688 2163 829 2195 Seductor,
849 2162 933 2189 edite.

147 2211 381 2245 Amentes,,deliri
394 2215 423 2239 et
444 2210 570 2239 moribus
583 2208 765 2237 vitiosissimi.
775 2208 831 2235 Cur
844 2212 934 2234 tantas

148 2267 233 2295 nugas
246 2259 308 2287 ausi
333 2259 402 2287 estis
427 2257 542 2294 nugari?
563 2257 605 2285 Ad
629 2256 711 2284 linem
734 2255 884 2291 geminum,
909 2259 936 2281 et

978 338 1058 358 unam
1072 337 1246 357 veneramur.
1257 330 1318 357 Non
1337 335 1392 357 tres
1407 330 1485 362 deos,
1501 330 1548 358 sed
1565 335 1620 358 tres
1633 330 1764 367 hyposta-

977 384 1021 403 sos
1040 375 1221 411 pratdicamus
1241 384 1248 402 :
1266 375 1352 402 Deum
1374 383 1470 407 uttttm,
1489 375 1535 410 qui
1556 376 1656 402 coelum
1678 377 1704 403 in
1720 383 1764 402 or-

978 422 1040 449 bem
1055 426 1156 454 versat,
1171 426 1200 449 et
1214 425 1315 449 terram
1327 421 1412 448 verbo
1430 421 1563 452 fundavit,
1577 422 1765 457 iumentisque

977 473 1005 495 et
1019 468 1185 495 animalibus
1199 467 1338 494 universis
1354 467 1482 502 spiritum
1499 467 1653 501 inspiravit,
1672 472 1699 494 et
1712 468 1766 494 alia

979 522 1013 541 ex
1025 522 1099 546 aere,
1117 514 1171 541 alia
1188 521 1221 542 ex
1234 521 1316 548 aqua,
1331 513 1383 541 alia
1395 522 1410 541 e
1424 517 1507 545 terra,
1520 514 1612 541 omnia
1633 514 1665 541 ad
1684 522 1766 548 gene-

981 562 1116 588 rationem
1131 565 1159 588 ct
1180 561 1322 588 interitum
1338 561 1427 592 tinxit,
1444 565 1472 587 et
1488 560 1632 595 hucusque
1648 566 1765 588 tantum.

981 607 1070 642 Atque
1089 607 1153 634 ltinc
1169 607 1303 634 Dominus
1321 606 1481 633 animalium
1502 607 1567 634 item
1594 611 1718 641 apparet.
1739 607 1767 633 in

981 661 1042 688 qua:
1061 654 1136 680 cuitn
1159 653 1222 688 quis
1243 653 1411 686 dotttinatur,
1427 653 1455 679 in
1478 652 1512 680 iis
1531 660 1579 687 pro
1605 653 1768 680 auctcritate

981 699 1046 734 agit.

1285 764 1398 792 CAPUT
1418 762 1465 791 lx.

985 823 1022 850 De
1033 823 1197 858 providentia
1211 822 1257 850 Dei
1268 823 1295 849 in
1310 822 1414 858 opiﬁcio
1426 823 1528 856 mundi,
1542 827 1565 849 et
1579 831 1625 849 cur
1638 823 1770 850 hominem

1070 858 1260 885 immutabilem
1274 857 1501 893 immortalemque
1512 866 1565 885 non
1580 858 1679 893 fecerit.

1018 925 1071 953 Sed
1095 925 1338 952 admirabilitatem
1356 926 1505 958 rationum,
1532 926 1633 960 quibus
1652 926 1772 954 mundus

947 969 966 996 Β
982 977 1023 1000 est
1038 972 1137 1004 factus,
1153 971 1302 1007 perpende.
1320 971 1441 999 Primutn
1465 973 1609 1000 constituit
1623 973 1723 1000 coelum
1743 980 1771 1000 et

983 1024 1096 1051 terram,
1113 1023 1141 1045 et
1168 1026 1229 1054 qua:
1252 1025 1349 1046 eorum
1365 1018 1470 1045 ambitu
1494 1019 1683 1045 continentur.
1707 1019 1771 1046 Ele-

983 1069 1075 1092 menta
1092 1065 1176 1092 simul
1193 1064 1318 1095 omnino,
1346 1064 1420 1091 nulla
1443 1072 1477 1091 ex
1506 1064 1621 1091 materia
1636 1064 1785 1091 condidit.‘

982 1111 1102 1145 Angelos
1115 1110 1293 1145 cogitatione,
1315 1113 1346 1136 ut
1363 1110 1537 1142 exsisterent,
1559 1110 1634 1137 fecit.
1657 1109 1773 1143 Quanta:

983 1157 1054 1184 istuc
1088 1156 1233 1191 potentias!
1267 1156 1408 1183 Thronum
1438 1156 1634 1191 praeparavit:
1669 1156 1771 1183 ctettittt

984 1203 1075 1230 throni
1096 1203 1229 1230 Dominus
1248 1207 1300 1236 est,
1327 1210 1381 1230 non
1402 1203 1513 1238 penitus
1540 1203 1644 1229 honore
1662 1202 1771 1237 atquali.

983 1248 1032 1276 sed
1058 1248 1249 1275 tantummodo
1277 1248 1459 1280 adorandttnt,
1491 1252 1521 1275 ut
1548 1247 1724 1279 honoratum,
1743 1251 1774 1274 ut

983 1294 1145 1329 gloriosum,
1170 1298 1281 1328 propter
1308 1294 1485 1326 insidentem,
1511 1298 1539 1321 et
1561 1294 1589 1320 itt
1609 1301 1643 1320 eo
1666 1293 1774 1327 requie-

983 1343 1116 1370 scentem,
1132 1346 1215 1373 quem
1230 1338 1322 1365 omnia
1338 1338 1436 1365 timent
1453 1346 1484 1365 ac
1501 1342 1634 1365 tremunt.
1652 1337 1771 1365 Creatu-

985 1393 1020 1412 rze
1031 1385 1126 1420 prima:
1142 1389 1206 1412 sunt
1218 1385 1287 1417 istic,
1304 1391 1372 1419 quas
1383 1384 1443 1411 alia:
1458 1390 1675 1419 consequuntur.
1694 1384 1773 1410 Στοι-

984 1433 1044 1467 χεῖα
1077 1440 1142 1460 vero
1166 1432 1302 1460 elementa
1334 1432 1476 1463 dicuntur,
1511 1431 1619 1459 ratione
1653 1431 1772 1462 ordinis,

985 1478 1136 1505 secundum
1163 1485 1246 1513 quem
1270 1477 1435 1505 universitas
1457 1477 1604 1507 ordinatim
1628 1483 1671 1505 est
1699 1485 1774 1505 com-

986 1525 1085 1560 posita,
1098 1529 1167 1552 nutu
1181 1525 1347 1552 Conditoris.
1361 1524 1430 1558 Quid
1448 1525 1522 1552 enim
1539 1525 1607 1552 citra
1624 1524 1773 1560 providen-

985 1571 1051 1598 tiam
1081 1571 1156 1598 illius
1182 1571 1297 1604 factum,
1314 1571 1425 1606 qumso?
1450 1570 1558 1598 Etcnitn
1580 1575 1610 1598 ut
1637 1571 1773 1606 quispiam

987 1622 1124 1644 mercator
1137 1617 1265 1644 oneraria
1281 1621 1433 1652 compacta,
1452 1621 1480 1644 et
1495 1618 1602 1645 ueteris
1617 1617 1701 1645 armis
1714 1617 1775 1652 ejus

987 1669 1039 1688 una
1056 1662 1208 1694 adornatis,
1222 1661 1425 1696 gubernaculis,
1441 1662 1616 1695 rudentibus,
1632 1663 1710 1694 velis,
1727 1669 1776 1689 an-

987 1709 1089 1741 tetntis,
1107 1708 1230 1739 funibus,
1256 1708 1358 1743 quibus
1375 1710 1463 1736 ntaltts
1481 1709 1508 1736 in
1536 1717 1618 1744 prora
1639 1703 1774 1741 ﬁrmatur,

988 1754 1084 1786 remis,
1102 1754 1241 1786 anchoris,
1259 1759 1288 1782 et
1307 1755 1367 1789 pice
1392 1755 1557 1787 circumlita,
1572 1759 1601 1782 et
1620 1755 1704 1783 minio
1725 1755 1776 1783 de-

987 1801 1070 1834 picta.
1085 1800 1106 1826 si
1124 1805 1217 1834 postea
1239 1799 1312 1826 illam
1328 1800 1485 1832 deduxerit,
1503 1805 1530 1828 et
1547 1801 1641 1836 pelago
1657 1803 1774 1828 secando

985 1845 1132 1874 dimiserit,
1149 1844 1208 1879 ipse
1231 1852 1297 1871 vero
1315 1844 1410 1871 relicto
1435 1846 1543 1880 navigio
1575 1845 1647 1872 domi
1671 1845 1773 1877 sedeat,

987 1897 1079 1915 nonne
1100 1889 1227 1923 plurimis
1251 1888 1392 1922 ﬂuctibus,
1414 1895 1441 1916 et
1456 1890 1508 1916 sub
1530 1890 1602 1916 unda
1625 1890 1776 1918 latentibus

988 1935 1071 1966 saxis,
1090 1935 1221 1970 scopulis,
1249 1935 1436 1970 cbarybdibus
1459 1941 1486 1963 et
1498 1936 1602 1971 scyllis,
1620 1941 1647 1963 et
1671 1937 1776 1972 promi-

990 1981 1122 2008 nenlibus
1139 1982 1237 2016 petris,
1255 1987 1284 2008 et
1299 1982 1399 2019 ventis,
1418 1987 1446 2009 et
1467 1983 1595 2017 procellis
1609 1983 1776 2010 immanibus

989 2026 1107 2061 obieeta,
1137 2032 1165 2054 et
1191 2026 1308 2062 impacta
1332 2027 1484 2062 frangatur,
1507 2031 1534 2054 et
1560 2027 1586 2053 itt
1609 2028 1774 2062 profundum

991 2072 1152 2099 haurialur?
1165 2072 1191 2100 Si
1207 2081 1272 2108 ergo
1289 2073 1394 2108 absque
1414 2073 1598 2108 gubernatore
1614 2081 1696 2100 naves
1711 2080 1776 2099 cott-

990 2119 1071 2146 tineri
1092 2123 1121 2146 et
1153 2119 1257 2146 servari
1286 2125 1438 2154 nequeunt.
1460 2120 1511 2146 hoc
1534 2119 1628 2146 mundi
1654 2119 1775 2146 universi

989 2166 1126 2201 navigium
1152 2166 1257 2193 servari
1274 2173 1353 2200 posse
1373 2166 1525 2197 existimas,
1547 2165 1569 2192 si
1591 2165 1776 2200 gubernatore

989 2211 1099 2239 careat?
1123 2212 1247 2244 Quatuor
1269 2211 1404 2238 eletncnla
1422 2211 1487 2237 tttilti
1512 2215 1541 2237 ut
1558 2210 1714 2237 onerariam
1732 2210 1775 2238 in-

992 2263 1080 2290 tuere,
1095 2265 1144 2292 pcr
1161 2265 1221 2292 qum
1238 2257 1290 2284 alia
1304 2257 1416 2292 quidem
1431 2261 1577 2291 portantur
1591 2261 1618 2283 et
1636 2257 1774 2292 navigant,

151 2306 324 2334 contrarium
337 2313 446 2334 onmem
466 2309 622 2333 creaturam
637 2303 775 2338 respicere
800 2301 933 2329 asseritis.
953 2310 973 2336 ι)
989 2303 1042 2330 alia
1058 2302 1244 2336 portabuntur
1264 2307 1292 2328 et
1310 2301 1487 2336 navigabunt.
1505 2301 1581 2328 Sicut
1596 2301 1688 2335 i.aqne
1703 2301 1775 2335 pcla-

150 2351 171 2377 0
202 2351 438 2379 inconsideratum
462 2358 599 2382 err0rem,
623 2349 816 2376 adversantem
844 2347 938 2374 verbis

149 2395 271 2428 Domini,
287 2397 333 2430 qui
356 2397 494 2424 neminem
512 2403 591 2431 posse
611 2393 721 2422 duobus
737 2392 856 2420 dominis
875 2400 937 2420 ser-

149 2442 207 2468 vire
233 2445 350 2468 testatus
374 2447 415 2468 est
430 2441 474 2467 “t
500 2441 529 2469 Si
556 2440 628 2468 enim
655 2438 804 2473 aliquando
825 2437 937 2465 duobus

149 2485 336 2514 concordibus
348 2485 467 2512 dominis
480 2487 585 2513 servire
597 2492 681 2513 nemo
693 2488 794 2519 potest,
806 2484 861 2511 diis
876 2491 939 2511 sen-

151 2531 240 2559 tentia
269 2534 298 2556 et
326 2531 466 2558 voluntate
495 2532 681 2566 pugnantibus
710 2531 774 2565 quis
798 2529 940 2557 servierit?

153 2585 162 2601 ι
183 2576 239 2603 Aut
251 2575 325 2602 enim
338 2583 424 2603 unum
438 2576 501 2604 odio
517 2577 644 2610 habebit;
659 2577 744 2605 alium
752 2584 818 2603 vero
829 2575 934 2610 diliget;

151 2626 199 2649 aut
222 2622 298 2649 hunc
325 2620 439 2656 quidem
455 2622 612 2654 sustinebit,
634 2623 712 2650 illum
735 2626 904 2650 contemnet.
925 2631 934 2647 ν

153 2666 214 2695 11.ιέ
226 2667 375 2695 aﬂirmatio
387 2668 565 2698 estDomini,
582 2668 716 2702 impuram
733 2673 760 2695 et
776 2668 936 2695 fraudulcnv

153 2716 206 2739 tam
222 2713 438 2743 Manichamrutn
463 2713 622 2747 opinionem
639 2714 763 2741 funditus
782 2714 935 2741 evellentis.

159 2759 232 2787 Unus
244 2765 287 2787 est
301 2768 385 2788 verus
400 2760 482 2792 Deus,
505 2768 576 2787 unus
591 2760 740 2795 inspector,
755 2769 827 2788 unus
845 2769 937 2788 rerum

155 2811 264 2837 parens,
282 2806 308 2832 in
334 2806 422 2833 tribus
442 2805 646 2841 hypostasibus,
664 2806 736 2833 haud
757 2807 875 2835 diversis
892 2815 939 2834 vo-

155 2849 313 2878 luntatibus.
331 2850 434 2878 Tribus
450 2851 524 2878 enim
544 2859 597 2877 una
616 2851 752 2884 voluntas,
768 2860 822 2880 una
843 2858 939 2887 poten-

191 2940 210 2954 "7
226 2939 319 2967 Matth.
334 2948 381 2972 vn,
402 2941 497 2968 '25-‘27.
536 2941 558 2956 ⁸⁸
571 2940 668 2967 Matth.
687 2948 722 2973 vt,
735 2940 830 2967 92-25.

296 2988 432 3017 PA'I'ttcL.
457 2988 515 3017 Gtt.
533 2987 684 3018 CXXVII.

986 2357 1047 2384 gus,
1063 2353 1110 2375 aut
1123 2348 1205 2375 etiatn
1222 2347 1321 2374 fretum
1334 2348 1444 2382 aliquod
1455 2347 1524 2374 citra
1540 2348 1630 2373 navitn
1649 2347 1775 2381 trajicere

987 2395 1081 2422 nttllus
1107 2398 1208 2428 potest,
1240 2393 1276 2420 ita
1308 2401 1358 2420 nec
1375 2394 1435 2420 sine
1460 2393 1605 2419 elementis
1630 2393 1774 2426 quisquam

987 2441 1059 2468 hanc
1086 2439 1169 2466 vitatn
1199 2439 1370 2466 transmittit.
1400 2438 1446 2464 Sic
1475 2437 1594 2468 censuit,
1621 2437 1661 2464 sic
1681 2438 1776 2464 statuit

988 2487 1111 2514 Verbum
1136 2485 1329 2512 universorum
1355 2484 1466 2511 artifex.
1484 2484 1574 2516 Quare
1595 2489 1624 2510 ttt
1640 2483 1717 2510 ttavis
1737 2491 1778 2510 re-

990 2539 1068 2560 ctore
1085 2532 1218 2559 destituta
1233 2539 1288 2557 noti
1308 2530 1384 2556 abest
1404 2538 1418 2556 :t
1443 2529 1622 2556 discrimine:
1640 2529 1690 2561 sic,
1709 2529 1775 2555 mihi

991 2578 1084 2610 crede,
1098 2577 1208 2605 deserta
1222 2585 1236 2604 a
1249 2576 1425 2603 Providentia
1445 2579 1572 2602 creatura
1589 2575 1714 2610 proxima
1734 2579 1776 2601 est

993 2625 1125 2659 periculo.
1146 2623 1204 2650 lloc
1225 2623 1285 2649 loco
1302 2622 1378 2649 subit
1395 2629 1438 2648 me
1458 2621 1594 2648 dubitatio
1611 2619 1775 2656 perplexior.

987 2670 1129 2696 llominetn
1153 2669 1249 2696 volens
1273 2668 1425 2703 producere
1455 2666 1598 2698 Conditor,
1618 2667 1689 2693 sicut
1713 2673 1776 2700 pro-

990 2714 1081 2746 duxit,
1100 2721 1184 2740 unutn
1197 2713 1299 2739 attitnal
1315 2721 1347 2740 ex
1370 2713 1488 2744 duobus,
1505 2711 1643 2746 quomodo
1660 2719 1713 2738 ttott
1730 2718 1778 2744 ρυο

989 2760 1044 2786 tius
1059 2762 1157 2786 natura
1177 2758 1331 2794 simplicem
1359 2759 1498 2793 produxit,
1519 2763 1549 2785 ut
1567 2757 1679 2784 duraret
1703 2764 1776 2783 seut-

989 2814 1048 2841 per,
1063 2813 1114 2833 nec
1127 2805 1276 2839 aliquando
1289 2805 1434 2832 interiret?
1448 2805 1484 2831 Ex
1497 2812 1551 2839 quo
1560 2804 1633 2831 enim
1648 2803 1778 2830 cﬂecttxm

990 2857 1032 2880 est
1048 2852 1120 2887 ignis
1137 2851 1317 2884 clctnentutn,
1333 2851 1491 2885 neutiquam
1507 2851 1548 2877 vel
1562 2850 1654 2877 lutnett
1665 2850 1725 2884 ejus
1736 2852 1777 2875 est

1593 2982 1629 3012 27
