2032 3156
257 226 310 258 Si")

256 290 446 312 miscuratutn,
462 282 502 308 vcl
524 281 604 307 ardor
624 279 786 308 exstinctus.
805 279 850 306 Sic
868 279 932 306 itctn
954 284 1043 308 terrm,

259 331 372 364 alia-que
399 333 530 355 (‘reatttrm
550 328 575 353 in
592 331 664 352 statu
679 333 729 352 suo
751 329 937 359 perseverant.
955 324 1041 350 Homo

256 380 346 401 atttctn
368 374 404 399 ita
419 376 527 399 creatus
548 376 598 400 est.
616 376 644 397 ttt
668 371 703 397 sit
718 374 814 396 natura
830 370 959 399 caducus,
979 369 1041 395 bre-

256 421 298 446 vis
316 419 378 449 aevi,
393 419 433 446 sui
450 417 602 447 dissimilis.
624 421 651 443 et
666 415 806 442 levissimo
825 419 962 441 momento
978 422 1040 440 ntu-

257 465 358 492 Iahilis.
370 463 488 490 Rursum
501 462 574 489 aliud
586 461 677 488 audivi
687 465 851 495 quaerentes,
862 459 1039 494 quamobrem

256 512 327 543 Deus
347 509 485 537 hominem
513 516 566 535 non
587 512 727 534 creaverat
747 515 762 533 a
781 510 922 533 senectute
940 505 1040 531 inimu-

257 564 330 588 nem,
346 560 377 582 ut
393 555 476 582 vitam
493 562 575 589 qttam
587 553 784 588 longissimam,
803 560 833 578 ac
844 551 902 578 sine
918 557 1041 578 extremo

256 601 437 637 propagaret?
463 601 625 635 Quanquam
651 604 740 626 autem
769 598 882 624 rationis
901 601 942 624 est
965 604 1040 623 corn-

255 656 316 682 pos,
334 647 360 674 in
377 654 467 680 eoque
484 647 578 672 differt
596 653 626 672 ac
645 649 754 679 praestat
768 644 907 675 omnibus,
925 650 979 669 non
1001 636 1042 668 ta4

257 700 319 719 men
335 691 398 718 itide
414 699 501 718 artttos
516 698 581 716 suos
597 690 705 724 longius
727 689 891 715 cxtemlerit.
910 688 938 714 In
955 687 1043 714 brutis

256 739 446 766 animantibus
467 738 607 764 celeritate
634 736 773 763 antecedit
802 735 933 770 pardalis,
964 734 1042 760 malis

257 792 328 819 gnus
347 788 390 810 est
411 783 544 813 camelos,
572 789 652 809 ursus
678 780 785 810 avidus.
809 781 889 814 lupus
913 787 995 813 rapax
1015 783 1043 805 et

260 833 346 862 l'erus,
364 837 453 864 eqttus
469 828 629 860 iracundus,
652 835 720 862 pavo
747 828 893 861 superbtrs,
916 825 1044 853 columba

259 877 370 904 lasciva.
388 876 455 902 Aliis
469 875 521 902 alia
534 879 640 906 natttra,
657 874 766 900 habitus
786 879 813 900 et
834 873 944 900 affectio
958 873 1038 898 inest.

259 925 282 950 A
301 922 418 949 mortuis
430 926 519 949 autcttt
532 921 565 948 ad
579 921 723 956 judicium,
739 919 772 946 ad
789 919 931 949 ultionem,
945 924 972 946 et
986 927 1044 953 pce-

261 976 310 996 nas
324 972 497 1002 peccatorum
516 966 691 994 sustinendus
706 966 833 992 animalia
849 965 874 991 in
892 966 975 992 vitam
993 973 1047 992 non
1066 965 1087 992 Β

260 1013 388 1040 rcdeurtt.
404 1012 457 1040 Sed
479 1012 605 1039 homines
627 1012 749 1046 peccatis
765 1011 876 1038 obnoxii
898 1017 972 1042 sunt,
989 1018 1047 1045 pce-

260 1067 366 1093 nasque
383 1063 410 1085 et
436 1057 570 1092 supplicia
596 1062 659 1084 ante
682 1062 709 1083 et
737 1061 796 1090 post
820 1056 926 1082 obitum
953 1056 1046 1082 sttbire

263 1106 378 1134 habent.
401 1105 423 1131 si
439 1105 543 1131 scelera
559 1111 607 1130 sua
627 1111 674 1138 per
690 1102 880 1137 ptenitetttiam
899 1110 954 1129 non
973 1102 1049 1129 dele-

261 1152 361 1182 vcrittt.
380 1150 490 1177 Naturte
513 1154 604 1176 autent
628 1152 807 1179 conduceret,
833 1148 855 1174 si
882 1148 1048 1174 resurrectio

262 1198 334 1225 nulla
359 1201 443 1224 esset.
465 1196 545 1225 Nunc
565 1195 598 1222 ad
614 1195 749 1230 judicium
769 1194 939 1229 resurgimus
966 1199 1050 1228 quot-

262 1248 330 1278 quot
358 1250 454 1270 sumus
472 1241 600 1276 itnprobi.
621 1241 723 1269 Verum
739 1241 826 1268 istanc
847 1241 1047 1267 dubitationem

263 1289 388 1317 dissolvit
413 1289 454 1315 vir
472 1288 584 1323 quidam
604 1287 757 1315 secundum
775 1292 935 1321 utrumque,
949 1292 977 1313 et
995 1293 1050 1321 prie

263 1336 393 1363 omnibus
416 1334 587 1369 probandus,
613 1333 661 1367 qui
679 1334 851 1367 apertissime
873 1333 949 1359 velut
965 1340 980 1360 e
1002 1339 1051 1358 su-

265 1382 353 1415 blimi,
369 1385 396 1408 et
413 1379 504 1407 medio
517 1383 646 1414 suggestu
665 1378 747 1405 docet
758 1398 765 1410 ,
785 1378 894 1410 clamat,
910 1377 1050 1412 prmdicat,

266 1428 350 1455 vitam
367 1427 439 1454 hanc
453 1425 586 1456 stadium,
604 1428 650 1451 aut
663 1423 870 1458 quinquenium
885 1422 1050 1450 ducendam.

267 1473 475 1502 Stadiodrornos
498 1470 585 1498 videri
611 1470 738 1497 homines
763 1469 875 1496 virtutis
902 1469 1052 1496 studiosos.

266 1519 337 1552 Quid
356 1518 431 1545 ertim
448 1517 569 1544 nobilius
583 1523 690 1542 moruut
704 1515 903 1542 sanctimonia?
915 1522 968 1549 qua
986 1521 1054 1548 pne-

267 1564 329 1597 diti,
346 1564 393 1590 Dei
411 1569 439 1590 et
464 1562 564 1590 divina:
578 1562 671 1596 glorize
682 1561 805 1588 ltazredes
816 1564 908 1587 erunt.
924 1560 1055 1594 Volupta-

269 1617 310 1638 tes
324 1615 416 1637 atttem
433 1616 494 1636 esse
507 1608 611 1642 ﬂagella
628 1607 787 1634 duellatoris
808 1606 923 1634 Satanan
939 1606 989 1633 Hic
1003 1613 1054 1632 au-

271 1663 326 1684 tem
343 1654 437 1691 (Deus)
455 1655 529 1681 velut
548 1662 563 1681 e
585 1661 674 1688 pugna
696 1652 860 1681 redeuutem
876 1652 960 1679 tilium
975 1653 1055 1687 longe

269 1702 493 1730 strenuissintum
512 1701 663 1735 excipiens,
690 1700 798 1727 laetatur
818 1703 846 1726 et
869 1700 969 1734 gaudet
993 1706 1055 1725 cum

271 1749 314 1776 liis
330 1748 446 1775 verbis:
472 1746 494 1774 Ο
515 1747 551 1772 fili
571 1746 747 1775 charissime,
774 1745 874 1772 venisti
903 1752 983 1771 cursu
1009 1749 1055 1772 tuo

270 1799 469 1823 constttnrnato.
484 1793 612 1820 Membris
623 1793 676 1820 tuis
697 1792 803 1819 Patrem
818 1791 938 1827 legitime
954 1791 1056 1826 glorifi-

271 1842 355 1870 casti:
380 1841 472 1875 accipe
497 1847 548 1874 pro
565 1847 648 1873 scopo
668 1843 697 1866 et
716 1837 832 1865 consilio
856 1842 904 1864 tuo
925 1837 1054 1864 laborum

271 1888 393 1924 praania,
411 1886 503 1922 qualia
517 1885 694 1920 diligentibus
716 1893 758 1911 me
775 1883 936 1919 przeparavi.
953 1883 993 1910 Tu
1008 1891 1056 1910 au-

274 1939 328 1962 !ctn
360 1933 472 1960 volebas
499 1937 640 1959 certamen
672 1930 802 1958 constitui
832 1929 1056 1964 sempiternum?

271 1979 350 2013 Quis,
359 1979 484 2008 obsecro,
495 1978 673 2005 certationem
684 1976 820 2003 sustinere
835 1975 978 2010 potuisset,
991 1980 1059 2002 tarn-

272 2025 324 2052 etsi
346 2029 420 2051 esset
451 2022 654 2053 adamantinus,
677 2025 705 2047 et
730 2020 948 2051 invulnerabilis,
972 2019 995 2046 si
1015 2020 1059 2046 in-

274 2077 357 2103 super
374 2069 449 2096 hisce
462 2068 580 2095 vinculis
597 2066 722 2101 corporis
735 2066 820 2092 levari
835 2073 889 2092 tton
905 2065 1012 2100 posset?
1026 2065 1060 2092 Et

272 2116 336 2150 quis
347 2115 455 2141 vinctus
467 2115 536 2141 adeo
553 2113 658 2145 infelix,
688 2117 718 2138 ut
737 2112 864 2138 tenebras
879 2116 908 2139 et
922 2118 1060 2138 carcerem

276 2161 344 2188 nolit
370 2159 510 2194 effugere?
532 2160 578 2186 Sin
600 2158 703 2190 minus,
728 2162 756 2184 at
778 2161 852 2184 certe
876 2164 926 2191 pro
955 2157 1061 2194 viribus

278 2208 349 2234 hanc
367 2206 418 2233 sibi
435 2205 574 2232 miseriam
595 2205 630 2231 ita
646 2204 809 2230 imminuere
822 2203 890 2234 vult,
905 2209 935 2230 ut
949 2209 1061 2238 propter

275 2253 455 2288 exiguitatem
464 2251 499 2278 ab
512 2259 543 2278 ea
555 2251 631 2278 nullo
640 2249 750 2284 negotio
759 2249 902 2276 liberetur.
915 2249 998 2284 Cupis
1011 2257 1060 2276 au—

277 2304 332 2326 tent
344 2295 744 2332 perturbationibusinquinari
761 2303 793 2323 ac
806 2295 889 2330 pollui
907 2295 1061 2330 pulchritu-
1082 2313 1104 2342 υ

278 2345 372 2372 dinettt
390 2351 406 2371 a
421 2344 477 2371 Deo
492 2343 594 2374 datam,
608 2348 635 2370 et
648 2343 720 2369 illam
734 2350 858 2377 magnam
876 2342 1031 2376 imaginem,
1044 2342 1066 2368 si

278 2391 509 2419 resurrectionem
534 2397 584 2424 pro
610 2389 833 2416 remuneratione
860 2388 984 2415 laboruut
1013 2396 1067 2415 non

279 2439 331 2466 vis.
351 2438 384 2464 Et
397 2436 537 2472 quomodo
551 2436 678 2462 homines
701 2433 824 2468 quotidie
844 2434 871 2460 in
887 2433 991 2467 flagitia
1012 2440 1067 2459 non

279 2484 469 2519 prolabentur,
496 2482 519 2510 si
541 2483 643 2509 nullartt
670 2489 813 2515 superesse
842 2481 1069 2508 resurrectionem

276 2531 468 2566 judiciuntque
487 2528 670 2556 crediderint?
691 2527 834 2562 Quomodo
856 2535 940 2562 porro
955 2535 1010 2554 rton
1027 2531 1071 2554 est

279 2577 444 2608 absurdum,
461 2576 576 2603 rationis
595 2582 708 2601 rttuttcre
723 2574 896 2603 decoratum,
916 2573 1066 2607 divinoque

281 2624 420 2659 spiraculo
435 2623 578 2657 pnelatum
595 2621 735 2652 omnibus,
751 2620 835 2646 vitam
855 2620 881 2645 itt
897 2627 945 2653 spe
963 2619 1068 2653 reposi—

282 2675 336 2696 tam
351 2669 424 2696 ttolle
447 2667 558 2695 vivere?
577 2667 631 2701 Ego
654 2673 720 2692 vero
741 2665 824 2692 etiam
849 2665 935 2698 ipsam
952 2669 1068 2690 mortem

283 2715 356 2741 hau‘d
381 2719 507 2746 mortem,
533 2712 581 2739 Sed
601 2711 790 2738 felicissimum
815 2710 961 2736 transitum
979 2709 1011 2736 ad
1031 2709 1071 2734 vi-

284 2766 337 2787 tant
350 2760 429 2787 senio
446 2763 597 2788 carentettt,
611 2763 638 2784 et
654 2764 714 2790 quae
727 2757 759 2783 ad
774 2761 882 2790 tempus
895 2756 1070 2790 pertulimus,

283 2813 380 2833 eorum
404 2804 667 2835 remunerationem,
688 2807 717 2830 et
737 2802 903 2829 solutionent
925 2802 1072 2835 quamdam

891 220 1059 251 TlllLlPPl
1081 219 1275 249 SOLlTARll

1827 214 1877 247 iii

1062 282 1080 306 Α
1098 285 1111 303 a
1128 284 1238 303 carcere
1256 276 1365 310 opinor.
1396 275 1468 302 Mors
1491 274 1598 302 Domini
1619 274 1710 301 verbis
1732 273 1800 300 meis
1817 274 1881 300 asti-

1098 323 1217 357 pulatur.
1238 322 1364 349 Divinum
1377 321 1478 356 quippe
1495 328 1596 355 corpus
1610 325 1672 347 ante
1697 327 1791 347 necent
1808 319 1880 346 haud

1096 374 1156 396 erat
1169 369 1288 395 alienant
1304 368 1337 394 ab
1353 367 1476 397 interitu.
1491 366 1656 398 redivivum,
1673 365 1755 400 plane
1769 365 1882 391 itnmora

1098 416 1161 447 tale,
1185 420 1213 442 et
1234 423 1248 442 a
1269 414 1445 452 corruptione
1470 413 1587 439 liberum
1612 411 1709 442 evasit,
1739 415 1833 445 typum
1857 414 1881 436 et

1098 462 1212 488 formam
1238 460 1386 495 praeferens
1415 458 1639 494 regenerationis,
1663 464 1725 492 quae
1753 456 1881 484 omnibus

1098 507 1212 534 Domino
1228 506 1391 533 adveniente
1407 505 1556 539 continget.
1571 503 1696 530 Carnalis
1712 502 1787 529 enint
1802 508 1882 536 gene<

1097 553 1166 580 ratio
1179 555 1390 587 symptomatum
1414 550 1493 584 pletta
1517 554 1569 581 est,
1583 555 1703 583 quorum
1727 547 1805 581 plura
1821 552 1883 572 sunt

1097 606 1210 634 genera,
1228 604 1308 632 quant
1325 596 1438 623 arbores
1453 596 1480 622 in
1497 595 1584 622 silvis.
1600 594 1666 626 Quae
1686 593 1720 620 de
1736 592 1802 618 anni
1819 597 1884 618 leut-

1098 645 1221 679 poribus,
1235 643 1268 670 de
1284 642 1439 674 elementis,
1455 641 1489 668 de
1505 641 1643 670 :etatibus.
1663 640 1697 667 dc
1711 638 1885 669 humoribus,

1098 689 1270 723 simplicibus
1283 693 1310 715 et
1324 687 1519 722 coagmentatis
1533 686 1590 713 sive
1603 684 1740 712 concretis
1756 683 1887 710 disserui-

1097 744 1172 767 mus,
1197 735 1334 770 eiusmodi
1370 739 1444 761 sunt.
1469 733 1601 767 Deinceps
1627 732 1661 758 de
1696 729 1888 766 symptomatis

1100 781 1236 814 agendum
1254 786 1306 806 cst.

1405 814 1516 841 CAPUT
1547 813 1579 839 Χ.

1101 862 1217 888 Tandem
1232 866 1356 895 partuum
1375 865 1593 889 monstrosarum,
1615 863 1639 884 et
1655 857 1747 891 aliqua
1771 856 1888 895 [wditate

1136 891 1276 930 insignium
1293 904 1401 922 utrtsant
1413 895 1608 921 incontinentiw
1617 897 1757 930 parentant
1771 891 1886 930 ascribit.

1137 932 1167 958 In
1183 926 1222 958 liis
1237 932 1297 964 ipsis
1316 930 1441 965 partubus
1454 930 1596 955 atiiitatmt
1610 926 1644 954 ad
1659 934 1743 954 mores
1754 926 1888 952 hominum

1136 966 1303 1001 corrigendos
1318 967 1400 992 inesse
1417 965 1592 991 demonstrat.

1139 1013 1269 1046 Quaedam
1292 1012 1364 1039 ertirn
1386 1011 1420 1038 ab
1436 1012 1496 1045 ipso
1512 1014 1659 1044 conceptu,
1675 1007 1803 1042 quaedam
1830 1010 1890 1040 post

1104 1065 1212 1095 parturn
1230 1064 1334 1086 natura:
1354 1058 1481 1084 humanae
1506 1056 1593 1083 indita
1615 1060 1696 1089 atque
1721 1055 1828 1080 inserta
1852 1051 1891 1077 vi-

1104 1111 1212 1134 suntur.
1233 1105 1289 1132 Etsi
1314 1105 1387 1131 enim
1411 1104 1470 1130 htec
1495 1107 1525 1130 ut
1549 1107 1677 1137 portenta
1693 1099 1819 1135 quadam
1845 1105 1891 1132 per

1106 1153 1248 1180 hominum
1265 1152 1348 1178 vitam
1364 1150 1546 1185 proterviant,
1567 1147 1748 1174 nihilominus
1771 1153 1786 1172 a
1805 1144 1889 1171 ratim

1105 1200 1188 1226 nibus
1206 1199 1305 1225 divinae
1319 1196 1500 1224 Providentia:
1514 1195 1643 1230 pendent,
1658 1201 1719 1228 qua:
1736 1200 1768 1218 ea
1783 1197 1892 1224 compa-

1106 1247 1211 1273 ratione
1226 1245 1382 1277 deterioris,
1398 1243 1471 1278 quod
1483 1242 1581 1269 melius
1595 1245 1647 1272 est,
1664 1239 1750 1273 magis
1761 1237 1891 1264 declarat.

1109 1291 1144 1318 Ut
1159 1291 1226 1317 illud
1242 1290 1353 1324 quidem
1371 1293 1445 1316 metu
1466 1286 1580 1322 periculi
1595 1285 1777 1314 declinemus,
1792 1282 1827 1308 ad
1846 1281 1893 1306 bo-

1108 1344 1174 1363 rium
1207 1340 1298 1362 autem
1328 1334 1504 1369 praztniorum
1528 1330 1668 1359 desiderio
1695 1329 1891 1356 acceleremus.

1109 1382 1168 1410 Mor
1186 1382 1259 1409 ettim
1278 1389 1293 1408 a
1309 1381 1465 1415 complexu,
1481 1383 1630 1413 corporum
1646 1376 1668 1403 si
1684 1375 1780 1406 erasis,
1799 1378 1830 1400 et
1845 1372 1893 1399 alia

1109 1428 1289 1462 congruentia
1314 1426 1429 1456 fuerint,
1449 1430 1479 1452 et
1498 1425 1597 1451 humor
1621 1429 1684 1450 cum
1710 1421 1801 1447 calore
1826 1419 1894 1445 bene

1110 1477 1290 1508 temperatus,
1321 1471 1471 1498 secundum
1495 1475 1643 1503 utrumque
1669 1466 1716 1502 qui
1747 1469 1894 1492 nascentur

1111 1519 1169 1547 ﬁlii.
1188 1518 1329 1544 habebunt
1344 1516 1456 1551 optinre.
1482 1515 1530 1542 Sin
1552 1514 1628 1541 calor
1654 1513 1799 1539 humorem
1813 1517 1894 1536 essm

1111 1565 1259 1600 peraverit,
1272 1562 1418 1598 prudentia
1440 1562 1467 1588 in
1485 1560 1581 1588 sobole
1603 1558 1736 1586 elucebit.
1752 1557 1772 1583 E
1790 1560 1897 1582 contra-

1112 1610 1166 1642 rio,
1184 1610 1206 1636 si
1220 1610 1319 1636 humor
1335 1608 1431 1634 vicerit
1441 1607 1571 1637 calorem,
1588 1612 1666 1631 mens
1680 1601 1827 1638 prttdentia
1844 1607 1896 1627 non

1112 1657 1237 1689 multum,
1265 1659 1294 1682 et
1306 1661 1407 1689 corpus
1427 1653 1536 1680 viribus
1561 1658 1657 1686 parum
1679 1649 1792 1679 valebit,
1811 1654 1896 1674 mem-

1112 1703 1282 1736 brorumque
1298 1705 1402 1727 tremor
1415 1703 1555 1734 sequetur.
1567 1697 1636 1725 Cum
1650 1697 1723 1723 enim
1744 1699 1847 1721 natura
1864 1698 1898 1727 ty-

1111 1756 1176 1784 pum
1192 1752 1219 1775 et
1239 1747 1353 1774 formam
1369 1745 1441 1772 haud
1462 1745 1529 1772 satis
1554 1751 1615 1770 sese
1639 1740 1898 1769 accommodaverit,

1112 1799 1264 1830 conceptus
1278 1795 1336 1828 ipse
1348 1798 1377 1820 et
1397 1792 1480 1824 crasi,
1497 1798 1523 1818 ct
1544 1790 1709 1818 formatione
1726 1788 1898 1815 imtnutatur,

1113 1846 1290 1877 gestaturque
1309 1840 1336 1866 in
1349 1843 1428 1866 utero
1439 1837 1630 1872 opprobrium,
1649 1833 1816 1870 prodigium.
1830 1839 1900 1858 mor-

1113 1887 1177 1918 bus,
1191 1885 1367 1916 dissolutum,
1387 1883 1501 1914 foedum,
1517 1887 1545 1908 et
1561 1887 1675 1916 prorsus
1691 1879 1768 1905 mala:
1786 1877 1898 1903 habitu-

1114 1933 1198 1963 dinis.
1225 1931 1267 1958 vel
1294 1932 1320 1957 itt
1342 1929 1472 1956 membris
1496 1927 1638 1956 omnibus.
1653 1926 1696 1952 vel
1711 1929 1788 1952 certe
1806 1923 1835 1949 in
1853 1922 1900 1948 ali-

1114 1979 1234 2014 quibus:
1251 1976 1374 2004 strabum
1391 1981 1468 2010 pttta,
1487 1978 1568 2000 acuto
1589 1972 1689 2006 capite,
1711 1969 1899 2005 epilepticum,

1116 2012 1252 2052 mutilum.
1280 2023 1312 2049 Et
1330 2021 1393 2048 talia
1418 2027 1482 2047 sane
1508 2019 1549 2046 vel
1574 2019 1610 2045 ob
1628 2023 1784 2045 excessum,
1807 2014 1852 2041 vel
1867 2012 1901 2039 ob

1116 2070 1252 2097 defectum
1280 2068 1369 2095 solent
1398 2066 1469 2093 ﬁeri.
1488 2064 1556 2097 .Qui
1591 2063 1732 2090 moderate
1760 2059 1901 2087 amoribus

1116 2119 1242 2147 utuntur,
1263 2118 1418 2148 opportune
1446 2110 1669 2146 coniunctionem
1694 2108 1770 2134 illaut
1790 2105 1901 2139 dispen~

1118 2167 1188 2190 sant.
1202 2161 1253 2194 Qui
1268 2161 1434 2194 impotenter
1452 2158 1478 2184 in
1494 2163 1623 2183 venerem
1645 2158 1742 2184 ruunt,
1757 2157 1785 2180 et
1805 2152 1902 2178 intent-

1118 2208 1223 2242 pestive
1238 2205 1426 2240 voluptatibus
1443 2203 1496 2230 illis
1519 2201 1785 2230 commiscendorum
1806 2204 1903 2232 corpo-

1119 2261 1179 2281 rum
1213 2252 1354 2282 fruuntur,
1383 2251 1418 2276 iis
1444 2249 1542 2276 abusio
1569 2247 1767 2274 detrinteutosa
1796 2248 1850 2274 est,
1875 2240 1914 2269 et'

1118 2299 1249 2326 labuntur
1275 2297 1301 2323 in
1327 2295 1517 2330 ignominiam,
1531 2298 1558 2320 et
1576 2301 1605 2320 se
1622 2291 1790 2319 deridendus
1807 2288 1899 2324 propi-

1118 2349 1183 2372 nant
1195 2342 1334 2370 erunibus.
1350 2341 1420 2368 Hinc
1438 2345 1466 2367 et
1481 2339 1640 2366 hominibus
1661 2336 1817 2364 istiusmodi
1834 2335 1905 2362 cala-

1117 2390 1227 2417 milates
1252 2386 1315 2414 inde
1344 2393 1431 2420 usque
1450 2393 1482 2412 cx
1498 2390 1578 2411 utero
1601 2383 1696 2410 matris
1712 2381 1855 2411 eveniunt,
1877 2384 1905 2405 et

1118 2436 1256 2472 praecipue
1269 2433 1444 2461 vecordibus.
1466 2430 1591 2458 Ebrietas
1609 2435 1720 2463 quoque
1736 2431 1849 2461 propter
1863 2424 1905 2450 ni-

1119 2483 1201 2509 miant
1229 2479 1420 2514 intemperieut
1447 2477 1644 2504 detrimentosa
1667 2478 1720 2503 est,
1739 2472 1906 2507 genituram-

1119 2536 1173 2563 que
1198 2535 1252 2554 non
1285 2524 1442 2554 fecundatn,
1472 2521 1520 2549 sed
1556 2521 1682 2548 inutilem
1717 2527 1749 2544 ac
1784 2517 1904 2543 sterilem

1121 2561 1222 2600 reddit.
1251 2571 1320 2598 Hinc
1349 2567 1576 2604 reprehendenda
1603 2565 1785 2598 quorumdam
1811 2561 1904 2590 libido,

1118 2620 1164 2653 qui
1187 2622 1293 2645 secreta
1320 2616 1364 2642 illa
1389 2614 1540 2650 coniugalia
1561 2610 1764 2646 imprudentius
1780 2609 1903 2634 miscent.

1117 2665 1253 2692 Ca’terum
1272 2667 1358 2689 toturn
1375 2662 1481 2688 crimen
1499 2666 1583 2694 penes
1601 2662 1692 2693 patres
1719 2655 1834 2685 residet,
1859 2651 1905 2686 qui

1121 2711 1249 2738 mulieres
1272 2717 1304 2736 ex
1321 2707 1463 2735 mensibus
1489 2704 1644 2733 itnmundas
1668 2706 1838 2730 contrectare
1853 2705 1907 2725 non

1122 2761 1248 2791 parcunt,
1260 2754 1332 2781 unde
1347 2752 1522 2788 postmodum
1535 2750 1619 2777 fmtus
1629 2745 1808 2776 abominandi
1820 2744 1907 2772 effun-

1127 2802 1230 2828 dttntur
1246 2803 1264 2826 '.

1016 2847 1154 2877 Scholia.

320 2905 328 2911 ‘
350 2902 429 2928 Aiunt
451 2902 521 2927 enim
540 2902 648 2936 quidam
665 2909 696 2927 ex
713 2899 895 2934 hujuscemodi
915 2899 1070 2925 connncrcio

287 2941 311 2962 et
326 2936 477 2969 probrosum
494 2938 630 2970 quiddam,
645 2941 669 2962 et
692 2936 794 2970 lepram
818 2935 950 2969 generari,
967 2939 1073 2969 propter

1126 2898 1328 2924 redundantiam
1345 2897 1451 2922 scilicet.
1477 2896 1513 2922 At
1541 2895 1564 2921 si
1589 2893 1693 2928 quidem
1719 2899 1786 2918 sane
1812 2889 1906 2928 [perint

1128 2940 1249 2965 corpora,
1263 2933 1341 2959 etiam
1357 2940 1423 2957 sana
1442 2936 1518 2957 erant
1541 2924 1600 2959 aure
1623 2930 1793 2960 generantur.
1810 2924 1907 2951 Sicor-
