2032 3156
269 183 322 215 8i"!

912 181 1083 212 PHILIPPI
1100 181 1299 212 SOLITARII

1850 185 1896 216 848

270 240 435 274 imparatum
456 242 543 272 atque
560 236 691 264 inermem
709 235 862 268 inveniens,
882 236 944 263 telis
960 241 988 264 et
999 236 1059 263 vul-
1073 239 1099 268 Α
1112 245 1171 265 rum
1189 237 1335 264 devolutus
1345 242 1387 264 est
1401 246 1406 264 ε
1424 245 1539 272 qumque
1557 241 1656 272 praeter
1673 242 1797 266 natumut
1813 247 1893 271 erant.

267 286 381 313 ncribus
395 292 458 312 eum
473 283 548 311 nullo
561 283 672 318 negotio
687 287 875 318 prosterneret
898 287 981 318 atque
994 291 1057 310 con-

266 332 370 360 ﬁceret.
402 329 566 364 Duplicibus
601 336 682 363 porro
709 334 737 356 et
768 327 933 356 ﬁrmissimis
969 329 1054 356 armis

264 384 327 404 eum
357 374 549 403 communivit.
579 374 618 401 Ea
638 378 703 401 sunt
727 374 864 409 cupiditas
890 379 916 401 et
937 374 984 401 irae
1002 374 1052 401 vis.

261 421 327 455 Quae
343 428 500 456 quanquam
515 420 543 447 in
562 427 594 447 ca
614 424 691 455 parte
708 420 806 447 anima!
818 425 975 451 versantur,
993 428 1054 454 qme

261 467 370 495 consilii
391 474 490 501 expers
504 470 557 497 est,
584 465 658 500 quod
681 473 763 492 nemo
780 466 934 501 negaverit,
952 466 1054 492 nihilo-

263 513 355 540 minus
370 511 471 540 rationi
490 511 523 539 ad
541 511 676 539 auxilium
700 515 728 539 et
751 511 837 539 robur
852 511 1002 546 quoddam,
1020 512 1052 539 ad
1068 541 1070 545 π

260 559 435 586 seductorem
447 558 651 590 lacessendum,
672 557 907 592 persequendum,
921 563 1003 592 atque
1019 558 1053 585 ad

259 612 402 633 sacrarum
418 604 560 632 actionum
577 609 681 631 rectam
695 603 878 636 iunctionem,
895 595 997 639 quibus
1009 604 1052 631 di-

258 650 353 677 vinum
367 656 470 677 numen
487 649 658 682 hominibus,
674 655 791 683 quorum
809 657 901 676 mores
918 655 946 677 et
960 650 1052 677 studia

257 696 292 724 ad
314 696 488 724 sanctitatem
516 695 654 727 feruntur,
673 695 815 722 conciliari
839 695 918 727 solet,
938 695 1000 722 data
1024 700 1052 722 et

257 749 391 770 concessa
409 745 486 769 sunt.
501 740 565 768 Haec
578 740 635 768 duo
651 740 752 775 ecquid
769 740 979 773 animadvertis,
994 746 1052 767 lan-

257 796 341 823 quam
356 793 460 816 matres
474 787 610 814 virtutum
624 790 653 814 et
668 786 799 814 vitiorum
814 786 894 814 esse?
912 791 1050 813 verumta-

258 842 322 862 men
338 841 394 862 non
413 833 538 861 omnium
556 840 683 868 prorsus,
702 832 751 860 sed
774 840 835 867 quae
852 840 885 860 ex
901 832 969 867 ipsis
987 841 1050 867 pro-

258 881 332 917 gigni
364 883 580 912 consueverunt,
617 885 680 914 quae
712 878 800 906 oratio
826 883 923 906 nostra
949 878 1051 906 clarius

257 926 472 955 demonstrabit.
496 925 537 953 Tu
560 925 685 952 animum
713 924 758 952 tae
781 924 918 957 attendas,
942 928 971 951 et
993 932 1051 951 rem
1067 922 1090 951 B

256 981 366 1002 omnem
376 980 537 1009 cognosces.
547 971 715 1007 Cupiditatis
726 978 839 1006 germen
856 975 899 998 est
916 970 1048 1003 charitas,

255 1028 306 1054 per
324 1027 408 1055 quain
434 1019 463 1046 in
481 1018 583 1055 cgelum
605 1017 793 1045 ascendimus.
810 1016 865 1044 Sed
882 1016 957 1044 enim
981 1016 1050 1044 libet

255 1053 412 1095 accuratius
433 1053 516 1101 super
539 1065 594 1092 hoc
614 1065 769 1100 disputare.
792 1063 888 1099 Cogita
915 1063 997 1097 iram,
1022 1068 1050 1092 et

254 1112 435 1147 cupiditatem
452 1111 577 1139 triticum
590 1119 652 1139 esse
670 1111 786 1144 bonum,
800 1115 829 1139 et
843 1111 928 1138 tritici
942 1119 1048 1144 semen,

253 1157 329 1192 quod
346 1157 405 1192 ipse
420 1157 541 1193 agricola
562 1161 590 1185 et
605 1157 743 1192 plantator
763 1156 899 1184 bonorum
915 1157 1049 1184 Dominus

254 1204 363 1231 cultura
387 1204 549 1236 intrinseca,
567 1203 657 1239 gratia
675 1203 820 1230 manifesta
844 1203 1048 1237 supersemina-

254 1249 304 1275 vit.
320 1248 431 1276 Primus
441 1248 526 1284 igitur
540 1248 624 1276 homo
638 1255 791 1276 conversus
805 1252 848 1276 est
865 1249 893 1275 in
909 1256 1046 1283 soporem,

255 1298 286 1321 ut
302 1293 384 1321 docet
399 1293 542 1328 Scriptura
555 1295 577 1321 ³.
603 1293 657 1322 Sed
680 1301 808 1329 soporem
830 1294 903 1321 hunc
925 1294 1047 1329 inlellige

255 1344 312 1367 tres
329 1339 412 1367 hasce
433 1339 588 1374 passiones,
608 1339 786 1374 oblivionem,
815 1340 996 1375 ignorantiam
1019 1344 1047 1368 et

252 1390 394 1421 stuporem
410 1386 431 1412 '.
448 1418 457 1425 ἱ

288 1431 418 1459 Inimicus
430 1438 496 1466 ergo
513 1430 715 1459 dormientibus
727 1431 907 1466 protoplastis
922 1431 993 1459 clam
1009 1432 1042 1459 ad

251 1478 402 1513 perniciem
428 1477 511 1505 tritici
535 1477 639 1505 zizania
661 1478 790 1507 seminat.
816 1477 928 1505 Zizania
951 1483 1043 1506 autem

252 1528 317 1551 sunt
331 1524 479 1551 aﬂ‘ectuum
495 1522 617 1558 agitatio,
632 1527 660 1550 et
673 1523 771 1558 jttdicii
788 1524 959 1558 depravatio.
979 1524 1045 1552 Inde

251 1577 315 1597 cum
329 1578 359 1597 se
371 1570 454 1597 homo
465 1573 561 1598 contra
580 1569 716 1597 rationem
730 1569 919 1604 voluptatibus
939 1570 1045 1598 submi-

251 1615 342 1649 sisset,
354 1615 428 1651 quod
450 1615 626 1651 pratstantius
650 1620 702 1648 est,
729 1615 861 1643 deteriori
886 1617 1046 1644 servitutem

251 1661 356 1690 servire
369 1661 469 1695 coepit;
497 1668 551 1695 quo
576 1660 645 1688 nihil
669 1661 766 1696 pejus;
788 1661 840 1687 hoc
865 1665 916 1693 est,
934 1662 1048 1696 spiritus

250 1707 404 1742 prudentiae
415 1706 516 1739 carnis,
527 1713 554 1734 et
568 1706 688 1734 comedit
697 1706 771 1741 quod
781 1706 901 1733 comedit
909 1707 942 1734 de
952 1707 1026 1743 tigno
1039 1717 1047 1737 ;

250 1754 434 1789 quodcunque
445 1753 553 1781 tandem
567 1752 635 1780 illud
651 1758 721 1784 erat,
737 1753 821 1788 idque
834 1759 926 1781 actum
941 1754 1044 1782 invidia

250 1800 352 1828 diaboli
382 1804 410 1827 et
434 1799 497 1827 Evae
524 1799 712 1834 simplicitate.
751 1799 820 1826 Hinc
851 1800 1046 1828 mortalitatem

250 1846 366 1878 invenit,
378 1851 406 1873 et
416 1850 544 1873 creatura
553 1850 682 1880 corrupta
698 1850 741 1873 est
757 1846 855 1880 simul;
874 1846 955 1874 simul
975 1854 1046 1882 quo-

249 1900 302 1927 que
323 1896 452 1927 corrupta
474 1892 562 1927 prima
587 1896 705 1926 quatuor
729 1900 855 1927 corpora.
879 1893 939 1920 Non
971 1893 1044 1921 enim

254 1938 409 1972 oportebat,
436 1945 487 1964 nec
507 1937 632 1970 decebat,
657 1937 768 1964 homine
796 1938 883 1972 lapso,
907 1938 1042 1965 mundum

249 1991 360 2011 manere
384 1983 633 2018 incorruptibilem,
648 1984 727 2018 cujus
747 1983 793 2010 ille
817 1988 877 2010 erat
895 1984 1043 2012 dominus:

248 2028 295 2056 sed
327 2029 418 2063 potius
440 2035 503 2055 cum
532 2028 645 2055 domino
669 2028 793 2055 difﬂuere
826 2036 858 2055 ac
883 2021 979 2061 dilabi,
1016 2034 1045 2056 ut

248 2082 310 2105 eum
348 2073 501 2101 habitatore
536 2073 723 2101 habitaculum
760 2078 936 2109 congrueret.
979 2075 1044 2102 Inde

248 2119 375 2154 imaginis
407 2118 583 2154 pulchritudo
611 2118 752 2146 obfuscata
781 2123 834 2151 cst,
864 2119 927 2146 inde
952 2120 1044 2148 cordis

249 2166 324 2199 regio
341 2163 487 2191 fruticibus
506 2163 659 2196 luxurians,
675 2163 747 2190 unde
764 2171 876 2199 germen
904 2164 1043 2199 impurum

246 2210 421 2246 germinavit.
444 2209 558 2237 Inutiles
582 2209 674 2237 herbm
694 2209 858 2241 coorientes,
884 2210 1043 2238 commodas

1113 283 1177 311 inde
1193 282 1345 311 secundum
1372 287 1498 310 naturam
1520 289 1679 315 evaserunt,
1699 285 1896 321 proceduntque

1111 333 1136 356 ct
1154 329 1302 363 proﬁciunt
1319 329 1352 356 ad
1369 328 1449 356 linem
1463 337 1549 364 usque
1568 330 1652 366 hujus
1663 330 1726 358 vitae
1741 331 1821 358 ambo
1835 332 1895 364 haec,

1109 380 1137 401 et
1154 375 1225 402 bona
1237 379 1264 401 et
1280 375 1360 408 mala,
1379 375 1503 407 seminis,
1519 375 1642 410 inquam,
1658 382 1685 402 et
1699 376 1816 404 invidie
1835 378 1896 405 Cum

1109 425 1201 447 autem
1216 421 1313 447 messis
1334 425 1444 455 tempus
1460 420 1613 454 advenerit,
1627 421 1790 456 colliguntur
1801 423 1893 450 omnia.

1107 466 1239 494 Inimicus
1252 467 1335 496 enim,
1353 472 1382 493 ut
1399 466 1502 494 dictum
1516 471 1567 498 est,
1583 467 1720 494 deteriora
1735 469 1893 503 supersemi-

1109 511 1194 538 navit.
1209 511 1335 546 Agricola
1346 512 1412 538 sinit
1423 519 1454 538 ea
1467 520 1529 539 cum
1544 513 1636 540 tritico
1647 521 1818 546 excrescere,
1844 523 1893 542 non

1108 563 1138 585 ut
1151 559 1263 586 meliora
1280 558 1384 586 semina
1401 558 1569 587 suﬂ‘ocarent
1582 569 1588 586 :
1602 560 1649 587 sed
1665 567 1694 587 ut
1704 565 1731 588 et
1748 561 1806 588 hac
1819 561 1892 588 simul

1107 604 1135 631 in
1152 605 1225 632 arvis
1240 609 1394 635 manerent,
1414 605 1441 631 id
1461 609 1512 637 est,
1539 604 1565 632 in
1592 606 1735 638 cordibus,
1766 607 1808 634 sic
1827 607 1894 634 enim

1107 651 1213 685 tropice
1228 651 1358 678 voravit:
1374 655 1403 678 ut
1416 658 1450 678 ex
1462 651 1565 678 virtute
1592 651 1668 678 intus
1689 651 1771 679 insita
1795 653 1836 687 (ea
1859 659 1896 682 est

1106 697 1194 723 virtus
1211 700 1239 723 et
1261 700 1382 731 potestas
1402 696 1502 723 mentis
1513 700 1541 723 et
1556 696 1675 730 consilii,
1701 698 1769 725 citra
1798 705 1897 727 contra,

1107 742 1233 775 versiam)
1250 742 1350 769 malum
1367 750 1479 777 germen
1491 747 1675 774 exaresceret,
1695 743 1800 772 bonum
1821 753 1896 781 auge-

1104 793 1195 816 sceret
1217 795 1249 815 ac
1271 788 1460 816 solidesceret.
1484 787 1533 816 Sin
1560 788 1662 820 minus.
1693 794 1721 817 at
1741 795 1818 818 certe
1838 791 1895 818 dum

1105 841 1169 861 area
1181 838 1358 869 purgarctur,
1378 842 1432 869 qua
1453 835 1616 869 purgatione
1639 835 1770 863 vitiosum
1785 844 1801 864 a
1817 838 1895 872 probo

1106 883 1301 908 secerneretur
1311 881 1341 906 ”.

1414 939 1528 968 CAPUT
1542 940 1599 967 ΧΠ.
1838 963 1844 968 .

1106 982 1142 1009 De
1158 987 1273 1021 quatuor
1296 984 1434 1021 uirtutibus
1454 985 1647 1016 cnrdinalibus,
1665 993 1811 1021 eorumque
1835 986 1896 1012 vitii:

1140 1019 1276 1053 oppositis.
1299 1019 1386 1047 Multa
1410 1021 1473 1047 item
1495 1021 1525 1046 de
1550 1021 1634 1047 animi
1650 1019 1894 1055 perturbationibus,

1139 1061 1198 1088 qum
1213 1059 1236 1081 et
1251 1063 1267 1081 a
1286 1055 1377 1089 quibus
1390 1055 1530 1082 virtutibus
1542 1055 1707 1083 edomentur.

1140 1109 1216 1137 Mens
1235 1110 1329 1145 igitur,
1351 1110 1418 1137 illud
1439 1110 1554 1138 rationis
1578 1111 1727 1146 particeps,
1746 1112 1791 1139 vel
1814 1112 1895 1146 potius

1104 1155 1172 1183 illud
1188 1166 1197 1182 t
1213 1157 1364 1184 secundum
1379 1157 1535 1192 imaginem,
1555 1167 1563 1183 ι
1581 1162 1611 1184 ιιι
1625 1158 1756 1193 princeps
1768 1159 1893 1193 optimus,

1103 1200 1174 1233 aliis,
1187 1201 1330 1236 cupiditati
1345 1209 1455 1236 nempe,
1471 1207 1499 1229 et
1519 1202 1565 1229 ine
1578 1210 1639 1237 qua:
1658 1211 1734 1230 arum
1751 1203 1893 1238 appellavi,

1103 1245 1240 1280 prtesidet.
1256 1246 1279 1274 Α
1293 1251 1385 1274 mente
1400 1247 1483 1282 igitur
1499 1248 1644 1282 prudentia
1656 1254 1683 1276 et
1698 1249 1810 1284 justitia
1821 1249 1892 1276 elllo~

1104 1296 1228 1324 rcscunt,
1243 1292 1304 1320 dua:
1321 1293 1400 1327 plane
1417 1294 1546 1326 virtutes,
1565 1302 1613 1329 per
1625 1302 1694 1330 quas
1706 1295 1802 1322 omnia
1816 1295 1894 1326 bona,

1102 1344 1158 1364 non
1183 1338 1252 1365 bona
1271 1339 1424 1367 rectissime
1447 1340 1554 1375 judicat
1571 1345 1597 1367 ct
1619 1339 1764 1368 discernit.
1796 1341 1891 1369 Judicii

1101 1383 1177 1411 enim
1194 1383 1313 1410 medulla
1334 1388 1376 1411 est
1388 1384 1529 1418 discretio,
1543 1386 1604 1413 sine
1618 1394 1671 1422 qua
1697 1387 1893 1421 propemodum

1102 1429 1192 1456 onmis
1203 1429 1275 1457 actio
1289 1430 1378 1457 inullis
1390 1435 1442 1458 est.
1458 1432 1573 1459 Peccata
1586 1432 1670 1468 igitur
1681 1433 1808 1465 rationis,
1821 1433 1894 1468 cujus

1100 1479 1143 1502 est
1157 1475 1338 1510 principatus,
1357 1476 1463 1512 legibus
1479 1478 1644 1512 puniuntur,
1666 1482 1694 1505 ct
1707 1478 1821 1514 quidctn
1840 1486 1894 1513 gra-

1101 1522 1163 1549 vius
1180 1531 1186 1548 :
1206 1522 1253 1549 ira:
1266 1526 1357 1549 autem
1375 1528 1403 1550 et
1431 1523 1591 1558 cupiditatis
1605 1524 1707 1556 minus,
1721 1532 1754 1551 ex
1770 1532 1827 1559 qua
1845 1524 1896 1551 elc-

1101 1568 1193 1603 gantia
1208 1569 1396 1603 temperantia:
1415 1570 1526 1604 proﬂuit
1540 1578 1547 1596 :
1561 1570 1633 1598 sicut
1644 1578 1678 1598 ex
1691 1571 1729 1596 ira
1742 1570 1891 1598 fortitudo:

1100 1621 1133 1640 ex
1149 1613 1192 1641 Itis
1207 1614 1294 1641 tribus
1311 1621 1442 1649 quatuor,
1457 1620 1485 1642 et
1498 1616 1592 1650 primrc
1608 1616 1724 1643 virtutes
1739 1616 1893 1651 generales.

1099 1659 1139 1686 sic
1153 1659 1227 1686 enitn
1248 1659 1390 1686 dicuntur.
1405 1659 1528 1693 Quatuor
1547 1665 1639 1687 autem
1655 1661 1699 1687 his
1719 1661 1761 1688 bis
1778 1666 1894 1695 quatuor

1099 1705 1165 1732 vitia
1180 1710 1368 1740 opponuntur,
1382 1706 1492 1741 quando
1505 1714 1675 1742 unaquaeque
1689 1706 1743 1734 dno
1754 1708 1840 1734 habet
1851 1707 1896 1734 ad-

1099 1751 1230 1783 versaria,
1255 1759 1372 1786 quorum
1397 1760 1484 1779 unum
1515 1752 1543 1779 in
1571 1760 1697 1785 excessu,
1723 1754 1842 1780 alterum
1870 1754 1896 1780 in

1099 1796 1207 1824 defectu
1227 1790 1346 1831 positum
1371 1803 1423 1826 est.
1450 1797 1490 1825 Ne
1515 1797 1595 1833 longe
1619 1798 1728 1831 abeam,
1748 1799 1895 1833 prudentia

1099 1842 1163 1870 hinc
1179 1843 1290 1877 quidem
1305 1842 1519 1877 simplicitatem,
1534 1844 1597 1871 inde
1607 1845 1749 1878 astutiam,
1763 1846 1824 1873 sive
1841 1845 1894 1872 cal-

1096 1888 1249 1916 liditatem:
1267 1889 1374 1924 justitia
1393 1890 1522 1924 utrinque
1543 1890 1605 1924 plus
1615 1890 1708 1918 minus
1717 1890 1894 1918 habetzsunt

1097 1934 1171 1961 eniut
1186 1939 1214 1961 et
1227 1934 1284 1961 lisse
1301 1935 1378 1961 vitia.
1395 1935 1563 1962 Fortitudini
1588 1935 1717 1964 similiter
1735 1937 1792 1964 duo
1811 1945 1893 1972 repu-

1096 1984 1191 2015 gnant,
1211 1987 1330 2014 quorum
1356 1980 1472 2007 alterum
1495 1980 1611 2009 audacia
1634 1981 1748 2016 dicitur,
1775 1983 1893 2010 alterum

1098 2026 1239 2053 timiditas.
1257 2026 1323 2059 Qua:
1342 2026 1446 2061 reliqua
1465 2031 1518 2059 est,
1544 2028 1744 2062 temperantior,
1769 2027 1893 2064 inquam,

1097 2072 1247 2107 petulantia
1261 2076 1289 2099 et
1303 2072 1414 2100 fatuitas
1430 2073 1614 2101 adversantur

1131 2119 1312 2153 Quotcunque
1328 2124 1418 2145 autem
1431 2119 1490 2146 alite
1506 2119 1653 2152 motiones,
1671 2121 1746 2148 intus
1760 2120 1787 2147 in
1802 2121 1893 2148 medio

1095 2165 1196 2197 cordis,
1214 2173 1263 2192 seu
1277 2173 1377 2199 pravae,
1391 2173 1439 2192 seu
1457 2166 1692 2194 commendabiles
1704 2167 1891 2198 concitantur,

1094 2211 1279 2246 cogitationis,
1295 2216 1377 2246 atque
1392 2211 1506 2239 rationis
1520 2212 1592 2240 fetus
1609 2219 1684 2240 sunt.
1702 2213 1893 2240 Ratiocinatur

246 2261 272 2284 et
291 2256 370 2284 utiles
387 2256 565 2283 suﬂ‘ocarunt.
581 2256 614 2283 Et
627 2256 752 2283 celeriter
778 2256 810 2283 ad
829 2256 911 2283 vitam
939 2257 1042 2285 bestia-
1057 2261 1083 2291 D
1098 2259 1183 2287 enim,
1195 2257 1346 2292 etjudicat,
1362 2258 1470 2285 tametsi
1488 2265 1685 2294 nonnunquam
1701 2259 1805 2286 fallitur

283 2316 291 2329 ²
308 2315 375 2342 Gen.
395 2321 425 2345 tt,
451 2313 496 2340 21.

991 2362 1130 2393 Scholia.

281 2416 288 2424 ‘
300 2413 432 2442 Isidorus.
446 2413 529 2447 Unde,
540 2415 637 2449 inquis,
649 2415 819 2449 cogitationes
832 2414 948 2441 mttlwtle
960 2415 1036 2441 corde

244 2453 348 2481 exeunt,
365 2454 387 2476 ct
408 2450 538 2476 hominem
553 2449 712 2484 impellunt?
729 2450 770 2476 Ex
783 2457 812 2475 eo
823 2450 892 2481 quod
902 2450 1036 2476 dormiunt

244 2485 378 2520 agricolte,
392 2493 455 2526 quos
466 2485 575 2526 cigilqre
587 2485 733 2526 oportebat,
748 2489 772 2510 et
792 2485 931 2526 excubare,
943 2490 972 2526 let
985 2485 1038 2526 ςμῖἶ

243 2529 301 2547 cere
315 2525 343 2547 ut
359 2528 390 2546 ev
400 2520 465 2546 bono
479 2521 578 2546 sentina
600 2523 680 2547 bonus
708 2520 807 2554 [ructus
832 2520 957 2554 prodiret.
982 2520 1038 2546 Nisi

242 2557 313 2582 enim
327 2556 450 2582 satietate
467 2560 490 2582 et
505 2564 598 2590 sopore
617 2556 765 2582 custodiant
777 2556 859 2581 nostri
878 2555 1037 2589 prodimus-

244 2600 312 2621 nius,
329 2592 446 2618 divinam
466 2591 609 2625 imaginem
628 2591 766 2625 findunt“,
781 2591 827 2616 hoc
849 2595 896 2621 est,
919 2591 1038 2617 divinum

242 2635 329 2653 semen
352 2626 542 2658 adulterantes,
565 2627 730 2652 zizaniorum
744 2631 818 2652 sator
831 2626 968 2652 introitum
988 2634 1039 2652 non

242 2662 394 2693 inuertisset,
404 2669 449 2687 nec
468 2662 547 2695 digna
564 2662 679 2696 [Intnmis
691 2662 718 2687 in
731 2661 803 2688 nobis
817 2667 940 2695 operatus
956 2668 1018 2687 esset
1031 2669 1039 2688 :

249 2707 256 2722 ι
280 2697 333 2728 Vis,
347 2699 426 2727 imus,
439 2696 586 2731 colligimus
595 2704 624 2722 ea
636 2697 743 2728 (Matt/1.
755 2704 812 2722 xtn.
824 2697 882 2729 28)?
896 2706 904 2721 ι
921 2697 1042 2731 inquiunt

241 2733 349 2758 virtutes
368 2731 502 2766 (ιιιθειιείιι.
524 2732 577 2758 Sed
600 2733 686 2765 t‘acere
710 2733 778 2758 istuc
803 2733 983 2766 prohibentur,
1010 2740 1042 2757 ne

243 2775 300 2793 cum
312 2768 347 2794 eis
360 2775 413 2793 una
435 2768 551 2793 triticum
567 2767 735 2793 eradicatur:
752 2775 784 2793 ne
799 2768 867 2801 [orte
882 2775 935 2793 una
948 2767 1042 2800 rapia-

241 2806 285 2828 tur
309 2807 443 2836 peccator,
464 2802 495 2828 de
511 2802 694 2828 emendatione
707 2802 826 2837 cogitans
841 2810 849 2829 :
864 2810 896 2829 ne
914 2810 972 2828 cum
995 2810 1043 2836 pu-

241 2838 358 2863 rentibns
382 2837 508 2871 improbis
527 2837 607 2864 simul
626 2837 825 2868 cxscindantur,
842 2842 866 2863 ct
880 2838 1042 2864 damnentur

241 2871 326 2904 liberi,
344 2872 428 2898 adhuc
438 2873 548 2908 swpein
562 2872 654 2898 lutnbis
670 2874 797 2907 paternis,
818 2873 870 2899 [tuo
886 2878 973 2899 autem
981 2873 1042 2908 jam

240 2908 404 2939 exsistentes,
427 2908 470 2941 qui
491 2907 559 2933 uidet
578 2908 741 2939 abscondita,
767 2908 863 2942 quique
890 2908 962 2935 Esau
987 2911 1044 2943 post

1091 2418 1224 2448 peccatum
1240 2422 1292 2440 non
1307 2415 1456 2452 demessuit,
1470 2422 1502 2442 ne
1523 2415 1603 2442 simul
1621 2415 1668 2443 Job
1680 2425 1712 2444 ex
1737 2418 1785 2444 il.o
1808 2425 1891 2452 genus

1093 2455 1151 2476 ttuct
1158 2458 1236 2475 urum
1249 2450 1420 2476 t’xscinderet.

1127 2487 1146 2495 ·¹
1163 2485 1294 2511 Isidorus.
1306 2485 1454 2522 Prudentia
1465 2486 1550 2513 media
1560 2492 1597 2513 est
1612 2487 1680 2513 inter
1692 2488 1891 2522 simplicitatem

1090 2525 1115 2547 et
1132 2522 1285 2557 versutiam.
1301 2520 1458 2547 Libera/itas
1484 2522 1553 2548 inter
1579 2520 1758 2557 profusionem
1774 2529 1798 2550 et
1810 2528 1890 2550 terra.

1092 2557 1207 2593 citatum.
1229 2555 1437 2593 Magnanimitas
1467 2557 1535 2583 inter
1566 2555 1750 2593 tit-rogantium
1766 2564 1791 2585 et
1808 2559 1884 2593 obje-

1092 2591 1203 2617 ctiunem
1220 2591 1313 2617 animi.
1329 2590 1463 2618 Fortitudo
1478 2593 1547 2618 inter
1558 2590 1697 2620 audacium
1717 2599 1741 2620 et
1758 2590 1892 2620 (inliditu-

1095 2631 1157 2652 tcm.
1178 2625 1264 2652 Pietas
1282 2626 1350 2652 inter
1363 2628 1573 2660 superstitionem
1595 2633 1618 2654 ct
1637 2630 1809 2662 impietatem.
1832 2629 1890 2655 [fx—

1095 2666 1180 2699 trcmn
1191 2662 1276 2699 igitur
1298 2661 1433 2695 fugienda,
1448 2664 1534 2690 media
1555 2668 1643 2690 autem
1662 2661 1841 2699 persequenda
1864 2668 1889 2690 et

1091 2697 1213 2731 eligenda
1229 2701 1301 2722 sunt.

1183 2732 1311 2758 Basilius.
1329 2731 1544 2760 Pcrlurbutionex
1560 2735 1758 2768 importnnwnc
1767 2733 1890 2760 violetth

1092 2773 1163 2798 sunt,
1175 2768 1198 2792 si
1212 2773 1302 2803 cesset
1314 2768 1392 2798 ratio,
1416 2776 1469 2802 qua
1490 2769 1616 2796 eulcmus.
1643 2770 1685 2796 Ea
1704 2770 1850 2803 imperante
1863 2773 1890 2794 ει

1093 2803 1219 2839 instante,
1238 2801 1315 2836 facile
1328 2801 1517 2839 ittobscquiunt
1540 2804 1705 2839 rediguntur.

1179 2838 1322 2864 Maximus.
1339 2837 1442 2864 [lorum
1450 2840 1504 2866 alia
1512 2837 1658 2871 bona,ralia
1669 2839 1741 2866 mala
1752 2843 1784 2866 ab
1798 2839 1887 2866 homi-

1094 2873 1169 2899 nibus
1181 2875 1380 2900 existimantur.
1393 2874 1474 2908 Atqui
1487 2883 1546 2901 cum
1559 2882 1639 2908 parte
1653 2875 1761 2901 nihilsit
1773 2873 1887 2907 malum,

1092 2913 1198 2943 propter
1205 2916 1280 2935 usum
1291 2910 1395 2942 proprie
1403 2910 1456 2936 sive
1463 2910 1564 2939 malum
1571 2910 1624 2937 sive
1635 2911 1730 2937 bonum
1740 2910 1888 2936 inuenitur.
