2032 3156
167 198 218 229 8i)

901 201 1076 232 DlOl’TRA.

1744 205 1797 237 850

205 256 275 283 Sunt
287 259 377 283 autem
391 255 531 289 timiditas,
543 256 718 290 conﬁdentia,
734 257 826 290 timor,
841 258 953 292 invidia,
969 263 992 290 Α
1007 261 1056 292 tio,
1073 261 1166 287 vivere
1190 259 1223 287 ad
1251 259 1499 288 remunerationem
1526 261 1554 288 in
1576 260 1668 289 futura
1684 262 1751 291 vita.
1769 267 1797 289 et

162 302 306 337 :egritudo,
318 301 368 334 ira,
384 302 607 336 concupiscentia
621 303 743 330 omnium
753 304 950 339 jucundorum.

165 346 270 373 Etenim
287 346 377 373 omnis
395 346 428 373 ad
444 347 547 382 aliquid
570 348 717 375 concitatio
737 357 771 376 ex
796 349 878 377 corde
899 354 952 383 est,

162 391 195 418 ad
205 391 360 425 eligendum
369 392 486 419 maxime
497 397 524 420 et
535 393 760 422 discernendum.
775 395 867 423 Utitur
877 396 951 423 enim

163 438 276 469 nlrovis,
294 441 322 465 et
337 438 405 468 vult.
423 443 449 465 et
466 440 542 474 cupit
565 440 662 467 melius
675 441 796 474 stultius,
822 447 953 477 praestan-

163 481 216 509 tius
232 481 364 509 deterius.
382 483 438 510 Nec
448 491 513 510 vero
526 484 661 519 quispiam
676 479 716 512 ob
733 478 792 514 haec
803 487 844 514 vel
857 487 952 514 lauda-

162 533 214 558 tur,
230 528 271 554 vel
290 529 512 562 reprehenditur,
525 537 586 564 qua:
598 538 646 557 sua
660 536 755 559 natura
767 539 857 566 neque
879 533 951 560 mala

161 577 235 600 situt.
253 573 386 601 Voluntas
414 574 493 608 bene,
515 579 562 602 aut
579 583 658 603 secus
682 576 716 604 iis
732 578 866 606 utentium
890 586 952 614 spe-

160 619 227 646 ctari
243 619 311 646 solet
327 620 347 646 ‘.

195 664 222 691 Si
237 664 320 699 igitur
334 665 368 692 de
394 665 436 692 his
461 665 647 700 praeiudicium
661 666 688 693 in
707 671 812 702 partem
830 669 951 697 deterio-

159 717 218 736 rem
233 715 338 744 vergat,
354 715 411 737 tum
428 710 536 737 affectio
554 712 598 738 illa
614 712 683 739 mala
693 716 721 740 et
733 718 785 746 est,
801 705 950 742 ctdieitur.

159 755 186 782 Si
202 759 299 782 contra
319 755 508 791 przejudicium
531 756 564 782 ad
579 761 684 791 partem
704 759 846 786 meliorem
870 760 950 788 incli-

157 801 274 833 naverit,
290 801 429 836 probanda
445 802 530 836 magis
540 805 566 828 ct
579 802 690 829 meliora
707 803 771 831 inde
783 805 948 838 procedunt,

157 851 184 873 et
202 847 299 874 vitiosa
325 847 484 882 longissime
513 847 743 881 cxterminantur,
772 854 801 877 ut
830 851 950 878 secunda

158 891 526 928 disputatione‘explicatum
548 899 599 922 est.
617 894 853 928 Quemadmodum
874 896 948 924 enim

157 937 263 964 ferrum
280 938 314 965 ab
331 943 390 966 arte
405 940 438 966 ad
455 941 571 974 quodvis
581 949 651 976 opus
662 941 759 968 artifici
778 943 948 976 propositum

155 983 354 1016 conformatur,
371 992 402 1012 ac
415 993 464 1020 pro
481 987 620 1014 voluntate
631 991 660 1014 et
676 995 726 1013 usu
744 992 890 1014 tractatum
906 989 947 1016 vel

157 1027 184 1054 in
197 1028 302 1056 hastam
319 1030 402 1062 cedit,
417 1031 458 1058 vel
472 1031 498 1058 in
516 1032 647 1067 gladium,
665 1033 709 1059 vel
726 1032 753 1059 in
776 1033 947 1066 machaeram,

157 1073 200 1099 vel
220 1073 247 1100 in
269 1074 365 1102 falcem
387 1076 421 1102 ad
443 1084 570 1108 messem,
590 1078 633 1104 vel
661 1077 688 1104 in
718 1078 831 1110 asciam,
856 1079 898 1106 vel
921 1079 950 1106 in

157 1117 305 1151 terebram,
329 1119 372 1146 vel
396 1120 423 1146 in
441 1127 557 1154 serram,
572 1121 614 1148 vel
643 1121 670 1148 in
694 1122 843 1156 scalprum,
868 1122 949 1150 simili

156 1162 241 1189 modo
256 1171 334 1190 mens
355 1164 389 1191 ad
406 1173 467 1199 qum
495 1164 565 1198 vult,
592 1166 774 1201 cogitationes
801 1168 949 1200 convertit,

155 1207 232 1241 quod
248 1207 275 1234 in
287 1208 382 1242 primis
398 1210 469 1237 clare
487 1210 515 1237 in
530 1210 563 1237 lis
576 1216 700 1245 apparet,
714 1212 760 1246 qui
778 1211 805 1239 in
824 1213 951 1241 asceticis

157 1251 283 1279 illustres
301 1253 424 1286 fuerunt,
440 1259 468 1281 et
495 1255 648 1282 solitarium
672 1255 735 1283 vitae
761 1265 848 1292 genus
866 1258 951 1292 probe

155 1297 349 1325 cxcoluerunt.
365 1298 482 1326 Carnem
494 1300 581 1332 enim,
598 1305 629 1327 ut
642 1300 745 1332 decuit,
762 1301 871 1336 spiritui
884 1302 951 1329 sub-

153 1342 296 1377 jugarunt,
311 1348 338 1370 et
353 1344 496 1379 tripartitte
519 1345 616 1373 animae
629 1351 728 1376 motus.
747 1347 780 1374 ad
796 1355 887 1375 mores
896 1348 953 1375 vir-

155 1393 217 1416 tute
232 1389 337 1423 plenos,
355 1390 554 1426 praeclarasque
582 1392 705 1419 actiones
732 1394 946 1422 transtulerunt.

155 1434 236 1468 Quod
253 1435 276 1462 si
295 1440 323 1462 tu
353 1436 525 1463 enucleatius
542 1435 576 1463 de
599 1436 641 1464 his
667 1445 710 1464 me
733 1438 871 1466 disserere
896 1439 950 1472 vis,

156 1479 303 1508 disseram.
317 1482 339 1509 Δ
359 1483 464 1509 ratione
491 1483 548 1509 haec
570 1483 637 1510 vitia
664 1487 787 1516 manant,
813 1489 843 1512 ut
868 1484 950 1512 dixi:

156 1535 228 1554 vana
243 1527 339 1562 gloria,
351 1528 500 1556 dillidentia
516 1529 611 1562 anitni,
633 1528 802 1564 insipientia,
818 1530 949 1566 ignoran-

153 1572 202 1605 tia,
237 1572 407 1604 indiscretio,
440 1573 621 1608 blasphemia,
639 1573 835 1607 cogitationum
864 1574 948 1606 lucta,

150 1625 275 1653 quorum
291 1619 417 1647 videlicet
431 1624 460 1647 et
479 1619 621 1647 medicina:
639 1619 741 1652 multat,
756 1624 785 1647 et
806 1621 884 1648 tales.
904 1612 949 1648 Fi-

154 1664 205 1692 des
219 1664 251 1692 in
266 1665 422 1698 Dominum,
436 1673 564 1700 germana
580 1665 677 1700 gloria,
693 1665 850 1700 dogmatum
873 1670 949 1694 recta

155 1711 286 1738 tractatio
302 1711 328 1738 in
344 1719 501 1738 sermonum
524 1711 652 1744 veritate,
680 1711 823 1740 meditatio
848 1712 948 1740 verbo-

155 1764 219 1783 rum
232 1756 360 1791 spiritus,
375 1757 495 1791 precatio
507 1757 666 1789 vehemens,
680 1764 770 1784 mores
786 1757 841 1784 Deo
855 1757 947 1792 placiti

154 1805 242 1835 gratae
258 1801 417 1828 voluntatis.
434 1801 495 1828 llarc
511 1805 576 1828 sunt
592 1801 762 1836 cupiditatis.
789 1801 838 1829 Ira:
857 1808 948 1830 autem

154 1847 265 1881 primus
283 1850 378 1881 partus
400 1846 505 1877 odium.
525 1847 595 1874 alter
617 1847 725 1874 animus
743 1847 948 1880 immisericors,

154 1893 273 1925 invidia,
286 1893 485 1924 malevolentia.
500 1893 540 1920 ira
553 1893 697 1920 diuturna.
708 1892 798 1920 Etiam
811 1893 870 1921 hate
881 1901 950 1921 con-

152 1939 251 1966 trariis
264 1939 471 1966 medieamentis
485 1939 617 1966 sanabilia
633 1944 710 1971 sunt,
734 1939 812 1973 juxta
828 1947 946 1974 prover-

154 1984 246 2017 bium,
258 1985 394 2011 contraria
405 1984 550 2011 contrariis
562 1989 706 2017 curantur,
720 1984 743 2011 si
754 1984 836 2012 modo
848 1985 876 2012 in
890 1993 950 2012 om-

154 2031 238 2059 nibus
252 2031 384 2058 auxilinm
407 2030 455 2058 Dei
472 2029 553 2057 adsit.
571 2031 581 2042 ‘

188 2076 390 2104 Medicamenta
405 2075 450 2102 illa
467 2079 541 2106 sunt,
561 2082 638 2102 amor
663 2082 726 2110 erga
747 2074 856 2106 fratres,
872 2075 948 2103 dile-

153 2123 221 2155 ctio,
231 2121 397 2156 compassio,
405 2120 607 2156 longanimitas,
617 2121 770 2152 tolerantia,
782 2120 947 2156 benignitas,

153 2167 290 2195 amicitia.
304 2167 446 2200 Quodnam
465 2171 557 2194 autem
580 2166 678 2193 horum
701 2166 744 2192 cui
775 2165 946 2199 adversetur,

155 2214 284 2242 invenies
293 2214 382 2248 plane,
397 2213 418 2240 si
432 2212 528 2247 vigiles
541 2211 700 2246 prudenter,
715 2217 742 2239 et
754 2211 789 2239 ad
800 2219 832 2239 ea
846 2212 950 2239 incum-

1008 307 1116 333 tanzlem
1134 306 1167 333 ad
1181 306 1378 340 assequendam
1399 306 1574 340 adoptionem
1591 306 1708 334 ﬁliorum
1736 308 1794 336 Dei.

1007 351 1084 384 Quod
1092 360 1157 379 vero
1165 359 1197 378 ex
1207 351 1300 378 hiscui
1311 359 1341 378 ex
1351 351 1541 386 superioribus
1547 356 1712 386 opponatur,
1722 352 1794 378 haud

1005 402 1048 424 est
1061 397 1219 424 obscurum.
1239 397 1358 424 Rursum
1371 397 1531 432 cupiditatis
1545 400 1574 423 et
1589 397 1634 423 irze
1651 397 1794 424 manifeste

1006 442 1085 476 plura
1097 441 1162 468 vitia
1177 441 1252 468 cordi
1275 445 1339 468 sunt
1365 441 1494 476 ingenita.
1520 439 1644 467 Primum
1669 440 1793 467 omnium

1006 487 1150 522 ingluvies,
1165 491 1193 514 ct
1208 486 1276 514 clam
1291 494 1397 513 vorare.
1414 486 1539 513 Alterum
1550 486 1656 513 daamon
1673 485 1793 512 fornica-

1004 531 1097 562 tionis,
1115 531 1177 558 inde
1199 531 1272 558 cnitn
1299 531 1430 558 nascitur.
1453 531 1578 558 Tertium
1607 531 1731 561 avaritia,
1764 535 1793 557 et

1005 577 1125 605 servitus
1148 576 1294 603 idolorum.
1315 576 1450 610 Quartum
1476 580 1518 604 est
1541 576 1692 608 iracundia,
1721 576 1794 603 unde

1008 623 1077 650 mala
1093 623 1230 650 exsistunt
1251 622 1379 657 plurima.
1399 622 1531 655 Quintum
1547 623 1615 650 scito
1637 629 1698 650 esse
1713 622 1793 656 aegri-

1006 669 1139 696 tudinem.
1159 669 1270 696 Sextum
1287 668 1420 696 acediam.
1443 668 1594 703 Septimum
1614 675 1712 695 vanam
1733 668 1791 703 glo-

1006 715 1084 745 riam,
1103 714 1176 749 qnod
1196 718 1238 741 est
1252 714 1401 748 pessimum
1415 715 1434 740 '.

1041 759 1192 787 Tristitiam
1208 765 1299 787 autem
1313 768 1345 787 cx
1360 760 1403 787 his
1417 759 1562 791 ambobus,
1585 758 1736 793 cupiditate
1765 763 1794 785 et

1004 805 1043 832 ira
1062 806 1201 838 nimirum,
1217 805 1367 833 secundum
1382 806 1454 832 idem
1471 805 1627 839 provenire,
1641 809 1668 832 et
1680 812 1791 831 rursum

1007 849 1118 883 utrique
1136 857 1213 876 suam
1230 855 1257 877 et
1271 849 1415 876 maximam
1428 857 1488 876 esse
1497 849 1696 884 proprietatem
1711 848 1791 876 scias.

1005 895 1046 923 lra
1063 896 1135 923 enim
1154 903 1217 923 eum
1244 896 1363 923 vicissim
1392 896 1556 924 contristare
1584 895 1792 922 contristantem

1002 950 1054 968 non
1075 947 1174 976 potest,
1190 947 1319 970 moestum
1341 950 1372 969 ac
1395 941 1542 969 demissum
1568 941 1674 968 vultum
1701 940 1792 968 subito

1002 987 1082 1021 parit.
1095 987 1173 1020 Quod
1188 987 1210 1014 si
1222 987 1384 1014 desideratis
1400 995 1512 1022 prorsus
1524 987 1669 1018 exciderit,
1689 994 1721 1014 ex
1742 987 1792 1014 ista

1002 1032 1128 1066 passione
1141 1033 1239 1060 iterum
1251 1033 1361 1060 tristitia
1378 1033 1560 1068 progignitur.
1571 1033 1709 1061 Tristatur
1719 1032 1792 1060 enim

1001 1077 1049 1111 qui
1066 1077 1138 1112 quod
1162 1081 1245 1108 amat,
1272 1083 1304 1104 eo
1331 1076 1488 1104 frustratur.
1517 1076 1620 1104 lterum
1645 1077 1706 1103 duae
1735 1076 1794 1103 ista:

1001 1121 1223 1156 perturbationes
1242 1122 1296 1150 alio
1315 1122 1408 1154 modo,
1434 1122 1458 1149 si
1473 1121 1603 1149 videlicet
1625 1125 1722 1148 contra
1741 1120 1790 1147 tibi

1000 1167 1120 1199 eveniat,
1137 1168 1302 1202 voluptatem
1319 1167 1486 1200 conciliant;
1505 1174 1603 1202 nempe
1618 1167 1642 1194 si
1666 1166 1718 1193 line
1741 1173 1792 1193 suo

1002 1213 1140 1246 potiantur
1154 1222 1161 1246 ;
1183 1213 1255 1241 sicut
1270 1214 1438 1246 mtestitiam,
1456 1217 1485 1240 ut
1496 1213 1600 1240 dictum
1617 1217 1671 1245 est,
1687 1211 1709 1239 si
1737 1219 1791 1238 non

1003 1259 1154 1292 potiantur.
1168 1259 1268 1294 Opinio
1287 1259 1349 1286 boni
1367 1259 1547 1294 cupiditatem
1564 1261 1690 1293 generat.
1708 1256 1786 1290 Quod

1002 1304 1104 1331 bonum
1121 1304 1144 1331 si
1161 1311 1281 1338 praesens
1297 1303 1426 1335 adfuerit,
1441 1303 1567 1338 expletur
1584 1302 1694 1330 animus
1711 1302 1789 1328 volu-

1002 1353 1088 1384 ptate.
1106 1349 1217 1382 Contra,
1241 1349 1335 1384 opinio
1362 1349 1426 1376 mali
1448 1349 1573 1376 timorem
1588 1347 1688 1383 injicit,
1711 1346 1791 1382 cujus

1002 1395 1146 1429 praesentia
1162 1395 1353 1430 aegritudinem
1380 1399 1467 1422 creat.
1483 1394 1542 1428 Qua
1567 1393 1601 1421 de
1618 1400 1700 1420 causa
1726 1393 1790 1427 qui-

1002 1440 1064 1467 dam
1084 1441 1319 1475 perturbationem
1336 1441 1363 1467 in
1384 1444 1502 1475 quatuor
1527 1440 1586 1467 haec
1609 1446 1708 1474 genera
1735 1438 1791 1465 dis-

1002 1485 1170 1516 tribuerunt,
1193 1485 1219 1512 in
1244 1485 1439 1520 cupiditatem,
1466 1484 1649 1519 voluptatem,
1675 1487 1788 1513 metum,

1001 1529 1203 1565 mgritudinem.
1218 1531 1352 1558 Caeterum
1368 1531 1501 1559 ambobus
1525 1530 1602 1558 hisce
1622 1530 1697 1557 vitiis
1712 1529 1774 1556 dcte
1784 1544 1790 1549 -

1003 1577 1060 1603 rius
1076 1581 1104 1603 et
1126 1576 1213 1611 majus
1230 1576 1351 1604 arbitror
1366 1577 1536 1612 superbiam,
1548 1581 1577 1604 et
1594 1576 1684 1603 inanis
1698 1575 1790 1610 gloriae

1000 1622 1170 1657 appetitum;
1187 1622 1323 1657 siquidem
1341 1630 1356 1650 a
1372 1623 1477 1650 ratione
1497 1622 1638 1650 oriuntur.
1660 1621 1712 1649 Per
1727 1629 1788 1655 qua:

1000 1667 1136 1700 nonnulli,
1157 1675 1220 1695 cum
1237 1667 1397 1702 angelorum
1421 1671 1515 1695 essent
1539 1666 1656 1698 similes,
1683 1670 1788 1693 tantum

1000 1713 1085 1741 decus
1100 1713 1264 1741 amiserunt.
1275 1714 1306 1741 ln
1320 1713 1426 1749 angelis
1441 1714 1516 1740 enim
1541 1720 1591 1740 nec
1607 1713 1658 1745 ira,
1674 1719 1725 1739 nec
1741 1719 1789 1738 cu-

1000 1759 1064 1794 pido
1083 1757 1221 1794 reperitur
1239 1769 1245 1786 :
1269 1767 1330 1795 qua;
1346 1760 1460 1795 quidem
1486 1759 1520 1786 ad
1544 1758 1666 1785 animum
1682 1757 1788 1784 ratione

981 1797 987 1805 ”
999 1808 1138 1831 carentem
1153 1807 1280 1838 spectant
1299 1812 1305 1830 :
1319 1807 1347 1830 et
1362 1803 1460 1830 horum
1475 1802 1618 1834 vitiorum,
1632 1807 1709 1828 vanae
1728 1800 1787 1835 glo-

1000 1849 1058 1880 riae,
1073 1848 1197 1884 inquam,
1208 1853 1237 1876 et
1246 1847 1384 1884 superbis
1391 1847 1529 1882 duplicem
1539 1846 1674 1881 originem
1687 1844 1769 1872 video
1779 1857 1786 1874 ;

998 1901 1062 1922 nam
1072 1901 1104 1921 ex
1118 1894 1223 1921 ratione
1233 1899 1261 1921 et
1270 1893 1419 1928 cupiditate
1429 1895 1588 1927 erumpunt.
1603 1891 1642 1918 Ex
1654 1890 1714 1918 istis
1725 1894 1788 1917 octo

1000 1941 1082 1976 igitur
1095 1940 1264 1968 enumeratis
1274 1939 1365 1967 omnis
1375 1939 1480 1974 peccati
1492 1937 1610 1972 species.
1624 1941 1652 1964 et
1672 1935 1788 1963 affectus

1001 1985 1091 2012 vitiosi
1117 1984 1262 2020 pullulant.
1286 1985 1356 2012 Sunt
1377 1987 1469 2011 autem
1491 1982 1591 2010 horum
1612 1988 1732 2016 quoque,
1758 1984 1789 2007 ut

999 2031 1120 2064 illorum;
1133 2030 1250 2058 virtutes
1270 2029 1443 2061 adversariae,
1457 2037 1472 2056 a
1493 2027 1595 2063 quibus
1617 2034 1666 2054 ceu
1688 2024 1788 2061 glacies

997 2085 1013 2104 a
1035 2077 1127 2105 calore
1140 2076 1339 2104 dissolvantur.
1363 2076 1386 2103 Δ
1403 2074 1512 2110 jejunio,
1527 2073 1600 2101 enim
1623 2076 1651 2101 et
1666 2080 1680 2099 a
1698 2071 1788 2099 conti-

1000 2122 1094 2149 nentia
1114 2130 1218 2156 magna:
1235 2122 1333 2150 bellua-
1348 2121 1416 2156 gula:
1432 2125 1461 2148 et
1487 2119 1610 2147 libidinis
1626 2125 1786 2153 expugnan-

1001 2172 1054 2195 tur.
1073 2169 1109 2195 Ex
1131 2175 1225 2195 amore
1245 2172 1347 2200 autem,
1369 2166 1541 2201 ferventique
1564 2163 1703 2192 desiderio
1723 2171 1786 2197 erga

1000 2213 1145 2241 Dominum
1160 2218 1188 2240 et
1210 2213 1330 2240 futuram
1351 2212 1518 2244 felicitatem,
1542 2211 1713 2245 horroreque
1730 2212 1786 2236 tor-

154 2259 217 2287 bas.
236 2259 342 2286 Rursus
355 2265 388 2286 ex
409 2257 560 2292 cupiditate
578 2261 729 2284 nascuntur
741 2255 843 2284 ventris
855 2256 945 2291 inglu-
962 2263 984 2290 ι)
998 2263 1164 2291 mentorum,
1191 2258 1309 2286 statimne
1347 2265 1395 2292 per
1418 2261 1502 2284 totam
1526 2260 1646 2287 noctem,
1672 2259 1700 2282 et
1729 2254 1786 2282 acri

153 2306 228 2339 vies,
247 2304 368 2335 lascivia,
382 2303 534 2335 fornicatio,
546 2302 718 2336 voluptatum
737 2302 947 2334 ineontinentia,

153 2351 302 2383 cinaedica,
321 2350 460 2385 spurcitia,
477 2349 593 2377 affectus
604 2356 680 2376 vanm
692 2348 795 2383 glorias,
811 2352 839 2376 et
849 2348 949 2376 ardens

152 2396 286 2424 avaritia.
306 2395 359 2423 Sed
375 2397 430 2423 hzec
444 2403 553 2430 quoque
575 2394 618 2421 his
640 2393 787 2421 contrariis
802 2393 947 2425 tolluntur,

153 2449 221 2476 quae
245 2441 382 2475 sigillatitn
397 2441 576 2468 enumerabo.
594 2439 743 2475 Jejunium,
768 2438 947 2472 continentia,

153 2487 316 2515 humiliatio
334 2487 435 2519 carnis,
455 2488 509 2514 vita
528 2487 689 2514 facultatum
713 2486 804 2520 inops,
819 2490 847 2513 et
871 2485 945 2520 quod

151 2537 198 2561 est
215 2532 396 2568 prmcipuum,
412 2537 562 2566 pauperum
587 2536 699 2567 propter
718 2531 804 2559 Deum
830 2530 947 2558 misera-

994 2303 1110 2339 jejunio,
1130 2303 1290 2330 incendium
1304 2306 1333 2329 et
1345 2301 1461 2336 spiritus
1472 2299 1665 2328 fornicationis
1681 2299 1786 2326 exstin-

997 2350 1102 2385 guitur.
1133 2349 1335 2381 Misericordia,
1364 2347 1517 2383 compassio
1546 2352 1574 2374 et
1597 2346 1784 2380 hospitalitas,

999 2396 1066 2423 fides
1086 2395 1171 2430 (quod
1194 2395 1304 2426 melius,
1327 2398 1355 2421 et
1378 2393 1545 2429 prrecipuum
1567 2395 1649 2426 caput
1667 2391 1786 2426 diligen-

1000 2441 1099 2468 dorutn
1117 2440 1252 2475 omnium)
1270 2439 1424 2470 avaritiam,
1439 2438 1524 2465 fetum
1543 2436 1713 2464 infidelitatis
1724 2443 1787 2470 pro-

1000 2487 1085 2522 fligat.
1112 2486 1224 2513 Bonitas
1260 2489 1288 2512 et
1332 2484 1513 2511 mansuetudo
1541 2483 1685 2511 cliaritatis
1718 2482 1785 2509 iram

1003 2531 1115 2567 frangit.
1147 2531 1219 2564 Quin
1250 2531 1332 2558 etiam
1362 2531 1507 2561 bonorum,
1533 2534 1562 2556 et
1589 2527 1787 2555 misericordia:

897 2609 1036 2641 Scholia.

193 2692 200 2699 '
213 2687 357 2714 Maximus.
373 2686 481 2719 Affectus
495 2685 551 2720 ejus
570 2686 663 2720 partis,
679 2687 706 2712 in
717 2694 768 2720 qua
782 2686 883 2712 irarum
896 2693 942 2712 ar-

154 2725 236 2750 dores
251 2722 377 2748 exsistunt
393 2721 468 2754 longe
481 2719 623 2755 difﬁcilius,
643 2719 726 2755 quant
738 2721 889 2755 cupiditatis
904 2721 944 2746 in-

155 2757 297 2785 citau'ones
321 2760 518 2791 expugnantur.
542 2754 669 2786 Quocirca
685 2754 944 2791 reliam'mmtdalum

155 2795 187 2820 lle
194 2792 344 2824 dilectione,
355 2796 381 2817 ut
396 2791 481 2824 majus
492 2790 644 2821 remedium,
655 2790 843 2817 adversusillos
853 2791 944 2816 datum

157 2832 197 2854 est
205 2847 209 2852 .

192 2861 353 2887 "Isidorus.
368 2860 491 2887 Videntur
503 2867 583 2885 unum
604 2864 626 2884 et
652 2859 718 2885 idem
734 2867 787 2885 esse
814 2859 897 2891 θυμὸς
923 2865 944 2885 rt

157 2895 614 2931 6971‘“,,scdfortuSsisvllrulct-lurnm
627 2894 945 2928 vlrvpnnlinumroucila~

993 2687 1088 2713 tionem
1100 2685 1502 2722 signi/icat,_qttwcogitationes_
1510 2684 1631 2722 subripit,
1655 2688 1682 2722 _e(
1701 2683 1782 2709 ralia-

993 2730 1051 2747 umt
1067 2719 1215 2756 ιιι-η’ἷςιιιψίιΔ
1232 2720 1284 2746 Hoc
1295 2728 1386 2756 nempe
1398 2720 1639 2756 ὀργὴνιοηςιὶονεηι
1652 2719 1678 2744 iu
1688 2726 1717 2744 ea
1728 2725 1775 2751 per

994 2752 1144 2782 turbatione
1172 2763 1283 2782 moram.
1308 2752 1511 2789 Idcirco‘ﬁupb;
1535 2752 1618 2780 dictus
1647 2757 1684 2780 est
1709 2752 1786 2787 quasi

995 2791 1177 2825 ἀναθυμίασις
1194 2798 1285 2823 vapor,
1301 2789 1454 2820 θ.πΙιαΙιιιίο;
1479 2789 1548 2824 ὀργὴ
1569 2789 1600 2815 ab
1618 2788 1709 2825 ὀρχίξῖνΔ
1728 2791 1785 2825 lur-

995 2833 1064 2859 gcre,
1080 2821 1104 2851 et
1120 2821 1299 2859 ἀμύνηςέρᾷν
1313 2825 1432 2851 ινὶηίιὶῡιιπ
1443 2821 1563 2858 rupiduht
1575 2821 1639 2850 esse.
1655 2821 1690 2859 (lc
1699 2821 1785 2855 θυμὸς

995 2861 1097 2893 quidem
1115 2858 1198 2893 ὀργὴν
1218 2858 1336 2892 geuerut,
1354 2867 1385 2885 ea:
1403 2861 1470 2893 ὀργῇ
1493 2859 1593 2885 clamor
1608 2858 1737 2888 nascitur,
1753 2863 1787 2882 cz;

996 2894 1110 2921 clamore
1127 2895 1309 2921 mulcdireulia
1327 2894 1379 2921 sive
1395 2894 1564 2921 conluntelia.
