2032 3156
217 232 265 264 851

829 235 999 265 PIIILlPPI
1022 235 1228 265 SOLlTARIl.

1785 232 1839 262 852

217 297 305 321 amor,
321 292 433 324 propter
445 289 575 323 gaudium
591 288 715 323 spiritus.
731 291 864 324 a‘gritudo
876 291 902 317 in
918 292 1000 318 rebus
1015 295 1036 322 Α
1051 297 1143 319 autem
1167 290 1295 318 omnibus
1318 290 1392 317 intus
1410 289 1570 324 przrsidens,
1593 289 1674 316 etiam
1703 289 1748 316 his
1766 289 1836 316 duc-

217 335 409 368 praasentibus,
426 340 454 361 et
470 334 672 362 mundanarum
693 337 874 371 contemptio.
897 338 998 364 Vitium

218 385 308 407 autem
331 380 432 407 acedia:
454 380 481 406 in
506 381 657 415 gratiarum
678 382 799 412 actione.
821 387 849 409 et
871 383 999 417 praeclara

191 440 197 445 ι
210 425 357 460 patientia,
382 425 416 452 ad
440 426 526 452 Dento
544 426 673 457 ducente.
689 427 723 454 ab
742 428 874 462 operibus
888 428 998 455 demum

218 471 328 497 virth
351 471 460 498 occulte
488 472 614 506 patratis.
642 473 779 504 oratione,
809 474 1000 500 humiliatione

216 521 372 552 superatur.
389 517 461 548 Quin
478 523 505 544 et
518 526 594 545 vana:
609 519 702 553 gloriae
724 520 841 553 cupidus
863 521 999 547 liberabc-

195 584 198 587 .
217 564 270 594 ris,
291 563 313 590 si
333 563 445 590 minime
460 569 556 591 contra
580 565 734 598 proximum
760 566 842 592 stulte
872 567 999 600 cleveris,

191 622 194 626 -
217 609 289 636 sicut
302 609 366 636 olim
380 609 566 643 iactabundus
590 614 685 636 contra
710 611 884 645 publicanum
906 612 1001 639 Phari-

216 663 306 682 saaus:
326 660 353 682 te
367 663 434 682 vero
450 655 574 682 omnium
591 656 717 682 ultimum
732 662 759 683 et
772 657 957 690 proﬁtebcris.
974 662 1001 684 et

217 701 368 735 reputabis,
391 706 419 728 et
447 701 502 728 Deo
526 702 617 728 omnia
642 707 714 729 recte
741 702 810 729 faeta
837 708 881 729 tua
904 704 929 730 in
954 712 1001 731 ac-

216 747 305 781 ceptis
322 747 437 774 referes.
452 747 518 774 Nam
539 748 675 782 superbus
696 748 899 782 quodammodo
921 754 1002 784 negat

218 792 314 818 Deum.
343 791 370 818 Si
395 800 460 827 ergo
480 793 612 820 adversus
636 794 776 820 recensita
802 802 921 829 pugnare
950 795 1000 825 vis.

218 845 307 872 eaque
323 843 499 872 prosternere
512 834 670 866 maximeet
685 843 813 873 potenter
829 840 932 875 fugare.
949 841 1000 867 tela

218 884 262 911 his
274 884 424 916 contraria,
439 892 500 919 qum
516 885 704 920 exposuimus,
722 885 840 918 adhibe;
856 886 905 912 alia
928 887 1001 912 enim

217 930 262 957 via
276 930 333 957 haec
346 931 373 957 in
392 930 481 966 fugam
496 936 602 958 vertere
614 939 667 958 non
685 922 780 959 datur;
797 932 849 958 Sed
867 931 938 958 enim
955 933 1000 967 qui

220 981 276 1003 tres
286 977 481 1010 compresserit
495 977 531 1012 (id
544 981 596 1008 est,
611 977 838 1011 gastrimargiam.
849 979 1001 1007 avaritiam.

218 1028 314 1047 vanam
350 1021 475 1056 gloriam.
509 1021 628 1056 primum
663 1021 780 1051 scilicet.
816 1022 940 1053 tertium,
976 1026 1004 1049 et

217 1066 377 1101 septimum)
400 1067 483 1094 etiam
517 1066 640 1101 quinque
667 1067 719 1093 alia
747 1067 924 1101 comprimet;
956 1075 1005 1101 per

217 1119 279 1146 quae
297 1112 348 1139 tria
375 1112 551 1144 insatiabilis,
565 1115 594 1138 et
614 1111 683 1138 nihil
703 1119 759 1138 non
778 1112 883 1139 audens
898 1112 1003 1139 daemon

217 1157 339 1189 emersit,
356 1157 470 1189 insiluit,
487 1157 633 1184 Doroinum
646 1157 778 1184 tentavit:
794 1158 894 1192 quibus
908 1157 1004 1189 dediti,

218 1204 298 1237 longe
314 1203 454 1238 principes
467 1207 533 1230 sunt
549 1203 711 1230 vitiosorum
724 1204 857 1234 omnium,
875 1203 1004 1230 mortales

217 1249 341 1284 pessimi.
351 1249 531 1284 Comprimet,
547 1249 670 1283 inquam,
685 1254 848 1276 caeterorum
863 1249 1003 1276 audaciam

217 1300 246 1323 et
274 1295 485 1328 impudentiam,
517 1295 639 1329 itemque
670 1295 830 1329 philautiam
853 1296 1004 1329 turpiorem

217 1340 281 1371 illis,
297 1341 375 1374 cujus
387 1340 468 1366 etiam
491 1344 579 1366 mater
590 1344 630 1366 est
638 1340 783 1373 cupiditas,
799 1345 828 1366 ut
840 1340 950 1374 quidam
964 1348 1005 1367 sa-

218 1385 397 1419 piensscnex,
411 1391 439 1412 et
455 1385 482 1411 in
499 1385 606 1412 actione
619 1389 744 1411 versatus
758 1385 836 1411 dixit.
850 1385 898 1412 Est
914 1389 1005 1412 autem

217 1431 349 1466 philautia
367 1431 491 1466 corporis
507 1437 584 1458 arnor
604 1431 810 1458 irrationabilis.
826 1431 889 1458 Tria
918 1431 1006 1466 prima

219 1479 317 1505 horum
338 1481 421 1504 octo:
447 1476 537 1511 (Gula.
555 1477 652 1508 libido,
669 1477 794 1509 avaritia,
811 1478 861 1508 ira.
884 1477 1005 1509 trisritia,

218 1522 324 1554 acedia,
337 1529 405 1549 vana
422 1522 517 1557 gloria.
536 1522 685 1556 superbia).
705 1522 806 1549 mundo
821 1522 1006 1556 subjectorum

218 1571 303 1594 sunt:
323 1567 443 1601 quietam
463 1567 548 1594 vitam
569 1567 740 1594 sectantibus
765 1567 888 1601 quinque
905 1566 1007 1593 bellum

218 1612 333 1639 faciunt.
359 1611 410 1644 Qui
432 1613 482 1639 tria
505 1613 635 1647 neglexit,
659 1620 710 1639 nec
738 1612 810 1639 aliud
839 1613 1007 1646 reliquorum

218 1657 411 1684 \'incct.Vaua>
427 1662 517 1685 autem
537 1663 564 1684 et
588 1657 709 1692 plurima:
729 1657 826 1684 horum
842 1661 903 1684 octo
921 1657 1007 1684 malo-

219 1711 290 1734 tum,
302 1703 371 1737 pessi
378 1710 427 1729 mae
435 1703 525 1737 proles
534 1708 597 1730 sunt
606 1710 750 1729 numerum
763 1702 847 1730 ferme
856 1703 1008 1735 stellarum,

219 1756 302 1783 super
315 1753 405 1783 guttas
419 1748 583 1783 pluviarum,
593 1755 620 1775 et
634 1756 745 1776 arenam
755 1749 849 1776 maris.
860 1749 1010 1776 Procreant

197 1831 201 1836 .
218 1794 302 1827 fetus,
327 1799 356 1821 et
374 1794 400 1820 bi
423 1794 492 1820 alios
506 1799 534 1821 et
548 1794 586 1821 illi
603 1802 712 1821 rursum
732 1795 811 1826 alios,
824 1795 927 1821 zizania
948 1802 1023 1829 pes-,

218 1841 296 1872 sima.
313 1844 341 1867 ct
362 1844 460 1875 przeter
483 1845 617 1871 naturam.
635 1848 695 1875 qua:
713 1840 840 1867 inimicus
869 1841 1010 1868 dormien-

218 1885 293 1911 tibus
308 1885 465 1912 liominibus
489 1885 727 1920 superseminavit.
746 1885 780 1912 Et
800 1886 921 1913 triticum
946 1887 1009 1920 qui-

219 1931 280 1957 dem
310 1932 441 1958 vit-tutum
467 1932 588 1966 germina
612 1932 768 1964 statuimus,
784 1940 844 1966 quae
858 1932 1008 1959 secundum

219 1981 345 2004 naturain
376 1978 403 2003 in
431 1977 608 2004 interioribus
631 1977 657 2003 in
684 1981 760 2011 parte
784 1978 881 2004 animae
906 1978 1008 2004 intelli-

219 2022 319 2056 gentia.
340 2021 483 2048 imscentis
499 2022 656 2048 sentiuntur
672 2031 678 2048 :
699 2021 771 2048 sicut
787 2022 892 2056 singula
907 2022 963 2057 jam
983 2026 1010 2048 et

220 2067 407 2101 particulatim
425 2066 580 2099 divisimus,
595 2071 623 2093 et
640 2074 654 2092 a
671 2066 777 2093 ratione
794 2067 966 2100 prudentiam
983 2072 1010 2095 et

218 2115 364 2150 justitiam,
377 2122 392 2140 a
402 2113 550 2148 cupiditate
566 2112 785 2146 temperantiam,
798 2113 831 2139 ab
846 2113 886 2139 ira
901 2113 1011 2140 fortitu—

221 2160 325 2192 dinem,
336 2164 455 2194 quatuor
471 2159 522 2186 ista
536 2158 648 2193 prodire
664 2158 793 2191 diximus,
805 2166 838 2185 ex
850 2163 910 2186 satu
926 2159 1008 2186 tritici

219 2205 360 2233 videlicet.
387 2204 574 2239 Cogitationes
592 2208 684 2230 autem
709 2204 874 2231 turbulentae
903 2208 931 2231 et
960 2205 1010 2231 im-

220 2252 314 2287 proba:
329 2251 474 2285 tripliciter
488 2250 561 2277 intus
581 2250 683 2276 bellmn
702 2254 795 2284 aperte
816 2249 936 2277 irritant.
956 2251 1009 2277 Aut

221 2297 297 2325 enim
313 2297 402 2331 ipsum
415 2295 566 2330 appetitum
580 2295 670 2323 cordis
683 2299 795 2322 movent
808 2304 814 2328 ;
827 2301 873 2322 aut
887 2296 1008 2323 animum
1026 2294 1048 2322 D

225 2344 259 2371 ad
276 2344 342 2371 iram
360 2348 388 2370 ct
416 2343 499 2370 bilem
518 2342 690 2376 accendunt;
709 2347 757 2370 aut
773 2342 891 2378 denique
907 2344 1008 2371 rationi

222 2390 353 2416 tenebras
366 2388 524 2416 offundunt.
548 2388 587 2415 Ex
601 2388 702 2423 quibus
726 2388 870 2423 contingit.
888 2394 1008 2416 mentem

222 2434 345 2461 intimam
372 2437 546 2461 obscuratum
564 2434 716 2468 producere
732 2434 758 2461 in
787 2434 897 2469 longum
916 2443 1008 2462 sacras

221 2488 317 2515 preces
344 2489 398 2508 non
426 2488 519 2515 posse,
546 2480 801 2515 intelligentemquc
828 2485 857 2507 et
887 2480 1007 2508 divinam

220 2532 326 2563 partem
350 2526 383 2554 ad
409 2526 500 2554 lumen
527 2526 649 2553 divimnn
675 2526 810 2553 hebetari.
839 2525 876 2552 Τδ
900 2526 1009 2560 λογικὸν

1052 337 1104 364 bus
1127 344 1234 364 summe
1256 336 1383 370 imperat,
1408 343 1494 369 caque.
1520 335 1652 365 continet.
1675 334 1786 368 agitque
1808 340 1836 362 et

1052 383 1105 409 fert
1119 382 1302 416 undecunque
1321 389 1375 416 quo
1395 381 1464 407 vult.
1483 380 1534 407 Sed
1553 380 1686 407 virtutum
1707 384 1834 414 tauquam

1051 427 1178 463 princeps
1201 431 1242 454 est
1257 427 1337 457 ratio,
1359 426 1596 461 perturbationum
1621 433 1677 452 non
1692 426 1830 460 princeps,

1051 473 1098 500 sed
1115 472 1273 507 imperatrix
1288 473 1396 506 potius;
1414 471 1443 497 τὺ
1461 471 1569 504 λογικὸν
1589 476 1679 497 autem
1697 476 1741 497 est
1757 471 1836 505 ipsis-

1052 519 1138 545 simus
1152 519 1222 549 Θεῖος
1240 518 1301 549 νοῦς
1318 517 1420 552 (divina
1437 518 1523 551 mens)
1535 525 1595 551 quae
1623 517 1765 551 passiones
1778 524 1834 543 non

1051 565 1170 592 simulet
1186 571 1300 598 prorsus
1315 564 1403 595 tollit;
1419 563 1465 589 sed
1483 567 1512 589 ut
1525 562 1693 589 fortissimus
1713 562 1832 589 relucta-

1054 614 1095 635 tor
1111 613 1138 636 et
1150 608 1323 636 adversarius
1343 616 1501 643 generosus,
1518 613 1546 636 et
1562 607 1721 642 passionum
1739 613 1767 634 et
1782 616 1838 634 mo-

1053 663 1113 682 rum
1152 655 1248 682 turbas
1278 656 1397 686 sternit,
1430 659 1576 681 mstrorum
1611 653 1842 681 inﬂannnationes

1058 701 1191 736 reprimit,
1211 705 1238 728 et
1251 702 1384 728 motiones
1396 701 1516 731 cohibet.
1533 705 1561 726 et
1575 700 1627 726 tela
1637 708 1762 726 amorum
1773 700 1840 733 igni-

1053 753 1143 776 torum
1161 747 1322 782 exstinguit,
1346 753 1373 773 ct
1388 747 1507 781 impetus
1521 746 1719 780 cogitationum
1738 746 1839 772 luctas~

1053 803 1107 829 que
1123 795 1232 822 avertit.
1252 795 1310 821 Non
1331 798 1420 820 tamen
1444 794 1472 820 in
1488 793 1616 820 omnibus
1631 793 1773 827 :equaliter
1787 793 1841 819 \‘ir-

1054 845 1139 867 tutem
1157 839 1294 872 ostendit;
1326 839 1373 866 sed
1396 839 1497 874 quibus
1525 839 1596 865 inest
1622 847 1701 866 mens
1729 846 1794 865 sana
1814 843 1842 866 et

1054 885 1157 920 optime
1183 885 1317 914 sentiens.
1337 889 1365 911 et
1395 884 1476 911 timor
1501 883 1621 916 divinus,
1640 888 1669 910 et
1685 884 1841 910 nm‘issimo-

1055 939 1127 964 rum,
1142 931 1178 965 in_
1195 930 1255 957 istis
1270 930 1338 956 citra
1355 930 1595 964 perturbationum
1621 930 1762 957 molestias
1785 930 1842 956 ani-

1056 983 1116 1002 mus
1142 979 1217 1002 tenet
1236 975 1420 1009 principatum
1437 984 1442 1000 :
1461 975 1534 1002 sicut
1553 975 1664 1010 quidam
1689 975 1844 1009 spiritualis

1055 1026 1083 1048 ct
1103 1019 1271 1055 experientia
1285 1020 1383 1047 doctus
1399 1025 1504 1047 censet.
1525 1020 1584 1047 Non
1604 1025 1719 1054 possunt
1737 1027 1843 1051 omnes,

1056 1065 1155 1100 inquit.
1173 1072 1222 1099 per
1236 1065 1347 1091 virtutis
1369 1065 1494 1091 semitam
1517 1064 1664 1091 ini-edere:
1682 1064 1730 1090 sed
1749 1064 1765 1090 ii
1783 1068 1844 1091 tan-

1047 1114 1124 1142 'tum,
1147 1111 1192 1145 qui
1209 1110 1396 1137 continentius
1413 1110 1519 1136 vivunt.
1548 1109 1686 1138 Virtutum
1710 1115 1801 1136 autem
1817 1114 1843 1135 et

1057 1156 1243 1191 prtestantior.
1268 1160 1296 1182 et
1312 1156 1408 1182 melior
1431 1160 1472 1182 cst
1488 1155 1644 1190 prudentia,
1667 1164 1728 1189 qua)
1743 1155 1842 1190 cogita-

1057 1202 1131 1228 tione
1148 1206 1176 1228 ct
1200 1201 1305 1228 ratione.
1333 1201 1460 1228 universe
1485 1201 1635 1235 plurimum
1657 1201 1796 1235 adimant.
1816 1201 1843 1227 Si

1058 1249 1131 1275 enim
1148 1248 1229 1281 ratio,
1246 1252 1276 1274 ut
1300 1247 1390 1273 bonus
1413 1248 1520 1281 auriga.
1542 1251 1635 1281 partes
1656 1255 1716 1281 quae
1732 1247 1843 1281 quidem

1060 1299 1175 1324 naturae,
1207 1297 1236 1319 ut
1262 1293 1329 1323 dixi,
1352 1291 1535 1319 ‘irrati0nalis
1555 1299 1630 1323 sunt,
1656 1293 1732 1319 freno
1754 1297 1844 1320 autem

1057 1341 1171 1367 rationis
1189 1340 1257 1366 bene
1277 1339 1396 1374 regentis
1411 1338 1538 1365 feruntur
1553 1343 1581 1365 ct
1598 1343 1693 1373 parent
1710 1339 1800 1369 facile,
1818 1339 1844 1364 in

1057 1387 1158 1421 quibus
1188 1386 1317 1415 voluerit.
1339 1385 1409 1412 bene
1426 1386 1538 1417 rexerit,
1567 1393 1598 1412 ea
1620 1385 1734 1412 materia
1757 1384 1846 1411 laudis

1059 1432 1088 1459 fit
1104 1431 1250 1458 sanctioris
1272 1431 1336 1457 vita:
1356 1430 1500 1458 studiosis.
1517 1430 1582 1463 Quae
1603 1435 1668 1456 sunt
1693 1429 1843 1457 secundum

1060 1482 1198 1508 naturam,
1215 1476 1301 1509 ﬁunt;
1320 1485 1380 1510 qua:
1403 1481 1497 1503 contra
1512 1481 1585 1508 sunt,
1606 1476 1759 1510 fugiuntur,
1778 1475 1847 1502 sicut

1060 1523 1086 1550 in
1105 1523 1321 1558 praecedentibus
1343 1522 1499 1549 docuimus.
1525 1522 1552 1549 Si
1575 1526 1665 1548 autem
1683 1522 1753 1548 ratio
1771 1521 1844 1556 prin-

1059 1576 1123 1603 ceps
1136 1576 1190 1595 non
1202 1568 1270 1595 bene
1280 1572 1364 1603 regat.
1381 1568 1444 1602 quia
1456 1567 1646 1602 tletieit,eujus
1660 1573 1701 1594 est
1717 1566 1782 1600 quid
1800 1567 1846 1593 de-

1060 1620 1121 1642 ceat
1135 1614 1269 1649 judicare,
1292 1614 1325 1640 de
1342 1619 1440 1641 crctero
1455 1622 1536 1640 oume
1559 1614 1756 1640 detrimentum
1775 1613 1801 1639 in
1819 1620 1847 1639 se

1059 1660 1141 1686 vertit
1155 1661 1173 1686 '.
1194 1659 1246 1686 Res
1264 1666 1371 1686 sursum
1389 1667 1419 1685 ac
1434 1658 1561 1685 deorsum
1580 1664 1663 1691 eunt;
1679 1659 1752 1685 illico
1775 1658 1848 1684 enim

1059 1706 1161 1732 veritas
1169 1709 1283 1739 putatur
1295 1705 1479 1737 mendacium,
1494 1711 1520 1732 et
1533 1705 1605 1739 quod
1616 1705 1695 1732 dulce
1707 1709 1759 1735 cst,
1772 1712 1847 1731 ama-

1061 1758 1131 1781 rum,
1142 1756 1299 1776 ctamarum
1311 1750 1400 1776 dulce.
1413 1750 1516 1776 Lumen
1531 1750 1558 1776 fit
1567 1750 1686 1776 tenebrae
1694 1755 1720 1776 et
1730 1749 1850 1776 tenebrat

1060 1796 1169 1827 lumen;
1187 1797 1257 1823 mala
1280 1801 1389 1828 natura,
1410 1796 1540 1823 videntur
1567 1797 1679 1830 optima,
1703 1800 1730 1823 et
1747 1797 1850 1830 optima

1062 1842 1199 1877 fugienda.
1220 1843 1246 1869 Si
1263 1843 1325 1877 quis
1345 1843 1519 1870 instiusmodi
1539 1843 1604 1869 falsa
1627 1843 1730 1877 judicia
1758 1843 1850 1874 faciat,

1063 1888 1160 1915 vitium
1178 1893 1205 1914 et
1222 1888 1328 1923 peccati
1355 1889 1481 1923 contagio
1506 1888 1603 1915 abesse
1626 1896 1681 1915 non
1700 1893 1799 1923 potest.
1816 1888 1852 1914 Et

1063 1939 1127 1961 tunc
1152 1934 1255 1961 zizania
1279 1942 1339 1961 eum
1360 1934 1482 1969 germine
1505 1939 1679 1967 excrescunt,
1695 1935 1851 1968 stirpesque

1063 1979 1174 2007 inutiles
1192 1980 1218 2006 in
1246 1979 1318 2014 agris
1338 1980 1528 2014 spiritualibus
1546 1987 1574 2007 se
1594 1979 1776 2014 profundunt.
1795 1980 1851 2006 uti-

1062 2028 1141 2062 leque
1169 2027 1302 2059 triticum,
1327 2032 1355 2054 et
1380 2027 1510 2053 alimento
1537 2026 1665 2053 idoneum
1692 2026 1850 2059 discoloria,

1061 2079 1088 2100 et
1103 2082 1116 2100 a
1135 2077 1231 2100 natura
1249 2073 1426 2100 abhorrentia
1451 2072 1586 2100 suﬂocant
1604 2073 1633 2100 ".
1664 2072 1731 2099 Nam
1757 2077 1786 2099 ut
1812 2077 1852 2099 te-

1062 2119 1172 2145 terrima
1188 2123 1340 2153 prmterque
1356 2123 1493 2150 naturam,
1518 2122 1547 2144 ct
1567 2117 1721 2144 adulterina
1746 2117 1851 2144 semina

1061 2171 1122 2190 eum
1148 2164 1320 2190 naturalibus
1347 2163 1595 2198 comprehendant,
1626 2167 1654 2189 et
1678 2162 1850 2197 proveniant.

1062 2209 1119 2236 fieri
1148 2209 1253 2245 nequit.
1274 2210 1406 2236 Voluntas
1432 2208 1566 2243 corporis.
1586 2208 1732 2242 prudentia
1749 2207 1852 2238 carnis.

1060 2255 1230 2289 voluptatum
1259 2254 1409 2289 impostura
1434 2259 1534 2288 pra‘tcr
1565 2257 1691 2280 naturam
1725 2252 1852 2288 propagi-

1061 2309 1110 2327 nes
1131 2305 1204 2327 sunt.
1240 2299 1312 2333 Quas
1332 2300 1353 2327 si
1378 2299 1480 2327 sanctis
1514 2298 1656 2326 laboribus
1686 2297 1856 2333 oppresseri-

1061 2353 1132 2377 mus,
1156 2346 1309 2380 spiritualia
1330 2350 1467 2372 crescunt.
1487 2343 1621 2370 Triticum
1643 2348 1685 2371 est
1702 2343 1853 2370 secundum

1060 2395 1195 2417 naturam.
1227 2390 1333 2417 Etenim
1361 2389 1473 2416 virtutis
1505 2388 1617 2423 igniculi
1645 2395 1661 2414 a
1687 2392 1785 2414 natura
1806 2393 1856 2413 n0-

1060 2436 1102 2463 bis
1127 2442 1191 2464 sunt
1217 2437 1310 2468 insiti;
1335 2441 1427 2463 motus
1443 2439 1535 2462 autem
1563 2434 1677 2465 turbidi,
1694 2438 1792 2469 praeter
1807 2440 1854 2459 na-

1060 2488 1149 2510 turam
1165 2488 1239 2514 sunt.
1260 2487 1290 2510 ut
1303 2483 1360 2510 dixi
1645 2487 1653 2490 ”

1098 2529 1125 2556 Si
1147 2530 1219 2557 enim
1243 2529 1403 2564 improbitas
1421 2534 1494 2557 esset
1521 2528 1623 2563 aliqua.
1639 2530 1670 2554 ut
1693 2526 1731 2553 ita
1754 2525 1852 2555 dicam.

956 2596 1094 2631 Scholia.

261 2662 268 2671 ‘
283 2660 432 2695 Gregorius
447 2660 596 2694 Nyssenus,
616 2659 756 2695 Qeceptunt
774 2657 926 2695 intellectus
937 2659 1014 2693 judi-

223 2697 303 2725 cium.
320 2693 378 2730 ipsa
405 2703 446 2721 res
463 2693 594 2730 sequitur.
615 2693 689 2730 Cumr
702 2693 771 2719 enim
798 2694 1015 2730 intpcritarrutio

223 2739 275 2757 non
294 2731 420 2757 invenerit
439 2729 483 2756 ubi
502 2729 604 2755 utiliter
622 2729 703 2754 armis
723 2733 824 2758 utatur.
841 2729 866 2755 in
885 2737 912 2754 se
928 2729 1013 2763 ipsum

222 2766 324 2798 ferrum
344 2764 537 2791 auxiliatorum
553 2765 690 2796 convertit,
706 2765 732 2790 ei
747 2764 791 2797 qui
808 2763 877 2789 male
892 2772 952 2790 usus
966 2769 1013 2795 est.

222 2801 408 2835 perniciosum.

260 2837 277 2845 ·”
290 2835 434 2861 Maximus.
450 2833 498 2860 Res
514 2834 577 2868 ipsa:
594 2833 698 2867 quidem
712 2838 786 2860 extra
804 2834 922 2859 animum
941 2839 1012 2865 sunt.

223 2878 315 2897 carum
345 2878 403 2896 vero
430 2869 599 2903 cogitationes
628 2876 658 2893 uc
679 2877 768 2894 sensus
797 2869 866 2894 intra
891 2868 1011 2895 quintum

224 2907 380 2931 consistunt.
409 2904 489 2930 Penes
508 2904 592 2937 ipsum
616 2903 696 2935 igitur
719 2908 765 2935 est,
783 2904 849 2929 hisce
878 2908 923 2928 aut
947 2903 1011 2929 bene

226 2944 270 2966 «ut
289 2947 360 2965 serus
373 2940 410 2965 uti
423 2947 431 2965 .'
445 2946 489 2964 nec
506 2938 579 2964 aliud
593 2937 737 2972 quidquam
755 2942 791 2965 σοι
807 2937 918 2969 nmium,
931 2947 1010 2973 quum

1067 2664 1226 2697 operationis
1243 2663 1401 2696 fucttltatum
1424 2667 1528 2689 natura:
1543 2662 1577 2687 ad
1591 2660 1672 2695 ﬁnem
1692 2659 1853 2694 propositum

1065 2698 1206 2724 insitarum
1222 2698 1341 2732 defectio.
1358 2699 1411 2725 sive
1425 2697 1498 2724 bona:
1520 2697 1637 2723 omnium
1664 2703 1753 2732 rerum
1768 2700 1855 2732 cause

1064 2733 1217 2768 ignorantia
1230 2729 1307 2767 :qua:
1317 2741 1374 2759 cum
1390 2737 1501 2759 mentem
1513 2733 1657 2768 humanam
1670 2729 1852 2768 debilitaverit.

1064 2762 1149 2801 ipsum
1164 2777 1178 2794 η
1194 2762 1284 2794 divina
1299 2768 1447 2802 cognitione
1458 2767 1560 2801 penitus
1575 2765 1742 2800 peregrinam
1758 2762 1856 2792 reddit.

1065 2806 1088 2827 et
1105 2802 1179 2828 aliud
1198 2811 1306 2835 prorsus
1320 2802 1394 2829 nihil.
1757 2832 1771 2836 ,Α
1827 2832 1833 2836 ,

1142 2832 1308 2872 Imp-rebitas,
1327 2843 1371 2863 aut
1383 2836 1514 2864 illaudato
1530 2836 1640 2872 (ιΠιίἿίοζ
1651 2832 1814 2872 naturqlitet‘
1824 2832 1854 2860 in.

1065 2876 1163 2899 natura
1183 2869 1235 2898 non
1252 2874 1381 2899 cohu‘rcnt
1398 2881 1427 2898 ac
1443 2872 1603 2901 subsistunt;
1623 2870 1690 2897 Deus
1708 2869 1777 2896 enim
1794 2870 1853 2893 Ιιιτε

1064 2907 1232 2934 lmicnturum
1245 2908 1388 2935 motionum
1401 2915 1454 2934 non
1467 2911 1504 2933 est
1521 2905 1651 2933 conditor.
