2032 3156
193 209 250 241 853

194 308 370 344 supplicium,
400 313 451 333 nec
482 305 617 332 virtutum
647 303 802 332 cultoribus
835 303 978 338 pra‘mium

194 360 265 382 esset
282 352 462 388 propositum.
482 351 510 378 Si
524 351 586 385 quis
600 357 666 384 ergo
680 348 881 377 consuetudine
897 348 978 380 mala,

193 404 221 426 et
243 398 298 425 vita
323 397 394 424 male
415 395 513 423 feriata
535 395 697 422 all‘ectiones
719 403 732 422 a
755 399 854 421 natura
876 392 979 420 alienas

196 445 222 470 in
237 443 362 470 habitum
373 440 552 472 converterit,
564 440 588 467 is
598 448 708 467 rursum
720 439 920 467 consuetudine
933 440 980 465 lio-

193 497 227 515 na
243 489 297 515 vim
315 488 387 514 illam
406 487 464 514 vitii
476 486 502 513 in
515 486 624 513 virtutis
637 485 692 512 vim
707 485 854 519 remigrare
866 488 946 518 cogat
958 485 977 510 '.

194 534 339 568 Postquam
359 533 433 559 enim
461 532 529 559 lines
557 539 621 558 suos
635 538 744 566 egressa
770 530 863 562 luerit,
887 530 979 556 denuo

196 579 223 606 in
238 579 355 613 scipsam
372 578 499 606 celeriter
515 577 605 605 redire
621 577 811 611 compellatur.
829 576 859 603 Et
877 575 980 603 idcirco

195 633 310 660 magnus
323 625 368 651 ille
381 625 500 659 agricola
517 624 657 659 praecepit,
670 622 849 656 relinquenda
864 622 978 653 zizania,

194 675 224 697 ut
239 674 364 698 crescant
380 677 443 697 cum
460 671 562 702 tritico,
580 673 609 696 ut
622 670 726 704 plastes
739 669 888 704 providens
901 669 980 695 uobis

195 723 229 743 ne
245 723 274 742 re
288 721 384 743 natura
402 715 588 750 pulcherrima
605 715 778 746 orbaremur,
796 722 830 741 ne
843 713 979 749 cupiditas

195 770 258 788 eum
288 763 412 797 germine
443 761 628 797 improbitatis
659 760 740 788 simul
759 760 978 787 exscinderetur.

194 808 262 835 Nam
277 809 299 835 si
318 816 370 835 una
387 816 448 836 eum
464 808 497 835 iis
522 815 583 843 quae
597 812 697 842 printer
716 811 842 834 naturam
858 810 933 838 sunt,
948 813 980 833 ca

194 862 255 889 qua:
270 854 421 881 secundutn
434 858 560 881 naturam
571 856 636 879 sunt
650 852 742 879 omnia
757 851 978 882 extraherentur,

195 904 295 928 natura
311 900 430 927 humana
454 899 488 926 ad
509 899 642 926 auxilium
663 905 743 925 suum
760 897 851 930 aliter,
867 901 895 924 et
910 897 979 924 bene

194 947 230 974 iis
248 946 285 974 uti
307 954 362 973 non
382 951 485 981 posset.
503 945 644 973 Cbaritate
670 944 754 975 cnim,
775 951 835 978 qua:
853 943 979 978 pulcher-

197 992 266 1019 rima
282 991 441 1026 cupiditatis
458 992 549 1026 proles
567 995 618 1021 est,
634 998 650 1018 e
673 990 752 1017 nobis
777 989 858 1017 simul
880 990 981 1020 excisa,

193 1037 267 1072 quod
297 1037 406 1064 tandem
434 1037 612 1071 pharmacum
639 1036 744 1063 utiliter
771 1035 983 1062 adhibebimus?

194 1084 247 1110 Ista
271 1087 361 1110 autern
392 1084 473 1110 simul
499 1083 651 1115 dillluente,
674 1089 734 1116 qua!
761 1089 837 1108 arma
862 1081 925 1116 quis
947 1081 982 1108 ad

194 1129 382 1156 defensionem
405 1129 446 1156 sui
470 1133 566 1156 contra
589 1128 684 1155 hostes
700 1127 808 1155 occulte
828 1135 879 1155 nos
896 1135 983 1162 oppu-

195 1181 312 1210 gnantes
327 1176 446 1203 habeat?
463 1176 609 1202 Armorum
625 1173 727 1210 quippe
746 1175 805 1202 loco
823 1174 983 1202 hominibus

195 1226 259 1248 sunt
275 1221 412 1255 appetitus
441 1225 470 1248 ct
486 1221 536 1248 ira.
551 1220 629 1253 Quod
645 1220 667 1247 si
685 1221 742 1248 haec
758 1220 892 1248 radicitus
903 1221 982 1248 evul-

196 1267 276 1297 seris,
294 1267 432 1301 quomodo
456 1267 546 1293 nudus
568 1266 683 1301 spiritus
709 1265 742 1293 ad
766 1274 883 1300 pugnam
899 1270 927 1293 et
942 1266 983 1293 Iu-

195 1318 267 1340 ctam
298 1317 392 1339 contra
420 1313 569 1344 dmmones,
596 1317 677 1346 atque
705 1311 738 1338 ad
767 1313 855 1339 aciem
885 1315 981 1338 contra

195 1357 334 1392 principes
350 1357 524 1384 tenebrarum
541 1357 727 1384 instruendam
742 1356 916 1392 aggrediatur
931 1356 969 1382 “?

230 1422 281 1455 Qui
312 1423 385 1449 enim
410 1423 562 1449 secundum
588 1423 727 1457 spiritum,
750 1431 804 1449 non
828 1423 979 1450 secundum

194 1470 313 1495 animant
330 1473 446 1500 tantum,
463 1469 521 1496 sive
545 1469 696 1496 sccundtun
720 1477 830 1495 carnem
853 1470 923 1495 hanc
938 1469 980 1496 vi-

193 1522 259 1540 \’(‘l‘(‘.
283 1520 497 1545 consueverunt,
524 1522 571 1542 COS
597 1519 702 1541 certum
730 1520 767 1541 (‘SI
794 1523 809 1542 a
833 1523 888 1542 non
907 1515 979 1541 ilOllO

193 1565 308 1595 propter
319 1561 419 1587 bonum
436 1560 519 1594 pungi
534 1568 564 1587 ac
579 1560 725 1588 stimulari.
738 1561 789 1593 Qui
806 1569 870 1587 vero
885 1561 979 1586 vivunt

192 1607 221 1632 in
237 1614 317 1633 carne
334 1607 453 1633 carnalia
475 1607 596 1640 sapiunt.
622 1616 630 1630 ι
646 1606 778 1632 Animalis
801 1607 873 1632 enim
896 1606 978 1632 homo
994 1597 1014 1622 (ἶ

191 1659 247 1678 non
264 1651 381 1686 percipit
395 1659 425 1678 ea
443 1659 503 1685 qum
514 1657 578 1678 sunt
598 1651 709 1685 spiritus
723 1651 743 1682 ⁸,
761 1661 769 1676 ι
790 1652 888 1677 l‘aulus
908 1651 982 1677 velut

190 1704 227 1724 ex
251 1697 306 1724 alto
332 1697 510 1732 pronuntiat:
537 1705 589 1723 non
613 1698 686 1723 cnim
713 1703 754 1723 cst
779 1698 905 1731 Spiritus,
933 1698 978 1732 qui

190 1743 344 1770 secundum
361 1750 471 1770 carnem
487 1743 564 1774 vivit,
581 1743 660 1778 rtljns
678 1743 823 1777 prudentia
838 1748 881 1769 est
904 1751 978 1769 mors

192 1789 348 1822 periculum
363 1796 502 1822 magnum.
515 1793 540 1814 cl
557 1796 644 1822 pugna
659 1791 685 1814 ct
699 1787 831 1814 distantia
849 1796 862 1813 a
877 1786 978 1814 divinis

191 1833 321 1867 penitus;
338 1834 439 1860 divinis
457 1834 529 1860 enim
549 1833 654 1868 legibus
669 1833 832 1859 omnimodis
849 1832 978 1858 adversa-

192 1886 251 1905 tur.
273 1879 420 1907 Prndeutia
445 1886 535 1907 autem
558 1879 681 1914 spiritus,
700 1887 793 1913 pacem
809 1879 896 1904 vivam
919 1885 978 1904 sca-

190 1926 263 1952 turit
276 1925 296 1952 ⁸.
309 1925 359 1958 Qui
373 1927 482 1953 carnale
496 1934 588 1953 sctum
602 1926 728 1956 setninat,
741 1925 775 1951 de
788 1932 870 1949 carne
883 1927 976 1953 metet.

191 1975 278 1997 metet
296 1976 387 1997 autem
412 1976 538 1998 mortctn.
558 1971 610 2003 Qui
629 1974 720 1997 autem
750 1969 776 1995 in
808 1969 905 2002 spiritu
935 1976 979 1994 se-

191 2017 292 2045 minat.
318 2017 469 2051 spir.tualia
502 2022 596 2050 metet,
623 2021 652 2043 et
682 2023 797 2042 messem
825 2014 982 2049 corruptio-

191 2062 238 2089 nis
253 2063 273 2088 '.

230 2185 239 2197 ³
257 2183 264 2209 I
282 2183 343 2210 Cur.
363 2191 393 2216 tt,
412 2183 452 2211 Η.
491 2186 501 2199 ⁵
519 2184 597 2211 Rom.
612 2193 669 2217 vnt,
685 2185 789 2220 (iscqq.

911 203 1050 234 DIOPTR
1057 203 1088 232 Λ.

194 260 388 291 substantiatio
417 264 464 287 aut
490 263 600 290 natura,
629 257 892 285 necscctatoribns
922 258 1018 292 ejus.\

1764 196 1816 229 tibi

1323 254 1433 282 CAPUT
1455 254 1522 281 XIII.

1035 323 1163 356 Quisnam
1190 322 1317 353 carnalis,
1346 323 1402 356 quis
1430 321 1565 352 animalis,
1585 321 1642 354 quis
1660 318 1817 356 rspit'itualia

1069 358 1243 392 appellandus
1258 359 1300 384 sit.
1322 353 1412 384 Solum
1434 357 1460 382 id
1485 356 1579 382 bonum
1593 353 1664 392 quod
1686 353 1719 380 ea:
1735 353 1817 392 libera

1070 391 1205 420 t'oluntate
1227 393 1361 427 prwccdil,
1388 391 1492 418 laudem
1506 395 1529 417 et
1543 391 1681 426 praemium
1708 391 1816 415 mereri.

1070 462 1166 488 Amm.
1193 460 1246 488 Sed
1274 468 1333 495 age,
1355 459 1539 486 differentiam
1569 464 1762 492 personarum,
1790 460 1818 482 ct

1033 508 1094 542 quis
1102 507 1229 539 carnalis,
1241 507 1302 541 quis
1316 505 1477 540 spiritualis,
1493 505 1555 540 quis
1569 504 1678 531 demum
1693 501 1818 529 animalis

1033 555 1078 584 sit.
1099 554 1164 580 utihi
1182 553 1308 585 declara;
1327 560 1378 579 nec
1394 552 1467 578 enim
1485 558 1599 578 noscere
1614 557 1696 584 queo.

1068 599 1151 626 Cano.
1163 599 1270 625 Primus
1287 599 1385 624 horum
1406 598 1513 632 corpori
1529 596 1701 630 obsequitur.
1714 599 1742 622 et
1757 602 1818 621 cur-

1034 645 1108 679 poris
1126 644 1316 679 voluptatibus
1333 644 1429 676 servit,
1446 638 1586 677 vitamque
1607 647 1713 670 tantum
1729 641 1818 668 sensi-

1034 693 1085 720 bus
1101 692 1252 727 subjectam
1270 691 1298 718 in
1324 691 1408 718 rebus
1432 690 1543 718 caducis
1564 690 1658 723 exigit,
1679 689 1706 715 in
1721 695 1776 722 quo
1792 691 1820 714 ct

1033 739 1156 766 deterius
1178 747 1193 766 a
1216 738 1407 772 praestantiore
1433 737 1577 764 subactum
1604 740 1656 762 est.
1684 734 1819 761 Animalis

1033 785 1140 812 solutus
1157 789 1185 811 et
1203 785 1280 811 laxus
1294 789 1336 811 est
1358 784 1391 810 ad
1409 783 1520 810 habitus
1538 789 1632 808 revera
1649 787 1703 807 non
1721 779 1818 810 bonos,

1033 832 1210 865 animutnque
1232 830 1355 856 uomlum
1374 829 1540 856 illustratum
1564 827 1664 859 habet;
1683 825 1731 852 scd
1752 824 1820 851 vivit

1034 877 1067 904 ad
1079 876 1242 912 appetitum,
1258 876 1304 911 qui
1321 876 1431 903 videtur
1448 875 1580 908 optimus,
1597 873 1729 903 motibus,
1746 871 1820 898 desi-

999 929 1019 955 Β
1034 923 1130 955 deriis,
1152 926 1179 949 et
1192 926 1297 954 naturte
1312 921 1510 948 blandimentis
1528 919 1662 953 indulget.
1682 917 1818 952 Spiritua-

1034 969 1086 996 lcm
1118 976 1249 996 vocamus
1278 972 1414 995 amantem
1444 975 1535 994 rerum
1567 965 1740 997 cmlestium;
1771 964 1818 998 qui

1038 1014 1155 1040 internis
1182 1013 1271 1041 oculis
1299 1013 1393 1040 divina
1423 1011 1545 1046 respicit,
1572 1017 1600 1038 et
1629 1008 1820 1037 tantummodo

1035 1059 1119 1086 vitam
1152 1059 1348 1093 sempiternam
1385 1057 1486 1092 diligit,
1515 1055 1608 1083 omnia
1643 1053 1818 1089 voluptuaria

1034 1105 1189 1136 conculcat,
1216 1105 1319 1131 sanctis
1348 1102 1596 1130 exercitationibus
1621 1109 1650 1128 se
1674 1101 1779 1132 dcdit,-
1792 1104 1820 1126 et

1034 1150 1144 1185 spiritui
1160 1157 1270 1177 carnem
1291 1149 1412 1184 snbjicit.
1429 1148 1506 1181 Quod
1529 1147 1551 1175 si
1568 1147 1657 1182 placet
1679 1146 1740 1178 tibi,
1763 1153 1819 1172 rem

1035 1198 1089 1224 alio
1122 1196 1205 1223 modo
1237 1196 1400 1230 explanabo.
1429 1194 1623 1229 Unusquisque
1666 1191 1819 1220 secundum

1035 1247 1160 1268 naturam
1179 1247 1206 1268 ct
1220 1249 1331 1267 carnem
1346 1241 1509 1271 viventium,
1525 1240 1603 1274 plane
1622 1243 1737 1265 vocatur
1759 1236 1820 1264 ani-

1035 1289 1121 1318 malis,
1141 1293 1170 1314 ut
1188 1287 1234 1322 qui
1254 1292 1344 1314 Illt'lllc
1368 1287 1488 1313 nomium
1511 1285 1657 1320 profecerit
1672 1285 1713 1311 “'.

1071 1334 1199 1360 Viventes
1223 1334 1295 1359 Intra
1324 1332 1463 1367 spiritum,
1490 1331 1616 1358 carnales
1639 1329 1810 1364 appellamus

1032 1379 1083 1412 Qui
1110 1386 1201 1406 autem
1230 1383 1354 1405 naturam
1377 1379 1409 1405 ad
1435 1378 1562 1412 Spiriltlll‘l
1588 1379 1816 1409 attemperarunt,

1036 1423 1195 1458 spirituales
1219 1423 1344 1455 audiunt,
1371 1428 1400 1449 ut
1428 1423 1474 1457 qui
1503 1422 1633 1449 virtutem
1660 1423 1819 1448 exerceant.

1033 1470 1131 1498 Adhuc
1153 1470 1260 1497 tertiam
1272 1470 1480 1504 explicationem
1498 1469 1610 1495 atteram
1625 1476 1631 1492 :
1650 1466 1745 1493 Mutuo
1770 1465 1821 1493 ad-

1032 1521 1178 1544 versantur
1193 1524 1256 1543 caro
1285 1520 1311 1542 ct
1329 1516 1444 1549 spiritus
1472 1515 1500 1541 lu
1518 1522 1572 1548 quo
1587 1521 1651 1541 caro
1670 1520 1820 1548 superave-

1033 1563 1077 1592 rit,
1096 1563 1118 1589 is
1135 1562 1235 1589 dicitur
1247 1562 1373 1589 carnalis.
1398 1562 1425 1588 ln
1447 1569 1502 1596 quo
1520 1561 1632 1596 spiritus
1645 1559 1753 1590 vicerit.
1775 1559 1820 1586 ille

1031 1613 1072 1635 est
1082 1608 1242 1642 spiritualis,
1252 1608 1345 1643 etjnre
1358 1607 1462 1634 fructus
1472 1606 1584 1641 spiritus
1595 1606 1727 1633 dicendus
1735 1606 1785 1633 ““.

1066 1653 1144 1687 Quod
1166 1653 1189 1680 si
1210 1654 1282 1681 inter
1299 1653 1380 1680 ambo
1400 1661 1451 1687 pax
1476 1652 1582 1679 inutilis
1599 1652 1692 1683 fuerit,
1716 1651 1770 1678 crit
1797 1651 1820 1677 is

1032 1699 1116 1726 houto
1139 1700 1277 1731 animalis,
1303 1700 1348 1734 qui
1376 1707 1441 1726 vere
1461 1698 1645 1733 cognitionem
1670 1697 1764 1726 habet.
1792 1701 1819 1722 ct

1032 1746 1116 1772 vitam
1131 1746 1229 1772 anima:
1245 1745 1353 1771 insitam
1370 1748 1398 1771 et
1410 1751 1568 1771 concessam
1585 1743 1660 1770 vivit.
1677 1743 1732 1769 Nec.
1745 1742 1818 1768 enim

1032 1791 1179 1817 seminavit
1204 1791 1229 1816 in
1255 1798 1347 1820 carne,
1366 1795 1395 1816 ut
1414 1790 1623 1824 corruptionem
1645 1793 1729 1814 motat
1746 1796 1752 1813 :
1770 1795 1819 1812 nec

1035 1843 1130 1861 rursus
1149 1835 1174 1861 in
1199 1835 1309 1868 spiritu.
1328 1840 1357 1860 ut
1375 1834 1456 1860 vitam
1472 1840 1604 1860 :etcrnam
1621 1838 1720 1862 mctal;
1738 1833 1818 1865 atque

1033 1879 1096 1906 hinc
1113 1885 1140 1906 ut
1159 1880 1277 1905 medium
1293 1879 1435 1912 quiddam,
1450 1884 1477 1906 ct
1490 1879 1614 1905 animalis
1629 1882 1671 1904 est

1070 1925 1165 1957 Qualis
1190 1925 1226 1951 ait
1249 1925 1369 1951 carnalis
1389 1925 1483 1956 homo,
1499 1924 1588 1958 qualis
1611 1922 1772 1958 spiritualis,
1791 1927 1816 1948 ct

1031 1980 1086 2006 quo
1101 1976 1180 2004 parto
1198 1979 1226 1997 se
1245 1977 1361 2004 ntcrqne
1376 1971 1487 2002 habeat,
1503 1969 1702 2005 perfectissime
1719 1967 1819 1995 Paulus

1032 2018 1116 2044 novit.
1131 2017 1182 2043 Sed
1197 2023 1342 2043 tatncucns
1357 2017 1428 2044 inter
1441 2024 1470 2043 se
1481 2023 1655 2050 comparans,
1668 2019 1816 2048 utrumque

1030 2071 1079 2098 per
1097 2070 1125 2090 se
1152 2062 1303 2098 plurimum
1322 2062 1413 2090 valere
1438 2066 1534 2090 contra
1550 2062 1667 2089 alterunt
1690 2060 1816 2087 allirtnat.

1030 2108 1148 2136 Medium
1164 2113 1257 2136 tenent
1272 2109 1373 2141 locum,
1385 2108 1487 2144 quibus
1499 2116 1554 2136 non
1570 2108 1604 2135 ab
1620 2106 1817 2134 exercitatione

830 2188 838 2201 ³
854 2187 942 2214 Galat.
961 2195 999 2217 γι.
1012 2187 1038 2216 8.

931 2270 1068 2300 Scholia.

231 2356 237 2363 ‘
248 2354 379 2381 Isidorus.
393 2354 469 2381 Multi
483 2355 607 2381 mortales
621 2360 726 2389 precata
740 2360 762 2380 ct
780 2356 843 2382 vitia
857 2357 977 2390 quanti-is
996 2357 1016 2384 D
1034 2356 1097 2383 dum
1117 2361 1242 2384 naturam
1258 2362 1318 2384 sunt
1334 2357 1517 2384 avellerentur.

194 2398 245 2415 non
255 2390 404 2419 didicerint.
414 2394 501 2415 tamen
511 2395 680 2424 perpetrant;
691 2390 757 2416 bona
765 2395 849 2417 autem
857 2392 977 2425 quamvis

194 2434 224 2449 ιιι
243 2424 321 2453 docti,
337 2433 388 2450 non
404 2425 556 2459 intelligunt
573 2433 580 2450 :
595 2425 640 2451 sed
652 2425 788 2459 suppliciis
805 2427 914 2460 gravida
932 2435 978 2460 per

194 2467 222 2484 ηε
249 2466 338 2484 amare
362 2463 385 2494 ct
412 2461 591 2494 concupiscere
615 2469 666 2486 nou
690 2462 812 2487 (Ιινδίιειιηι
839 2470 844 2486 2
866 2469 977 2487 coronus

195 2497 282 2518 uttlem
294 2493 472 2527 conril'antiu,
486 2499 513 2520 ut
527 2501 703 2531 exsequuntur
715 2496 810 2522 adduci
824 2497 975 2531 neutiqunnt

195 2532 302 2562 possunt
307 2547 313 2554 .

230 2563 316 2589 Nilm.
339 2562 388 2588 Per
407 2567 528 2590 conatum
547 2566 661 2592 studiose
690 2566 797 2592 untundi
821 2566 911 2597 ΙΙιιιιηι,
930 2575 975 2592 ne-

195 2598 328 2634 gligentia:
347 2598 398 2623 vim
419 2598 548 2625 debellare
569 2606 591 2626 rt
613 2601 735 2634 [rungcrc
768 2601 842 2627 velis.
863 2600 977 2627 Consur-

197 2633 258 2658 tudo
274 2634 340 2670 enim
356 2634 542 2670 consuetudine
558 2633 698 2661 mutatur:
718 2640 821 2662 tuutum
840 2644 871 2662 ne
890 2641 967 2670 tyrun

197 2669 284 2694 uident
303 2668 437 2694 obtendos.

233 2703 424 2740 “_Cnpiditalis
436 2703 529 2740 stirpes
539 2709 598 2730 sunt
610 2705 733 2733 clmritus.
746 2711 768 2731 ut
787 2706 981 2740 lmnperantia;

197 2738 306 2775 iub/tau:
320 2739 537 2775 intemperantia
558 2743 582 2764 cl
608 2739 696 2766 libido.
722 2740 760 2766 lix
784 2742 824 2767 ira
840 2738 980 2775 fortitudo

197 2773 301 2803 critical,
316 2774 424 2802 insuper
443 2773 565 2804 malacia,
587 2780 610 2799 et
630 2775 756 2801 timiditas
783 2773 878 2807 prn'tcr
901 2782 979 2802 nutu-

199 2815 265 2847 rum.
282 2807 324 2847 Ιςαξ
337 2809 428 2834 animi:
439 2817 497 2841 (μίαν
507 2813 543 2834 est
558 2809 667 2835 rutinnis
683 2811 822 2843 purtirrps,
837 2811 976 2844 prudentia

198 2846 221 2866 ct
236 2843 352 2875 justitia,
368 2848 466 2876 pm'tcr
486 2848 610 2869 naturam
633 2852 692 2869 ιιι-νο
711 2843 973 2875 stultitia,ricttritiu,

197 2876 363 2910 ittwquulilus
378 2882 401 2904 cl
413 2878 553 2914 injustiﬁa.
570 2878 644 2910 Quod
659 2880 691 2908 si,
717 2887 774 2912 qua?
789 2884 884 2914 ptu'tcr
897 2885 974 2906 natu—

200 2919 254 2937 rnm
267 2917 336 2946 sunt,
354 2913 486 2940 evellenda
506 2918 600 2947 essent,
613 2913 692 2940 simul
707 2915 793 2940 umniu
814 2924 872 2949 (/tHl'
884 2924 974 2941 arrun-

1069 2391 1196 2419 Basilius.
1218 2391 1287 2424 Quid
1304 2392 1371 2418 lurri
1393 2397 1442 2421 est,
1466 2392 1494 2418 in
1521 2392 1610 2418 multis
1632 2398 1725 2417 t'tware
1746 2391 1817 2417 omni

1032 2427 1239 2461 perturbatione,
1255 2428 1277 2454 si
1292 2428 1324 2453 ob
1342 2436 1394 2453 una
1411 2435 1505 2460 corpus
1523 2426 1729 2458 corrumpatur?
1749 2425 1816 2451 Nam

1033 2461 1127 2488 Petrus
1144 2466 1202 2496 post
1219 2466 1255 2487 tot
1271 2463 1376 2496 egregia
1399 2462 1479 2494 [ιιοιαΙ
1497 2466 1520 2487 ct
1545 2462 1743 2494 prnrdicntionea
1767 2464 1814 2489 tot,

1031 2496 1132 2523 audivit
1149 2505 1158 2524 :
1175 2506 1184 2522 ί
1198 2496 1256 2523 Nisi
1269 2496 1357 2523 lavero
1371 2501 1405 2527 te,
1417 2504 1468 2522 non
1482 2496 1585 2522 habebis
1601 2501 1701 2530 partem
1716 2502 1815 2520 merum

1031 2531 1121 2564 (Joan.
1140 2540 1196 2561 xut.
1215 2531 1253 2561 8).

1066 2568 1098 2577 "'
1113 2566 1240 2602 Cyrillus.
1262 2565 1391 2602 Aninmrlis
1405 2570 1454 2596 est,
1471 2566 1528 2602 qui
1541 2565 1682 2602 secundum
1709 2571 1816 2590 carnem

1030 2600 1239 2631 vivensfanimo
1256 2609 1302 2635 per
1319 2601 1442 2634 spiritum
1458 2600 1573 2626 nondum
1591 2600 1739 2635 illustratus
1755 2603 1815 2635 est;

1031 2637 1076 2662 sed
1093 2633 1291 2669 intelligentiam
1309 2636 1491 2662 tantummodo
1511 2635 1656 2661 humanum
1673 2633 1816 2667 ingenitum

1032 2671 1118 2701 habet,
1134 2679 1213 2706 quam
1233 2671 1349 2697 omnium
1366 2671 1503 2697 animabus
1519 2670 1611 2706 Opil'ea;
1626 2669 1727 2706 insrriI.

1067 2708 1109 2717 ”’”⁶
1122 2704 1345 2738 Quemadmodtun
1359 2706 1432 2732 rebus
1442 2706 1520 2740 fluxis
1529 2705 1642 2731 immista
1655 2704 1745 2730 anima
1756 2710 1817 2740 eua-

1029 2742 1066 2767 dit
1083 2740 1210 2767 carnalis.
1234 2741 1270 2766 ila
1292 2749 1385 2773 corpus
1411 2738 1458 2774 per
1477 2739 1700 2773 incorruptionem
1719 2738 1815 2763 auium:

1028 2777 1121 2802 semini
1138 2775 1274 2802 Domiuiro
1291 2776 1393 2801 unitum
1408 2775 1545 2810 spiritunle
1561 2774 1688 2810 redditur.

1135 2811 1194 2837 Scio
1211 2811 1290 2840 enim,
1313 2815 1340 2836 nt
1353 2807 1509 2836 discordiam
1523 2809 1666 2844 quamdam
1678 2807 1814 2841 optimam,

1032 2846 1069 2871 sic
1083 2846 1162 2871 t'lium
1185 2845 1350 2871 roncordinm
1365 2845 1506 2874 Illtllilltltlﬂl
1525 2843 1737 2871 nm‘rntiasitmtnt
1749 2849 1813 2868 esse.

1033 2880 1126 2906 Melius
1143 2885 1179 2906 cst
1195 2880 1263 2906 enim
1279 2880 1411 2906 ΙιιηιΙιιΙιὶίιι
1432 2879 1536 2912 bellum,
1558 2888 1635 2913 quum
1652 2885 1704 2912 pax
1727 2886 1741 2904 α
1762 2876 1817 2903 Dub

1030 2923 1168 2949 separatis.
