  <div class='ocr_page' id='page_1' title='image "/cluster/home/n/w/nwhite01/storage/ocr_20150623/127/njp.32101077773040/523.png"; bbox 0 0 2032 3156; ppageno 0'>
   <div class='ocr_carea' id='block_1_1' title="bbox 228 192 282 222">
    <p class='ocr_par' dir='ltr' id='par_1_1' title="bbox 228 192 282 222">
     <span class='ocr_line' id='line_1_1' title="bbox 228 192 282 222; baseline 0 0"><span class='ocrx_word' id='word_1_1' title='bbox 228 192 282 222; x_wconf 77' lang='grc'><strong>855</strong></span> 
     </span>
    </p>
   </div>
   <div class='ocr_carea' id='block_1_2' title="bbox 848 192 1238 223">
    <p class='ocr_par' dir='ltr' id='par_1_2' title="bbox 848 192 1238 223">
     <span class='ocr_line' id='line_1_2' title="bbox 848 192 1238 223; baseline -0.005 0"><span class='ocrx_word' id='word_1_2' title='bbox 848 193 1019 223; x_wconf 77' lang='lat' dir='ltr'><strong>PHIIJPPI</strong></span> <span class='ocrx_word' id='word_1_3' title='bbox 1041 192 1204 222; x_wconf 77' lang='lat' dir='ltr'><strong>SOLITAR</strong></span> <span class='ocrx_word' id='word_1_4' title='bbox 1212 193 1238 221; x_wconf 89' lang='lat' dir='ltr'><strong>ll</strong></span> 
     </span>
    </p>
   </div>
   <div class='ocr_carea' id='block_1_3' title="bbox 1809 196 1860 228">
    <p class='ocr_par' dir='ltr' id='par_1_3' title="bbox 1809 196 1860 228">
     <span class='ocr_line' id='line_1_3' title="bbox 1809 196 1860 228; baseline 0.039 -2"><span class='ocrx_word' id='word_1_5' title='bbox 1809 196 1860 228; x_wconf 76' lang='lat'><strong>856</strong></span> 
     </span>
    </p>
   </div>
   <div class='ocr_carea' id='block_1_4' title="bbox 228 247 1857 292">
    <p class='ocr_par' dir='ltr' id='par_1_4' title="bbox 228 247 1857 292">
     <span class='ocr_line' id='line_1_4' title="bbox 228 247 1857 292; baseline 0.003 -18"><span class='ocrx_word' id='word_1_6' title='bbox 228 247 353 283; x_wconf 77' lang='lat' dir='ltr'><strong>conligit,</strong></span> <span class='ocrx_word' id='word_1_7' title='bbox 370 249 417 277; x_wconf 85' lang='lat' dir='ltr'><strong>sed</strong></span> <span class='ocrx_word' id='word_1_8' title='bbox 432 251 535 284; x_wconf 86' lang='lat' dir='ltr'><strong>absque</strong></span> <span class='ocrx_word' id='word_1_9' title='bbox 552 251 694 278; x_wconf 78' lang='lat' dir='ltr'><strong>laboribus</strong></span> <span class='ocrx_word' id='word_1_10' title='bbox 715 251 808 277; x_wconf 90' lang='lat' dir='ltr'><strong>innata</strong></span> <span class='ocrx_word' id='word_1_11' title='bbox 828 255 870 292; x_wconf 74' lang='lat' dir='ltr'><strong>es_t</strong></span> <span class='ocrx_word' id='word_1_12' title='bbox 885 250 1015 278; x_wconf 87' lang='lat' dir='ltr'><strong>castimo—</strong></span> <span class='ocrx_word' id='word_1_13' title='bbox 1032 252 1053 278; x_wconf 78' lang='grc' dir='ltr'>Α</span> <span class='ocrx_word' id='word_1_14' title='bbox 1071 248 1099 274; x_wconf 92' lang='lat' dir='ltr'><strong>in</strong></span> <span class='ocrx_word' id='word_1_15' title='bbox 1130 249 1290 274; x_wconf 76' lang='lat' dir='ltr'><strong>memoriam</strong></span> <span class='ocrx_word' id='word_1_16' title='bbox 1318 248 1391 275; x_wconf 85' lang='lat' dir='ltr'><strong>dicta</strong></span> <span class='ocrx_word' id='word_1_17' title='bbox 1414 254 1588 277; x_wconf 76' lang='lat' dir='ltr'><strong>revocantes.</strong></span> <span class='ocrx_word' id='word_1_18' title='bbox 1610 250 1742 278; x_wconf 82' lang='lat' dir='ltr'><strong>Dominus</strong></span> <span class='ocrx_word' id='word_1_19' title='bbox 1767 251 1857 286; x_wconf 80' lang='lat' dir='ltr'><strong>igitur,</strong></span> 
     </span>
    </p>
   </div>
   <div class='ocr_carea' id='block_1_5' title="bbox 227 294 1016 329">
    <p class='ocr_par' dir='ltr' id='par_1_5' title="bbox 227 294 1016 329">
     <span class='ocr_line' id='line_1_5' title="bbox 227 294 1016 329; baseline 0.005 -8"><span class='ocrx_word' id='word_1_20' title='bbox 227 294 284 325; x_wconf 87' lang='lat' dir='ltr'><strong>nia,</strong></span> <span class='ocrx_word' id='word_1_21' title='bbox 313 299 341 322; x_wconf 89' lang='lat' dir='ltr'><strong>et</strong></span> <span class='ocrx_word' id='word_1_22' title='bbox 360 296 447 323; x_wconf 88' lang='lat' dir='ltr'><strong>honor</strong></span> <span class='ocrx_word' id='word_1_23' title='bbox 471 297 563 324; x_wconf 89' lang='lat' dir='ltr'><strong>nullus</strong></span> <span class='ocrx_word' id='word_1_24' title='bbox 583 298 710 329; x_wconf 82' lang='lat' dir='ltr'><strong>habetur,</strong></span> <span class='ocrx_word' id='word_1_25' title='bbox 740 305 791 325; x_wconf 91' lang='lat' dir='ltr'><strong>nec</strong></span> <span class='ocrx_word' id='word_1_26' title='bbox 816 305 933 325; x_wconf 84' lang='lat' dir='ltr'><strong>coronas</strong></span> <span class='ocrx_word' id='word_1_27' title='bbox 956 305 1016 325; x_wconf 87' lang='lat' dir='ltr'><strong>mc-</strong></span> 
     </span>
    </p>
   </div>
   <div class='ocr_carea' id='block_1_6' title="bbox 228 343 1016 376">
    <p class='ocr_par' dir='ltr' id='par_1_6' title="bbox 228 343 1016 376">
     <span class='ocr_line' id='line_1_6' title="bbox 228 343 1016 376; baseline 0.005 -8"><span class='ocrx_word' id='word_1_28' title='bbox 228 347 333 373; x_wconf 91' lang='lat' dir='ltr'><strong>rentur,</strong></span> <span class='ocrx_word' id='word_1_29' title='bbox 347 343 393 376; x_wconf 87' lang='lat' dir='ltr'><strong>qui</strong></span> <span class='ocrx_word' id='word_1_30' title='bbox 420 347 521 370; x_wconf 84' lang='lat' dir='ltr'><strong>statum</strong></span> <span class='ocrx_word' id='word_1_31' title='bbox 549 344 686 371; x_wconf 92' lang='lat' dir='ltr'><strong>castitatis</strong></span> <span class='ocrx_word' id='word_1_32' title='bbox 709 344 768 371; x_wconf 86' lang='lat' dir='ltr'><strong>sine</strong></span> <span class='ocrx_word' id='word_1_33' title='bbox 784 345 934 372; x_wconf 88' lang='lat' dir='ltr'><strong>certamine</strong></span> <span class='ocrx_word' id='word_1_34' title='bbox 952 349 1016 372; x_wconf 88' lang='lat' dir='ltr'><strong>sunt</strong></span> 
     </span>
    </p>
   </div>
   <div class='ocr_carea' id='block_1_7' title="bbox 227 387 1016 424">
    <p class='ocr_par' dir='ltr' id='par_1_7' title="bbox 227 387 1016 424">
     <span class='ocr_line' id='line_1_7' title="bbox 227 387 1016 424; baseline 0.006 -11"><span class='ocrx_word' id='word_1_35' title='bbox 227 387 329 422; x_wconf 84' lang='lat' dir='ltr'><strong>adepti.</strong></span> <span class='ocrx_word' id='word_1_36' title='bbox 347 387 453 414; x_wconf 81' lang='lat' dir='ltr'><strong>Etenim</strong></span> <span class='ocrx_word' id='word_1_37' title='bbox 475 396 508 415; x_wconf 83' lang='lat' dir='ltr'><strong>ex</strong></span> <span class='ocrx_word' id='word_1_38' title='bbox 529 394 608 416; x_wconf 84' lang='lat' dir='ltr'><strong>utero</strong></span> <span class='ocrx_word' id='word_1_39' title='bbox 629 390 724 417; x_wconf 93' lang='lat' dir='ltr'><strong>matris</strong></span> <span class='ocrx_word' id='word_1_40' title='bbox 739 391 858 417; x_wconf 90' lang='lat' dir='ltr'><strong>eunuchi</strong></span> <span class='ocrx_word' id='word_1_41' title='bbox 881 391 947 424; x_wconf 90' lang='lat' dir='ltr'><strong>nati,</strong></span> <span class='ocrx_word' id='word_1_42' title='bbox 965 393 1016 418; x_wconf 78' lang='lat' dir='ltr'><strong>nec</strong></span> 
     </span>
    </p>
   </div>
   <div class='ocr_carea' id='block_1_8' title="bbox 228 434 1015 469">
    <p class='ocr_par' dir='ltr' id='par_1_8' title="bbox 228 434 1015 469">
     <span class='ocr_line' id='line_1_8' title="bbox 228 434 1015 469; baseline 0.005 -8"><span class='ocrx_word' id='word_1_43' title='bbox 228 434 370 462; x_wconf 81' lang='lat' dir='ltr'><strong>molestias</strong></span> <span class='ocrx_word' id='word_1_44' title='bbox 395 435 519 462; x_wconf 87' lang='lat' dir='ltr'><strong>sentiunt</strong></span> <span class='ocrx_word' id='word_1_45' title='bbox 541 435 608 463; x_wconf 74' lang='lat' dir='ltr'><strong>fmdi</strong></span> <span class='ocrx_word' id='word_1_46' title='bbox 628 437 741 469; x_wconf 85' lang='lat' dir='ltr'><strong>amoris,</strong></span> <span class='ocrx_word' id='word_1_47' title='bbox 764 445 816 464; x_wconf 89' lang='lat' dir='ltr'><strong>nec</strong></span> <span class='ocrx_word' id='word_1_48' title='bbox 836 446 929 467; x_wconf 83' lang='lat' dir='ltr'><strong>rerum</strong></span> <span class='ocrx_word' id='word_1_49' title='bbox 952 446 1015 466; x_wconf 92' lang='lat' dir='ltr'><strong>cum</strong></span> 
     </span>
    </p>
   </div>
   <div class='ocr_carea' id='block_1_9' title="bbox 228 480 1016 517">
    <p class='ocr_par' dir='ltr' id='par_1_9' title="bbox 228 480 1016 517">
     <span class='ocr_line' id='line_1_9' title="bbox 228 480 1016 517; baseline 0.004 -10"><span class='ocrx_word' id='word_1_50' title='bbox 228 480 484 514; x_wconf 77' lang='lat' dir='ltr'><strong>perturbationibus</strong></span> <span class='ocrx_word' id='word_1_51' title='bbox 507 482 729 517; x_wconf 81' lang='lat' dir='ltr'><strong>conjunctarum.</strong></span> <span class='ocrx_word' id='word_1_52' title='bbox 756 482 813 509; x_wconf 88' lang='lat' dir='ltr'><strong>Nec</strong></span> <span class='ocrx_word' id='word_1_53' title='bbox 833 483 949 517; x_wconf 88' lang='lat' dir='ltr'><strong>proinde</strong></span> <span class='ocrx_word' id='word_1_54' title='bbox 975 483 1016 510; x_wconf 93' lang='lat' dir='ltr'><strong>di-</strong></span> 
     </span>
    </p>
   </div>
   <div class='ocr_carea' id='block_1_10' title="bbox 226 525 1014 563">
    <p class='ocr_par' dir='ltr' id='par_1_10' title="bbox 226 525 1014 563">
     <span class='ocr_line' id='line_1_10' title="bbox 226 525 1014 563; baseline 0.005 -11"><span class='ocrx_word' id='word_1_55' title='bbox 226 525 326 559; x_wconf 77' lang='lat' dir='ltr'><strong>gnandi</strong></span> <span class='ocrx_word' id='word_1_56' title='bbox 356 531 419 553; x_wconf 88' lang='lat' dir='ltr'><strong>sunt</strong></span> <span class='ocrx_word' id='word_1_57' title='bbox 453 527 560 560; x_wconf 81' lang='lat' dir='ltr'><strong>gloria,</strong></span> <span class='ocrx_word' id='word_1_58' title='bbox 587 532 634 555; x_wconf 89' lang='lat' dir='ltr'><strong>aut</strong></span> <span class='ocrx_word' id='word_1_59' title='bbox 661 529 764 563; x_wconf 79' lang='lat' dir='ltr'><strong>gratia,</strong></span> <span class='ocrx_word' id='word_1_60' title='bbox 789 529 1014 563; x_wconf 87' lang='lat' dir='ltr'><strong>quandoquidem</strong></span> 
     </span>
    </p>
   </div>
   <div class='ocr_carea' id='block_1_11' title="bbox 227 572 1015 610">
    <p class='ocr_par' dir='ltr' id='par_1_11' title="bbox 227 572 1015 610">
     <span class='ocr_line' id='line_1_11' title="bbox 227 572 1015 610; baseline 0.005 -12"><span class='ocrx_word' id='word_1_61' title='bbox 227 572 335 599; x_wconf 81' lang='lat' dir='ltr'><strong>labores</strong></span> <span class='ocrx_word' id='word_1_62' title='bbox 351 580 404 599; x_wconf 91' lang='lat' dir='ltr'><strong>non</strong></span> <span class='ocrx_word' id='word_1_63' title='bbox 427 573 622 601; x_wconf 84' lang='lat' dir='ltr'><strong>toleraverunt.</strong></span> <span class='ocrx_word' id='word_1_64' title='bbox 638 574 743 601; x_wconf 88' lang='lat' dir='ltr'><strong>Bonum</strong></span> <span class='ocrx_word' id='word_1_65' title='bbox 766 575 869 610; x_wconf 83' lang='lat' dir='ltr'><strong>quippe</strong></span> <span class='ocrx_word' id='word_1_66' title='bbox 891 575 1015 602; x_wconf 59' lang='lat' dir='ltr'><strong>naturale</strong></span> 
     </span>
    </p>
   </div>
   <div class='ocr_carea' id='block_1_12' title="bbox 226 611 857 653">
    <p class='ocr_par' dir='ltr' id='par_1_12' title="bbox 226 611 857 653">
     <span class='ocr_line' id='line_1_12' title="bbox 226 611 857 653; baseline 0.006 -9"><span class='ocrx_word' id='word_1_67' title='bbox 226 611 451 653; x_wconf 83' lang='lat' dir='ltr'><strong>approbationem</strong></span> <span class='ocrx_word' id='word_1_68' title='bbox 469 624 496 647; x_wconf 89' lang='lat' dir='ltr'><strong>et</strong></span> <span class='ocrx_word' id='word_1_69' title='bbox 512 619 620 647; x_wconf 88' lang='lat' dir='ltr'><strong>laudem</strong></span> <span class='ocrx_word' id='word_1_70' title='bbox 636 628 692 647; x_wconf 90' lang='lat' dir='ltr'><strong>non</strong></span> <span class='ocrx_word' id='word_1_71' title='bbox 706 625 827 648; x_wconf 85' lang='lat' dir='ltr'><strong>meretur</strong></span> <span class='ocrx_word' id='word_1_72' title='bbox 839 623 857 647; x_wconf 79' lang='grc'>⁶.</span> 
     </span>
    </p>
   </div>
   <div class='ocr_carea' id='block_1_13' title="bbox 264 664 1014 702">
    <p class='ocr_par' dir='ltr' id='par_1_13' title="bbox 264 664 1014 702">
     <span class='ocr_line' id='line_1_13' title="bbox 264 664 1014 702; baseline 0.004 -11"><span class='ocrx_word' id='word_1_73' title='bbox 264 664 311 691; x_wconf 89' lang='lat' dir='ltr'><strong>Sin</strong></span> <span class='ocrx_word' id='word_1_74' title='bbox 327 671 359 691; x_wconf 87' lang='lat' dir='ltr'><strong>ex</strong></span> <span class='ocrx_word' id='word_1_75' title='bbox 375 664 466 692; x_wconf 88' lang='lat' dir='ltr'><strong>animo</strong></span> <span class='ocrx_word' id='word_1_76' title='bbox 483 669 511 692; x_wconf 92' lang='lat' dir='ltr'><strong>et</strong></span> <span class='ocrx_word' id='word_1_77' title='bbox 526 665 666 694; x_wconf 82' lang='lat' dir='ltr'><strong>voluntate</strong></span> <span class='ocrx_word' id='word_1_78' title='bbox 682 671 836 701; x_wconf 57' lang='lat' dir='ltr'><strong>praestetur,</strong></span> <span class='ocrx_word' id='word_1_79' title='bbox 849 668 922 702; x_wconf 84' lang='lat' dir='ltr'><strong>juste</strong></span> <span class='ocrx_word' id='word_1_80' title='bbox 935 675 1014 694; x_wconf 88' lang='lat' dir='ltr'><strong>coro-</strong></span> 
     </span>
    </p>
   </div>
   <div class='ocr_carea' id='block_1_14' title="bbox 226 711 1014 749">
    <p class='ocr_par' dir='ltr' id='par_1_14' title="bbox 226 711 1014 749">
     <span class='ocr_line' id='line_1_14' title="bbox 226 711 1014 749; baseline 0.005 -12"><span class='ocrx_word' id='word_1_81' title='bbox 226 718 288 737; x_wconf 90' lang='lat' dir='ltr'><strong>nam</strong></span> <span class='ocrx_word' id='word_1_82' title='bbox 305 711 431 738; x_wconf 85' lang='lat' dir='ltr'><strong>sortitur.</strong></span> <span class='ocrx_word' id='word_1_83' title='bbox 455 711 638 747; x_wconf 71' lang='lat' dir='ltr'><strong>Praerogativa</strong></span> <span class='ocrx_word' id='word_1_84' title='bbox 656 713 741 745; x_wconf 89' lang='lat' dir='ltr'><strong>enim,</strong></span> <span class='ocrx_word' id='word_1_85' title='bbox 764 717 791 741; x_wconf 92' lang='lat' dir='ltr'><strong>et</strong></span> <span class='ocrx_word' id='word_1_86' title='bbox 813 713 1014 749; x_wconf 74' lang='lat' dir='ltr'><strong>adiumentum,</strong></span> 
     </span>
    </p>
   </div>
   <div class='ocr_carea' id='block_1_15' title="bbox 225 755 1015 791">
    <p class='ocr_par' dir='ltr' id='par_1_15' title="bbox 225 755 1015 791">
     <span class='ocr_line' id='line_1_15' title="bbox 225 755 1015 791; baseline 0.006 -9"><span class='ocrx_word' id='word_1_87' title='bbox 225 755 300 790; x_wconf 90' lang='lat' dir='ltr'><strong>quod</strong></span> <span class='ocrx_word' id='word_1_88' title='bbox 315 756 467 791; x_wconf 87' lang='lat' dir='ltr'><strong>cujuspiam</strong></span> <span class='ocrx_word' id='word_1_89' title='bbox 481 761 585 784; x_wconf 76' lang='lat' dir='ltr'><strong>natura:</strong></span> <span class='ocrx_word' id='word_1_90' title='bbox 597 757 684 790; x_wconf 84' lang='lat' dir='ltr'><strong>adest,</strong></span> <span class='ocrx_word' id='word_1_91' title='bbox 702 766 756 786; x_wconf 92' lang='lat' dir='ltr'><strong>non</strong></span> <span class='ocrx_word' id='word_1_92' title='bbox 773 762 815 786; x_wconf 90' lang='lat' dir='ltr'><strong>est</strong></span> <span class='ocrx_word' id='word_1_93' title='bbox 830 766 913 787; x_wconf 85' lang='lat' dir='ltr'><strong>causa</strong></span> <span class='ocrx_word' id='word_1_94' title='bbox 926 760 1015 787; x_wconf 88' lang='lat' dir='ltr'><strong>laudis</strong></span> 
     </span>
    </p>
   </div>
   <div class='ocr_carea' id='block_1_16' title="bbox 227 802 1014 839">
    <p class='ocr_par' dir='ltr' id='par_1_16' title="bbox 227 802 1014 839">
     <span class='ocr_line' id='line_1_16' title="bbox 227 802 1014 839; baseline 0.008 -11"><span class='ocrx_word' id='word_1_95' title='bbox 227 802 254 829; x_wconf 88' lang='lat' dir='ltr'><strong>in</strong></span> <span class='ocrx_word' id='word_1_96' title='bbox 271 802 313 829; x_wconf 87' lang='lat' dir='ltr'><strong>his</strong></span> <span class='ocrx_word' id='word_1_97' title='bbox 327 802 427 837; x_wconf 89' lang='lat' dir='ltr'><strong>quibus</strong></span> <span class='ocrx_word' id='word_1_98' title='bbox 442 802 538 836; x_wconf 85' lang='lat' dir='ltr'><strong>adest;</strong></span> <span class='ocrx_word' id='word_1_99' title='bbox 560 804 607 831; x_wconf 92' lang='lat' dir='ltr'><strong>sed</strong></span> <span class='ocrx_word' id='word_1_100' title='bbox 624 804 650 831; x_wconf 92' lang='lat' dir='ltr'><strong>id</strong></span> <span class='ocrx_word' id='word_1_101' title='bbox 664 805 756 839; x_wconf 86' lang='lat' dir='ltr'><strong>potius</strong></span> <span class='ocrx_word' id='word_1_102' title='bbox 769 805 863 833; x_wconf 93' lang='lat' dir='ltr'><strong>divino</strong></span> <span class='ocrx_word' id='word_1_103' title='bbox 879 806 1014 834; x_wconf 81' lang='lat' dir='ltr'><strong>beneﬁcio</strong></span> 
     </span>
    </p>
   </div>
   <div class='ocr_carea' id='block_1_17' title="bbox 227 848 1013 886">
    <p class='ocr_par' dir='ltr' id='par_1_17' title="bbox 227 848 1013 886">
     <span class='ocr_line' id='line_1_17' title="bbox 227 848 1013 886; baseline 0.006 -12"><span class='ocrx_word' id='word_1_104' title='bbox 227 848 435 876; x_wconf 88' lang='lat' dir='ltr'><strong>attribuendum</strong></span> <span class='ocrx_word' id='word_1_105' title='bbox 449 852 503 876; x_wconf 89' lang='lat' dir='ltr'><strong>est.</strong></span> <span class='ocrx_word' id='word_1_106' title='bbox 520 849 580 876; x_wconf 85' lang='lat' dir='ltr'><strong>Non</strong></span> <span class='ocrx_word' id='word_1_107' title='bbox 595 849 715 878; x_wconf 86' lang='lat' dir='ltr'><strong>habetur</strong></span> <span class='ocrx_word' id='word_1_108' title='bbox 730 851 817 884; x_wconf 75' lang='lat' dir='ltr'><strong>gratia</strong></span> <span class='ocrx_word' id='word_1_109' title='bbox 842 851 897 886; x_wconf 82' lang='lat' dir='ltr'><strong>igni</strong></span> <span class='ocrx_word' id='word_1_110' title='bbox 923 852 1013 879; x_wconf 90' lang='lat' dir='ltr'><strong>urenti</strong></span> 
     </span>
    </p>
   </div>
   <div class='ocr_carea' id='block_1_18' title="bbox 227 895 1013 933">
    <p class='ocr_par' dir='ltr' id='par_1_18' title="bbox 227 895 1013 933">
     <span class='ocr_line' id='line_1_18' title="bbox 227 895 1013 933; baseline 0.005 -11"><span class='ocrx_word' id='word_1_111' title='bbox 227 899 256 922; x_wconf 90' lang='lat' dir='ltr'><strong>ct</strong></span> <span class='ocrx_word' id='word_1_112' title='bbox 277 895 444 923; x_wconf 90' lang='lat' dir='ltr'><strong>illuminanti</strong></span> <span class='ocrx_word' id='word_1_113' title='bbox 465 906 472 923; x_wconf 94' lang='lat'><strong>:</strong></span> <span class='ocrx_word' id='word_1_114' title='bbox 495 897 541 924; x_wconf 89' lang='lat' dir='ltr'><strong>sed</strong></span> <span class='ocrx_word' id='word_1_115' title='bbox 565 897 650 932; x_wconf 87' lang='lat' dir='ltr'><strong>magis</strong></span> <span class='ocrx_word' id='word_1_116' title='bbox 672 898 697 925; x_wconf 91' lang='lat' dir='ltr'><strong>ei</strong></span> <span class='ocrx_word' id='word_1_117' title='bbox 720 897 767 932; x_wconf 88' lang='lat' dir='ltr'><strong>qui</strong></span> <span class='ocrx_word' id='word_1_118' title='bbox 792 898 883 933; x_wconf 81' lang='lat' dir='ltr'><strong>ignem</strong></span> <span class='ocrx_word' id='word_1_119' title='bbox 902 899 1013 926; x_wconf 78' lang='lat' dir='ltr'><strong>struxit.</strong></span> 
     </span>
    </p>
   </div>
   <div class='ocr_carea' id='block_1_19' title="bbox 227 942 1016 979">
    <p class='ocr_par' dir='ltr' id='par_1_19' title="bbox 227 942 1016 979">
     <span class='ocr_line' id='line_1_19' title="bbox 227 942 1016 979; baseline 0.005 -11"><span class='ocrx_word' id='word_1_120' title='bbox 227 942 338 969; x_wconf 85' lang='lat' dir='ltr'><strong>Minime</strong></span> <span class='ocrx_word' id='word_1_121' title='bbox 359 942 453 977; x_wconf 66' lang='lat' dir='ltr'><strong>gratiae</strong></span> <span class='ocrx_word' id='word_1_122' title='bbox 473 948 593 979; x_wconf 81' lang='lat' dir='ltr'><strong>aguntur</strong></span> <span class='ocrx_word' id='word_1_123' title='bbox 613 943 681 976; x_wconf 85' lang='lat' dir='ltr'><strong>nivi,</strong></span> <span class='ocrx_word' id='word_1_124' title='bbox 700 943 773 978; x_wconf 92' lang='lat' dir='ltr'><strong>quod</strong></span> <span class='ocrx_word' id='word_1_125' title='bbox 793 944 946 979; x_wconf 82' lang='lat' dir='ltr'><strong>frigefaciat</strong></span> <span class='ocrx_word' id='word_1_126' title='bbox 970 943 1016 972; x_wconf 89' lang='lat' dir='ltr'><strong>Sol</strong></span> 
     </span>
    </p>
   </div>
   <div class='ocr_carea' id='block_1_20' title="bbox 226 988 1014 1024">
    <p class='ocr_par' dir='ltr' id='par_1_20' title="bbox 226 988 1014 1024">
     <span class='ocr_line' id='line_1_20' title="bbox 226 988 1014 1024; baseline 0.001 -9"><span class='ocrx_word' id='word_1_127' title='bbox 226 988 379 1016; x_wconf 84' lang='lat' dir='ltr'><strong>clarissime</strong></span> <span class='ocrx_word' id='word_1_128' title='bbox 396 988 479 1022; x_wconf 90' lang='lat' dir='ltr'><strong>lucet,</strong></span> <span class='ocrx_word' id='word_1_129' title='bbox 498 989 583 1021; x_wconf 90' lang='lat' dir='ltr'><strong>lucet,</strong></span> <span class='ocrx_word' id='word_1_130' title='bbox 606 989 729 1024; x_wconf 89' lang='lat' dir='ltr'><strong>inquam,</strong></span> <span class='ocrx_word' id='word_1_131' title='bbox 753 997 804 1017; x_wconf 91' lang='lat' dir='ltr'><strong>nec</strong></span> <span class='ocrx_word' id='word_1_132' title='bbox 829 990 888 1017; x_wconf 92' lang='lat' dir='ltr'><strong>vult</strong></span> <span class='ocrx_word' id='word_1_133' title='bbox 910 989 1014 1017; x_wconf 89' lang='lat' dir='ltr'><strong>lucere.</strong></span> 
     </span>
    </p>
   </div>
   <div class='ocr_carea' id='block_1_21' title="bbox 227 1034 1018 1071">
    <p class='ocr_par' dir='ltr' id='par_1_21' title="bbox 227 1034 1018 1071">
     <span class='ocr_line' id='line_1_21' title="bbox 227 1034 1018 1071; baseline 0.001 -9"><span class='ocrx_word' id='word_1_134' title='bbox 227 1034 320 1062; x_wconf 88' lang='lat' dir='ltr'><strong>Solum</strong></span> <span class='ocrx_word' id='word_1_135' title='bbox 336 1035 406 1062; x_wconf 90' lang='lat' dir='ltr'><strong>velle</strong></span> <span class='ocrx_word' id='word_1_136' title='bbox 420 1043 481 1070; x_wconf 77' lang='lat' dir='ltr'><strong>quae</strong></span> <span class='ocrx_word' id='word_1_137' title='bbox 493 1035 720 1070; x_wconf 62' lang='lat' dir='ltr'><strong>praestantissima</strong></span> <span class='ocrx_word' id='word_1_138' title='bbox 734 1039 810 1069; x_wconf 89' lang='lat' dir='ltr'><strong>sunt,</strong></span> <span class='ocrx_word' id='word_1_139' title='bbox 823 1035 939 1071; x_wconf 74' lang='lat' dir='ltr'><strong>gratiam</strong></span> <span class='ocrx_word' id='word_1_140' title='bbox 952 1043 1018 1070; x_wconf 92' lang='lat' dir='ltr'><strong>pro-</strong></span> 
     </span>
    </p>
   </div>
   <div class='ocr_carea' id='block_1_22' title="bbox 226 1080 1012 1116">
    <p class='ocr_par' dir='ltr' id='par_1_22' title="bbox 226 1080 1012 1116">
     <span class='ocr_line' id='line_1_22' title="bbox 226 1080 1012 1116; baseline 0 -9"><span class='ocrx_word' id='word_1_141' title='bbox 226 1086 358 1108; x_wconf 88' lang='lat' dir='ltr'><strong>meretur.</strong></span> <span class='ocrx_word' id='word_1_142' title='bbox 375 1080 454 1113; x_wconf 90' lang='lat' dir='ltr'><strong>Quod</strong></span> <span class='ocrx_word' id='word_1_143' title='bbox 474 1080 496 1108; x_wconf 91' lang='lat' dir='ltr'><strong>si</strong></span> <span class='ocrx_word' id='word_1_144' title='bbox 510 1080 622 1108; x_wconf 92' lang='lat' dir='ltr'><strong>modum</strong></span> <span class='ocrx_word' id='word_1_145' title='bbox 635 1080 774 1115; x_wconf 85' lang='lat' dir='ltr'><strong>exquiras,</strong></span> <span class='ocrx_word' id='word_1_146' title='bbox 789 1081 916 1116; x_wconf 87' lang='lat' dir='ltr'><strong>quamvis</strong></span> <span class='ocrx_word' id='word_1_147' title='bbox 929 1087 1012 1108; x_wconf 89' lang='lat' dir='ltr'><strong>carne</strong></span> 
     </span>
    </p>
   </div>
   <div class='ocr_carea' id='block_1_23' title="bbox 226 1127 1018 1161">
    <p class='ocr_par' dir='ltr' id='par_1_23' title="bbox 226 1127 1018 1161">
     <span class='ocr_line' id='line_1_23' title="bbox 226 1127 1018 1161; baseline 0 -8"><span class='ocrx_word' id='word_1_148' title='bbox 226 1131 346 1158; x_wconf 84' lang='lat' dir='ltr'><strong>constes,</strong></span> <span class='ocrx_word' id='word_1_149' title='bbox 381 1127 507 1161; x_wconf 85' lang='lat' dir='ltr'><strong>superior</strong></span> <span class='ocrx_word' id='word_1_150' title='bbox 537 1134 631 1154; x_wconf 84' lang='lat' dir='ltr'><strong>amore</strong></span> <span class='ocrx_word' id='word_1_151' title='bbox 659 1127 785 1161; x_wconf 88' lang='lat' dir='ltr'><strong>corporis</strong></span> <span class='ocrx_word' id='word_1_152' title='bbox 814 1127 970 1161; x_wconf 87' lang='lat' dir='ltr'><strong>apparebis,</strong></span> <span class='ocrx_word' id='word_1_153' title='bbox 991 1130 1018 1154; x_wconf 89' lang='lat' dir='ltr'><strong>et</strong></span> 
     </span>
    </p>
   </div>
   <div class='ocr_carea' id='block_1_24' title="bbox 226 1172 1016 1208">
    <p class='ocr_par' dir='ltr' id='par_1_24' title="bbox 226 1172 1016 1208">
     <span class='ocr_line' id='line_1_24' title="bbox 226 1172 1016 1208; baseline 0.001 -9"><span class='ocrx_word' id='word_1_154' title='bbox 226 1172 376 1200; x_wconf 85' lang='lat' dir='ltr'><strong>seminabis</strong></span> <span class='ocrx_word' id='word_1_155' title='bbox 399 1172 426 1199; x_wconf 90' lang='lat' dir='ltr'><strong>in</strong></span> <span class='ocrx_word' id='word_1_156' title='bbox 448 1172 546 1207; x_wconf 88' lang='lat' dir='ltr'><strong>spiritu</strong></span> <span class='ocrx_word' id='word_1_157' title='bbox 574 1177 706 1200; x_wconf 73' lang='lat' dir='ltr'><strong>evacuate</strong></span> <span class='ocrx_word' id='word_1_158' title='bbox 730 1181 826 1200; x_wconf 86' lang='lat' dir='ltr'><strong>carne.</strong></span> <span class='ocrx_word' id='word_1_159' title='bbox 852 1173 908 1208; x_wconf 84' lang='lat' dir='ltr'><strong>Ego</strong></span> <span class='ocrx_word' id='word_1_160' title='bbox 932 1178 959 1200; x_wconf 90' lang='lat' dir='ltr'><strong>et</strong></span> <span class='ocrx_word' id='word_1_161' title='bbox 988 1179 1016 1201; x_wconf 92' lang='lat' dir='ltr'><strong>tu</strong></span> 
     </span>
    </p>
   </div>
   <div class='ocr_carea' id='block_1_25' title="bbox 226 1217 1018 1252">
    <p class='ocr_par' dir='ltr' id='par_1_25' title="bbox 226 1217 1018 1252">
     <span class='ocr_line' id='line_1_25' title="bbox 226 1217 1018 1252; baseline 0.003 -8"><span class='ocrx_word' id='word_1_162' title='bbox 226 1217 335 1252; x_wconf 90' lang='lat' dir='ltr'><strong>spiritui</strong></span> <span class='ocrx_word' id='word_1_163' title='bbox 366 1217 531 1248; x_wconf 84' lang='lat' dir='ltr'><strong>serviamus,</strong></span> <span class='ocrx_word' id='word_1_164' title='bbox 556 1218 666 1252; x_wconf 89' lang='lat' dir='ltr'><strong>corpori</strong></span> <span class='ocrx_word' id='word_1_165' title='bbox 691 1218 767 1245; x_wconf 92' lang='lat' dir='ltr'><strong>nullo</strong></span> <span class='ocrx_word' id='word_1_166' title='bbox 798 1218 890 1245; x_wconf 92' lang='lat' dir='ltr'><strong>modo.</strong></span> <span class='ocrx_word' id='word_1_167' title='bbox 914 1219 1018 1246; x_wconf 84' lang='lat' dir='ltr'><strong>Paulus</strong></span> 
     </span>
    </p>
   </div>
   <div class='ocr_carea' id='block_1_26' title="bbox 226 1261 1016 1296">
    <p class='ocr_par' dir='ltr' id='par_1_26' title="bbox 226 1261 1016 1296">
     <span class='ocr_line' id='line_1_26' title="bbox 226 1261 1016 1296; baseline 0.004 -8"><span class='ocrx_word' id='word_1_168' title='bbox 226 1262 286 1289; x_wconf 76' lang='lat' dir='ltr'><strong>hrec</strong></span> <span class='ocrx_word' id='word_1_169' title='bbox 301 1261 433 1296; x_wconf 81' lang='lat' dir='ltr'><strong>&#39;loquitur</strong></span> <span class='ocrx_word' id='word_1_170' title='bbox 455 1262 488 1289; x_wconf 89' lang='lat' dir='ltr'><strong>ad</strong></span> <span class='ocrx_word' id='word_1_171' title='bbox 510 1264 651 1290; x_wconf 78' lang='lat' dir='ltr'><strong>Romanos</strong></span> <span class='ocrx_word' id='word_1_172' title='bbox 673 1264 798 1291; x_wconf 86' lang='lat' dir='ltr'><strong>scribens</strong></span> <span class='ocrx_word' id='word_1_173' title='bbox 817 1273 823 1290; x_wconf 94' lang='lat'><strong>:</strong></span> <span class='ocrx_word' id='word_1_174' title='bbox 851 1273 860 1289; x_wconf 74' lang='grc' dir='ltr'><strong>ε</strong></span> <span class='ocrx_word' id='word_1_175' title='bbox 889 1264 916 1291; x_wconf 87' lang='lat' dir='ltr'><strong>Si</strong></span> <span class='ocrx_word' id='word_1_176' title='bbox 942 1265 1016 1291; x_wconf 88' lang='lat' dir='ltr'><strong>enim</strong></span> 
     </span>
    </p>
   </div>
   <div class='ocr_carea' id='block_1_27' title="bbox 227 1308 1016 1343">
    <p class='ocr_par' dir='ltr' id='par_1_27' title="bbox 227 1308 1016 1343">
     <span class='ocr_line' id='line_1_27' title="bbox 227 1308 1016 1343; baseline 0.004 -9"><span class='ocrx_word' id='word_1_177' title='bbox 227 1309 340 1343; x_wconf 81' lang='lat' dir='ltr'><strong>spiritus</strong></span> <span class='ocrx_word' id='word_1_178' title='bbox 349 1308 450 1336; x_wconf 90' lang='lat' dir='ltr'><strong>Christi</strong></span> <span class='ocrx_word' id='word_1_179' title='bbox 463 1314 515 1343; x_wconf 82' lang='lat' dir='ltr'><strong>est,</strong></span> <span class='ocrx_word' id='word_1_180' title='bbox 530 1310 613 1337; x_wconf 89' lang='lat' dir='ltr'><strong>etiam</strong></span> <span class='ocrx_word' id='word_1_181' title='bbox 626 1310 654 1336; x_wconf 91' lang='lat' dir='ltr'><strong>in</strong></span> <span class='ocrx_word' id='word_1_182' title='bbox 662 1310 740 1337; x_wconf 90' lang='lat' dir='ltr'><strong>nobis</strong></span> <span class='ocrx_word' id='word_1_183' title='bbox 749 1311 794 1342; x_wconf 85' lang='lat' dir='ltr'><strong>sit,</strong></span> <span class='ocrx_word' id='word_1_184' title='bbox 811 1320 820 1335; x_wconf 70' lang='grc' dir='ltr'><strong><em>ι</em></strong></span> <span class='ocrx_word' id='word_1_185' title='bbox 838 1315 867 1337; x_wconf 92' lang='lat' dir='ltr'><strong>ut</strong></span> <span class='ocrx_word' id='word_1_186' title='bbox 878 1311 975 1337; x_wconf 70' lang='lat' dir='ltr'><strong>dixit“.</strong></span> <span class='ocrx_word' id='word_1_187' title='bbox 989 1310 1016 1338; x_wconf 90' lang='lat' dir='ltr'><strong>Si</strong></span> 
     </span>
    </p>
   </div>
   <div class='ocr_carea' id='block_1_28' title="bbox 228 1355 1016 1390">
    <p class='ocr_par' dir='ltr' id='par_1_28' title="bbox 228 1355 1016 1390">
     <span class='ocr_line' id='line_1_28' title="bbox 228 1355 1016 1390; baseline 0.001 -8"><span class='ocrx_word' id='word_1_188' title='bbox 228 1359 319 1382; x_wconf 69' lang='lat' dir='ltr'><strong>autem</strong></span> <span class='ocrx_word' id='word_1_189' title='bbox 331 1355 393 1390; x_wconf 91' lang='lat' dir='ltr'><strong>quis</strong></span> <span class='ocrx_word' id='word_1_190' title='bbox 406 1363 461 1382; x_wconf 90' lang='lat' dir='ltr'><strong>non</strong></span> <span class='ocrx_word' id='word_1_191' title='bbox 471 1355 554 1382; x_wconf 89' lang='lat' dir='ltr'><strong>fuerit</strong></span> <span class='ocrx_word' id='word_1_192' title='bbox 565 1355 704 1390; x_wconf 84' lang='lat' dir='ltr'><strong>particeps</strong></span> <span class='ocrx_word' id='word_1_193' title='bbox 715 1356 795 1390; x_wconf 81' lang='lat' dir='ltr'><strong>hujus</strong></span> <span class='ocrx_word' id='word_1_194' title='bbox 807 1356 1016 1390; x_wconf 85' lang='lat' dir='ltr'><strong>charismatum,</strong></span> 
     </span>
    </p>
   </div>
   <div class='ocr_carea' id='block_1_29' title="bbox 227 1400 1019 1435">
    <p class='ocr_par' dir='ltr' id='par_1_29' title="bbox 227 1400 1019 1435">
     <span class='ocr_line' id='line_1_29' title="bbox 227 1400 1019 1435; baseline 0.004 -9"><span class='ocrx_word' id='word_1_195' title='bbox 227 1409 282 1428; x_wconf 82' lang='lat' dir='ltr'><strong>non</strong></span> <span class='ocrx_word' id='word_1_196' title='bbox 295 1407 337 1428; x_wconf 81' lang='lat' dir='ltr'><strong>est.</strong></span> <span class='ocrx_word' id='word_1_197' title='bbox 348 1401 392 1427; x_wconf 89' lang='lat' dir='ltr'><strong>hic</strong></span> <span class='ocrx_word' id='word_1_198' title='bbox 402 1400 517 1432; x_wconf 84' lang='lat' dir='ltr'><strong>Christi,</strong></span> <span class='ocrx_word' id='word_1_199' title='bbox 532 1400 579 1428; x_wconf 85' lang='lat' dir='ltr'><strong>sed</strong></span> <span class='ocrx_word' id='word_1_200' title='bbox 589 1400 751 1428; x_wconf 78' lang='lat' dir='ltr'><strong>Antichristi</strong></span> <span class='ocrx_word' id='word_1_201' title='bbox 767 1401 877 1435; x_wconf 89' lang='lat' dir='ltr'><strong>potius:</strong></span> <span class='ocrx_word' id='word_1_202' title='bbox 893 1410 902 1426; x_wconf 72' lang='grc' dir='ltr'>ι</span> <span class='ocrx_word' id='word_1_203' title='bbox 917 1401 1019 1434; x_wconf 86' lang='lat' dir='ltr'><strong>Quem-</strong></span> 
     </span>
    </p>
   </div>
   <div class='ocr_carea' id='block_1_30' title="bbox 227 1446 1017 1487">
    <p class='ocr_par' dir='ltr' id='par_1_30' title="bbox 227 1446 1017 1487">
     <span class='ocr_line' id='line_1_30' title="bbox 227 1446 1017 1487; baseline 0 -12"><span class='ocrx_word' id='word_1_204' title='bbox 227 1447 374 1487; x_wconf 82' lang='lat' dir='ltr'><strong>admodum</strong></span> <span class='ocrx_word' id='word_1_205' title='bbox 411 1447 494 1482; x_wconf 77' lang='lat' dir='ltr'><strong>igitur</strong></span> <span class='ocrx_word' id='word_1_206' title='bbox 531 1446 703 1482; x_wconf 82' lang='lat' dir='ltr'><strong>portavimus</strong></span> <span class='ocrx_word' id='word_1_207' title='bbox 731 1446 877 1482; x_wconf 79' lang='lat' dir='ltr'><strong>imaginem</strong></span> <span class='ocrx_word' id='word_1_208' title='bbox 913 1449 1017 1475; x_wconf 86' lang='lat' dir='ltr'><strong>terreni</strong></span> 
     </span>
    </p>
   </div>
   <div class='ocr_carea' id='block_1_31' title="bbox 228 1492 1016 1529">
    <p class='ocr_par' dir='ltr' id='par_1_31' title="bbox 228 1492 1016 1529">
     <span class='ocr_line' id='line_1_31' title="bbox 228 1492 1016 1529; baseline -0.001 -7"><span class='ocrx_word' id='word_1_209' title='bbox 228 1496 267 1528; x_wconf 89' lang='lat' dir='ltr'><strong>(et</strong></span> <span class='ocrx_word' id='word_1_210' title='bbox 284 1494 371 1522; x_wconf 85' lang='lat' dir='ltr'><strong>factus</strong></span> <span class='ocrx_word' id='word_1_211' title='bbox 385 1498 429 1521; x_wconf 90' lang='lat' dir='ltr'><strong>est</strong></span> <span class='ocrx_word' id='word_1_212' title='bbox 447 1493 473 1520; x_wconf 88' lang='lat' dir='ltr'><strong>in</strong></span> <span class='ocrx_word' id='word_1_213' title='bbox 488 1493 608 1520; x_wconf 87' lang='lat' dir='ltr'><strong>animam</strong></span> <span class='ocrx_word' id='word_1_214' title='bbox 626 1492 774 1525; x_wconf 79' lang='lat' dir='ltr'><strong>viventem,</strong></span> <span class='ocrx_word' id='word_1_215' title='bbox 788 1498 817 1519; x_wconf 94' lang='lat' dir='ltr'><strong>ut</strong></span> <span class='ocrx_word' id='word_1_216' title='bbox 832 1493 871 1521; x_wconf 88' lang='lat' dir='ltr'><strong>ait</strong></span> <span class='ocrx_word' id='word_1_217' title='bbox 887 1493 1016 1529; x_wconf 82' lang='lat' dir='ltr'><strong>Scriptu-</strong></span> 
     </span>
    </p>
   </div>
   <div class='ocr_carea' id='block_1_32' title="bbox 228 1537 1016 1574">
    <p class='ocr_par' dir='ltr' id='par_1_32' title="bbox 228 1537 1016 1574">
     <span class='ocr_line' id='line_1_32' title="bbox 228 1537 1016 1574; baseline 0 -8"><span class='ocrx_word' id='word_1_218' title='bbox 228 1547 257 1566; x_wconf 90' lang='lat' dir='ltr'><strong>ra</strong></span> <span class='ocrx_word' id='word_1_219' title='bbox 269 1540 290 1573; x_wconf 84' lang='grc'><strong>⁷)</strong></span> <span class='ocrx_word' id='word_1_220' title='bbox 303 1543 444 1574; x_wconf 84' lang='lat' dir='ltr'><strong>portemus</strong></span> <span class='ocrx_word' id='word_1_221' title='bbox 455 1543 483 1565; x_wconf 88' lang='lat' dir='ltr'><strong>et</strong></span> <span class='ocrx_word' id='word_1_222' title='bbox 494 1538 640 1573; x_wconf 88' lang='lat' dir='ltr'><strong>imaginem</strong></span> <span class='ocrx_word' id='word_1_223' title='bbox 654 1537 775 1565; x_wconf 63' lang='lat' dir='ltr'><strong>caelestis</strong></span> <span class='ocrx_word' id='word_1_224' title='bbox 783 1537 805 1570; x_wconf 71' lang='grc'><strong>⁸,</strong></span> <span class='ocrx_word' id='word_1_225' title='bbox 818 1547 827 1563; x_wconf 71' lang='grc' dir='ltr'>ι</span> <span class='ocrx_word' id='word_1_226' title='bbox 843 1539 865 1565; x_wconf 91' lang='lat' dir='ltr'><strong>si</strong></span> <span class='ocrx_word' id='word_1_227' title='bbox 878 1539 1016 1571; x_wconf 89' lang='lat' dir='ltr'><strong>volumus,</strong></span> 
     </span>
    </p>
   </div>
   <div class='ocr_carea' id='block_1_33' title="bbox 1069 293 1855 331">
    <p class='ocr_par' dir='ltr' id='par_1_33' title="bbox 1069 293 1855 331">
     <span class='ocr_line' id='line_1_33' title="bbox 1069 293 1855 331; baseline 0.006 -11"><span class='ocrx_word' id='word_1_228' title='bbox 1069 295 1116 329; x_wconf 86' lang='lat' dir='ltr'><strong>qui</strong></span> <span class='ocrx_word' id='word_1_229' title='bbox 1148 295 1232 321; x_wconf 83' lang='lat' dir='ltr'><strong>hosce</strong></span> <span class='ocrx_word' id='word_1_230' title='bbox 1273 293 1344 321; x_wconf 89' lang='lat' dir='ltr'><strong>duos</strong></span> <span class='ocrx_word' id='word_1_231' title='bbox 1373 294 1492 322; x_wconf 87' lang='lat' dir='ltr'><strong>nmndos</strong></span> <span class='ocrx_word' id='word_1_232' title='bbox 1521 295 1660 328; x_wconf 86' lang='lat' dir='ltr'><strong>condidit,</strong></span> <span class='ocrx_word' id='word_1_233' title='bbox 1685 297 1855 331; x_wconf 86' lang='lat' dir='ltr'><strong>superiorem</strong></span> 
     </span>
    </p>
   </div>
   <div class='ocr_carea' id='block_1_34' title="bbox 1069 341 1857 376">
    <p class='ocr_par' dir='ltr' id='par_1_34' title="bbox 1069 341 1857 376">
     <span class='ocr_line' id='line_1_34' title="bbox 1069 341 1857 376; baseline 0.003 -8"><span class='ocrx_word' id='word_1_234' title='bbox 1069 349 1169 375; x_wconf 85' lang='lat' dir='ltr'><strong>nempe</strong></span> <span class='ocrx_word' id='word_1_235' title='bbox 1196 346 1224 368; x_wconf 92' lang='lat' dir='ltr'><strong>et</strong></span> <span class='ocrx_word' id='word_1_236' title='bbox 1262 341 1393 376; x_wconf 89' lang='lat' dir='ltr'><strong>priorem,</strong></span> <span class='ocrx_word' id='word_1_237' title='bbox 1419 342 1603 376; x_wconf 84' lang='lat' dir='ltr'><strong>posteriorem</strong></span> <span class='ocrx_word' id='word_1_238' title='bbox 1630 346 1663 371; x_wconf 43' lang='lat' dir='ltr'><strong>,ct</strong></span> <span class='ocrx_word' id='word_1_239' title='bbox 1689 342 1857 376; x_wconf 88' lang='lat' dir='ltr'><strong>inferiorem,</strong></span> 
     </span>
    </p>
   </div>
   <div class='ocr_carea' id='block_1_35' title="bbox 1069 388 1857 427">
    <p class='ocr_par' dir='ltr' id='par_1_35' title="bbox 1069 388 1857 427">
     <span class='ocr_line' id='line_1_35' title="bbox 1069 388 1857 427; baseline 0.003 -12"><span class='ocrx_word' id='word_1_240' title='bbox 1069 388 1274 423; x_wconf 84' lang='lat' dir='ltr'><strong>intelligentiam</strong></span> <span class='ocrx_word' id='word_1_241' title='bbox 1292 394 1320 415; x_wconf 90' lang='lat' dir='ltr'><strong>et</strong></span> <span class='ocrx_word' id='word_1_242' title='bbox 1332 391 1496 427; x_wconf 38' lang='lat' dir='ltr'><strong>sensum,.et</strong></span> <span class='ocrx_word' id='word_1_243' title='bbox 1512 389 1570 416; x_wconf 70' lang='lat' dir='ltr'><strong>hate</strong></span> <span class='ocrx_word' id='word_1_244' title='bbox 1585 389 1693 421; x_wconf 83' lang='lat' dir='ltr'><strong>omnia,</strong></span> <span class='ocrx_word' id='word_1_245' title='bbox 1711 389 1757 417; x_wconf 92' lang='lat' dir='ltr'><strong>hic</strong></span> <span class='ocrx_word' id='word_1_246' title='bbox 1774 399 1857 418; x_wconf 87' lang='lat' dir='ltr'><strong>unum</strong></span> 
     </span>
    </p>
   </div>
   <div class='ocr_carea' id='block_1_36' title="bbox 1068 434 1858 470">
    <p class='ocr_par' dir='ltr' id='par_1_36' title="bbox 1068 434 1858 470">
     <span class='ocr_line' id='line_1_36' title="bbox 1068 434 1858 470; baseline 0.005 -10"><span class='ocrx_word' id='word_1_247' title='bbox 1068 434 1168 461; x_wconf 89' lang='lat' dir='ltr'><strong>animal</strong></span> <span class='ocrx_word' id='word_1_248' title='bbox 1187 434 1327 462; x_wconf 87' lang='lat' dir='ltr'><strong>hominem</strong></span> <span class='ocrx_word' id='word_1_249' title='bbox 1345 435 1435 462; x_wconf 87' lang='lat' dir='ltr'><strong>facere</strong></span> <span class='ocrx_word' id='word_1_250' title='bbox 1459 435 1558 466; x_wconf 82' lang='lat' dir='ltr'><strong>voluit.</strong></span> <span class='ocrx_word' id='word_1_251' title='bbox 1575 436 1649 470; x_wconf 87' lang='lat' dir='ltr'><strong>quod</strong></span> <span class='ocrx_word' id='word_1_252' title='bbox 1667 436 1704 463; x_wconf 79' lang='lat' dir='ltr'><strong>ex&#39;</strong></span> <span class='ocrx_word' id='word_1_253' title='bbox 1719 437 1858 464; x_wconf 89' lang='lat' dir='ltr'><strong>ambobus</strong></span> 
     </span>
    </p>
   </div>
   <div class='ocr_carea' id='block_1_37' title="bbox 1066 480 1856 516">
    <p class='ocr_par' dir='ltr' id='par_1_37' title="bbox 1066 480 1856 516">
     <span class='ocr_line' id='line_1_37' title="bbox 1066 480 1856 516; baseline 0.003 -8"><span class='ocrx_word' id='word_1_254' title='bbox 1066 481 1120 515; x_wconf 83' lang='lat' dir='ltr'><strong>jam</strong></span> <span class='ocrx_word' id='word_1_255' title='bbox 1140 480 1223 508; x_wconf 91' lang='lat' dir='ltr'><strong>dictis</strong></span> <span class='ocrx_word' id='word_1_256' title='bbox 1240 482 1395 508; x_wconf 89' lang='lat' dir='ltr'><strong>mistioncm</strong></span> <span class='ocrx_word' id='word_1_257' title='bbox 1416 485 1444 508; x_wconf 89' lang='lat' dir='ltr'><strong>et</strong></span> <span class='ocrx_word' id='word_1_258' title='bbox 1461 486 1709 516; x_wconf 84' lang='lat' dir='ltr'><strong>temperamentum</strong></span> <span class='ocrx_word' id='word_1_259' title='bbox 1728 483 1856 510; x_wconf 86' lang='lat' dir='ltr'><strong>haberet.</strong></span> 
     </span>
    </p>
   </div>
   <div class='ocr_carea' id='block_1_38' title="bbox 1069 527 1853 560">
    <p class='ocr_par' dir='ltr' id='par_1_38' title="bbox 1069 527 1853 560">
     <span class='ocr_line' id='line_1_38' title="bbox 1069 527 1853 560; baseline 0.004 -6"><span class='ocrx_word' id='word_1_260' title='bbox 1069 527 1102 554; x_wconf 87' lang='lat' dir='ltr'><strong>Et</strong></span> <span class='ocrx_word' id='word_1_261' title='bbox 1126 527 1227 555; x_wconf 86' lang='lat' dir='ltr'><strong>factum</strong></span> <span class='ocrx_word' id='word_1_262' title='bbox 1258 532 1286 554; x_wconf 90' lang='lat' dir='ltr'><strong>et</strong></span> <span class='ocrx_word' id='word_1_263' title='bbox 1307 528 1449 555; x_wconf 87' lang='lat' dir='ltr'><strong>conditum</strong></span> <span class='ocrx_word' id='word_1_264' title='bbox 1472 533 1514 555; x_wconf 88' lang='lat' dir='ltr'><strong>est</strong></span> <span class='ocrx_word' id='word_1_265' title='bbox 1538 529 1680 556; x_wconf 71' lang='lat' dir='ltr'><strong>voluntate</strong></span> <span class='ocrx_word' id='word_1_266' title='bbox 1703 529 1853 560; x_wconf 81' lang='lat' dir='ltr'><strong>Creatoris,</strong></span> 
     </span>
    </p>
   </div>
   <div class='ocr_carea' id='block_1_39' title="bbox 1067 573 1772 608">
    <p class='ocr_par' dir='ltr' id='par_1_39' title="bbox 1067 573 1772 608">
     <span class='ocr_line' id='line_1_39' title="bbox 1067 573 1772 608; baseline 0.006 -9"><span class='ocrx_word' id='word_1_267' title='bbox 1067 573 1114 608; x_wconf 92' lang='lat' dir='ltr'><strong>qui</strong></span> <span class='ocrx_word' id='word_1_268' title='bbox 1131 581 1178 600; x_wconf 87' lang='lat' dir='ltr'><strong>sua</strong></span> <span class='ocrx_word' id='word_1_269' title='bbox 1195 582 1276 600; x_wconf 86' lang='lat' dir='ltr'><strong>manu</strong></span> <span class='ocrx_word' id='word_1_270' title='bbox 1292 578 1319 600; x_wconf 90' lang='lat' dir='ltr'><strong>et</strong></span> <span class='ocrx_word' id='word_1_271' title='bbox 1334 574 1466 608; x_wconf 89' lang='lat' dir='ltr'><strong>sapientia</strong></span> <span class='ocrx_word' id='word_1_272' title='bbox 1484 574 1623 602; x_wconf 86' lang='lat' dir='ltr'><strong>hominem</strong></span> <span class='ocrx_word' id='word_1_273' title='bbox 1642 575 1719 602; x_wconf 84' lang='lat' dir='ltr'><strong>tinxit</strong></span> <span class='ocrx_word' id='word_1_274' title='bbox 1731 578 1772 603; x_wconf 82' lang='lat'><strong>&quot;&#39;.</strong></span> 
     </span>
    </p>
   </div>
   <div class='ocr_carea' id='block_1_40' title="bbox 1101 619 1853 655">
    <p class='ocr_par' dir='ltr' id='par_1_40' title="bbox 1101 619 1853 655">
     <span class='ocr_line' id='line_1_40' title="bbox 1101 619 1853 655; baseline 0.005 -9"><span class='ocrx_word' id='word_1_275' title='bbox 1101 619 1250 646; x_wconf 87' lang='lat' dir='ltr'><strong>Considera</strong></span> <span class='ocrx_word' id='word_1_276' title='bbox 1263 620 1433 655; x_wconf 82' lang='lat' dir='ltr'><strong>mysterium,</strong></span> <span class='ocrx_word' id='word_1_277' title='bbox 1445 620 1517 655; x_wconf 87' lang='lat' dir='ltr'><strong>quod</strong></span> <span class='ocrx_word' id='word_1_278' title='bbox 1534 621 1744 654; x_wconf 76' lang='lat' dir='ltr'><strong>intelligentiam</strong></span> <span class='ocrx_word' id='word_1_279' title='bbox 1758 622 1853 650; x_wconf 84' lang='lat' dir='ltr'><strong>vincit.</strong></span> 
     </span>
    </p>
   </div>
   <div class='ocr_carea' id='block_1_41' title="bbox 1066 664 1856 700">
    <p class='ocr_par' dir='ltr' id='par_1_41' title="bbox 1066 664 1856 700">
     <span class='ocr_line' id='line_1_41' title="bbox 1066 664 1856 700; baseline 0.003 -8"><span class='ocrx_word' id='word_1_280' title='bbox 1066 664 1229 692; x_wconf 86' lang='lat' dir='ltr'><strong>Universam</strong></span> <span class='ocrx_word' id='word_1_281' title='bbox 1240 670 1365 693; x_wconf 88' lang='lat' dir='ltr'><strong>naturam</strong></span> <span class='ocrx_word' id='word_1_282' title='bbox 1374 673 1504 700; x_wconf 88' lang='lat' dir='ltr'><strong>superum</strong></span> <span class='ocrx_word' id='word_1_283' title='bbox 1515 670 1543 693; x_wconf 88' lang='lat' dir='ltr'><strong>et</strong></span> <span class='ocrx_word' id='word_1_284' title='bbox 1557 666 1685 698; x_wconf 83' lang='lat' dir='ltr'><strong>inferum,</strong></span> <span class='ocrx_word' id='word_1_285' title='bbox 1696 671 1722 693; x_wconf 89' lang='lat' dir='ltr'><strong>et</strong></span> <span class='ocrx_word' id='word_1_286' title='bbox 1737 668 1856 695; x_wconf 74' lang='lat' dir='ltr'><strong>rationes</strong></span> 
     </span>
    </p>
   </div>
   <div class='ocr_carea' id='block_1_42' title="bbox 1066 710 1857 746">
    <p class='ocr_par' dir='ltr' id='par_1_42' title="bbox 1066 710 1857 746">
     <span class='ocr_line' id='line_1_42' title="bbox 1066 710 1857 746; baseline 0.003 -8"><span class='ocrx_word' id='word_1_287' title='bbox 1066 710 1156 738; x_wconf 91' lang='lat' dir='ltr'><strong>omnis</strong></span> <span class='ocrx_word' id='word_1_288' title='bbox 1173 711 1315 738; x_wconf 69' lang='lat' dir='ltr'><strong>naturtein</strong></span> <span class='ocrx_word' id='word_1_289' title='bbox 1327 719 1410 738; x_wconf 89' lang='lat' dir='ltr'><strong>unum</strong></span> <span class='ocrx_word' id='word_1_290' title='bbox 1421 711 1579 746; x_wconf 87' lang='lat' dir='ltr'><strong>frequentes</strong></span> <span class='ocrx_word' id='word_1_291' title='bbox 1590 711 1761 742; x_wconf 83' lang='lat' dir='ltr'><strong>conducens.</strong></span> <span class='ocrx_word' id='word_1_292' title='bbox 1773 717 1801 740; x_wconf 90' lang='lat' dir='ltr'><strong>et</strong></span> <span class='ocrx_word' id='word_1_293' title='bbox 1825 721 1857 740; x_wconf 72' lang='lat' dir='ltr'><strong>ex</strong></span> 
     </span>
    </p>
   </div>
   <div class='ocr_carea' id='block_1_43' title="bbox 1067 757 1853 792">
    <p class='ocr_par' dir='ltr' id='par_1_43' title="bbox 1067 757 1853 792">
     <span class='ocr_line' id='line_1_43' title="bbox 1067 757 1853 792; baseline 0.004 -9"><span class='ocrx_word' id='word_1_294' title='bbox 1067 757 1204 789; x_wconf 89' lang='lat' dir='ltr'><strong>omnibus,</strong></span> <span class='ocrx_word' id='word_1_295' title='bbox 1221 763 1252 784; x_wconf 88' lang='lat' dir='ltr'><strong>ut</strong></span> <span class='ocrx_word' id='word_1_296' title='bbox 1263 757 1416 788; x_wconf 87' lang='lat' dir='ltr'><strong>collectam,</strong></span> <span class='ocrx_word' id='word_1_297' title='bbox 1431 757 1505 792; x_wconf 89' lang='lat' dir='ltr'><strong>quod</strong></span> <span class='ocrx_word' id='word_1_298' title='bbox 1519 761 1591 785; x_wconf 87' lang='lat' dir='ltr'><strong>esset</strong></span> <span class='ocrx_word' id='word_1_299' title='bbox 1607 759 1784 792; x_wconf 59' lang='lat' dir='ltr'><strong>praestantius</strong></span> <span class='ocrx_word' id='word_1_300' title='bbox 1813 767 1853 786; x_wconf 87' lang='lat' dir='ltr'><strong>sc-</strong></span> 
     </span>
    </p>
   </div>
   <div class='ocr_carea' id='block_1_44' title="bbox 1067 803 1856 839">
    <p class='ocr_par' dir='ltr' id='par_1_44' title="bbox 1067 803 1856 839">
     <span class='ocr_line' id='line_1_44' title="bbox 1067 803 1856 839; baseline 0.001 -9"><span class='ocrx_word' id='word_1_301' title='bbox 1067 811 1195 835; x_wconf 86' lang='lat' dir='ltr'><strong>cernens,</strong></span> <span class='ocrx_word' id='word_1_302' title='bbox 1211 811 1225 830; x_wconf 88' lang='lat' dir='ltr'><strong>a</strong></span> <span class='ocrx_word' id='word_1_303' title='bbox 1245 808 1318 830; x_wconf 91' lang='lat' dir='ltr'><strong>terra</strong></span> <span class='ocrx_word' id='word_1_304' title='bbox 1331 803 1418 839; x_wconf 85' lang='lat' dir='ltr'><strong>frigus</strong></span> <span class='ocrx_word' id='word_1_305' title='bbox 1434 808 1462 831; x_wconf 89' lang='lat' dir='ltr'><strong>et</strong></span> <span class='ocrx_word' id='word_1_306' title='bbox 1472 803 1623 831; x_wconf 86' lang='lat' dir='ltr'><strong>siccitatem</strong></span> <span class='ocrx_word' id='word_1_307' title='bbox 1637 805 1731 836; x_wconf 80' lang='lat' dir='ltr'><strong>sitnul,</strong></span> <span class='ocrx_word' id='word_1_308' title='bbox 1747 809 1775 831; x_wconf 75' lang='lat' dir='ltr'><strong>et</strong></span> <span class='ocrx_word' id='word_1_309' title='bbox 1796 812 1856 832; x_wconf 89' lang='lat' dir='ltr'><strong>cum</strong></span> 
     </span>
    </p>
   </div>
   <div class='ocr_carea' id='block_1_45' title="bbox 1068 851 1859 886">
    <p class='ocr_par' dir='ltr' id='par_1_45' title="bbox 1068 851 1859 886">
     <span class='ocr_line' id='line_1_45' title="bbox 1068 851 1859 886; baseline 0.001 -9"><span class='ocrx_word' id='word_1_310' title='bbox 1068 851 1134 885; x_wconf 88' lang='lat' dir='ltr'><strong>ipsis</strong></span> <span class='ocrx_word' id='word_1_311' title='bbox 1148 855 1235 878; x_wconf 87' lang='lat' dir='ltr'><strong>atram</strong></span> <span class='ocrx_word' id='word_1_312' title='bbox 1251 851 1335 879; x_wconf 89' lang='lat' dir='ltr'><strong>bilem</strong></span> <span class='ocrx_word' id='word_1_313' title='bbox 1355 851 1450 878; x_wconf 85' lang='lat' dir='ltr'><strong>sumit.</strong></span> <span class='ocrx_word' id='word_1_314' title='bbox 1464 851 1605 886; x_wconf 74' lang='lat' dir='ltr'><strong>Phlegma,</strong></span> <span class='ocrx_word' id='word_1_315' title='bbox 1631 852 1786 883; x_wconf 80' lang='lat' dir='ltr'><strong>humorem,</strong></span> <span class='ocrx_word' id='word_1_316' title='bbox 1811 852 1859 879; x_wconf 85' lang='lat' dir='ltr'><strong>fri-</strong></span> 
     </span>
    </p>
   </div>
   <div class='ocr_carea' id='block_1_46' title="bbox 1067 897 1856 933">
    <p class='ocr_par' dir='ltr' id='par_1_46' title="bbox 1067 897 1856 933">
     <span class='ocr_line' id='line_1_46' title="bbox 1067 897 1856 933; baseline 0.001 -9"><span class='ocrx_word' id='word_1_317' title='bbox 1067 905 1118 933; x_wconf 78' lang='lat' dir='ltr'><strong>gus</strong></span> <span class='ocrx_word' id='word_1_318' title='bbox 1130 898 1164 924; x_wconf 85' lang='lat' dir='ltr'><strong>ab</strong></span> <span class='ocrx_word' id='word_1_319' title='bbox 1176 906 1255 932; x_wconf 87' lang='lat' dir='ltr'><strong>aqua.</strong></span> <span class='ocrx_word' id='word_1_320' title='bbox 1270 897 1366 925; x_wconf 69' lang='lat' dir='ltr'><strong>Comva</strong></span> <span class='ocrx_word' id='word_1_321' title='bbox 1382 902 1474 925; x_wconf 80' lang='lat' dir='ltr'><strong>autem</strong></span> <span class='ocrx_word' id='word_1_322' title='bbox 1487 899 1559 926; x_wconf 82' lang='lat' dir='ltr'><strong>aeris</strong></span> <span class='ocrx_word' id='word_1_323' title='bbox 1575 898 1717 925; x_wconf 84' lang='lat' dir='ltr'><strong>binarium</strong></span> <span class='ocrx_word' id='word_1_324' title='bbox 1734 899 1856 926; x_wconf 81' lang='lat' dir='ltr'><strong>humoris</strong></span> 
     </span>
    </p>
   </div>
   <div class='ocr_carea' id='block_1_47' title="bbox 1068 943 1855 979">
    <p class='ocr_par' dir='ltr' id='par_1_47' title="bbox 1068 943 1855 979">
     <span class='ocr_line' id='line_1_47' title="bbox 1068 943 1855 979; baseline 0 -8"><span class='ocrx_word' id='word_1_325' title='bbox 1068 949 1096 971; x_wconf 89' lang='lat' dir='ltr'><strong>ct</strong></span> <span class='ocrx_word' id='word_1_326' title='bbox 1109 945 1208 971; x_wconf 86' lang='lat' dir='ltr'><strong>caloris</strong></span> <span class='ocrx_word' id='word_1_327' title='bbox 1225 952 1331 971; x_wconf 85' lang='lat' dir='ltr'><strong>necnon</strong></span> <span class='ocrx_word' id='word_1_328' title='bbox 1362 944 1526 979; x_wconf 78' lang='lat' dir='ltr'><strong>sanguinem</strong></span> <span class='ocrx_word' id='word_1_329' title='bbox 1541 944 1575 971; x_wconf 88' lang='lat' dir='ltr'><strong>ab</strong></span> <span class='ocrx_word' id='word_1_330' title='bbox 1598 944 1707 971; x_wconf 91' lang='lat' dir='ltr'><strong>eodem.</strong></span> <span class='ocrx_word' id='word_1_331' title='bbox 1720 943 1855 974; x_wconf 86' lang='lat' dir='ltr'><strong>Calorem,</strong></span> 
     </span>
    </p>
   </div>
   <div class='ocr_carea' id='block_1_48' title="bbox 1069 989 1854 1024">
    <p class='ocr_par' dir='ltr' id='par_1_48' title="bbox 1069 989 1854 1024">
     <span class='ocr_line' id='line_1_48' title="bbox 1069 989 1854 1024; baseline 0 -8"><span class='ocrx_word' id='word_1_332' title='bbox 1069 989 1251 1024; x_wconf 85' lang='lat' dir='ltr'><strong>similiterque</strong></span> <span class='ocrx_word' id='word_1_333' title='bbox 1266 989 1418 1017; x_wconf 84' lang='lat' dir='ltr'><strong>siccitatem</strong></span> <span class='ocrx_word' id='word_1_334' title='bbox 1435 989 1468 1016; x_wconf 92' lang='lat' dir='ltr'><strong>ab</strong></span> <span class='ocrx_word' id='word_1_335' title='bbox 1486 991 1558 1024; x_wconf 81' lang='lat' dir='ltr'><strong>igne,</strong></span> <span class='ocrx_word' id='word_1_336' title='bbox 1577 989 1650 1016; x_wconf 85' lang='lat' dir='ltr'><strong>unde</strong></span> <span class='ocrx_word' id='word_1_337' title='bbox 1679 994 1788 1016; x_wconf 90' lang='lat' dir='ltr'><strong>certum</strong></span> <span class='ocrx_word' id='word_1_338' title='bbox 1814 995 1854 1016; x_wconf 91' lang='lat' dir='ltr'><strong>est</strong></span> 
     </span>
    </p>
   </div>
   <div class='ocr_carea' id='block_1_49' title="bbox 1068 1033 1854 1068">
    <p class='ocr_par' dir='ltr' id='par_1_49' title="bbox 1068 1033 1854 1068">
     <span class='ocr_line' id='line_1_49' title="bbox 1068 1033 1854 1068; baseline -0.001 -7"><span class='ocrx_word' id='word_1_339' title='bbox 1068 1034 1165 1061; x_wconf 88' lang='lat' dir='ltr'><strong>flavam</strong></span> <span class='ocrx_word' id='word_1_340' title='bbox 1184 1035 1266 1061; x_wconf 89' lang='lat' dir='ltr'><strong>bilem</strong></span> <span class='ocrx_word' id='word_1_341' title='bbox 1288 1035 1430 1062; x_wconf 84' lang='lat' dir='ltr'><strong>exsistere.</strong></span> <span class='ocrx_word' id='word_1_342' title='bbox 1451 1034 1473 1061; x_wconf 78' lang='grc' dir='ltr'><strong>Α</strong></span> <span class='ocrx_word' id='word_1_343' title='bbox 1486 1034 1621 1068; x_wconf 86' lang='lat' dir='ltr'><strong>stirpibus</strong></span> <span class='ocrx_word' id='word_1_344' title='bbox 1638 1034 1693 1061; x_wconf 87' lang='lat' dir='ltr'><strong>vim</strong></span> <span class='ocrx_word' id='word_1_345' title='bbox 1720 1033 1810 1061; x_wconf 82' lang='lat' dir='ltr'><strong>alendi</strong></span> <span class='ocrx_word' id='word_1_346' title='bbox 1827 1039 1854 1061; x_wconf 86' lang='lat' dir='ltr'><strong>et</strong></span> 
     </span>
    </p>
   </div>
   <div class='ocr_carea' id='block_1_50' title="bbox 1069 1080 1857 1116">
    <p class='ocr_par' dir='ltr' id='par_1_50' title="bbox 1069 1080 1857 1116">
     <span class='ocr_line' id='line_1_50' title="bbox 1069 1080 1857 1116; baseline 0 -8"><span class='ocrx_word' id='word_1_347' title='bbox 1069 1081 1198 1116; x_wconf 81' lang='lat' dir='ltr'><strong>augendi,</strong></span> <span class='ocrx_word' id='word_1_348' title='bbox 1230 1081 1288 1109; x_wconf 68' lang='lat' dir='ltr'><strong>htcc</strong></span> <span class='ocrx_word' id='word_1_349' title='bbox 1319 1081 1384 1113; x_wconf 90' lang='lat' dir='ltr'><strong>duo,</strong></span> <span class='ocrx_word' id='word_1_350' title='bbox 1407 1082 1528 1116; x_wconf 87' lang='lat' dir='ltr'><strong>inquam.</strong></span> <span class='ocrx_word' id='word_1_351' title='bbox 1560 1081 1677 1108; x_wconf 78' lang='lat' dir='ltr'><strong>Sensum</strong></span> <span class='ocrx_word' id='word_1_352' title='bbox 1703 1089 1717 1108; x_wconf 90' lang='lat' dir='ltr'><strong>a</strong></span> <span class='ocrx_word' id='word_1_353' title='bbox 1744 1080 1857 1108; x_wconf 86' lang='lat' dir='ltr'><strong>rationis</strong></span> 
     </span>
    </p>
   </div>
   <div class='ocr_carea' id='block_1_51' title="bbox 1068 1127 1856 1163">
    <p class='ocr_par' dir='ltr' id='par_1_51' title="bbox 1068 1127 1856 1163">
     <span class='ocr_line' id='line_1_51' title="bbox 1068 1127 1856 1163; baseline -0.004 -7"><span class='ocrx_word' id='word_1_354' title='bbox 1068 1128 1241 1163; x_wconf 81' lang='lat' dir='ltr'><strong>expertibus,</strong></span> <span class='ocrx_word' id='word_1_355' title='bbox 1256 1135 1376 1163; x_wconf 88' lang='lat' dir='ltr'><strong>eumque</strong></span> <span class='ocrx_word' id='word_1_356' title='bbox 1402 1128 1604 1155; x_wconf 86' lang='lat' dir='ltr'><strong>admirabilem.</strong></span> <span class='ocrx_word' id='word_1_357' title='bbox 1618 1127 1640 1154; x_wconf 84' lang='lat' dir='ltr'><strong>A</strong></span> <span class='ocrx_word' id='word_1_358' title='bbox 1670 1127 1809 1161; x_wconf 83' lang='lat' dir='ltr'><strong>lapidibus</strong></span> <span class='ocrx_word' id='word_1_359' title='bbox 1830 1130 1856 1153; x_wconf 85' lang='lat' dir='ltr'><strong>et</strong></span> 
     </span>
    </p>
   </div>
   <div class='ocr_carea' id='block_1_52' title="bbox 1067 1173 1856 1210">
    <p class='ocr_par' dir='ltr' id='par_1_52' title="bbox 1067 1173 1856 1210">
     <span class='ocr_line' id='line_1_52' title="bbox 1067 1173 1856 1210; baseline -0.004 -8"><span class='ocrx_word' id='word_1_360' title='bbox 1067 1174 1153 1210; x_wconf 82' lang='lat' dir='ltr'><strong>lignis</strong></span> <span class='ocrx_word' id='word_1_361' title='bbox 1168 1182 1221 1201; x_wconf 91' lang='lat' dir='ltr'><strong>non</strong></span> <span class='ocrx_word' id='word_1_362' title='bbox 1236 1174 1422 1202; x_wconf 83' lang='lat' dir='ltr'><strong>sentientibus</strong></span> <span class='ocrx_word' id='word_1_363' title='bbox 1435 1173 1610 1204; x_wconf 87' lang='lat' dir='ltr'><strong>densitatem,</strong></span> <span class='ocrx_word' id='word_1_364' title='bbox 1626 1173 1856 1200; x_wconf 75' lang='lat' dir='ltr'><strong>etcobazrentiam</strong></span> 
     </span>
    </p>
   </div>
   <div class='ocr_carea' id='block_1_53' title="bbox 1070 1218 1857 1252">
    <p class='ocr_par' dir='ltr' id='par_1_53' title="bbox 1070 1218 1857 1252">
     <span class='ocr_line' id='line_1_53' title="bbox 1070 1218 1857 1252; baseline -0.003 -6"><span class='ocrx_word' id='word_1_365' title='bbox 1070 1221 1096 1247; x_wconf 91' lang='lat' dir='ltr'><strong>in</strong></span> <span class='ocrx_word' id='word_1_366' title='bbox 1113 1220 1216 1252; x_wconf 86' lang='lat' dir='ltr'><strong>nervis,</strong></span> <span class='ocrx_word' id='word_1_367' title='bbox 1240 1220 1267 1247; x_wconf 93' lang='lat' dir='ltr'><strong>in</strong></span> <span class='ocrx_word' id='word_1_368' title='bbox 1293 1220 1412 1247; x_wconf 81' lang='lat' dir='ltr'><strong>ossibus.</strong></span> <span class='ocrx_word' id='word_1_369' title='bbox 1438 1219 1581 1246; x_wconf 81' lang='lat' dir='ltr'><strong>Rationem</strong></span> <span class='ocrx_word' id='word_1_370' title='bbox 1597 1224 1625 1246; x_wconf 86' lang='lat' dir='ltr'><strong>et</strong></span> <span class='ocrx_word' id='word_1_371' title='bbox 1653 1223 1774 1245; x_wconf 81' lang='lat' dir='ltr'><strong>mentem</strong></span> <span class='ocrx_word' id='word_1_372' title='bbox 1792 1218 1857 1245; x_wconf 83' lang='lat' dir='ltr'><strong>divi-</strong></span> 
     </span>
    </p>
   </div>
   <div class='ocr_carea' id='block_1_54' title="bbox 1068 1263 1858 1299">
    <p class='ocr_par' dir='ltr' id='par_1_54' title="bbox 1068 1263 1858 1299">
     <span class='ocr_line' id='line_1_54' title="bbox 1068 1263 1858 1299; baseline -0.004 -7"><span class='ocrx_word' id='word_1_373' title='bbox 1068 1273 1134 1292; x_wconf 88' lang='lat' dir='ltr'><strong>num</strong></span> <span class='ocrx_word' id='word_1_374' title='bbox 1148 1264 1280 1299; x_wconf 86' lang='lat' dir='ltr'><strong>quiddam</strong></span> <span class='ocrx_word' id='word_1_375' title='bbox 1297 1265 1392 1299; x_wconf 90' lang='lat' dir='ltr'><strong>utique</strong></span> <span class='ocrx_word' id='word_1_376' title='bbox 1402 1264 1437 1291; x_wconf 88' lang='lat' dir='ltr'><strong>ab</strong></span> <span class='ocrx_word' id='word_1_377' title='bbox 1451 1264 1608 1299; x_wconf 85' lang='lat' dir='ltr'><strong>angelorum</strong></span> <span class='ocrx_word' id='word_1_378' title='bbox 1620 1269 1728 1294; x_wconf 86' lang='lat' dir='ltr'><strong>natura,</strong></span> <span class='ocrx_word' id='word_1_379' title='bbox 1745 1263 1779 1290; x_wconf 87' lang='lat' dir='ltr'><strong>ad</strong></span> <span class='ocrx_word' id='word_1_380' title='bbox 1795 1270 1858 1297; x_wconf 82' lang='lat' dir='ltr'><strong>quo-</strong></span> 
     </span>
    </p>
   </div>
   <div class='ocr_carea' id='block_1_55' title="bbox 1069 1309 1857 1346">
    <p class='ocr_par' dir='ltr' id='par_1_55' title="bbox 1069 1309 1857 1346">
     <span class='ocr_line' id='line_1_55' title="bbox 1069 1309 1857 1346; baseline -0.004 -8"><span class='ocrx_word' id='word_1_381' title='bbox 1069 1319 1130 1338; x_wconf 91' lang='lat' dir='ltr'><strong>rum</strong></span> <span class='ocrx_word' id='word_1_382' title='bbox 1143 1310 1351 1338; x_wconf 88' lang='lat' dir='ltr'><strong>similitudinem</strong></span> <span class='ocrx_word' id='word_1_383' title='bbox 1363 1319 1411 1346; x_wconf 88' lang='lat' dir='ltr'><strong>per</strong></span> <span class='ocrx_word' id='word_1_384' title='bbox 1421 1311 1479 1337; x_wconf 69' lang='lat' dir='ltr'><strong>haec</strong></span> <span class='ocrx_word' id='word_1_385' title='bbox 1490 1309 1656 1337; x_wconf 85' lang='lat' dir='ltr'><strong>accedimus.</strong></span> <span class='ocrx_word' id='word_1_386' title='bbox 1670 1310 1796 1336; x_wconf 84' lang='lat' dir='ltr'><strong>Animam</strong></span> <span class='ocrx_word' id='word_1_387' title='bbox 1811 1316 1857 1335; x_wconf 91' lang='lat' dir='ltr'><strong>au-</strong></span> 
     </span>
    </p>
   </div>
   <div class='ocr_carea' id='block_1_56' title="bbox 1071 1355 1858 1392">
    <p class='ocr_par' dir='ltr' id='par_1_56' title="bbox 1071 1355 1858 1392">
     <span class='ocr_line' id='line_1_56' title="bbox 1071 1355 1858 1392; baseline -0.003 -8"><span class='ocrx_word' id='word_1_388' title='bbox 1071 1362 1124 1385; x_wconf 92' lang='lat' dir='ltr'><strong>tem</strong></span> <span class='ocrx_word' id='word_1_389' title='bbox 1151 1365 1166 1384; x_wconf 91' lang='lat' dir='ltr'><strong>a</strong></span> <span class='ocrx_word' id='word_1_390' title='bbox 1189 1358 1337 1392; x_wconf 85' lang='lat' dir='ltr'><strong>semetipso</strong></span> <span class='ocrx_word' id='word_1_391' title='bbox 1368 1357 1497 1389; x_wconf 89' lang='lat' dir='ltr'><strong>contulit,</strong></span> <span class='ocrx_word' id='word_1_392' title='bbox 1529 1357 1668 1392; x_wconf 89' lang='lat' dir='ltr'><strong>inspirans</strong></span> <span class='ocrx_word' id='word_1_393' title='bbox 1693 1355 1858 1391; x_wconf 89' lang='lat' dir='ltr'><strong>spiraculum</strong></span> 
     </span>
    </p>
   </div>
   <div class='ocr_carea' id='block_1_57' title="bbox 1068 1402 1858 1438">
    <p class='ocr_par' dir='ltr' id='par_1_57' title="bbox 1068 1402 1858 1438">
     <span class='ocr_line' id='line_1_57' title="bbox 1068 1402 1858 1438; baseline -0.004 -8"><span class='ocrx_word' id='word_1_394' title='bbox 1068 1403 1142 1431; x_wconf 66' lang='lat' dir='ltr'><strong>vitat.</strong></span> <span class='ocrx_word' id='word_1_395' title='bbox 1153 1402 1280 1430; x_wconf 84' lang='lat' dir='ltr'><strong>Animam</strong></span> <span class='ocrx_word' id='word_1_396' title='bbox 1297 1403 1414 1438; x_wconf 86' lang='lat' dir='ltr'><strong>seipsam</strong></span> <span class='ocrx_word' id='word_1_397' title='bbox 1430 1407 1596 1435; x_wconf 86' lang='lat' dir='ltr'><strong>moventem,</strong></span> <span class='ocrx_word' id='word_1_398' title='bbox 1610 1407 1636 1430; x_wconf 86' lang='lat' dir='ltr'><strong>et</strong></span> <span class='ocrx_word' id='word_1_399' title='bbox 1656 1402 1763 1429; x_wconf 88' lang='lat' dir='ltr'><strong>moveri</strong></span> <span class='ocrx_word' id='word_1_400' title='bbox 1788 1403 1858 1428; x_wconf 62' lang='lat' dir='ltr'><strong>nun;</strong></span> 
     </span>
    </p>
   </div>
   <div class='ocr_carea' id='block_1_58' title="bbox 1069 1448 1859 1485">
    <p class='ocr_par' dir='ltr' id='par_1_58' title="bbox 1069 1448 1859 1485">
     <span class='ocr_line' id='line_1_58' title="bbox 1069 1448 1859 1485; baseline -0.004 -8"><span class='ocrx_word' id='word_1_401' title='bbox 1069 1457 1150 1485; x_wconf 89' lang='lat' dir='ltr'><strong>quam</strong></span> <span class='ocrx_word' id='word_1_402' title='bbox 1180 1449 1363 1482; x_wconf 86' lang='lat' dir='ltr'><strong>desinentem,</strong></span> <span class='ocrx_word' id='word_1_403' title='bbox 1391 1449 1509 1476; x_wconf 89' lang='lat' dir='ltr'><strong>animam</strong></span> <span class='ocrx_word' id='word_1_404' title='bbox 1526 1449 1691 1484; x_wconf 86' lang='lat' dir='ltr'><strong>simplicem,</strong></span> <span class='ocrx_word' id='word_1_405' title='bbox 1721 1448 1859 1475; x_wconf 81' lang='lat' dir='ltr'><strong>immorta-</strong></span> 
     </span>
    </p>
   </div>
   <div class='ocr_carea' id='block_1_59' title="bbox 1068 1495 1859 1528">
    <p class='ocr_par' dir='ltr' id='par_1_59' title="bbox 1068 1495 1859 1528">
     <span class='ocr_line' id='line_1_59' title="bbox 1068 1495 1859 1528; baseline -0.003 -6"><span class='ocrx_word' id='word_1_406' title='bbox 1068 1495 1134 1526; x_wconf 90' lang='lat' dir='ltr'><strong>lem,</strong></span> <span class='ocrx_word' id='word_1_407' title='bbox 1154 1503 1295 1528; x_wconf 87' lang='lat' dir='ltr'><strong>nunquam</strong></span> <span class='ocrx_word' id='word_1_408' title='bbox 1313 1499 1516 1526; x_wconf 86' lang='lat' dir='ltr'><strong>senescentem,</strong></span> <span class='ocrx_word' id='word_1_409' title='bbox 1529 1495 1598 1522; x_wconf 89' lang='lat' dir='ltr'><strong>nihil</strong></span> <span class='ocrx_word' id='word_1_410' title='bbox 1617 1495 1765 1522; x_wconf 86' lang='lat' dir='ltr'><strong>habentem</strong></span> <span class='ocrx_word' id='word_1_411' title='bbox 1784 1501 1859 1521; x_wconf 72' lang='lat' dir='ltr'><strong>eras~</strong></span> 
     </span>
    </p>
   </div>
   <div class='ocr_carea' id='block_1_60' title="bbox 1069 1540 1858 1576">
    <p class='ocr_par' dir='ltr' id='par_1_60' title="bbox 1069 1540 1858 1576">
     <span class='ocr_line' id='line_1_60' title="bbox 1069 1540 1858 1576; baseline -0.001 -9"><span class='ocrx_word' id='word_1_412' title='bbox 1069 1540 1210 1572; x_wconf 89' lang='lat' dir='ltr'><strong>situdinis,</strong></span> <span class='ocrx_word' id='word_1_413' title='bbox 1229 1548 1281 1568; x_wconf 84' lang='lat' dir='ltr'><strong>nec</strong></span> <span class='ocrx_word' id='word_1_414' title='bbox 1296 1540 1417 1568; x_wconf 63' lang='lat' dir='ltr'><strong>materiae</strong></span> <span class='ocrx_word' id='word_1_415' title='bbox 1427 1546 1589 1576; x_wconf 68' lang='lat' dir='ltr'><strong>corporatae,</strong></span> <span class='ocrx_word' id='word_1_416' title='bbox 1606 1545 1733 1568; x_wconf 89' lang='lat' dir='ltr'><strong>naturam</strong></span> <span class='ocrx_word' id='word_1_417' title='bbox 1754 1541 1796 1567; x_wconf 90' lang='lat' dir='ltr'><strong>sui</strong></span> <span class='ocrx_word' id='word_1_418' title='bbox 1816 1541 1858 1574; x_wconf 86' lang='lat' dir='ltr'><strong>ju-</strong></span> 
     </span>
    </p>
   </div>
   <div class='ocr_carea' id='block_1_61' title="bbox 228 1582 1857 1621">
    <p class='ocr_par' dir='ltr' id='par_1_61' title="bbox 228 1582 1857 1621">
     <span class='ocr_line' id='line_1_61' title="bbox 228 1582 1857 1621; baseline -0.001 -7"><span class='ocrx_word' id='word_1_419' title='bbox 228 1590 256 1612; x_wconf 74' lang='grc' dir='ltr'><strong>ει</strong></span> <span class='ocrx_word' id='word_1_420' title='bbox 278 1585 389 1619; x_wconf 83' lang='lat' dir='ltr'><strong>quidem</strong></span> <span class='ocrx_word' id='word_1_421' title='bbox 420 1584 515 1619; x_wconf 78' lang='lat' dir='ltr'><strong>magiS.</strong></span> <span class='ocrx_word' id='word_1_422' title='bbox 544 1587 586 1610; x_wconf 76' lang='lat' dir='ltr'><strong>est</strong></span> <span class='ocrx_word' id='word_1_423' title='bbox 612 1582 685 1609; x_wconf 75' lang='lat' dir='ltr'><strong>enim</strong></span> <span class='ocrx_word' id='word_1_424' title='bbox 710 1583 848 1611; x_wconf 71' lang='lat' dir='ltr'><strong>secundus</strong></span> <span class='ocrx_word' id='word_1_425' title='bbox 873 1583 960 1610; x_wconf 78' lang='lat' dir='ltr'><strong>Adam</strong></span> <span class='ocrx_word' id='word_1_426' title='bbox 990 1584 1052 1621; x_wconf 84' lang='lat' dir='ltr'><strong>inc</strong></span> <span class='ocrx_word' id='word_1_427' title='bbox 1071 1588 1110 1615; x_wconf 92' lang='lat' dir='ltr'><strong>ris</strong></span> <span class='ocrx_word' id='word_1_428' title='bbox 1129 1592 1158 1614; x_wconf 89' lang='lat' dir='ltr'><strong>et</strong></span> <span class='ocrx_word' id='word_1_429' title='bbox 1183 1587 1305 1620; x_wconf 85' lang='lat' dir='ltr'><strong>arbitrii,</strong></span> <span class='ocrx_word' id='word_1_430' title='bbox 1334 1587 1497 1614; x_wconf 88' lang='lat' dir='ltr'><strong>honoratam</strong></span> <span class='ocrx_word' id='word_1_431' title='bbox 1530 1586 1637 1613; x_wconf 89' lang='lat' dir='ltr'><strong>ratione</strong></span> <span class='ocrx_word' id='word_1_432' title='bbox 1665 1586 1857 1620; x_wconf 83' lang='lat' dir='ltr'><strong>conditamque</strong></span> 
     </span>
    </p>
   </div>
   <div class='ocr_carea' id='block_1_62' title="bbox 227 1629 1020 1666">
    <p class='ocr_par' dir='ltr' id='par_1_62' title="bbox 227 1629 1020 1666">
     <span class='ocr_line' id='line_1_62' title="bbox 227 1629 1020 1666; baseline -0.003 -7"><span class='ocrx_word' id='word_1_433' title='bbox 227 1639 284 1666; x_wconf 79' lang='lat' dir='ltr'><strong>quo</strong></span> <span class='ocrx_word' id='word_1_434' title='bbox 306 1637 349 1658; x_wconf 89' lang='lat' dir='ltr'><strong>est</strong></span> <span class='ocrx_word' id='word_1_435' title='bbox 373 1631 467 1658; x_wconf 83' lang='lat' dir='ltr'><strong>vivere</strong></span> <span class='ocrx_word' id='word_1_436' title='bbox 489 1630 516 1657; x_wconf 91' lang='lat' dir='ltr'><strong>in</strong></span> <span class='ocrx_word' id='word_1_437' title='bbox 534 1630 645 1665; x_wconf 86' lang='lat' dir='ltr'><strong>spiritu,</strong></span> <span class='ocrx_word' id='word_1_438' title='bbox 675 1633 702 1656; x_wconf 89' lang='lat' dir='ltr'><strong>et</strong></span> <span class='ocrx_word' id='word_1_439' title='bbox 729 1629 822 1657; x_wconf 86' lang='lat' dir='ltr'><strong>vivere</strong></span> <span class='ocrx_word' id='word_1_440' title='bbox 839 1629 867 1656; x_wconf 89' lang='lat' dir='ltr'><strong>in</strong></span> <span class='ocrx_word' id='word_1_441' title='bbox 894 1630 1020 1657; x_wconf 90' lang='lat' dir='ltr'><strong>incorru-</strong></span> 
     </span>
    </p>
   </div>
   <div class='ocr_carea' id='block_1_63' title="bbox 228 1678 363 1714">
    <p class='ocr_par' dir='ltr' id='par_1_63' title="bbox 228 1678 363 1714">
     <span class='ocr_line' id='line_1_63' title="bbox 228 1678 363 1714; baseline -0.007 -8"><span class='ocrx_word' id='word_1_442' title='bbox 228 1679 322 1714; x_wconf 74' lang='lat' dir='ltr'><strong>ptione</strong></span> <span class='ocrx_word' id='word_1_443' title='bbox 334 1678 363 1705; x_wconf 85' lang='lat'><strong>“.</strong></span> 
     </span>
    </p>
   </div>
   <div class='ocr_carea' id='block_1_64' title="bbox 267 1723 1017 1761">
    <p class='ocr_par' dir='ltr' id='par_1_64' title="bbox 267 1723 1017 1761">
     <span class='ocr_line' id='line_1_64' title="bbox 267 1723 1017 1761; baseline 0.001 -10"><span class='ocrx_word' id='word_1_444' title='bbox 267 1735 277 1751; x_wconf 71' lang='grc' dir='ltr'><strong>ε</strong></span> <span class='ocrx_word' id='word_1_445' title='bbox 297 1725 461 1759; x_wconf 87' lang='lat' dir='ltr'><strong>Quicunque</strong></span> <span class='ocrx_word' id='word_1_446' title='bbox 475 1725 549 1752; x_wconf 90' lang='lat' dir='ltr'><strong>enim</strong></span> <span class='ocrx_word' id='word_1_447' title='bbox 571 1724 660 1761; x_wconf 90' lang='lat' dir='ltr'><strong>ipsum</strong></span> <span class='ocrx_word' id='word_1_448' title='bbox 676 1729 853 1760; x_wconf 89' lang='lat' dir='ltr'><strong>receperunt,</strong></span> <span class='ocrx_word' id='word_1_449' title='bbox 871 1724 948 1752; x_wconf 90' lang='lat' dir='ltr'><strong>dedit</strong></span> <span class='ocrx_word' id='word_1_450' title='bbox 965 1723 1017 1756; x_wconf 80' lang='lat' dir='ltr'><strong>eis,</strong></span> 
     </span>
    </p>
   </div>
   <div class='ocr_carea' id='block_1_65' title="bbox 230 1771 1018 1807">
    <p class='ocr_par' dir='ltr' id='par_1_65' title="bbox 230 1771 1018 1807">
     <span class='ocr_line' id='line_1_65' title="bbox 230 1771 1018 1807; baseline -0.001 -8"><span class='ocrx_word' id='word_1_451' title='bbox 230 1772 331 1807; x_wconf 81' lang='lat' dir='ltr'><strong>inquit.</strong></span> <span class='ocrx_word' id='word_1_452' title='bbox 350 1771 421 1799; x_wconf 80' lang='lat' dir='ltr'><strong>filios</strong></span> <span class='ocrx_word' id='word_1_453' title='bbox 440 1772 486 1799; x_wconf 87' lang='lat' dir='ltr'><strong>Dei</strong></span> <span class='ocrx_word' id='word_1_454' title='bbox 507 1773 567 1806; x_wconf 87' lang='lat' dir='ltr'><strong>(per</strong></span> <span class='ocrx_word' id='word_1_455' title='bbox 584 1772 711 1807; x_wconf 81' lang='lat' dir='ltr'><strong>gratiam)</strong></span> <span class='ocrx_word' id='word_1_456' title='bbox 731 1772 789 1799; x_wconf 86' lang='lat' dir='ltr'><strong>ﬁeri</strong></span> <span class='ocrx_word' id='word_1_457' title='bbox 804 1773 830 1806; x_wconf 68' lang='lat'><strong>9;</strong></span> <span class='ocrx_word' id='word_1_458' title='bbox 848 1771 947 1804; x_wconf 71' lang='lat' dir='ltr'><strong>ndeos,</strong></span> <span class='ocrx_word' id='word_1_459' title='bbox 964 1778 1018 1798; x_wconf 93' lang='lat' dir='ltr'><strong>non</strong></span> 
     </span>
    </p>
   </div>
   <div class='ocr_carea' id='block_1_66' title="bbox 230 1817 1016 1854">
    <p class='ocr_par' dir='ltr' id='par_1_66' title="bbox 230 1817 1016 1854">
     <span class='ocr_line' id='line_1_66' title="bbox 230 1817 1016 1854; baseline -0.001 -9"><span class='ocrx_word' id='word_1_460' title='bbox 230 1819 311 1850; x_wconf 83' lang='lat' dir='ltr'><strong>ﬁlios,</strong></span> <span class='ocrx_word' id='word_1_461' title='bbox 338 1819 410 1854; x_wconf 89' lang='lat' dir='ltr'><strong>quod</strong></span> <span class='ocrx_word' id='word_1_462' title='bbox 439 1819 518 1853; x_wconf 82' lang='lat' dir='ltr'><strong>longe</strong></span> <span class='ocrx_word' id='word_1_463' title='bbox 545 1819 633 1851; x_wconf 84' lang='lat' dir='ltr'><strong>majus</strong></span> <span class='ocrx_word' id='word_1_464' title='bbox 658 1823 741 1853; x_wconf 87' lang='lat' dir='ltr'><strong>atque</strong></span> <span class='ocrx_word' id='word_1_465' title='bbox 767 1817 941 1854; x_wconf 61' lang='lat' dir='ltr'><strong>praestantius</strong></span> <span class='ocrx_word' id='word_1_466' title='bbox 964 1821 1016 1845; x_wconf 90' lang='lat' dir='ltr'><strong>est.</strong></span> 
     </span>
    </p>
   </div>
   <div class='ocr_carea' id='block_1_67' title="bbox 229 1865 979 1898">
    <p class='ocr_par' dir='ltr' id='par_1_67' title="bbox 229 1865 979 1898">
     <span class='ocr_line' id='line_1_67' title="bbox 229 1865 979 1898; baseline -0.004 -5"><span class='ocrx_word' id='word_1_467' title='bbox 229 1866 294 1898; x_wconf 70' lang='lat' dir='ltr'><strong>Quae</strong></span> <span class='ocrx_word' id='word_1_468' title='bbox 309 1869 476 1898; x_wconf 87' lang='lat' dir='ltr'><strong>sequuntur,</strong></span> <span class='ocrx_word' id='word_1_469' title='bbox 491 1865 652 1898; x_wconf 89' lang='lat' dir='ltr'><strong>admodum,</strong></span> <span class='ocrx_word' id='word_1_470' title='bbox 671 1869 701 1892; x_wconf 91' lang='lat' dir='ltr'><strong>ut</strong></span> <span class='ocrx_word' id='word_1_471' title='bbox 717 1873 789 1897; x_wconf 88' lang='lat' dir='ltr'><strong>reor,</strong></span> <span class='ocrx_word' id='word_1_472' title='bbox 809 1865 979 1892; x_wconf 81' lang='lat' dir='ltr'><strong>intellexisti.</strong></span> 
     </span>
    </p>
   </div>
   <div class='ocr_carea' id='block_1_68' title="bbox 531 1923 733 1952">
    <p class='ocr_par' dir='ltr' id='par_1_68' title="bbox 531 1923 733 1952">
     <span class='ocr_line' id='line_1_68' title="bbox 531 1923 733 1952; baseline 0.005 -1"><span class='ocrx_word' id='word_1_473' title='bbox 531 1923 645 1952; x_wconf 82' lang='lat' dir='ltr'><strong>CAPUT</strong></span> <span class='ocrx_word' id='word_1_474' title='bbox 662 1923 733 1952; x_wconf 83' lang='lat' dir='ltr'><strong>XIV.</strong></span> 
     </span>
    </p>
   </div>
   <div class='ocr_carea' id='block_1_69' title="bbox 228 1961 1022 2002">
    <p class='ocr_par' dir='ltr' id='par_1_69' title="bbox 228 1961 1022 2002">
     <span class='ocr_line' id='line_1_69' title="bbox 228 1961 1022 2002; baseline -0.003 -6"><span class='ocrx_word' id='word_1_475' title='bbox 228 1969 457 2002; x_wconf 68' lang='lat' dir='ltr'><strong>Quemadmodum</strong></span> <span class='ocrx_word' id='word_1_476' title='bbox 475 1970 545 1997; x_wconf 83' lang='lat' dir='ltr'><strong>Deus</strong></span> <span class='ocrx_word' id='word_1_477' title='bbox 565 1970 697 1997; x_wconf 79' lang='lat' dir='ltr'><strong>hominem</strong></span> <span class='ocrx_word' id='word_1_478' title='bbox 716 1978 774 1996; x_wconf 82' lang='lat' dir='ltr'><strong>cum</strong></span> <span class='ocrx_word' id='word_1_479' title='bbox 791 1961 920 1997; x_wconf 72' lang='lat' dir='ltr'><strong>credturis</strong></span> <span class='ocrx_word' id='word_1_480' title='bbox 937 1969 1022 1996; x_wconf 85' lang='lat' dir='ltr'><strong>omni-</strong></span> 
     </span>
    </p>
   </div>
   <div class='ocr_carea' id='block_1_70' title="bbox 264 2003 1020 2038">
    <p class='ocr_par' dir='ltr' id='par_1_70' title="bbox 264 2003 1020 2038">
     <span class='ocr_line' id='line_1_70' title="bbox 264 2003 1020 2038; baseline -0.003 -6"><span class='ocrx_word' id='word_1_481' title='bbox 264 2007 309 2032; x_wconf 96' lang='lat' dir='ltr'><strong>bus</strong></span> <span class='ocrx_word' id='word_1_482' title='bbox 326 2007 564 2033; x_wconf 81' lang='lat' dir='ltr'><strong>communicantem</strong></span> <span class='ocrx_word' id='word_1_483' title='bbox 582 2005 700 2038; x_wconf 74' lang='lat' dir='ltr'><strong>ﬁnxerit.</strong></span> <span class='ocrx_word' id='word_1_484' title='bbox 717 2003 854 2037; x_wconf 81' lang='lat' dir='ltr'><strong>Quomodo</strong></span> <span class='ocrx_word' id='word_1_485' title='bbox 870 2005 938 2031; x_wconf 82' lang='lat' dir='ltr'><strong>idem</strong></span> <span class='ocrx_word' id='word_1_486' title='bbox 960 2003 1020 2031; x_wconf 78' lang='lat' dir='ltr'><strong>Tri-</strong></span> 
     </span>
    </p>
   </div>
   <div class='ocr_carea' id='block_1_71' title="bbox 267 2041 683 2076">
    <p class='ocr_par' dir='ltr' id='par_1_71' title="bbox 267 2041 683 2076">
     <span class='ocr_line' id='line_1_71' title="bbox 267 2041 683 2076; baseline -0.002 -9"><span class='ocrx_word' id='word_1_487' title='bbox 267 2042 358 2068; x_wconf 83' lang='lat' dir='ltr'><strong>nitatis</strong></span> <span class='ocrx_word' id='word_1_488' title='bbox 375 2041 518 2076; x_wconf 84' lang='lat' dir='ltr'><strong>imaginem</strong></span> <span class='ocrx_word' id='word_1_489' title='bbox 535 2041 683 2067; x_wconf 88' lang='lat' dir='ltr'><strong>contineat.-</strong></span> 
     </span>
    </p>
   </div>
   <div class='ocr_carea' id='block_1_72' title="bbox 266 2096 1018 2128">
    <p class='ocr_par' dir='ltr' id='par_1_72' title="bbox 266 2096 1018 2128">
     <span class='ocr_line' id='line_1_72' title="bbox 266 2096 1018 2128; baseline 0 -5"><span class='ocrx_word' id='word_1_490' title='bbox 266 2097 319 2124; x_wconf 87' lang='lat' dir='ltr'><strong>Scd</strong></span> <span class='ocrx_word' id='word_1_491' title='bbox 339 2097 412 2123; x_wconf 91' lang='lat' dir='ltr'><strong>unde</strong></span> <span class='ocrx_word' id='word_1_492' title='bbox 429 2096 523 2128; x_wconf 67' lang='lat' dir='ltr'><strong>erepit,</strong></span> <span class='ocrx_word' id='word_1_493' title='bbox 539 2096 636 2123; x_wconf 84' lang='lat' dir='ltr'><strong>eodem</strong></span> <span class='ocrx_word' id='word_1_494' title='bbox 653 2100 811 2124; x_wconf 82' lang='lat' dir='ltr'><strong>revertetur</strong></span> <span class='ocrx_word' id='word_1_495' title='bbox 825 2097 926 2128; x_wconf 87' lang='lat' dir='ltr'><strong>oratio,</strong></span> <span class='ocrx_word' id='word_1_496' title='bbox 942 2096 1018 2123; x_wconf 83' lang='lat' dir='ltr'><strong>dice—</strong></span> 
     </span>
    </p>
   </div>
   <div class='ocr_carea' id='block_1_73' title="bbox 230 2142 1020 2178">
    <p class='ocr_par' dir='ltr' id='par_1_73' title="bbox 230 2142 1020 2178">
     <span class='ocr_line' id='line_1_73' title="bbox 230 2142 1020 2178; baseline 0 -9"><span class='ocrx_word' id='word_1_497' title='bbox 230 2150 357 2178; x_wconf 86' lang='lat' dir='ltr'><strong>musque,</strong></span> <span class='ocrx_word' id='word_1_498' title='bbox 382 2147 412 2169; x_wconf 90' lang='lat' dir='ltr'><strong>ut</strong></span> <span class='ocrx_word' id='word_1_499' title='bbox 439 2149 601 2177; x_wconf 88' lang='lat' dir='ltr'><strong>possumus,</strong></span> <span class='ocrx_word' id='word_1_500' title='bbox 625 2142 659 2169; x_wconf 91' lang='lat' dir='ltr'><strong>de</strong></span> <span class='ocrx_word' id='word_1_501' title='bbox 682 2143 877 2177; x_wconf 85' lang='lat' dir='ltr'><strong>procreatione</strong></span> <span class='ocrx_word' id='word_1_502' title='bbox 905 2147 1020 2176; x_wconf 87' lang='lat' dir='ltr'><strong>propter</strong></span> 
     </span>
    </p>
   </div>
   <div class='ocr_carea' id='block_1_74' title="bbox 232 2187 1017 2223">
    <p class='ocr_par' dir='ltr' id='par_1_74' title="bbox 232 2187 1017 2223">
     <span class='ocr_line' id='line_1_74' title="bbox 232 2187 1017 2223; baseline 0 -8"><span class='ocrx_word' id='word_1_503' title='bbox 232 2188 285 2215; x_wconf 81' lang='lat' dir='ltr'><strong>duo</strong></span> <span class='ocrx_word' id='word_1_504' title='bbox 306 2188 368 2220; x_wconf 89' lang='lat' dir='ltr'><strong>ista,</strong></span> <span class='ocrx_word' id='word_1_505' title='bbox 387 2188 530 2223; x_wconf 89' lang='lat' dir='ltr'><strong>superiora</strong></span> <span class='ocrx_word' id='word_1_506' title='bbox 550 2192 707 2223; x_wconf 80' lang='lat' dir='ltr'><strong>repetentes</strong></span> <span class='ocrx_word' id='word_1_507' title='bbox 729 2188 897 2220; x_wconf 87' lang='lat' dir='ltr'><strong>summatim,</strong></span> <span class='ocrx_word' id='word_1_508' title='bbox 916 2193 944 2216; x_wconf 91' lang='lat' dir='ltr'><strong>et</strong></span> <span class='ocrx_word' id='word_1_509' title='bbox 967 2187 1017 2216; x_wconf 90' lang='lat' dir='ltr'><strong>tibi</strong></span> 
     </span>
    </p>
   </div>
   <div class='ocr_carea' id='block_1_75' title="bbox 265 2246 993 2280">
    <p class='ocr_par' dir='ltr' id='par_1_75' title="bbox 265 2246 993 2280">
     <span class='ocr_line' id='line_1_75' title="bbox 265 2246 993 2280; baseline 0 -5"><span class='ocrx_word' id='word_1_510' title='bbox 265 2249 275 2264; x_wconf 68' lang='grc' dir='ltr'><strong>θ</strong></span> <span class='ocrx_word' id='word_1_511' title='bbox 290 2248 370 2275; x_wconf 75' lang='lat' dir='ltr'><strong>Rom.</strong></span> <span class='ocrx_word' id='word_1_512' title='bbox 386 2255 444 2279; x_wconf 80' lang='lat' dir='ltr'><strong>Vlll,</strong></span> <span class='ocrx_word' id='word_1_513' title='bbox 459 2246 486 2274; x_wconf 87' lang='lat'><strong>9.</strong></span> <span class='ocrx_word' id='word_1_514' title='bbox 527 2247 537 2262; x_wconf 93' lang='lat'>&quot;</span> <span class='ocrx_word' id='word_1_515' title='bbox 552 2246 620 2274; x_wconf 77' lang='lat' dir='ltr'><strong>Gen.</strong></span> <span class='ocrx_word' id='word_1_516' title='bbox 639 2255 668 2280; x_wconf 82' lang='grc' dir='ltr'><strong>ιι,</strong></span> <span class='ocrx_word' id='word_1_517' title='bbox 685 2247 711 2274; x_wconf 88' lang='grc'>7.</span> <span class='ocrx_word' id='word_1_518' title='bbox 750 2247 760 2262; x_wconf 88' lang='grc'><strong><em>⁸</em></strong></span> <span class='ocrx_word' id='word_1_519' title='bbox 775 2247 786 2274; x_wconf 91' lang='grc'><strong>1</strong></span> <span class='ocrx_word' id='word_1_520' title='bbox 801 2247 863 2275; x_wconf 87' lang='lat' dir='ltr'><strong>Cor.</strong></span> <span class='ocrx_word' id='word_1_521' title='bbox 883 2255 927 2279; x_wconf 79' lang='lat' dir='ltr'><strong>xv,</strong></span> <span class='ocrx_word' id='word_1_522' title='bbox 948 2247 993 2275; x_wconf 78' lang='grc'><strong>49.</strong></span> 
     </span>
    </p>
   </div>
   <div class='ocr_carea' id='block_1_76' title="bbox 1070 1631 1857 1668">
    <p class='ocr_par' dir='ltr' id='par_1_76' title="bbox 1070 1631 1857 1668">
     <span class='ocr_line' id='line_1_76' title="bbox 1070 1631 1857 1668; baseline -0.005 -7"><span class='ocrx_word' id='word_1_523' title='bbox 1070 1634 1188 1661; x_wconf 81' lang='lat' dir='ltr'><strong>maxime</strong></span> <span class='ocrx_word' id='word_1_524' title='bbox 1202 1633 1234 1660; x_wconf 89' lang='lat' dir='ltr'><strong>ad</strong></span> <span class='ocrx_word' id='word_1_525' title='bbox 1247 1633 1395 1668; x_wconf 74' lang='lat' dir='ltr'><strong>imaginem</strong></span> <span class='ocrx_word' id='word_1_526' title='bbox 1407 1633 1601 1662; x_wconf 73' lang='lat' dir='ltr'><strong>divinammon</strong></span> <span class='ocrx_word' id='word_1_527' title='bbox 1619 1635 1708 1659; x_wconf 85' lang='lat' dir='ltr'><strong>tamen</strong></span> <span class='ocrx_word' id='word_1_528' title='bbox 1723 1639 1756 1658; x_wconf 77' lang='lat' dir='ltr'><strong>ex</strong></span> <span class='ocrx_word' id='word_1_529' title='bbox 1767 1631 1857 1658; x_wconf 76' lang='lat' dir='ltr'><strong>divina</strong></span> 
     </span>
    </p>
   </div>
   <div class='ocr_carea' id='block_1_77' title="bbox 1069 1676 1859 1714">
    <p class='ocr_par' dir='ltr' id='par_1_77' title="bbox 1069 1676 1859 1714">
     <span class='ocr_line' id='line_1_77' title="bbox 1069 1676 1859 1714; baseline -0.006 -7"><span class='ocrx_word' id='word_1_530' title='bbox 1069 1679 1234 1712; x_wconf 87' lang='lat' dir='ltr'><strong>substantia,</strong></span> <span class='ocrx_word' id='word_1_531' title='bbox 1249 1679 1322 1714; x_wconf 92' lang='lat' dir='ltr'><strong>quod</strong></span> <span class='ocrx_word' id='word_1_532' title='bbox 1338 1679 1399 1714; x_wconf 83' lang='lat' dir='ltr'><strong>fuge</strong></span> <span class='ocrx_word' id='word_1_533' title='bbox 1414 1679 1456 1706; x_wconf 89' lang='lat' dir='ltr'><strong>vel</strong></span> <span class='ocrx_word' id='word_1_534' title='bbox 1474 1678 1605 1713; x_wconf 82' lang='lat' dir='ltr'><strong>cogitare,</strong></span> <span class='ocrx_word' id='word_1_535' title='bbox 1622 1678 1664 1705; x_wconf 80' lang='lat' dir='ltr'><strong>vel</strong></span> <span class='ocrx_word' id='word_1_536' title='bbox 1681 1677 1774 1704; x_wconf 85' lang='lat' dir='ltr'><strong>dicere</strong></span> <span class='ocrx_word' id='word_1_537' title='bbox 1794 1685 1800 1703; x_wconf 92' lang='lat'><strong><em>:</em></strong></span> <span class='ocrx_word' id='word_1_538' title='bbox 1814 1676 1859 1703; x_wconf 77' lang='lat' dir='ltr'><strong>sed</strong></span> 
     </span>
    </p>
   </div>
   <div class='ocr_carea' id='block_1_78' title="bbox 1068 1724 1824 1760">
    <p class='ocr_par' dir='ltr' id='par_1_78' title="bbox 1068 1724 1824 1760">
     <span class='ocr_line' id='line_1_78' title="bbox 1068 1724 1824 1760; baseline -0.007 -6"><span class='ocrx_word' id='word_1_539' title='bbox 1068 1734 1102 1755; x_wconf 78' lang='lat' dir='ltr'><strong>ex</strong></span> <span class='ocrx_word' id='word_1_540' title='bbox 1119 1727 1221 1754; x_wconf 88' lang='lat' dir='ltr'><strong>virtute</strong></span> <span class='ocrx_word' id='word_1_541' title='bbox 1248 1725 1441 1760; x_wconf 88' lang='lat' dir='ltr'><strong>omnipotenti,</strong></span> <span class='ocrx_word' id='word_1_542' title='bbox 1462 1733 1515 1759; x_wconf 90' lang='lat' dir='ltr'><strong>qua</strong></span> <span class='ocrx_word' id='word_1_543' title='bbox 1540 1724 1644 1751; x_wconf 87' lang='lat' dir='ltr'><strong>creavit</strong></span> <span class='ocrx_word' id='word_1_544' title='bbox 1665 1724 1757 1750; x_wconf 83' lang='lat' dir='ltr'><strong>omnia</strong></span> <span class='ocrx_word' id='word_1_545' title='bbox 1771 1724 1824 1749; x_wconf 82' lang='lat'><strong>&quot;“.</strong></span> 
     </span>
    </p>
   </div>
   <div class='ocr_carea' id='block_1_79' title="bbox 1105 1768 1860 1804">
    <p class='ocr_par' dir='ltr' id='par_1_79' title="bbox 1105 1768 1860 1804">
     <span class='ocr_line' id='line_1_79' title="bbox 1105 1768 1860 1804; baseline -0.008 -4"><span class='ocrx_word' id='word_1_546' title='bbox 1105 1771 1292 1800; x_wconf 87' lang='lat' dir='ltr'><strong>Substantiam</strong></span> <span class='ocrx_word' id='word_1_547' title='bbox 1309 1770 1492 1802; x_wconf 86' lang='lat' dir='ltr'><strong>individuam,</strong></span> <span class='ocrx_word' id='word_1_548' title='bbox 1508 1770 1534 1796; x_wconf 95' lang='lat' dir='ltr'><strong>in</strong></span> <span class='ocrx_word' id='word_1_549' title='bbox 1551 1777 1604 1804; x_wconf 88' lang='lat' dir='ltr'><strong>qua</strong></span> <span class='ocrx_word' id='word_1_550' title='bbox 1625 1768 1860 1803; x_wconf 69' lang='lat' dir='ltr'><strong>inestintrlligem</strong></span> 
     </span>
    </p>
   </div>
   <div class='ocr_carea' id='block_1_80' title="bbox 1069 1815 1858 1850">
    <p class='ocr_par' dir='ltr' id='par_1_80' title="bbox 1069 1815 1858 1850">
     <span class='ocr_line' id='line_1_80' title="bbox 1069 1815 1858 1850; baseline -0.009 -4"><span class='ocrx_word' id='word_1_551' title='bbox 1069 1818 1117 1850; x_wconf 91' lang='lat' dir='ltr'><strong>tia,</strong></span> <span class='ocrx_word' id='word_1_552' title='bbox 1131 1823 1160 1845; x_wconf 88' lang='lat' dir='ltr'><strong>et</strong></span> <span class='ocrx_word' id='word_1_553' title='bbox 1177 1825 1256 1844; x_wconf 90' lang='lat' dir='ltr'><strong>mens</strong></span> <span class='ocrx_word' id='word_1_554' title='bbox 1271 1816 1396 1846; x_wconf 85' lang='lat' dir='ltr'><strong>omnino,</strong></span> <span class='ocrx_word' id='word_1_555' title='bbox 1406 1821 1435 1843; x_wconf 86' lang='lat' dir='ltr'><strong>et</strong></span> <span class='ocrx_word' id='word_1_556' title='bbox 1450 1815 1565 1843; x_wconf 87' lang='lat' dir='ltr'><strong>verbum</strong></span> <span class='ocrx_word' id='word_1_557' title='bbox 1575 1820 1667 1842; x_wconf 91' lang='lat' dir='ltr'><strong>menle</strong></span> <span class='ocrx_word' id='word_1_558' title='bbox 1679 1819 1858 1848; x_wconf 84' lang='lat' dir='ltr'><strong>conceptum;</strong></span> 
     </span>
    </p>
   </div>
   <div class='ocr_carea' id='block_1_81' title="bbox 1070 1861 1860 1898">
    <p class='ocr_par' dir='ltr' id='par_1_81' title="bbox 1070 1861 1860 1898">
     <span class='ocr_line' id='line_1_81' title="bbox 1070 1861 1860 1898; baseline -0.006 -6"><span class='ocrx_word' id='word_1_559' title='bbox 1070 1873 1133 1892; x_wconf 87' lang='lat' dir='ltr'><strong>nam</strong></span> <span class='ocrx_word' id='word_1_560' title='bbox 1151 1871 1243 1892; x_wconf 91' lang='lat' dir='ltr'><strong>sermo</strong></span> <span class='ocrx_word' id='word_1_561' title='bbox 1260 1864 1306 1898; x_wconf 90' lang='lat' dir='ltr'><strong>qui</strong></span> <span class='ocrx_word' id='word_1_562' title='bbox 1326 1867 1369 1890; x_wconf 88' lang='lat' dir='ltr'><strong>est</strong></span> <span class='ocrx_word' id='word_1_563' title='bbox 1394 1863 1420 1890; x_wconf 89' lang='lat' dir='ltr'><strong>in</strong></span> <span class='ocrx_word' id='word_1_564' title='bbox 1435 1861 1664 1897; x_wconf 78' lang='lat' dir='ltr'><strong>lingua,proferri</strong></span> <span class='ocrx_word' id='word_1_565' title='bbox 1679 1865 1708 1889; x_wconf 92' lang='lat' dir='ltr'><strong>et</strong></span> <span class='ocrx_word' id='word_1_566' title='bbox 1719 1861 1765 1888; x_wconf 87' lang='lat' dir='ltr'><strong>edi</strong></span> <span class='ocrx_word' id='word_1_567' title='bbox 1789 1861 1860 1887; x_wconf 89' lang='lat' dir='ltr'><strong>foras</strong></span> 
     </span>
    </p>
   </div>
   <div class='ocr_carea' id='block_1_82' title="bbox 1071 1907 1858 1945">
    <p class='ocr_par' dir='ltr' id='par_1_82' title="bbox 1071 1907 1858 1945">
     <span class='ocr_line' id='line_1_82' title="bbox 1071 1907 1858 1945; baseline -0.009 -6"><span class='ocrx_word' id='word_1_568' title='bbox 1071 1912 1105 1939; x_wconf 90' lang='lat' dir='ltr'><strong>ad</strong></span> <span class='ocrx_word' id='word_1_569' title='bbox 1124 1911 1269 1939; x_wconf 87' lang='lat' dir='ltr'><strong>audientes</strong></span> <span class='ocrx_word' id='word_1_570' title='bbox 1285 1914 1385 1945; x_wconf 87' lang='lat' dir='ltr'><strong>potest.</strong></span> <span class='ocrx_word' id='word_1_571' title='bbox 1400 1909 1485 1939; x_wconf 86' lang='lat' dir='ltr'><strong>Mens,</strong></span> <span class='ocrx_word' id='word_1_572' title='bbox 1500 1908 1583 1941; x_wconf 87' lang='lat' dir='ltr'><strong>ratio,</strong></span> <span class='ocrx_word' id='word_1_573' title='bbox 1601 1907 1704 1938; x_wconf 86' lang='lat' dir='ltr'><strong>anima.</strong></span> <span class='ocrx_word' id='word_1_574' title='bbox 1720 1907 1779 1934; x_wconf 58' lang='lat' dir='ltr'><strong>haec</strong></span> <span class='ocrx_word' id='word_1_575' title='bbox 1807 1907 1858 1933; x_wconf 87' lang='lat' dir='ltr'><strong>tria</strong></span> 
     </span>
    </p>
   </div>
   <div class='ocr_carea' id='block_1_83' title="bbox 1070 1952 1858 1989">
    <p class='ocr_par' dir='ltr' id='par_1_83' title="bbox 1070 1952 1858 1989">
     <span class='ocr_line' id='line_1_83' title="bbox 1070 1952 1858 1989; baseline -0.009 -3"><span class='ocrx_word' id='word_1_576' title='bbox 1070 1963 1135 1986; x_wconf 87' lang='lat' dir='ltr'><strong>sunt</strong></span> <span class='ocrx_word' id='word_1_577' title='bbox 1151 1965 1204 1985; x_wconf 89' lang='lat' dir='ltr'><strong>una</strong></span> <span class='ocrx_word' id='word_1_578' title='bbox 1217 1963 1327 1989; x_wconf 81' lang='lat' dir='ltr'><strong>natura,</strong></span> <span class='ocrx_word' id='word_1_579' title='bbox 1346 1963 1400 1983; x_wconf 89' lang='lat' dir='ltr'><strong>una</strong></span> <span class='ocrx_word' id='word_1_580' title='bbox 1416 1955 1536 1983; x_wconf 83' lang='lat' dir='ltr'><strong>essentia</strong></span> <span class='ocrx_word' id='word_1_581' title='bbox 1552 1955 1707 1988; x_wconf 78' lang='lat' dir='ltr'><strong>congcnita,</strong></span> <span class='ocrx_word' id='word_1_582' title='bbox 1725 1952 1858 1980; x_wconf 86' lang='lat' dir='ltr'><strong>stabilita-</strong></span> 
     </span>
    </p>
   </div>
   <div class='ocr_carea' id='block_1_84' title="bbox 1072 1999 1859 2037">
    <p class='ocr_par' dir='ltr' id='par_1_84' title="bbox 1072 1999 1859 2037">
     <span class='ocr_line' id='line_1_84' title="bbox 1072 1999 1859 2037; baseline -0.008 -6"><span class='ocrx_word' id='word_1_583' title='bbox 1072 2009 1126 2032; x_wconf 88' lang='lat' dir='ltr'><strong>tem</strong></span> <span class='ocrx_word' id='word_1_584' title='bbox 1137 2003 1254 2034; x_wconf 85' lang='lat' dir='ltr'><strong>habens,</strong></span> <span class='ocrx_word' id='word_1_585' title='bbox 1273 2002 1456 2037; x_wconf 77' lang='lat' dir='ltr'><strong>separationis</strong></span> <span class='ocrx_word' id='word_1_586' title='bbox 1467 2006 1494 2028; x_wconf 90' lang='lat' dir='ltr'><strong>et</strong></span> <span class='ocrx_word' id='word_1_587' title='bbox 1509 2001 1651 2033; x_wconf 88' lang='lat' dir='ltr'><strong>sectionis,</strong></span> <span class='ocrx_word' id='word_1_588' title='bbox 1670 2004 1699 2026; x_wconf 88' lang='lat' dir='ltr'><strong>et</strong></span> <span class='ocrx_word' id='word_1_589' title='bbox 1716 1999 1859 2027; x_wconf 85' lang='lat' dir='ltr'><strong>divisionis</strong></span> 
     </span>
    </p>
   </div>
   <div class='ocr_carea' id='block_1_85' title="bbox 1073 2045 1859 2085">
    <p class='ocr_par' dir='ltr' id='par_1_85' title="bbox 1073 2045 1859 2085">
     <span class='ocr_line' id='line_1_85' title="bbox 1073 2045 1859 2085; baseline -0.008 -7"><span class='ocrx_word' id='word_1_590' title='bbox 1073 2058 1187 2085; x_wconf 89' lang='lat' dir='ltr'><strong>prorsus</strong></span> <span class='ocrx_word' id='word_1_591' title='bbox 1198 2058 1297 2085; x_wconf 84' lang='lat' dir='ltr'><strong>expers</strong></span> <span class='ocrx_word' id='word_1_592' title='bbox 1314 2058 1320 2076; x_wconf 91' lang='lat'>:</span> <span class='ocrx_word' id='word_1_593' title='bbox 1342 2048 1410 2084; x_wconf 92' lang='lat' dir='ltr'><strong>quin</strong></span> <span class='ocrx_word' id='word_1_594' title='bbox 1424 2053 1518 2075; x_wconf 87' lang='lat' dir='ltr'><strong>contra</strong></span> <span class='ocrx_word' id='word_1_595' title='bbox 1533 2047 1634 2082; x_wconf 87' lang='lat' dir='ltr'><strong>potius,</strong></span> <span class='ocrx_word' id='word_1_596' title='bbox 1647 2051 1677 2073; x_wconf 93' lang='lat' dir='ltr'><strong>ut</strong></span> <span class='ocrx_word' id='word_1_597' title='bbox 1691 2045 1859 2080; x_wconf 77' lang='lat' dir='ltr'><strong>inseparabi-</strong></span> 
     </span>
    </p>
   </div>
   <div class='ocr_carea' id='block_1_86' title="bbox 1073 2091 1860 2130">
    <p class='ocr_par' dir='ltr' id='par_1_86' title="bbox 1073 2091 1860 2130">
     <span class='ocr_line' id='line_1_86' title="bbox 1073 2091 1860 2130; baseline -0.008 -6"><span class='ocrx_word' id='word_1_598' title='bbox 1073 2097 1107 2124; x_wconf 87' lang='lat' dir='ltr'><strong>lis</strong></span> <span class='ocrx_word' id='word_1_599' title='bbox 1121 2097 1203 2124; x_wconf 83' lang='lat' dir='ltr'><strong>Pater</strong></span> <span class='ocrx_word' id='word_1_600' title='bbox 1229 2100 1257 2122; x_wconf 88' lang='lat' dir='ltr'><strong>et</strong></span> <span class='ocrx_word' id='word_1_601' title='bbox 1290 2095 1408 2122; x_wconf 75' lang='lat' dir='ltr'><strong>Verbum</strong></span> <span class='ocrx_word' id='word_1_602' title='bbox 1430 2099 1458 2121; x_wconf 90' lang='lat' dir='ltr'><strong>ct</strong></span> <span class='ocrx_word' id='word_1_603' title='bbox 1475 2094 1604 2130; x_wconf 87' lang='lat' dir='ltr'><strong>Spiritus,</strong></span> <span class='ocrx_word' id='word_1_604' title='bbox 1639 2096 1736 2120; x_wconf 86' lang='lat' dir='ltr'><strong>natura</strong></span> <span class='ocrx_word' id='word_1_605' title='bbox 1757 2096 1785 2119; x_wconf 86' lang='lat' dir='ltr'><strong>et</strong></span> <span class='ocrx_word' id='word_1_606' title='bbox 1807 2091 1860 2118; x_wconf 90' lang='lat' dir='ltr'><strong>vir-</strong></span> 
     </span>
    </p>
   </div>
   <div class='ocr_carea' id='block_1_87' title="bbox 1074 2137 1858 2176">
    <p class='ocr_par' dir='ltr' id='par_1_87' title="bbox 1074 2137 1858 2176">
     <span class='ocr_line' id='line_1_87' title="bbox 1074 2137 1858 2176; baseline -0.009 -5"><span class='ocrx_word' id='word_1_607' title='bbox 1074 2148 1131 2171; x_wconf 88' lang='lat' dir='ltr'><strong>tute</strong></span> <span class='ocrx_word' id='word_1_608' title='bbox 1143 2152 1150 2176; x_wconf 89' lang='lat'><strong>;</strong></span> <span class='ocrx_word' id='word_1_609' title='bbox 1165 2147 1208 2170; x_wconf 87' lang='lat' dir='ltr'><strong>est</strong></span> <span class='ocrx_word' id='word_1_610' title='bbox 1225 2142 1298 2170; x_wconf 82' lang='lat' dir='ltr'><strong>enim</strong></span> <span class='ocrx_word' id='word_1_611' title='bbox 1315 2141 1398 2176; x_wconf 81' lang='grc' dir='ltr'>μονὰς</span> <span class='ocrx_word' id='word_1_612' title='bbox 1412 2139 1503 2175; x_wconf 78' lang='grc' dir='ltr'><strong>τριάς,</strong></span> <span class='ocrx_word' id='word_1_613' title='bbox 1516 2139 1594 2174; x_wconf 91' lang='lat' dir='ltr'><strong>quasi</strong></span> <span class='ocrx_word' id='word_1_614' title='bbox 1608 2139 1684 2166; x_wconf 86' lang='lat' dir='ltr'><strong>dicas</strong></span> <span class='ocrx_word' id='word_1_615' title='bbox 1696 2139 1788 2166; x_wconf 85' lang='lat' dir='ltr'><strong>unitas</strong></span> <span class='ocrx_word' id='word_1_616' title='bbox 1798 2137 1858 2165; x_wconf 89' lang='lat' dir='ltr'><strong>Tri-</strong></span> 
     </span>
    </p>
   </div>
   <div class='ocr_carea' id='block_1_88' title="bbox 1072 2184 1858 2222">
    <p class='ocr_par' dir='ltr' id='par_1_88' title="bbox 1072 2184 1858 2222">
     <span class='ocr_line' id='line_1_88' title="bbox 1072 2184 1858 2222; baseline -0.003 -7"><span class='ocrx_word' id='word_1_617' title='bbox 1072 2189 1153 2222; x_wconf 89' lang='lat' dir='ltr'><strong>nitas,</strong></span> <span class='ocrx_word' id='word_1_618' title='bbox 1167 2188 1287 2216; x_wconf 82' lang='lat' dir='ltr'><strong>essentia</strong></span> <span class='ocrx_word' id='word_1_619' title='bbox 1313 2186 1470 2218; x_wconf 75' lang='lat' dir='ltr'><strong>uniformis,</strong></span> <span class='ocrx_word' id='word_1_620' title='bbox 1486 2190 1514 2213; x_wconf 91' lang='lat' dir='ltr'><strong>et</strong></span> <span class='ocrx_word' id='word_1_621' title='bbox 1531 2184 1689 2212; x_wconf 88' lang='lat' dir='ltr'><strong>dominatus</strong></span> <span class='ocrx_word' id='word_1_622' title='bbox 1711 2185 1858 2213; x_wconf 89' lang='lat' dir='ltr'><strong>unus</strong></span> 
     </span>
    </p>
   </div>
   <div class='ocr_carea' id='block_1_89' title="bbox 1033 2247 1234 2280">
    <p class='ocr_par' dir='ltr' id='par_1_89' title="bbox 1033 2247 1234 2280">
     <span class='ocr_line' id='line_1_89' title="bbox 1033 2247 1234 2280; baseline -0.01 -5"><span class='ocrx_word' id='word_1_623' title='bbox 1033 2247 1044 2264; x_wconf 75' lang='grc'><strong>⁹</strong></span> <span class='ocrx_word' id='word_1_624' title='bbox 1059 2247 1138 2275; x_wconf 73' lang='lat' dir='ltr'><strong>Joan.</strong></span> <span class='ocrx_word' id='word_1_625' title='bbox 1155 2256 1174 2280; x_wconf 87' lang='lat' dir='ltr'><strong>I,</strong></span> <span class='ocrx_word' id='word_1_626' title='bbox 1190 2247 1234 2274; x_wconf 71' lang='grc' dir='ltr'><strong><em>η.</em></strong></span> 
     </span>
    </p>
   </div>
   <div class='ocr_carea' id='block_1_90' title="bbox 975 2304 1113 2335">
    <p class='ocr_par' dir='ltr' id='par_1_90' title="bbox 975 2304 1113 2335">
     <span class='ocr_line' id='line_1_90' title="bbox 975 2304 1113 2335; baseline 0.007 -1"><span class='ocrx_word' id='word_1_627' title='bbox 975 2304 1113 2335; x_wconf 80' lang='lat' dir='ltr'><strong>Scholia.</strong></span> 
     </span>
    </p>
   </div>
   <div class='ocr_carea' id='block_1_91' title="bbox 271 2351 1859 2392">
    <p class='ocr_par' dir='ltr' id='par_1_91' title="bbox 271 2351 1859 2392">
     <span class='ocr_line' id='line_1_91' title="bbox 271 2351 1859 2392; baseline -0.004 -9"><span class='ocrx_word' id='word_1_628' title='bbox 271 2356 418 2392; x_wconf 74' lang='lat' dir='ltr'><strong>‘Eqnidenr</strong></span> <span class='ocrx_word' id='word_1_629' title='bbox 437 2355 534 2392; x_wconf 66' lang='lat' dir='ltr'><strong>multos</strong></span> <span class='ocrx_word' id='word_1_630' title='bbox 562 2355 644 2382; x_wconf 78' lang='lat' dir='ltr'><strong>habeo</strong></span> <span class='ocrx_word' id='word_1_631' title='bbox 669 2355 798 2392; x_wconf 74' lang='lat' dir='ltr'><strong>proferre,</strong></span> <span class='ocrx_word' id='word_1_632' title='bbox 817 2362 861 2388; x_wconf 75' lang='lat' dir='ltr'><strong>qui</strong></span> <span class='ocrx_word' id='word_1_633' title='bbox 875 2359 975 2382; x_wconf 84' lang='lat' dir='ltr'><strong>natura</strong></span> <span class='ocrx_word' id='word_1_634' title='bbox 990 2355 1021 2382; x_wconf 91' lang='lat' dir='ltr'><strong>ab</strong></span> <span class='ocrx_word' id='word_1_635' title='bbox 1039 2357 1061 2386; x_wconf 87' lang='grc' dir='ltr'><strong>ι)</strong></span> <span class='ocrx_word' id='word_1_636' title='bbox 1076 2355 1211 2392; x_wconf 21' lang='lat' dir='ltr'><strong>angelus,»</strong></span> <span class='ocrx_word' id='word_1_637' title='bbox 1228 2359 1252 2380; x_wconf 80' lang='lat' dir='ltr'><strong>et</strong></span> <span class='ocrx_word' id='word_1_638' title='bbox 1268 2355 1371 2392; x_wconf 27' lang='lat' dir='ltr'><strong>Aam‘ma</strong></span> <span class='ocrx_word' id='word_1_639' title='bbox 1404 2353 1514 2392; x_wconf 74' lang='lat' dir='ltr'><strong>rationis</strong></span> <span class='ocrx_word' id='word_1_640' title='bbox 1548 2360 1663 2392; x_wconf 71' lang='lat' dir='ltr'><strong>compos.</strong></span> <span class='ocrx_word' id='word_1_641' title='bbox 1693 2351 1859 2392; x_wconf 66' lang='lat' dir='ltr'><strong>Farnltatnm</strong></span> 
     </span>
    </p>
   </div>
   <div class='ocr_carea' id='block_1_92' title="bbox 229 2391 1022 2424">
    <p class='ocr_par' dir='ltr' id='par_1_92' title="bbox 229 2391 1022 2424">
     <span class='ocr_line' id='line_1_92' title="bbox 229 2391 1022 2424; baseline -0.004 -4"><span class='ocrx_word' id='word_1_642' title='bbox 229 2393 345 2420; x_wconf 75' lang='lat' dir='ltr'><strong>ineunda</strong></span> <span class='ocrx_word' id='word_1_643' title='bbox 363 2391 472 2418; x_wconf 83' lang='lat' dir='ltr'><strong>muliere</strong></span> <span class='ocrx_word' id='word_1_644' title='bbox 491 2391 660 2418; x_wconf 83' lang='lat' dir='ltr'><strong>abhorreant.</strong></span> <span class='ocrx_word' id='word_1_645' title='bbox 679 2391 719 2418; x_wconf 77' lang='lat' dir='ltr'><strong>An</strong></span> <span class='ocrx_word' id='word_1_646' title='bbox 738 2391 819 2424; x_wconf 77' lang='lat' dir='ltr'><strong>igitur</strong></span> <span class='ocrx_word' id='word_1_647' title='bbox 840 2391 914 2416; x_wconf 81' lang='lat' dir='ltr'><strong>hosre</strong></span> <span class='ocrx_word' id='word_1_648' title='bbox 936 2395 1022 2417; x_wconf 79' lang='lat' dir='ltr'><strong>castos</strong></span> 
     </span>
    </p>
   </div>
   <div class='ocr_carea' id='block_1_93' title="bbox 232 2424 1020 2463">
    <p class='ocr_par' dir='ltr' id='par_1_93' title="bbox 232 2424 1020 2463">
     <span class='ocr_line' id='line_1_93' title="bbox 232 2424 1020 2463; baseline -0.004 -9"><span class='ocrx_word' id='word_1_649' title='bbox 232 2427 438 2463; x_wconf 76' lang='lat' dir='ltr'><strong>appellabimus,</strong></span> <span class='ocrx_word' id='word_1_650' title='bbox 456 2430 502 2452; x_wconf 87' lang='lat' dir='ltr'><strong>aut</strong></span> <span class='ocrx_word' id='word_1_651' title='bbox 526 2427 634 2463; x_wconf 74' lang='lat' dir='ltr'><strong>prtemio</strong></span> <span class='ocrx_word' id='word_1_652' title='bbox 660 2426 820 2461; x_wconf 73' lang='lat' dir='ltr'><strong>aﬂiriemus?</strong></span> <span class='ocrx_word' id='word_1_653' title='bbox 837 2424 910 2452; x_wconf 85' lang='lat' dir='ltr'><strong>nullo</strong></span> <span class='ocrx_word' id='word_1_654' title='bbox 933 2428 1020 2463; x_wconf 81' lang='lat' dir='ltr'><strong>modo.</strong></span> 
     </span>
    </p>
   </div>
   <div class='ocr_carea' id='block_1_94' title="bbox 230 2461 1022 2495">
    <p class='ocr_par' dir='ltr' id='par_1_94' title="bbox 230 2461 1022 2495">
     <span class='ocr_line' id='line_1_94' title="bbox 230 2461 1022 2495; baseline -0.003 -7"><span class='ocrx_word' id='word_1_655' title='bbox 230 2461 367 2490; x_wconf 73' lang='lat' dir='ltr'><strong>Castitatis</strong></span> <span class='ocrx_word' id='word_1_656' title='bbox 398 2463 469 2489; x_wconf 72' lang='lat' dir='ltr'><strong>enim</strong></span> <span class='ocrx_word' id='word_1_657' title='bbox 496 2465 534 2488; x_wconf 82' lang='lat' dir='ltr'><strong>est</strong></span> <span class='ocrx_word' id='word_1_658' title='bbox 564 2462 697 2488; x_wconf 81' lang='lat' dir='ltr'><strong>continere</strong></span> <span class='ocrx_word' id='word_1_659' title='bbox 726 2469 792 2491; x_wconf 76' lang='lat' dir='ltr'><strong>sese,</strong></span> <span class='ocrx_word' id='word_1_660' title='bbox 822 2466 845 2487; x_wconf 80' lang='lat' dir='ltr'><strong>et</strong></span> <span class='ocrx_word' id='word_1_661' title='bbox 880 2461 1022 2495; x_wconf 79' lang='lat' dir='ltr'><strong>pugnando</strong></span> 
     </span>
    </p>
   </div>
   <div class='ocr_carea' id='block_1_95' title="bbox 231 2495 1021 2532">
    <p class='ocr_par' dir='ltr' id='par_1_95' title="bbox 231 2495 1021 2532">
     <span class='ocr_line' id='line_1_95' title="bbox 231 2495 1021 2532; baseline -0.004 -8"><span class='ocrx_word' id='word_1_662' title='bbox 231 2507 276 2532; x_wconf 69' lang='lat' dir='ltr'><strong>per</strong></span> <span class='ocrx_word' id='word_1_663' title='bbox 288 2498 390 2524; x_wconf 79' lang='lat' dir='ltr'><strong>laboras</strong></span> <span class='ocrx_word' id='word_1_664' title='bbox 404 2497 573 2531; x_wconf 77' lang='lat' dir='ltr'><strong>sudoresque,</strong></span> <span class='ocrx_word' id='word_1_665' title='bbox 592 2497 802 2531; x_wconf 78' lang='lat' dir='ltr'><strong>perturbationes</strong></span> <span class='ocrx_word' id='word_1_666' title='bbox 812 2500 835 2522; x_wconf 78' lang='lat' dir='ltr'><strong>et</strong></span> <span class='ocrx_word' id='word_1_667' title='bbox 849 2495 1021 2529; x_wconf 78' lang='lat' dir='ltr'><strong>cupiditatem</strong></span> 
     </span>
    </p>
   </div>
   <div class='ocr_carea' id='block_1_96' title="bbox 229 2534 357 2568">
    <p class='ocr_par' dir='ltr' id='par_1_96' title="bbox 229 2534 357 2568">
     <span class='ocr_line' id='line_1_96' title="bbox 229 2534 357 2568; baseline -0.008 -9"><span class='ocrx_word' id='word_1_668' title='bbox 229 2534 357 2568; x_wconf 65' lang='lat' dir='ltr'><strong>subigere.</strong></span> 
     </span>
    </p>
   </div>
   <div class='ocr_carea' id='block_1_97' title="bbox 269 2566 1017 2602">
    <p class='ocr_par' dir='ltr' id='par_1_97' title="bbox 269 2566 1017 2602">
     <span class='ocr_line' id='line_1_97' title="bbox 269 2566 1017 2602; baseline -0.003 -8"><span class='ocrx_word' id='word_1_669' title='bbox 269 2566 294 2581; x_wconf 64' lang='grc' dir='ltr'><em>’ί</em></span> <span class='ocrx_word' id='word_1_670' title='bbox 304 2568 450 2595; x_wconf 82' lang='lat' dir='ltr'><strong>Maximus.</strong></span> <span class='ocrx_word' id='word_1_671' title='bbox 468 2567 562 2602; x_wconf 84' lang='lat' dir='ltr'><strong>Imago</strong></span> <span class='ocrx_word' id='word_1_672' title='bbox 575 2568 673 2594; x_wconf 71' lang='lat' dir='ltr'><strong>terreni</strong></span> <span class='ocrx_word' id='word_1_673' title='bbox 686 2567 798 2594; x_wconf 80' lang='lat' dir='ltr'><strong>hominis</strong></span> <span class='ocrx_word' id='word_1_674' title='bbox 811 2567 943 2602; x_wconf 74' lang='lat' dir='ltr'><strong>pra‘ripua</strong></span> <span class='ocrx_word' id='word_1_675' title='bbox 954 2566 1017 2592; x_wconf 84' lang='lat' dir='ltr'><strong>vitia</strong></span> 
     </span>
    </p>
   </div>
   <div class='ocr_carea' id='block_1_98' title="bbox 230 2600 1022 2637">
    <p class='ocr_par' dir='ltr' id='par_1_98' title="bbox 230 2600 1022 2637">
     <span class='ocr_line' id='line_1_98' title="bbox 230 2600 1022 2637; baseline -0.004 -7"><span class='ocrx_word' id='word_1_676' title='bbox 230 2608 307 2635; x_wconf 83' lang='lat' dir='ltr'><strong>sunt,</strong></span> <span class='ocrx_word' id='word_1_677' title='bbox 336 2604 470 2635; x_wconf 65' lang='lat' dir='ltr'><strong>amentia,</strong></span> <span class='ocrx_word' id='word_1_678' title='bbox 501 2600 726 2637; x_wconf 73' lang='lat' dir='ltr'><strong>inlentperantia.</strong></span> <span class='ocrx_word' id='word_1_679' title='bbox 752 2600 895 2637; x_wconf 65' lang='lat' dir='ltr'><strong>injuslitia.</strong></span> <span class='ocrx_word' id='word_1_680' title='bbox 927 2600 1022 2635; x_wconf 78' lang='lat' dir='ltr'><strong>Imago</strong></span> 
     </span>
    </p>
   </div>
   <div class='ocr_carea' id='block_1_99' title="bbox 232 2637 1021 2671">
    <p class='ocr_par' dir='ltr' id='par_1_99' title="bbox 232 2637 1021 2671">
     <span class='ocr_line' id='line_1_99' title="bbox 232 2637 1021 2671; baseline -0.004 -6"><span class='ocrx_word' id='word_1_681' title='bbox 232 2643 319 2665; x_wconf 67' lang='lat' dir='ltr'><strong>autem</strong></span> <span class='ocrx_word' id='word_1_682' title='bbox 347 2638 456 2665; x_wconf 64' lang='lat' dir='ltr'><strong>caelestis</strong></span> <span class='ocrx_word' id='word_1_683' title='bbox 488 2638 638 2664; x_wconf 80' lang='lat' dir='ltr'><strong>cardinales</strong></span> <span class='ocrx_word' id='word_1_684' title='bbox 666 2639 786 2669; x_wconf 74' lang='lat' dir='ltr'><strong>virtutes,</strong></span> <span class='ocrx_word' id='word_1_685' title='bbox 813 2640 841 2662; x_wconf 89' lang='lat' dir='ltr'><strong>ut</strong></span> <span class='ocrx_word' id='word_1_686' title='bbox 870 2637 1021 2671; x_wconf 82' lang='lat' dir='ltr'><strong>prudentia,</strong></span> 
     </span>
    </p>
   </div>
   <div class='ocr_carea' id='block_1_100' title="bbox 231 2673 705 2709">
    <p class='ocr_par' dir='ltr' id='par_1_100' title="bbox 231 2673 705 2709">
     <span class='ocr_line' id='line_1_100' title="bbox 231 2673 705 2709; baseline -0.002 -9"><span class='ocrx_word' id='word_1_687' title='bbox 231 2673 368 2709; x_wconf 72' lang='lat' dir='ltr'><strong>fortitudo.</strong></span> <span class='ocrx_word' id='word_1_688' title='bbox 383 2674 501 2708; x_wconf 82' lang='lat' dir='ltr'><strong>justitia,</strong></span> <span class='ocrx_word' id='word_1_689' title='bbox 520 2675 705 2707; x_wconf 79' lang='lat' dir='ltr'><strong>temperantia.</strong></span> 
     </span>
    </p>
   </div>
   <div class='ocr_carea' id='block_1_101' title="bbox 222 2707 1024 2743">
    <p class='ocr_par' dir='ltr' id='par_1_101' title="bbox 222 2707 1024 2743">
     <span class='ocr_line' id='line_1_101' title="bbox 222 2707 1024 2743; baseline -0.004 -8"><span class='ocrx_word' id='word_1_690' title='bbox 222 2707 235 2717; x_wconf 59' lang='grc'>³</span> <span class='ocrx_word' id='word_1_691' title='bbox 269 2712 301 2720; x_wconf 87' lang='lat'>&quot;&#39;</span> <span class='ocrx_word' id='word_1_692' title='bbox 318 2707 479 2743; x_wconf 73' lang='lat' dir='ltr'><strong>Quintuplex</strong></span> <span class='ocrx_word' id='word_1_693' title='bbox 500 2713 537 2734; x_wconf 80' lang='lat' dir='ltr'><strong>est</strong></span> <span class='ocrx_word' id='word_1_694' title='bbox 561 2712 658 2734; x_wconf 84' lang='lat' dir='ltr'><strong>natura</strong></span> <span class='ocrx_word' id='word_1_695' title='bbox 681 2716 769 2734; x_wconf 79' lang='lat' dir='ltr'><strong>rerum</strong></span> <span class='ocrx_word' id='word_1_696' title='bbox 785 2707 950 2735; x_wconf 83' lang='lat' dir='ltr'><strong>conditarum</strong></span> <span class='ocrx_word' id='word_1_697' title='bbox 967 2714 1024 2732; x_wconf 89' lang='lat' dir='ltr'><strong>am—</strong></span> 
     </span>
    </p>
   </div>
   <div class='ocr_carea' id='block_1_102' title="bbox 231 2743 1021 2779">
    <p class='ocr_par' dir='ltr' id='par_1_102' title="bbox 231 2743 1021 2779">
     <span class='ocr_line' id='line_1_102' title="bbox 231 2743 1021 2779; baseline -0.003 -10"><span class='ocrx_word' id='word_1_698' title='bbox 231 2745 315 2771; x_wconf 76' lang='lat' dir='ltr'><strong>nium.</strong></span> <span class='ocrx_word' id='word_1_699' title='bbox 332 2744 497 2779; x_wconf 80' lang='lat' dir='ltr'><strong>Intelligens,</strong></span> <span class='ocrx_word' id='word_1_700' title='bbox 526 2747 554 2769; x_wconf 91' lang='lat' dir='ltr'><strong>ut</strong></span> <span class='ocrx_word' id='word_1_701' title='bbox 575 2743 741 2778; x_wconf 82' lang='lat' dir='ltr'><strong>angelorum.</strong></span> <span class='ocrx_word' id='word_1_702' title='bbox 761 2743 881 2779; x_wconf 67' lang='lat' dir='ltr'><strong>Rationis</strong></span> <span class='ocrx_word' id='word_1_703' title='bbox 902 2749 1021 2779; x_wconf 60' lang='lat' dir='ltr'><strong>pompas,</strong></span> 
     </span>
    </p>
   </div>
   <div class='ocr_carea' id='block_1_103' title="bbox 230 2776 1018 2808">
    <p class='ocr_par' dir='ltr' id='par_1_103' title="bbox 230 2776 1018 2808">
     <span class='ocr_line' id='line_1_103' title="bbox 230 2776 1018 2808; baseline -0.005 -3"><span class='ocrx_word' id='word_1_704' title='bbox 230 2784 259 2805; x_wconf 84' lang='lat' dir='ltr'><strong>ut</strong></span> <span class='ocrx_word' id='word_1_705' title='bbox 275 2776 572 2808; x_wconf 44' lang='lat' dir='ltr'><strong>hominum—Senticam</strong></span> <span class='ocrx_word' id='word_1_706' title='bbox 588 2776 618 2804; x_wconf 77' lang='lat' dir='ltr'><strong>ut</strong></span> <span class='ocrx_word' id='word_1_707' title='bbox 638 2779 791 2805; x_wconf 79' lang='lat' dir='ltr'><strong>bestiarum.</strong></span> <span class='ocrx_word' id='word_1_708' title='bbox 809 2777 865 2804; x_wconf 80' lang='lat' dir='ltr'><strong>Vim</strong></span> <span class='ocrx_word' id='word_1_709' title='bbox 879 2776 979 2806; x_wconf 81' lang='lat' dir='ltr'><strong>alendi,</strong></span> <span class='ocrx_word' id='word_1_710' title='bbox 994 2780 1018 2802; x_wconf 83' lang='grc' dir='ltr'><strong>ρι</strong></span> 
     </span>
    </p>
   </div>
   <div class='ocr_carea' id='block_1_104' title="bbox 230 2811 1017 2849">
    <p class='ocr_par' dir='ltr' id='par_1_104' title="bbox 230 2811 1017 2849">
     <span class='ocr_line' id='line_1_104' title="bbox 230 2811 1017 2849; baseline -0.004 -10"><span class='ocrx_word' id='word_1_711' title='bbox 230 2815 345 2849; x_wconf 78' lang='lat' dir='ltr'><strong>augendi</strong></span> <span class='ocrx_word' id='word_1_712' title='bbox 354 2814 462 2845; x_wconf 77' lang='lat' dir='ltr'><strong>habens,</strong></span> <span class='ocrx_word' id='word_1_713' title='bbox 476 2818 505 2840; x_wconf 80' lang='lat' dir='ltr'><strong>ut</strong></span> <span class='ocrx_word' id='word_1_714' title='bbox 517 2813 682 2848; x_wconf 84' lang='lat' dir='ltr'><strong>plantarum.</strong></span> <span class='ocrx_word' id='word_1_715' title='bbox 694 2813 830 2844; x_wconf 86' lang='lat' dir='ltr'><strong>Inanima,</strong></span> <span class='ocrx_word' id='word_1_716' title='bbox 844 2817 872 2838; x_wconf 88' lang='lat' dir='ltr'><strong>ut</strong></span> <span class='ocrx_word' id='word_1_717' title='bbox 886 2811 1017 2846; x_wconf 83' lang='lat' dir='ltr'><strong>lapidum:</strong></span> 
     </span>
    </p>
   </div>
   <div class='ocr_carea' id='block_1_105' title="bbox 232 2848 1017 2882">
    <p class='ocr_par' dir='ltr' id='par_1_105' title="bbox 232 2848 1017 2882">
     <span class='ocr_line' id='line_1_105' title="bbox 232 2848 1017 2882; baseline -0.004 -7"><span class='ocrx_word' id='word_1_718' title='bbox 232 2848 285 2875; x_wconf 67' lang='lat' dir='ltr'><strong>limi:</strong></span> <span class='ocrx_word' id='word_1_719' title='bbox 299 2850 388 2875; x_wconf 84' lang='lat' dir='ltr'><strong>omnia</strong></span> <span class='ocrx_word' id='word_1_720' title='bbox 406 2857 512 2876; x_wconf 85' lang='lat' dir='ltr'><strong>rursum</strong></span> <span class='ocrx_word' id='word_1_721' title='bbox 529 2853 574 2875; x_wconf 87' lang='lat' dir='ltr'><strong>aut</strong></span> <span class='ocrx_word' id='word_1_722' title='bbox 593 2857 652 2876; x_wconf 73' lang='lat' dir='ltr'><strong>cum</strong></span> <span class='ocrx_word' id='word_1_723' title='bbox 668 2849 780 2875; x_wconf 71' lang='lat' dir='ltr'><strong>materia</strong></span> <span class='ocrx_word' id='word_1_724' title='bbox 801 2848 954 2882; x_wconf 73' lang='lat' dir='ltr'><strong>conjuncta.</strong></span> <span class='ocrx_word' id='word_1_725' title='bbox 972 2851 1017 2872; x_wconf 87' lang='lat' dir='ltr'><strong>aut</strong></span> 
     </span>
    </p>
   </div>
   <div class='ocr_carea' id='block_1_106' title="bbox 233 2884 1017 2918">
    <p class='ocr_par' dir='ltr' id='par_1_106' title="bbox 233 2884 1017 2918">
     <span class='ocr_line' id='line_1_106' title="bbox 233 2884 1017 2918; baseline -0.003 -9"><span class='ocrx_word' id='word_1_726' title='bbox 233 2884 263 2909; x_wconf 83' lang='lat' dir='ltr'><strong>ab</strong></span> <span class='ocrx_word' id='word_1_727' title='bbox 288 2893 318 2910; x_wconf 77' lang='lat' dir='ltr'><strong>ta</strong></span> <span class='ocrx_word' id='word_1_728' title='bbox 342 2887 480 2918; x_wconf 66' lang='lat' dir='ltr'><strong>segregata</strong></span> <span class='ocrx_word' id='word_1_729' title='bbox 497 2888 567 2910; x_wconf 80' lang='lat' dir='ltr'><strong>sunt.</strong></span> <span class='ocrx_word' id='word_1_730' title='bbox 591 2884 692 2910; x_wconf 81' lang='lat' dir='ltr'><strong>Prioris</strong></span> <span class='ocrx_word' id='word_1_731' title='bbox 714 2884 816 2918; x_wconf 74' lang='lat' dir='ltr'><strong>generis</strong></span> <span class='ocrx_word' id='word_1_732' title='bbox 840 2886 912 2918; x_wconf 68' lang='lat' dir='ltr'><strong>sunt,</strong></span> <span class='ocrx_word' id='word_1_733' title='bbox 936 2887 1017 2918; x_wconf 60' lang='lat' dir='ltr'><strong>terra,</strong></span> 
     </span>
    </p>
   </div>
   <div class='ocr_carea' id='block_1_107' title="bbox 234 2917 1019 2954">
    <p class='ocr_par' dir='ltr' id='par_1_107' title="bbox 234 2917 1019 2954">
     <span class='ocr_line' id='line_1_107' title="bbox 234 2917 1019 2954; baseline -0.004 -9"><span class='ocrx_word' id='word_1_734' title='bbox 234 2927 290 2949; x_wconf 71' lang='lat' dir='ltr'><strong>aer,</strong></span> <span class='ocrx_word' id='word_1_735' title='bbox 315 2919 393 2954; x_wconf 79' lang='lat' dir='ltr'><strong>ignis,</strong></span> <span class='ocrx_word' id='word_1_736' title='bbox 419 2917 500 2953; x_wconf 78' lang='lat' dir='ltr'><strong>aqua,</strong></span> <span class='ocrx_word' id='word_1_737' title='bbox 533 2922 556 2945; x_wconf 81' lang='lat' dir='ltr'><strong>ct</strong></span> <span class='ocrx_word' id='word_1_738' title='bbox 581 2927 612 2945; x_wconf 73' lang='lat' dir='ltr'><strong>ea:</strong></span> <span class='ocrx_word' id='word_1_739' title='bbox 639 2919 676 2945; x_wconf 82' lang='lat' dir='ltr'><strong>his</strong></span> <span class='ocrx_word' id='word_1_740' title='bbox 704 2917 834 2945; x_wconf 68' lang='lat' dir='ltr'><strong>(ain-rcta.</strong></span> <span class='ocrx_word' id='word_1_741' title='bbox 866 2917 1019 2944; x_wconf 75' lang='lat' dir='ltr'><strong>Posterioris</strong></span> 
     </span>
    </p>
   </div>
   <div class='ocr_carea' id='block_1_108' title="bbox 1075 2385 1859 2425">
    <p class='ocr_par' dir='ltr' id='par_1_108' title="bbox 1075 2385 1859 2425">
     <span class='ocr_line' id='line_1_108' title="bbox 1075 2385 1859 2425; baseline -0.006 -8"><span class='ocrx_word' id='word_1_742' title='bbox 1075 2385 1154 2425; x_wconf 69' lang='lat' dir='ltr'><strong>porro</strong></span> <span class='ocrx_word' id='word_1_743' title='bbox 1177 2390 1211 2416; x_wconf 88' lang='lat' dir='ltr'><strong>ad</strong></span> <span class='ocrx_word' id='word_1_744' title='bbox 1227 2389 1346 2416; x_wconf 85' lang='lat' dir='ltr'><strong>animam</strong></span> <span class='ocrx_word' id='word_1_745' title='bbox 1363 2389 1550 2425; x_wconf 82' lang='lat' dir='ltr'><strong>pertinentium</strong></span> <span class='ocrx_word' id='word_1_746' title='bbox 1571 2385 1680 2425; x_wconf 54' lang='lat' dir='ltr'><strong>aliaest</strong></span> <span class='ocrx_word' id='word_1_747' title='bbox 1699 2385 1859 2425; x_wconf 64' lang='lat' dir='ltr'><strong>nutritionis,</strong></span> 
     </span>
    </p>
   </div>
   <div class='ocr_carea' id='block_1_109' title="bbox 1075 2421 1859 2458">
    <p class='ocr_par' dir='ltr' id='par_1_109' title="bbox 1075 2421 1859 2458">
     <span class='ocr_line' id='line_1_109' title="bbox 1075 2421 1859 2458; baseline -0.008 -6"><span class='ocrx_word' id='word_1_748' title='bbox 1075 2421 1130 2452; x_wconf 78' lang='lat' dir='ltr'><strong>alia</strong></span> <span class='ocrx_word' id='word_1_749' title='bbox 1146 2425 1313 2455; x_wconf 80' lang='lat' dir='ltr'><strong>acrretionis,</strong></span> <span class='ocrx_word' id='word_1_750' title='bbox 1331 2421 1367 2450; x_wconf 77' lang='grc' dir='ltr'><strong>ιη’</strong></span> <span class='ocrx_word' id='word_1_751' title='bbox 1385 2425 1412 2450; x_wconf 85' lang='lat' dir='ltr'><strong>in</strong></span> <span class='ocrx_word' id='word_1_752' title='bbox 1431 2424 1555 2458; x_wconf 73' lang='lat' dir='ltr'><strong>stirpibus</strong></span> <span class='ocrx_word' id='word_1_753' title='bbox 1572 2421 1699 2448; x_wconf 78' lang='lat' dir='ltr'><strong>videlicet.</strong></span> <span class='ocrx_word' id='word_1_754' title='bbox 1718 2421 1779 2447; x_wconf 79' lang='lat' dir='ltr'><strong>Alia</strong></span> <span class='ocrx_word' id='word_1_755' title='bbox 1793 2422 1859 2458; x_wconf 82' lang='lat' dir='ltr'><strong>inm-</strong></span> 
     </span>
    </p>
   </div>
   <div class='ocr_carea' id='block_1_110' title="bbox 1075 2457 1859 2496">
    <p class='ocr_par' dir='ltr' id='par_1_110' title="bbox 1075 2457 1859 2496">
     <span class='ocr_line' id='line_1_110' title="bbox 1075 2457 1859 2496; baseline -0.008 -9"><span class='ocrx_word' id='word_1_756' title='bbox 1075 2461 1193 2496; x_wconf 74' lang='lat' dir='ltr'><strong>ginatrix</strong></span> <span class='ocrx_word' id='word_1_757' title='bbox 1216 2464 1241 2486; x_wconf 73' lang='lat' dir='ltr'><strong>at</strong></span> <span class='ocrx_word' id='word_1_758' title='bbox 1265 2463 1408 2496; x_wconf 73' lang='lat' dir='ltr'><strong>appetens,</strong></span> <span class='ocrx_word' id='word_1_759' title='bbox 1436 2463 1482 2496; x_wconf 16' lang='lat' dir='ltr'><strong>ut‘</strong></span> <span class='ocrx_word' id='word_1_760' title='bbox 1502 2459 1534 2496; x_wconf 23' lang='lat' dir='ltr'><strong>in»</strong></span> <span class='ocrx_word' id='word_1_761' title='bbox 1557 2457 1641 2484; x_wconf 81' lang='lat' dir='ltr'><strong>brutis</strong></span> <span class='ocrx_word' id='word_1_762' title='bbox 1657 2457 1859 2496; x_wconf 70' lang='lat' dir='ltr'><strong>_anintantibus.</strong></span> 
     </span>
    </p>
   </div>
   <div class='ocr_carea' id='block_1_111' title="bbox 1075 2491 1859 2528">
    <p class='ocr_par' dir='ltr' id='par_1_111' title="bbox 1075 2491 1859 2528">
     <span class='ocr_line' id='line_1_111' title="bbox 1075 2491 1859 2528; baseline -0.008 -5"><span class='ocrx_word' id='word_1_763' title='bbox 1075 2491 1136 2523; x_wconf 48' lang='lat' dir='ltr'><strong>Filia</strong></span> <span class='ocrx_word' id='word_1_764' title='bbox 1160 2491 1357 2525; x_wconf 73' lang='lat' dir='ltr'><strong>ratiocinatrix,</strong></span> <span class='ocrx_word' id='word_1_765' title='bbox 1380 2499 1404 2520; x_wconf 77' lang='lat' dir='ltr'><strong>et</strong></span> <span class='ocrx_word' id='word_1_766' title='bbox 1426 2494 1579 2528; x_wconf 84' lang='lat' dir='ltr'><strong>cagitativa,</strong></span> <span class='ocrx_word' id='word_1_767' title='bbox 1603 2498 1631 2518; x_wconf 90' lang='lat' dir='ltr'><strong>ut</strong></span> <span class='ocrx_word' id='word_1_768' title='bbox 1654 2493 1680 2519; x_wconf 88' lang='lat' dir='ltr'><strong>in</strong></span> <span class='ocrx_word' id='word_1_769' title='bbox 1703 2491 1859 2518; x_wconf 83' lang='lat' dir='ltr'><strong>hominibus.</strong></span> 
     </span>
    </p>
   </div>
   <div class='ocr_carea' id='block_1_112' title="bbox 1077 2529 1859 2566">
    <p class='ocr_par' dir='ltr' id='par_1_112' title="bbox 1077 2529 1859 2566">
     <span class='ocr_line' id='line_1_112' title="bbox 1077 2529 1859 2566; baseline -0.006 -10"><span class='ocrx_word' id='word_1_770' title='bbox 1077 2530 1111 2557; x_wconf 82' lang='lat' dir='ltr'><strong>Et</strong></span> <span class='ocrx_word' id='word_1_771' title='bbox 1133 2531 1237 2566; x_wconf 78' lang='lat' dir='ltr'><strong>quidem</strong></span> <span class='ocrx_word' id='word_1_772' title='bbox 1259 2529 1399 2565; x_wconf 80' lang='lat' dir='ltr'><strong>facultates</strong></span> <span class='ocrx_word' id='word_1_773' title='bbox 1419 2529 1725 2566; x_wconf 57' lang='lat' dir='ltr'><strong>superiorumgenerum</strong></span> <span class='ocrx_word' id='word_1_774' title='bbox 1742 2531 1859 2566; x_wconf 70' lang='lat' dir='ltr'><strong>percutit,</strong></span> 
     </span>
    </p>
   </div>
   <div class='ocr_carea' id='block_1_113' title="bbox 1073 2563 1859 2600">
    <p class='ocr_par' dir='ltr' id='par_1_113' title="bbox 1073 2563 1859 2600">
     <span class='ocr_line' id='line_1_113' title="bbox 1073 2563 1859 2600; baseline -0.009 -7"><span class='ocrx_word' id='word_1_775' title='bbox 1073 2563 1144 2593; x_wconf 69' lang='lat' dir='ltr'><strong>tertii</strong></span> <span class='ocrx_word' id='word_1_776' title='bbox 1163 2563 1264 2600; x_wconf 68' lang='lat' dir='ltr'><strong>generis</strong></span> <span class='ocrx_word' id='word_1_777' title='bbox 1285 2569 1322 2592; x_wconf 83' lang='lat' dir='ltr'><strong>est</strong></span> <span class='ocrx_word' id='word_1_778' title='bbox 1346 2565 1518 2598; x_wconf 73' lang='lat' dir='ltr'><strong>sempiterna.</strong></span> <span class='ocrx_word' id='word_1_779' title='bbox 1538 2563 1631 2597; x_wconf 72' lang='lat' dir='ltr'><strong>Opifra;</strong></span> <span class='ocrx_word' id='word_1_780' title='bbox 1657 2567 1745 2588; x_wconf 74' lang='lat' dir='ltr'><strong>autem</strong></span> <span class='ocrx_word' id='word_1_781' title='bbox 1760 2563 1859 2600; x_wconf 31' lang='lat' dir='ltr'><strong>‘horum</strong></span> 
     </span>
    </p>
   </div>
   <div class='ocr_carea' id='block_1_114' title="bbox 1073 2597 1861 2631">
    <p class='ocr_par' dir='ltr' id='par_1_114' title="bbox 1073 2597 1861 2631">
     <span class='ocr_line' id='line_1_114' title="bbox 1073 2597 1861 2631; baseline -0.008 -3"><span class='ocrx_word' id='word_1_782' title='bbox 1073 2597 1253 2628; x_wconf 62' lang='lat' dir='ltr'><strong>universorum</strong></span> <span class='ocrx_word' id='word_1_783' title='bbox 1294 2600 1364 2626; x_wconf 75' lang='lat' dir='ltr'><strong>Dens</strong></span> <span class='ocrx_word' id='word_1_784' title='bbox 1390 2597 1515 2625; x_wconf 77' lang='lat' dir='ltr'><strong>naturam</strong></span> <span class='ocrx_word' id='word_1_785' title='bbox 1542 2605 1645 2624; x_wconf 86' lang='lat' dir='ltr'><strong>omnem</strong></span> <span class='ocrx_word' id='word_1_786' title='bbox 1669 2597 1861 2631; x_wconf 77' lang='lat' dir='ltr'><strong>essentiamquc</strong></span> 
     </span>
    </p>
   </div>
   <div class='ocr_carea' id='block_1_115' title="bbox 1072 2638 1181 2663">
    <p class='ocr_par' dir='ltr' id='par_1_115' title="bbox 1072 2638 1181 2663">
     <span class='ocr_line' id='line_1_115' title="bbox 1072 2638 1181 2663; baseline -0.009 0"><span class='ocrx_word' id='word_1_787' title='bbox 1072 2638 1181 2663; x_wconf 66' lang='lat' dir='ltr'><strong>excedit.</strong></span> 
     </span>
    </p>
   </div>
   <div class='ocr_carea' id='block_1_116' title="bbox 1107 2666 1861 2700">
    <p class='ocr_par' dir='ltr' id='par_1_116' title="bbox 1107 2666 1861 2700">
     <span class='ocr_line' id='line_1_116' title="bbox 1107 2666 1861 2700; baseline -0.011 -1"><span class='ocrx_word' id='word_1_788' title='bbox 1107 2673 1150 2682; x_wconf 83' lang='lat'><strong>&quot;“</strong></span> <span class='ocrx_word' id='word_1_789' title='bbox 1163 2671 1366 2698; x_wconf 87' lang='lat' dir='ltr'><strong>Theodorctus.</strong></span> <span class='ocrx_word' id='word_1_790' title='bbox 1389 2669 1474 2696; x_wconf 74' lang='lat' dir='ltr'><strong>Habet</strong></span> <span class='ocrx_word' id='word_1_791' title='bbox 1492 2669 1561 2695; x_wconf 85' lang='lat' dir='ltr'><strong>enim</strong></span> <span class='ocrx_word' id='word_1_792' title='bbox 1575 2669 1633 2699; x_wconf 78' lang='lat' dir='ltr'><strong>ipsa</strong></span> <span class='ocrx_word' id='word_1_793' title='bbox 1647 2666 1760 2700; x_wconf 87' lang='lat' dir='ltr'><strong>(anima)</strong></span> <span class='ocrx_word' id='word_1_794' title='bbox 1780 2666 1861 2692; x_wconf 87' lang='lat' dir='ltr'><strong>ratio—</strong></span> 
     </span>
    </p>
   </div>
   <div class='ocr_carea' id='block_1_117' title="bbox 1073 2701 1862 2740">
    <p class='ocr_par' dir='ltr' id='par_1_117' title="bbox 1073 2701 1862 2740">
     <span class='ocr_line' id='line_1_117' title="bbox 1073 2701 1862 2740; baseline -0.01 -6"><span class='ocrx_word' id='word_1_795' title='bbox 1073 2715 1131 2734; x_wconf 87' lang='lat' dir='ltr'><strong>nem</strong></span> <span class='ocrx_word' id='word_1_796' title='bbox 1141 2713 1164 2733; x_wconf 87' lang='lat' dir='ltr'><strong>et</strong></span> <span class='ocrx_word' id='word_1_797' title='bbox 1175 2706 1283 2733; x_wconf 82' lang='lat' dir='ltr'><strong>liberant</strong></span> <span class='ocrx_word' id='word_1_798' title='bbox 1295 2706 1508 2740; x_wconf 69' lang='lat' dir='ltr'><strong>suipolestatem.</strong></span> <span class='ocrx_word' id='word_1_799' title='bbox 1521 2703 1554 2740; x_wconf 78' lang='lat' dir='ltr'><strong>Et</strong></span> <span class='ocrx_word' id='word_1_800' title='bbox 1563 2706 1671 2740; x_wconf 76' lang='lat' dir='ltr'><strong>generat</strong></span> <span class='ocrx_word' id='word_1_801' title='bbox 1681 2701 1784 2736; x_wconf 79' lang='lat' dir='ltr'><strong>quidem</strong></span> <span class='ocrx_word' id='word_1_802' title='bbox 1791 2707 1862 2727; x_wconf 77' lang='lat' dir='ltr'><strong>mem</strong></span> 
     </span>
    </p>
   </div>
   <div class='ocr_carea' id='block_1_118' title="bbox 1072 2738 1862 2775">
    <p class='ocr_par' dir='ltr' id='par_1_118' title="bbox 1072 2738 1862 2775">
     <span class='ocr_line' id='line_1_118' title="bbox 1072 2738 1862 2775; baseline -0.009 -7"><span class='ocrx_word' id='word_1_803' title='bbox 1072 2744 1214 2770; x_wconf 72' lang='lat' dir='ltr'><strong>rationem.</strong></span> <span class='ocrx_word' id='word_1_804' title='bbox 1227 2750 1285 2768; x_wconf 82' lang='lat' dir='ltr'><strong>cum</strong></span> <span class='ocrx_word' id='word_1_805' title='bbox 1295 2738 1348 2775; x_wconf 82' lang='lat' dir='ltr'><strong>qua</strong></span> <span class='ocrx_word' id='word_1_806' title='bbox 1359 2740 1475 2774; x_wconf 80' lang='lat' dir='ltr'><strong>procedit</strong></span> <span class='ocrx_word' id='word_1_807' title='bbox 1487 2739 1607 2775; x_wconf 80' lang='lat' dir='ltr'><strong>spiritus,</strong></span> <span class='ocrx_word' id='word_1_808' title='bbox 1621 2738 1666 2772; x_wconf 85' lang='lat' dir='ltr'><strong>qui</strong></span> <span class='ocrx_word' id='word_1_809' title='bbox 1687 2744 1739 2762; x_wconf 85' lang='lat' dir='ltr'><strong>non</strong></span> <span class='ocrx_word' id='word_1_810' title='bbox 1750 2743 1862 2770; x_wconf 60' lang='lat' dir='ltr'><strong>genera-</strong></span> 
     </span>
    </p>
   </div>
   <div class='ocr_carea' id='block_1_119' title="bbox 1073 2774 1864 2809">
    <p class='ocr_par' dir='ltr' id='par_1_119' title="bbox 1073 2774 1864 2809">
     <span class='ocr_line' id='line_1_119' title="bbox 1073 2774 1864 2809; baseline -0.009 -6"><span class='ocrx_word' id='word_1_811' title='bbox 1073 2781 1126 2805; x_wconf 84' lang='lat' dir='ltr'><strong>tur.</strong></span> <span class='ocrx_word' id='word_1_812' title='bbox 1139 2781 1168 2803; x_wconf 85' lang='lat' dir='ltr'><strong>ut</strong></span> <span class='ocrx_word' id='word_1_813' title='bbox 1178 2778 1264 2808; x_wconf 89' lang='lat' dir='ltr'><strong>ratio;</strong></span> <span class='ocrx_word' id='word_1_814' title='bbox 1280 2778 1325 2802; x_wconf 86' lang='lat' dir='ltr'><strong>sed</strong></span> <span class='ocrx_word' id='word_1_815' title='bbox 1335 2782 1394 2801; x_wconf 88' lang='lat' dir='ltr'><strong>eam</strong></span> <span class='ocrx_word' id='word_1_816' title='bbox 1406 2782 1508 2809; x_wconf 74' lang='lat' dir='ltr'><strong>semper</strong></span> <span class='ocrx_word' id='word_1_817' title='bbox 1521 2774 1674 2802; x_wconf 85' lang='lat' dir='ltr'><strong>comitatur,</strong></span> <span class='ocrx_word' id='word_1_818' title='bbox 1686 2775 1712 2809; x_wconf 55' lang='lat' dir='ltr'><strong>et</strong></span> <span class='ocrx_word' id='word_1_819' title='bbox 1737 2779 1806 2809; x_wconf 49' lang='lat' dir='ltr'><strong>cum</strong></span> <span class='ocrx_word' id='word_1_820' title='bbox 1819 2777 1864 2809; x_wconf 61' lang='lat' dir='ltr'><strong>ge-</strong></span> 
     </span>
    </p>
   </div>
   <div class='ocr_carea' id='block_1_120' title="bbox 1074 2805 1863 2847">
    <p class='ocr_par' dir='ltr' id='par_1_120' title="bbox 1074 2805 1863 2847">
     <span class='ocr_line' id='line_1_120' title="bbox 1074 2805 1863 2847; baseline -0.011 -8"><span class='ocrx_word' id='word_1_821' title='bbox 1074 2817 1166 2839; x_wconf 81' lang='lat' dir='ltr'><strong>nerata</strong></span> <span class='ocrx_word' id='word_1_822' title='bbox 1183 2805 1309 2847; x_wconf 74' lang='lat' dir='ltr'><strong>procedit.</strong></span> <span class='ocrx_word' id='word_1_823' title='bbox 1326 2809 1413 2842; x_wconf 82' lang='lat' dir='ltr'><strong>Quam</strong></span> <span class='ocrx_word' id='word_1_824' title='bbox 1433 2805 1583 2836; x_wconf 60' lang='lat' dir='ltr'><strong>ob&#39;causum</strong></span> <span class='ocrx_word' id='word_1_825' title='bbox 1595 2812 1618 2834; x_wconf 87' lang='lat' dir='ltr'><strong>et</strong></span> <span class='ocrx_word' id='word_1_826' title='bbox 1638 2807 1706 2833; x_wconf 82' lang='lat' dir='ltr'><strong>ratio</strong></span> <span class='ocrx_word' id='word_1_827' title='bbox 1734 2805 1863 2838; x_wconf 77' lang='lat' dir='ltr'><strong>subsistit,</strong></span> 
     </span>
    </p>
   </div>
   <div class='ocr_carea' id='block_1_121' title="bbox 1073 2848 1221 2882">
    <p class='ocr_par' dir='ltr' id='par_1_121' title="bbox 1073 2848 1221 2882">
     <span class='ocr_line' id='line_1_121' title="bbox 1073 2848 1221 2882; baseline -0.007 -8"><span class='ocrx_word' id='word_1_828' title='bbox 1073 2852 1097 2874; x_wconf 70' lang='lat' dir='ltr'><strong>at</strong></span> <span class='ocrx_word' id='word_1_829' title='bbox 1105 2848 1221 2882; x_wconf 80' lang='lat' dir='ltr'><strong>spiritus.</strong></span> 
     </span>
    </p>
   </div>
   <div class='ocr_carea' id='block_1_122' title="bbox 1109 2878 1863 2915">
    <p class='ocr_par' dir='ltr' id='par_1_122' title="bbox 1109 2878 1863 2915">
     <span class='ocr_line' id='line_1_122' title="bbox 1109 2878 1863 2915; baseline -0.011 -7"><span class='ocrx_word' id='word_1_830' title='bbox 1180 2882 1247 2908; x_wconf 73' lang='lat' dir='ltr'><strong>Deus</strong></span> <span class='ocrx_word' id='word_1_831' title='bbox 1271 2881 1482 2915; x_wconf 67' lang='lat' dir='ltr'><strong>compositionem</strong></span> <span class='ocrx_word' id='word_1_832' title='bbox 1508 2887 1558 2915; x_wconf 82' lang='lat' dir='ltr'><strong>non</strong></span> <span class='ocrx_word' id='word_1_833' title='bbox 1585 2878 1712 2915; x_wconf 76' lang='lat' dir='ltr'><strong>admittit,</strong></span> <span class='ocrx_word' id='word_1_834' title='bbox 1735 2882 1863 2915; x_wconf 74' lang='lat' dir='ltr'><strong>omneque</strong></span> 
     </span>
    </p>
   </div>
   <div class='ocr_carea' id='block_1_123' title="bbox 1077 2913 1860 2952">
    <p class='ocr_par' dir='ltr' id='par_1_123' title="bbox 1077 2913 1860 2952">
     <span class='ocr_line' id='line_1_123' title="bbox 1077 2913 1860 2952; baseline -0.013 -7"><span class='ocrx_word' id='word_1_835' title='bbox 1077 2913 1416 2952; x_wconf 45' lang='lat' dir='ltr'><strong>quodimmaterialc&#39;cst,et</strong></span> <span class='ocrx_word' id='word_1_836' title='bbox 1426 2922 1528 2942; x_wconf 70' lang='lat' dir='ltr'><strong>omnem</strong></span> <span class='ocrx_word' id='word_1_837' title='bbox 1537 2913 1732 2947; x_wconf 81' lang='lat' dir='ltr'><strong>simplicitatem</strong></span> <span class='ocrx_word' id='word_1_838' title='bbox 1743 2913 1860 2944; x_wconf 72' lang='lat' dir='ltr'><strong>supcrat.</strong></span> 
     </span>
    </p>
   </div>
  </div>
