2032 3156
161 191 213 224 857

879 197 1043 229 DlOPTllA
1050 223 1057 229 .

1733 205 1786 238 858

196 247 654 295 litantemetbnedicamus.illud,
670 253 948 289 «secundumimagi-
963 255 988 283 Α
1003 255 1081 286 mihi,
1114 257 1251 291 quomodo
1273 257 1374 289 anima,
1403 266 1465 287 cum
1501 260 1537 287 sit
1566 262 1679 295 gemina
1699 262 1790 292 beatis

162 299 233 323 nem,
251 303 260 318 ι
276 293 302 320 id
314 298 365 323 est,
376 295 476 324 anima,
489 303 566 323 mens
577 303 604 324 et
617 298 698 327 ratio.
711 307 882 335 consequens
892 306 944 332 est.

162 343 191 364 ut
205 338 396 372 inscparabilia
427 340 498 373 sint;
528 349 589 368 nam
614 343 713 378 imago,
729 350 756 372 et
782 351 947 382 prototypott

161 385 257 411 eodem
272 384 329 411 fere
345 386 427 412 modo
443 394 471 412 se
487 387 598 416 habent.
610 389 687 422 Quod
704 390 726 418 si
740 391 812 418 'nihil
841 392 946 419 discre-

162 431 280 465 pucriul,
295 440 336 462 est
352 434 500 464 identitas:
515 445 604 471 neque
617 438 753 473 ejusmodi
782 445 827 465 res
848 438 947 471 imago,

162 486 211 505 nec
230 480 408 508 simulacrum
431 484 550 509 vocanda
579 490 632 511 est.
651 484 717 511 lllud
744 484 817 511 enim
840 485 943 511 increa-

161 528 230 556 tum,
249 525 338 560 imago
369 531 460 554 creata
488 532 539 555 est.
555 528 590 555 Et
617 529 669 556 hoc
681 535 723 557 est
747 530 892 561 rationale,
905 538 948 557 re-

160 578 243 605 gnum
268 572 366 599 anima:
382 578 409 600 et
428 581 499 608 pars.
512 578 539 601 et
556 575 656 602 mentis
671 575 782 610 quidam
799 580 905 610 partus,
920 581 949 603 et

160 614 284 642 divinum
306 618 553 652 propugnaculum,
573 623 601 646 et
626 619 724 647 animae
754 620 902 655 peculium,
921 623 949 647 et

162 662 244 689 simul
261 671 358 697 prosus
378 672 440 690 cum
460 672 491 692 ea
513 669 617 692 natum.
633 665 671 693 lta
689 673 784 700 porro,
799 669 827 693 et
839 665 949 700 cupidi-

160 712 201 734 tas
213 708 247 734 ab
262 709 352 735 anima
363 710 442 737 bruta
455 711 579 738 admistre
601 716 665 738 sunt
680 711 779 738 animus
810 711 949 743 humanae,

158 758 187 780 et
203 761 266 780 cum
280 755 377 782 eadem
392 757 469 790 quasi
483 757 509 784 in
522 765 576 784 una
603 758 722 785 statione
746 757 898 788 collocatas,
920 761 950 784 ut

159 807 213 826 una
225 807 311 834 usque
327 801 359 828 ad
371 806 523 828 extremum
550 802 709 830 cohabitent
732 807 815 837 atque
840 809 950 836 perma-

159 852 251 874 neant.
263 847 339 880 Quod
348 849 457 883 quidem
466 849 575 883 quando
585 854 730 877 venturum
739 850 774 877 sit
782 849 832 877 soli
839 850 895 877 Deo
902 856 950 877 co-

158 893 263 927 gnitum
273 899 324 922 est.
336 895 369 922 Et
377 895 440 930 quia
455 896 533 923 simul
545 896 718 928 exstiterunt,
735 900 832 931 partes
839 895 950 931 quidem

158 944 223 966 sunt
233 939 341 972 animae,
352 945 502 968 nontamen
514 942 739 976 naturaliteripsa
749 942 851 972 anima,
866 941 952 976 siqui-

157 984 219 1011 dem
228 985 319 1011 anima
326 993 379 1012 non
389 991 430 1013 est
441 986 492 1018 ira,
501 991 529 1014 et
539 987 687 1022 cupiditas,
695 988 766 1015 sicut
782 988 862 1019 ratio,
875 995 951 1015 mens

156 1034 185 1056 et
195 1030 311 1065 spiritus
320 1035 433 1066 cognata
450 1033 629 1067 ejusdemque
641 1033 749 1068 generis
766 1036 842 1060 sunt.
858 1033 951 1068 Neque

156 1082 224 1102 vero
240 1075 292 1103 ista
301 1075 357 1103 duo
365 1077 399 1103 ab
408 1077 497 1104 anima
508 1077 603 1105 abesse
616 1083 758 1112 nequeunt
771 1087 778 1104 :
797 1083 840 1106 est
864 1078 950 1110 enim,

156 1127 220 1148 eum
235 1121 274 1148 illi
291 1123 401 1155 adsunt,
409 1127 452 1150 est
464 1130 526 1150 cum
543 1130 597 1150 non
610 1124 720 1150 adsunt.
731 1123 839 1158 Quippe
862 1124 950 1150 donec

159 1166 254 1192 anima
265 1166 292 1192 in
308 1174 423 1200 corpore
439 1167 601 1201 perstiterit.
616 1167 674 1194 haec
699 1174 809 1201 quoque
826 1171 857 1193 ut
872 1166 947 1194 inse-

156 1211 292 1245 parabilis
313 1212 438 1246 quaedam
454 1213 660 1247 propugnacula
684 1213 710 1240 ei
741 1212 947 1245 adhmrescunt,

158 1264 213 1291 per
226 1265 286 1291 quas
297 1257 474 1290 adversariis,
488 1259 713 1293 oppugnantibus
726 1259 840 1289 resistit.
853 1248 882 1286 et
895 1258 947 1286 ad-

156 1308 267 1328 versum
278 1309 326 1328 eos
338 1302 381 1329 his
405 1302 518 1337 indiget,
543 1303 616 1330 sicut
636 1311 718 1331 carne
730 1303 763 1330 ad
794 1303 950 1338 operimen-

157 1350 215 1372 tum
231 1351 259 1373 et
275 1351 462 1380 tegumentum
473 1355 543 1381 oplts
557 1348 649 1380 habet,
666 1348 823 1382 quandiu'in
838 1349 948 1376 hacvita

158 1397 298 1419 versatur.
322 1392 373 1420 Ubi
384 1400 399 1420 e
415 1400 530 1427 corpore
541 1394 592 1420 isto
606 1394 778 1425 discesserit,
793 1395 826 1421 iis
847 1394 881 1421 de
897 1402 949 1421 cte-

156 1444 217 1466 tero
234 1445 288 1465 non
305 1438 456 1472 indigebit;
469 1438 540 1465 sicut
549 1446 599 1466 nec
611 1446 712 1473 corpus
727 1440 852 1466 exanime
869 1445 948 1474 tegu-

155 1483 257 1511 mentis
265 1487 336 1518 eget.
352 1483 417 1510 Nam
433 1491 496 1510 cum
511 1484 618 1511 tandem
640 1484 738 1519 judieii
751 1485 824 1512 illius
841 1489 947 1520 tempus

155 1530 257 1562 aderit,
271 1531 331 1557 dum
347 1534 439 1564 partes
463 1530 522 1557 istte
545 1530 718 1558 aulerentur.
744 1531 831 1558 Causa
863 1532 946 1567 hujus

1001 301 1056 328 illis
1071 302 1210 329 mentibus
1228 304 1316 336 (vacat
1329 304 1401 330 enim
1419 305 1493 331 omni
1522 307 1696 334 cuncrctione
1721 316 1784 335 cor-

999 348 1105 382 porca),
1127 352 1215 374 tamen
1230 349 1299 375 adeo
1317 350 1399 377 rebus
1419 350 1546 378 inanibus
1561 359 1621 386 qua:
1634 360 1714 380 sensu
1731 360 1789 388 pcr-

999 393 1150 427 cipiuntur,
1181 393 1345 428 implicetur,
1380 396 1486 423 illarum
1517 397 1639 431 appetitu
1671 398 1787 432 ferveat,

999 437 1052 465 illis
1069 438 1159 466 dedita
1179 443 1206 465 et
1222 439 1298 466 allisa
1313 441 1358 472 sit,
1378 446 1405 468 et
1429 441 1463 468 ah
1481 441 1540 468 istis
1563 442 1740 470 inferioribus
1752 451 1782 470 se

1003 485 1088 519 abripi
1128 485 1255 520 patiatur.
1285 485 1344 513 Non
1372 487 1445 513 enim
1476 487 1619 521 oportebat
1640 489 1783 515 amatoria

999 531 1112 558 liberam
1129 531 1279 566 quidquam
1296 539 1359 559 eum
1384 532 1417 559 iis
1434 533 1535 561 habere
1550 541 1707 566 commune,
1732 542 1787 568 quo

1000 577 1113 602 materia
1148 576 1342 608 continentur;
1381 585 1432 605 nec
1463 579 1635 613 corruptioni
1668 579 1787 605 obnoxia

1001 621 1164 652 consectari,
1187 621 1311 655 adeoque
1336 623 1691 658 col-rumpiacorruptioue
1721 624 1789 651 alie-

1000 675 1062 694 nam
1077 671 1105 693 et
1118 667 1238 694 divinam
1252 677 1259 702 ;
1279 670 1357 703 cujus
1387 669 1527 703 proprium
1541 673 1584 696 est
1600 670 1746 704 respicere,
1761 675 1790 697 et

1002 713 1147 740 intendere
1173 713 1238 741 illuc
1259 722 1341 741 omne
1358 714 1536 746 desiderium.
1561 715 1636 742 unde
1656 715 1789 750 originem

1004 759 1091 786 ducit.

1036 804 1118 832 Cano.
1131 804 1265 837 Quoniam
1277 810 1413 836 creatura,
1435 810 1462 832 et
1482 804 1622 833 mutabilis
1635 811 1689 838 est,
1708 806 1789 833 etiam

1003 851 1130 886 spiritum
1148 855 1245 878 mutat.
1262 851 1400 885 Quidquid
1432 851 1505 878 enim
1523 851 1664 879 conditum
1676 856 1704 878 et
1717 859 1792 879 com-

1004 896 1122 930 positum
1137 900 1188 925 est,
1204 895 1348 922 mutationi
1362 896 1516 931 subjectum
1528 900 1580 923 est.
1606 897 1791 924 lmmutabili-

1005 945 1045 968 las
1063 946 1153 968 alitem
1170 942 1228 976 ejus
1243 946 1345 968 natura:
1373 947 1426 973 ρει,
1443 949 1504 976 qua:
1518 942 1574 969 sola
1587 947 1713 969 naturam
1730 950 1790 968 om-

1004 995 1065 1014 nem
1082 987 1300 1023 supergreditur.
1314 988 1439 1015 Animam
1467 995 1548 1023 porro
1567 988 1731 1023 simplicem,
1749 989 1791 1015 in-

1003 1042 1163 1068 corpoream
1196 1033 1376 1061 substantiam
1411 1034 1577 1069 procreavit,
1605 1034 1685 1069 eique
1709 1042 1789 1062 usum

1002 1079 1118 1106 liberum
1137 1078 1251 1106 rationis
1273 1078 1422 1110 concessit.
1434 1083 1461 1106 et
1487 1087 1567 1114 agere
1582 1079 1615 1106 ad
1630 1080 1702 1114 quod
1722 1079 1790 1108 ferri

1003 1124 1166 1158 incitarique
1178 1124 1270 1151 sentit.
1291 1123 1474 1157 Quamobrem
1493 1129 1523 1152 ut
1537 1125 1670 1160 quiddam
1685 1125 1727 1153 sui
1743 1126 1790 1161 ju-

1002 1171 1040 1198 ris
1065 1179 1096 1198 ac
1125 1171 1277 1204 potestatis,
1296 1171 1379 1198 etiam
1407 1171 1533 1206 spiritum
1560 1177 1656 1199 mutat.
1675 1171 1789 1200 Constat

1001 1220 1103 1247 autem,
1121 1220 1151 1242 ut
1165 1215 1334 1247 dicebamus,
1350 1216 1457 1243 duabus
1486 1223 1514 1243 et
1541 1217 1629 1245 tribus
1653 1218 1789 1252 partibus,

1001 1266 1047 1286 seu
1070 1258 1197 1293 hipartita
1220 1263 1248 1285 ct
1277 1259 1411 1293 tripartita
1437 1263 1488 1287 est.
1508 1259 1574 1287 Pars
1587 1261 1688 1295 quippe
1716 1261 1791 1288 illius

1002 1304 1087 1331 altera
1101 1312 1161 1331 cum
1175 1304 1356 1340 intelligentia
1372 1305 1518 1340 conjuncta
1531 1310 1585 1336 est,
1595 1306 1682 1333 altera
1693 1306 1788 1333 eadem

1000 1353 1086 1380 caret,
1099 1354 1129 1376 ut
1140 1357 1222 1384 supra
1239 1349 1393 1376 docuimus.
1411 1349 1450 1376 Ad
1476 1349 1658 1377 substantiam
1683 1358 1748 1377 vero
1762 1355 1790 1376 ct

1000 1398 1124 1420 naturam
1145 1393 1217 1428 quod
1235 1394 1342 1425 attinet.
1370 1394 1485 1430 simplex
1502 1400 1553 1422 est.
1571 1396 1659 1430 Atque
1670 1395 1736 1422 hinc
1750 1395 1790 1422 di-

998 1439 1078 1471 visio,
1102 1439 1128 1466 in
1153 1447 1206 1474 qua
1229 1439 1308 1466 tertia
1334 1447 1397 1474 pars
1425 1441 1696 1475 reperiturzpraater
1719 1440 1788 1467 iram

999 1483 1127 1510 nimirum
1139 1487 1167 1510 et
1180 1483 1361 1518 cupiditatem
1374 1484 1454 1518 ratio,
1470 1485 1590 1520 partium
1613 1484 1787 1520 praestantis-

998 1530 1076 1562 sima,
1094 1530 1218 1563 confusa,
1234 1533 1262 1558 et
1279 1530 1459 1558 similitudine
1477 1531 1637 1558 substantia:
1660 1531 1789 1558 devincta

155 1575 208 1608 rei,
224 1583 305 1610 supra
321 1576 392 1603 libro
405 1576 526 1603 secundo
547 1576 681 1610 explicata
695 1581 748 1609 est,
763 1577 856 1612 ibique
870 1579 947 1606 testis
963 1585 984 1615 ε
1004 1583 1067 1602 cum
1080 1576 1266 1611 sempiterniS,
1282 1582 1419 1612 quatenus
1440 1577 1599 1612 angelorum
1624 1582 1730 1604 natura:
1746 1585 1789 1604 rc-

155 1622 335 1658 gravissimns
367 1621 503 1649 adductus
537 1620 687 1654 Gregorius
708 1622 858 1657 Nyssenus.
890 1623 944 1650 Sed

155 1669 230 1696 unde
244 1668 359 1702 digressi
375 1675 480 1699 sumus,
492 1675 526 1694 eo
551 1667 707 1694 redeamus.
726 1668 830 1703 Duplex
843 1669 945 1696 dicitur

155 1715 257 1742 anima.
275 1713 392 1748 geminis
410 1721 425 1740 e
439 1712 565 1748 partibus
579 1713 736 1747 conjuncta,
754 1721 871 1748 quarum
892 1715 946 1742 alia

156 1759 263 1786 ratione
281 1762 399 1789 constat,
417 1759 470 1786 alia
486 1765 541 1785 non
553 1755 678 1785 constat.
691 1759 740 1786 Est
768 1759 882 1794 insuper
896 1760 947 1786 tri-

156 1805 218 1840 plex
234 1812 282 1832 seu
297 1804 445 1838 tripartita,
459 1808 487 1830 et
519 1803 619 1831 merito
645 1808 757 1839 propter
792 1805 945 1832 ternionem

156 1851 287 1885 partium,
302 1857 363 1884 quae
377 1855 442 1876 sunt
466 1849 548 1882 ratio,
578 1850 617 1876 ira
647 1853 675 1876 et
704 1849 863 1884 cupiditas:
882 1858 944 1878 eum

155 1895 308 1923 substantia
324 1903 378 1922 una
391 1895 427 1922 sit
447 1899 475 1922 et
494 1895 624 1930 simplex.
642 1894 715 1922 Nihil
743 1895 818 1922 enim
839 1900 946 1923 natura;

155 1949 294 1976 corporeae
306 1940 397 1972 habet,
412 1948 467 1968 non
493 1940 615 1976 ﬁguram,
634 1948 689 1967 non
721 1941 856 1973 colorem,
887 1948 941 1968 non

156 1988 335 2023 prolundum,
351 1995 405 2014 non
423 1987 610 2019 intervallum.
625 1995 680 2014 non
696 1988 819 2022 longum,
835 1996 890 2015 non
903 1988 944 2015 la-

156 2039 225 2062 tum.
241 2034 322 2061 Nulla
340 2033 367 2060 in
382 2041 414 2060 ea
435 2033 606 2068 magnitudo,
624 2033 699 2060 nulla
720 2033 847 2062 durities.
865 2034 944 2067 Quod

155 2081 270 2108 rationis
280 2085 324 2107 est
334 2087 457 2114 compos,
473 2080 500 2106 in
513 2087 547 2107 eo
564 2080 675 2115 angelos
697 2085 798 2115 aequat.
821 2081 944 2116 Reliquis

156 2127 263 2154 duobus
273 2127 307 2154 ad
319 2131 445 2154 naturam
461 2125 639 2153 animantium
657 2126 773 2154 rationis
789 2127 942 2161 expertium

156 2173 273 2206 accedit,
290 2173 341 2205 ira,
352 2172 542 2207 etcupiditate
557 2172 700 2205 nimirum,
716 2180 777 2208 quae
788 2173 816 2201 in
847 2173 942 2202 bestiis

1001 1621 1139 1656 spondet:
1159 1621 1230 1648 sicut
1256 1621 1370 1656 reliquze
1397 1622 1458 1649 dua:
1493 1626 1586 1656 partes
1612 1630 1674 1650 cum
1690 1627 1788 1649 natura

999 1668 1151 1695 belluarum
1169 1669 1382 1695 communicant.
1401 1668 1478 1696 Paria
1496 1671 1570 1696 enim
1595 1669 1708 1704 paribus
1720 1677 1788 1704 gau-

997 1713 1073 1746 dent,
1089 1718 1190 1742 etcum
1209 1715 1242 1741 iis
1259 1715 1497 1760 congregantuﬁﬁ

1032 1759 1108 1792 Quod
1124 1760 1224 1787 mentis
1250 1764 1278 1787 et
1301 1760 1409 1786 consilii
1425 1764 1477 1792 est,
1507 1760 1688 1788 substantiam
1716 1760 1788 1795 ejus-

998 1806 1071 1832 modi
1087 1806 1268 1840 concupiscit,
1297 1806 1536 1841 immortalemque
1560 1806 1719 1841 angelorum
1735 1806 1787 1832 ali-

997 1851 1116 1878 moniam
1133 1852 1231 1879 esurit.
1249 1851 1326 1884 Quod
1343 1851 1449 1879 ratione
1474 1856 1558 1885 caret,
1576 1852 1646 1878 intra
1668 1852 1786 1886 positum

996 1897 1072 1923 humi
1097 1902 1267 1930 nascentem,
1289 1897 1495 1930 corruptibilem
1534 1902 1562 1924 et
1578 1896 1680 1923 lluxum
1705 1896 1786 1931 plane

995 1943 1087 1971 cibum
1124 1944 1238 1978 appetit.
1268 1942 1403 1976 Quoniam
1429 1943 1512 1977 igitur
1534 1943 1576 1970 hae
1598 1947 1701 1978 partes,
1722 1941 1787 1969 licet

995 1989 1077 2016 simul
1092 1989 1157 2021 sint,
1177 1989 1249 2015 inter
1266 1996 1294 2016 se
1309 1988 1478 2021 discordant,
1493 1993 1520 2016 et
1535 1988 1661 2016 cominus
1673 1995 1786 2023 congre-

995 2034 1119 2067 diuntur,
1135 2038 1163 2061 et
1188 2034 1289 2062 bellum
1307 2033 1444 2069 quoddam
1471 2033 1616 2066 conﬂatur,
1639 2033 1730 2060 anima
1759 2039 1786 2061 et

995 2090 1111 2117 corpore
1126 2082 1332 2110 deeertantibus
1355 2082 1529 2116 vicissimque
1557 2089 1586 2108 se
1600 2081 1702 2108 acriter
1723 2088 1787 2115 pre-

996 2127 1136 2155 mentibus
1164 2132 1192 2155 et
1218 2127 1348 2155 seditiose
1361 2126 1563 2163 cxagitantibus
1580 2125 1645 2153 dum
1661 2126 1706 2153 illa
1723 2132 1787 2160 pars

995 2181 1114 2209 superna
1128 2173 1278 2205 desiderat,
1302 2180 1390 2208 eaque
1404 2173 1545 2200 intuetur:
1563 2172 1614 2199 ista
1641 2171 1700 2198 lucc
1716 2171 1785 2198 inte-

155 2219 236 2246 etiam
253 2218 434 2254 reperiuntur
449 2226 499 2246 :ex
510 2225 626 2254 corpore
641 2218 788 2254 siquidem,
799 2224 826 2247 et
839 2220 940 2250 anima.
958 2225 981 2253 ι)
995 2221 1067 2248 riora
1085 2219 1296 2255 propensissime
1310 2218 1425 2254 appetit,
1439 2223 1467 2246 et
1484 2226 1585 2253 corpus
1598 2217 1720 2252 pondere
1732 2223 1785 2243 suo

155 2263 344 2291 commistione
385 2263 642 2298 temperationeque
676 2263 831 2292 admirabili
872 2264 945 2293 Deus

155 2309 292 2337 hominem
303 2309 406 2337 ellinxit
425 2311 445 2337 ’,

455 2355 570 2384 CAPUT
583 2356 641 2384 XV.

153 2401 208 2428 Cur
223 2404 323 2434 anima,
337 2411 397 2430 cum
415 2404 447 2429 sit
460 2404 629 2437 incorporea,
651 2402 726 2438 rebus
748 2406 837 2438 tamen
853 2411 944 2438 torpo~

191 2437 242 2462 reis
263 2445 293 2462 ac
319 2439 440 2470 perituris
471 2437 643 2464 adha'rescat.
663 2437 736 2464 Unde
751 2437 849 2464 bellum
870 2439 942 2465 intra

190 2471 285 2506 ipsum.
297 2471 359 2503 Quis
371 2472 530 2506 paciﬁcator.
547 2472 666 2504 Qualiter
681 2473 806 2499 virtutum
820 2473 944 2499 cardina-

191 2505 256 2542 l‘nm
272 2505 473 2542 officia10mtia
497 2507 608 2541 Spiritus
620 2508 706 2534 sancti
735 2508 839 2542 quando
857 2509 943 2534 homi-

193 2540 267 2566 nibus
287 2540 438 2566 auxiliatur.

189 2595 286 2622 ANIMA.
313 2594 528 2621 Admirationem
555 2600 584 2623 et
613 2601 752 2631 stuporem
786 2600 942 2624 commovet

996 2271 1108 2294 terreno
1129 2265 1163 2293 ad
1190 2265 1282 2293 inﬁma
1308 2265 1440 2296 declinat,
1462 2264 1577 2300 spiritus
1601 2263 1736 2290 violenter
1753 2270 1786 2289 ac

996 2319 1044 2346 per
1060 2311 1231 2346 tyrannidem
1254 2310 1382 2338 deorsum
1397 2310 1525 2341 trahitur,
1537 2315 1565 2337 et
1587 2309 1620 2337 ad
1644 2308 1788 2344 improbos

994 2356 1110 2384 allectus
1126 2356 1286 2391 impellitur,
1311 2363 1419 2390 unaque
1439 2355 1592 2390 prolabitur
1604 2356 1646 2382 “‘.

1029 2412 1106 2439 Mens
1121 2416 1212 2438 autem
1229 2415 1260 2438 ut
1276 2411 1437 2446 imperatrix
1467 2410 1601 2445 quwdam,
1620 2414 1648 2436 ct
1671 2409 1782 2437 domina

995 2458 1078 2486 etiam
1097 2457 1346 2492 perturbationum,
1359 2461 1387 2484 et
1399 2461 1429 2484 ut
1441 2464 1523 2491 supra
1541 2456 1690 2490 tetigimus,
1715 2456 1784 2482 divi-

994 2512 1047 2532 nus
1061 2504 1275 2534 animaaoculus,
1290 2507 1319 2530 et
1340 2508 1531 2530 ornamentum
1560 2506 1587 2529 ct
1614 2501 1783 2529 instrumen—

995 2555 1065 2582 tum,
1076 2558 1109 2577 ex
1118 2550 1204 2577 altera
1217 2553 1294 2584 parte
1309 2553 1429 2576 tutamen
1444 2548 1558 2575 rationis
1569 2547 1673 2582 objicit,
1689 2551 1716 2573 et
1727 2551 1784 2574 tota

996 2595 1171 2632 cogitationis
1185 2595 1211 2622 vi
1229 2595 1385 2627 intervenit,
1400 2599 1428 2622 et
1443 2598 1580 2622 momenta
1596 2593 1679 2620 duelli
1701 2592 1783 2626 hujus

890 2654 983 2686 Schol
992 2655 1031 2685 ia.

157 2713 202 2740 Est
216 2714 285 2740 enim
298 2713 423 2748 quiddam
441 2713 562 2747 simplex,
581 2719 604 2741 et
620 2716 776 2743 omnimodis
796 2716 939 2748 sincerum,

158 2756 208 2786 non
226 2749 348 2778 mistum;
364 2756 415 2774 non
427 2750 608 2783 compositum,
631 2750 799 2786 necﬁguram
816 2751 936 2786 aliquam

159 2784 270 2816 recipere
284 2787 377 2818 potest.

191 2819 197 2826 '
209 2819 303 2855 {inium
318 2819 357 2844 hic
377 2818 506 2855 duplexrct
521 2819 615 2854 triplex
626 2819 721 2846 dicitur
739 2827 747 2846 :
761 2825 817 2855 post
846 2828 936 2846 resur-

155 2853 294 2889 rertionem
314 2861 374 2879 vero
393 2861 439 2889 nec
461 2854 558 2889 duplex
577 2863 623 2880 nec
644 2855 748 2888 triplex,
761 2853 809 2881 ‘srd
833 2859 937 2882 tantum

155 2887 266 2921 simpli-:2:
278 2889 330 2914 sive
346 2887 502 2923 intelligens
512 2890 603 2923 futura
619 2894 666 2916 (δι.

1024 2716 1042 2726 “
1053 2715 1134 2742 Omne
1148 2715 1342 2749 animaldiligit
1352 2714 1401 2741 sibi
1411 2714 1505 2745 simile,
1518 2718 1541 2740 et
1552 2713 1627 2739 homo
1636 2712 1780 2742 hominem,

987 2751 1010 2778 si
1024 2751 1100 2777 modo
1114 2751 1199 2777 omnis
1211 2750 1385 2776 humanitatis
1400 2757 1491 2782 expers
1504 2756 1555 2775 non
1575 2751 1623 2774 est.

1078 2784 1178 2812 Paulus
1193 2793 1286 2819 corpus
1303 2793 1408 2811 carnem
1434 2781 1528 2810 uocare
1558 2781 1702 2819 (mutauit,
1724 2788 1777 2807 non

988 2820 1092 2854 quidem
1119 2815 1243 2846 naturam
1257 2821 1341 2854 ipsam
1352 2819 1468 2854 corporis
1479 2820 1527 2845 hac
1542 2825 1602 2844 voce
1618 2815 1776 2854 intelliget”,

987 2850 1031 2880 sed
1043 2862 1191 2889 perversam
1206 2850 1377 2890 voluntatem.
1394 2850 1499 2890 Uticunt
1525 2853 1596 2890 dicit:
1614 2861 1623 2876 ‹
1648 2850 1698 2890 Vos
1724 2859 1776 2890 rum

988 2885 1048 2916 estis
1062 2890 1087 2916 in
1102 2898 1190 2918 carne,
1208 2889 1285 2916 scdiu
1301 2890 1391 2923 spiritu
1407 2889 1493 2923 (Rom.
1513 2896 1570 2918 vui,
1583 2887 1621 2919 9).
1645 2895 1652 2911 I
1675 2885 1709 2912 Et
1724 2885 1774 2911 ite-
