2032 3156
362 151 383 160 ,ι

242 221 298 253 859

239 330 375 357 :equusac
387 323 496 357 sapiens
510 324 702 358 pronuntians,
719 326 899 361 cogitationes
930 329 1027 355 melio-

243 376 288 395 res
305 376 319 394 a
335 369 521 397 deterioribus
542 370 657 403 dirimit,
674 376 701 398 et
728 372 787 400 illas
806 373 965 407 admittens,
985 375 1033 402 bas

239 412 311 439 foras
321 413 412 446 cjicit;
428 417 508 448 atque
518 419 547 441 ut
560 415 698 450 inspector
714 417 851 451 indicans,
863 421 1029 448 sententiam

240 458 302 489 fert,
324 467 371 485 seu
401 460 468 494 quid
487 466 584 489 natura
599 463 715 497 justum,
731 473 777 492 seu
795 471 894 500 praeter
908 473 1031 494 naturam

239 503 331 531 fuerit.
342 505 435 538 Menti,
445 506 483 541 τῷ
491 507 539 542 νῷ,
550 514 667 542 quatuor
678 510 939 539 facultatesannexze
946 518 1010 540 sunt
1024 522 1030 540 :

241 550 429 586 intelligentia,
444 552 545 588 ingenii
560 555 721 588 acrimonia,
738 559 962 593 comprehensio,
986 568 1031 586 so-

240 596 330 624 lertia.
352 598 414 625 Πίος
435 603 564 632 quatuor,
586 601 709 636 inquam,
727 603 789 630 inde
807 609 934 639 tanquam
950 615 964 633 a
976 614 1033 633 ma-

242 647 282 668 tre
305 643 479 677 prodicruut,
509 647 654 673 etveluta
680 648 766 682 stirpe
791 650 970 684 pullularunt.
985 653 1032 678 Ast

240 687 340 714 animm
380 689 523 722 tripartitm
539 692 660 725 germina
683 701 792 720 rursum
816 694 874 722 ba-c
889 701 961 722 sunt.
979 697 1032 723 Τοῦ

241 732 333 766 λόγου,
348 734 464 761 rationis
493 735 649 769 prudentia,
678 742 706 764 et
731 739 846 773 justitia.
861 746 890 767 ut
921 743 1031 776 sapien-

243 778 363 805 tissimus
375 780 504 814 magister
518 781 637 810 Joannes
651 784 837 812 Damascenus
853 787 901 812 ait.
919 787 1031 821 Cupidi-

243 822 306 849 tatis
323 824 505 857 pulcherrima
521 827 631 855 Suboles
659 833 701 856 est
724 832 912 865 temperantia.
928 833 949 860 E
966 834 1032 861 cali-

243 867 321 894 cibus
350 869 397 895 ira:
427 870 559 898 fortitudo
587 875 752 908 prorumpit.
778 876 937 908 Prudentia,
971 886 1031 912 qua:

242 913 340 946 prima,
359 919 385 941 et
404 916 589 949 pulcherrima
605 923 657 954 c,st,
673 921 814 954 peculiare
835 930 934 950 nullius
949 923 1030 952 habet

859 228 1034 259 PHILIPPI
1055 231 1248 261 SOLlTARll

241 276 354 311 inspicit
372 286 378 302 ε
408 276 619 312 arbitriumque,
641 281 675 304 ut-
696 279 780 314 jadex
808 285 836 307 et
863 281 1032 316 disceptator
1048 287 1071 314 Α

1372 283 1483 312 CAPUT
1523 284 1591 311 XVI.

1085 341 1177 368 Prima
1192 342 1265 376 origo
1277 341 1338 367 belli
1367 341 1434 367 inter
1459 349 1552 374 corpus
1567 347 1591 368 et
1619 343 1750 368 animant.
1770 342 1869 369 Diuboli

1120 377 1324 411 oppugnationes
1338 376 1410 402 trabis
1423 376 1537 402 accidere
1545 376 1688 412 salutares.
1700 377 1796 403 Anima
1809 386 1869 412 quo-

1123 410 1285 437 rum'crrtra
1312 420 1405 445 corpus
1432 411 1590 437 recordetur.
1619 410 1754 442 Quomodo
1779 410 1868 445 aliaque

1120 454 1228 479 corpore
1244 446 1327 472 Deum
1346 446 1444 472 laudet.
1462 445 1518 477 Quo
1537 451 1612 480 pacto
1632 447 1781 480 afﬁciantur
1796 448 1870 481 spiri—

1119 485 1160 507 tus
1170 483 1248 511 beati,
1261 483 1332 508 exuli
1354 481 1516 514 corporibus.
1531 486 1554 506 et
1576 489 1667 507 sensus
1686 483 1742 508 sine
1758 483 1870 509 sensibus

1119 517 1241 542 habeant.
1264 516 1301 542 De
1317 517 1474 542 incremento
1486 515 1617 549 fclicitatis
1631 517 1784 543 animarum
1795 518 1821 544 in
1830 525 1869 543 se-

1119 552 1204 577 cumlo
1218 551 1315 578 Christi
1327 552 1451 577 adventu.

1119 619 1251 645 ANIMA.A
1278 618 1414 653 principio
1441 627 1541 653 corpus
1561 623 1589 646 et
1602 620 1692 646 anima
1715 620 1741 646 in
1767 628 1871 647 sununa

1086 664 1285 698 tranquillitate
1299 664 1684 699 vivebant,conveniebatque
1697 665 1751 693 illis
1765 671 1872 693 natura-

1084 709 1156 742 liter,
1167 710 1315 745 etvigebat
1328 710 1401 738 inter
1417 718 1449 738 ea
1474 711 1549 738 nulla
1577 711 1729 738 otl‘ensione
1755 712 1873 738 interce-

1083 756 1165 783 dente
1191 757 1349 784 concordia.
1363 757 1442 784 Unde
1467 765 1543 792 ergo,
1561 762 1588 784 et
1605 758 1717 792 quinam
1741 758 1768 784 in
1787 763 1874 786 tantas

1083 802 1274 830 dimicationes
1287 803 1468 830 inciderunt?
1482 807 1509 831 et
1527 811 1588 838 quae
1612 803 1745 838 utrinque
1770 812 1873 839 pugna-

1082 855 1144 874 rum
1158 847 1273 874 istarum
1291 847 1403 874 causa?

1117 903 1198 930 Cano.
1215 904 1255 930 Ex
1270 911 1324 938 quo
1340 904 1521 938 transgressio
1534 904 1676 931 hominum
1701 905 1794 940 generi
1812 912 1873 931 eve-

242 960 369 991 scrutari,
385 966 412 988 et
434 969 599 996 pernoscere
616 951 751 999 profunda
778 967 902 1002 spiritus.
924 970 1033 997 Justitia
1051 960 1070 987 Β
1084 953 1139 1002 ΡΨ
1155 958 1191 1002 ex.
1205 958 1271 1002 (μέθ’
1293 958 1417 1002 "Tf'm‘mt
1447 951 1569 1002 Adamus.
1593 951 1752 1002 '“l’_5"s.°s."
1769 951 1871 1001 bellum

242 1007 425 1040 :equalitatcm
452 1016 572 1042 servare,
590 1017 617 1038 et
637 1013 797 1045 amicitiam,
820 1014 888 1041 bene
901 1015 1034 1052 judicare,

241 1051 312 1079 bene
340 1054 462 1081 rationes
487 1056 651 1089 subducere,
684 1059 875 1086 convenientia
905 1051 1036 1096 miliaque

241 1097 412 1132 dispensare.
440 1099 592 1135 :Equalitas
617 1103 690 1129 enim
708 1104 741 1130 ad
757 1104 801 1139 jus
826 1105 954 1139 pertinet,
981 1114 1036 1140 quo

241 1143 314 1170 enim
340 1144 394 1171 alio
421 1147 596 1179 pertineret?
619 1147 818 1183 Tcmpcrantis,
833 1151 972 1185 proprium
994 1157 1036 1178 cst

242 1189 411 1218 castimonia:
437 1187 575 1226 splendor,
590 1198 616 1220 et
639 1195 768 1228 gaudium
800 1195 922 1230 spiritus,
936 1202 962 1223 et
983 1198 1034 1224 alia

242 1244 413 1271 quaecunque
427 1238 461 1264 de
485 1247 516 1265 ea
537 1240 707 1267 scribuntur.
731 1242 875 1270 Generoste
893 1243 1033 1270 fortitudi—

243 1281 285 1307 uis
300 1281 402 1308 bellum
419 1287 514 1310 contra
533 1284 609 1316 vitia,
625 1285 698 1319 quod
711 1286 800 1320 gladio
813 1289 930 1319 instans,
940 1296 1033 1314 eorum

243 1326 363 1360 impetus
376 1332 402 1354 et
414 1328 539 1356 incursus
553 1334 729 1364 prmtruncat.
746 1332 954 1368 Perspieuilatis
969 1342 1034 1369 ergo

243 1372 412 1407 exemplum,
429 1373 675 1410 brevissimamquc
686 1377 826 1404 notionem
840 1379 873 1405 ad
889 1379 1035 1407 dilucidio-

245 1425 302 1444 rem
317 1419 443 1446 notitiam
458 1421 517 1455 ejus
537 1422 609 1456 quod
623 1423 742 1450 diximus
759 1425 965 1460 subjungcmus.
986 1427 1035 1466 Est

244 1463 341 1490 anima:
369 1466 546 1498 conscientia,
561 1468 617 1495 sive
630 1469 673 1496 lex
695 1471 830 1504 quzedam,
848 1479 910 1499 cum
929 1463 1034 1508 legibus

245 1509 441 1544 prmceptisque
469 1512 570 1540 divinis
586 1515 756 1548 conspirans,
782 1517 948 1551 optimormn
966 1527 1033 1553 ope-

245 1562 305 1581 rem
322 1558 492 1590 cooperatrix
510 1563 535 1586 et
559 1559 737 1594 administra;
760 1567 787 1589 et
817 1563 868 1589 ista
889 1565 1033 1591 consciou-

245 1601 281 1626 tia
299 1605 342 1628 est
366 1602 408 1628 lex
432 1604 555 1638 spiritus.
584 1605 684 1633 Contra
714 1607 756 1634 lex
776 1609 892 1642 peccati,
909 1610 965 1638 sive
991 1611 1033 1639 lex

245 1646 336 1672 carnis
355 1648 503 1681 seductrix,
519 1657 554 1677 ex
568 1650 748 1685 impressione
775 1654 928 1682 dtcmonum
947 1656 1033 1684 inlue-

246 1699 310 1719 rens
339 1694 469 1722 membris
493 1697 606 1729 nostris,
632 1702 701 1725 etut
723 1698 792 1734 ignis
814 1699 993 1739 inflammatis,
1007 1707 1034 1729 et

245 1739 420 1766 testuantium
447 1741 628 1775 cupiditatum
665 1744 837 1774 dulcitudine
865 1746 1032 1780 demulcens,

245 1783 360 1817 paribus
377 1786 459 1813 armis
482 1787 533 1822 legi
551 1789 726 1817 conscientiae
749 1791 921 1826 adversatur,
940 1794 1033 1820 volen-

247 1834 356 1864 temque
387 1839 482 1865 parcre
507 1833 612 1868 legibus
639 1834 892 1869 domini,'laccssit,
917 1838 1035 1873 indeque

245 1873 373 1908 spiritum
402 1884 559 1912 quanquam
592 1881 695 1914 peccati
726 1881 940 1910 fraudulentiam
963 1884 1034 1912 indi-

245 1926 385 1953 gnantem.
404 1923 480 1951 velut
494 1925 632 1959 captivum
651 1927 772 1955 abducit.
790 1928 825 1956 Ut
845 1930 1035 1958 inimicissima

245 1971 337 1994 alitem
373 1967 563 2000 blandimento
587 1973 736 2007 voluptatis
761 1980 872 2010 pugnat,
888 1981 968 2010 atque
998 1977 1033 2003 ita

245 2011 361 2044 peccati,
377 2013 450 2047 quod
468 2016 566 2043 servile
581 2021 632 2048 est,
649 2025 758 2044 servum
770 2018 845 2046 facit.
858 2020 910 2047 Sed
925 2021 1035 2049 divinus

246 2057 404 2085 l‘araclctus
431 2060 565 2088 miserans
590 2062 643 2089 hoc
667 2064 883 2097 inconunodum,
904 2066 1035 2094 adversus

246 2103 369 2137 spnriam
395 2108 423 2131 et
447 2104 571 2133 fallacem
584 2109 673 2136 carnis
695 2110 781 2145 legem
808 2111 892 2142 robur
917 2112 1036 2147 desuper

248 2149 434 2183 przestantiori
455 2151 508 2185 legi
526 2152 729 2182 subministrat.
747 2156 804 2184 Lex
825 2161 916 2184 autem
945 2158 1036 2185 carnis

247 2199 290 2220 est
309 2195 456 2229 cupiditas,
472 2197 640 2226 irrationalis
656 2200 752 2228 anima:
767 2209 840 2236 pars.

281 2254 379 2280 Anum.
396 2253 430 2280 Et
442 2255 589 2289 quomodo,
607 2261 635 2284 et
651 2258 760 2292 quando
778 2260 865 2294 gratia
883 2261 961 2289 nobis
973 2263 1034 2297 opi-

249 2298 371 2325 tulatur?

284 2353 367 2382 Cano.
396 2355 464 2383 Cum
487 2357 550 2392 quis
575 2366 696 2387 amorem
726 2365 754 2388 et
780 2362 906 2391 timorem
926 2365 1036 2392 Domini

246 2401 406 2434 acquisierit
438 2407 466 2429 et
498 2410 632 2440 perpetuo
653 2408 878 2443 novissimorum,
901 2416 933 2438 ut
955 2419 1037 2447 supra

247 2447 414 2480 monuimus,
426 2456 531 2476 menter
544 2450 638 2479 fuerit.
653 2452 721 2480 Cum
734 2462 778 2481 res
790 2455 920 2483 adversas
936 2458 1038 2491 gratias

246 2499 330 2526 agens
346 2493 520 2528 toleraverit;
530 2504 592 2524 cum
603 2504 712 2533 semper
724 2501 853 2534 oraverit,
867 2502 1036 2530 etdivinitus

247 2536 395 2572 iuspiratas
423 2539 579 2576 Scripturas
606 2544 718 2572 assiduo
758 2554 851 2575 secum
882 2553 1034 2583 pertracta-

246 2589 325 2612 VCI‘II.

1088 994 1160 1021 inter
1184 994 1241 1021 btec
1264 995 1380 1029 geritur,
1393 999 1464 1022 etex
1483 1003 1526 1027 eo,
1545 996 1663 1030 abrupto
1678 995 1783 1023 findere
1803 996 1874 1022 intra

1088 1047 1147 1069 nos.
1162 1040 1261 1067 misere
1274 1045 1301 1067 et
1314 1049 1327 1067 a
1343 1041 1400 1067 Deo
1414 1046 1441 1068 et
1453 1041 1487 1067 ab
1502 1041 1585 1068 Edent
1597 1041 1768 1073 exturbatos,
1782 1047 1877 1067 natum

1086 1091 1138 1116 cst,
1154 1086 1187 1112 de
1203 1094 1257 1120 quo
1272 1087 1339 1113 satis
1360 1087 1446 1113 multa
1463 1087 1489 1113 in
1508 1087 1729 1120 prmcedentibus
1742 1087 1875 1113 disserui-

1087 1139 1158 1158 mus.
1178 1132 1270 1158 Restat
1285 1132 1398 1166 proinde
1411 1131 1551 1161 diabolus.
1567 1132 1601 1159 de
1617 1139 1672 1166 quo
1683 1133 1765 1159 etiam
1783 1132 1874 1160 dicen-

1086 1176 1161 1206 dum,
1178 1175 1315 1210 quomodo
1341 1175 1450 1203 tandem
1471 1177 1559 1203 hostis
1582 1176 1740 1204 hominibus
1765 1178 1875 1204 relictus

1085 1226 1136 1251 est,
1156 1220 1288 1254 periuissu
1306 1219 1456 1253 Creatoris,
1471 1228 1526 1255 quo
1538 1221 1643 1255 judicio
1662 1222 1718 1255 ipse
1740 1223 1825 1248 novit.
1841 1222 1872 1248 Et

1085 1265 1223 1298 quomodo
1238 1273 1292 1292 non
1308 1265 1420 1300 perierit.
1444 1265 1567 1296 omnino,
1581 1274 1636 1300 quo
1663 1267 1731 1293 nihil
1759 1271 1802 1293 est.
1818 1268 1874 1293 exi-

1087 1310 1193 1337 tiosius.
1208 1311 1261 1337 Sed
1277 1319 1336 1346 age,
1355 1311 1437 1346 hujus
1452 1319 1572 1344 causam,
1588 1320 1636 1339 seu
1653 1313 1787 1339 rationem
1801 1321 1874 1339 nnuc

1085 1356 1188 1389 accipe.
1206 1356 1266 1383 Vita
1300 1357 1350 1383 ista
1377 1357 1494 1384 stadium
1522 1363 1550 1384 et
1576 1363 1713 1384 certamen
1740 1358 1873 1392 quoddam

1084 1407 1112 1428 et
1127 1402 1198 1429 lucta
1214 1408 1267 1429 est.
1282 1402 1310 1429 Si
1329 1403 1415 1430 hostis
1445 1403 1574 1435 defuerit,
1586 1411 1641 1438 quo
1664 1410 1743 1438 pacto
1768 1404 1873 1431 laudem

1084 1448 1286 1482 assequemur?
1300 1448 1326 1474 Si
1347 1453 1486 1476 certamen
1518 1449 1622 1476 nullum
1639 1450 1684 1481 sit,
1698 1458 1750 1484 qua
1768 1450 1873 1477 ratione

1085 1492 1139 1519 dux
1152 1493 1287 1527 quispiam
1302 1493 1357 1528 regi
1368 1494 1469 1521 Charus
1483 1495 1590 1522 fortiter
1602 1503 1630 1522 se
1639 1496 1735 1530 geret?
1746 1495 1773 1522 Si
1786 1495 1875 1522 absint

1086 1540 1246 1572 certamina,
1258 1541 1396 1575 quomodo
1409 1543 1517 1576 prtemia
1534 1543 1728 1575 certaminum,
1745 1549 1773 1570 et
1790 1544 1874 1570 bono»

1085 1593 1137 1616 res,
1155 1590 1183 1612 ct
1194 1586 1319 1614 donabis
1334 1587 1379 1622 qui
1405 1588 1524 1622 legitime
1548 1590 1725 1620 certaverint,
1749 1590 1872 1616 tribuen-

1046 1630 1191 1659 Ctur?Si
1221 1633 1347 1660 scandala
1375 1641 1429 1660 non
1460 1634 1581 1665 veniant,
1611 1635 1750 1668 quomodo
1782 1635 1877 1662 firmus

1086 1677 1221 1712 quispiam
1237 1682 1265 1705 et
1295 1683 1426 1706 constans
1458 1680 1624 1714 apparebit?
1649 1681 1676 1708 Si
1697 1689 1778 1715 quem
1804 1682 1875 1708 nulla

1086 1723 1204 1750 incessat
1220 1724 1371 1757 tribulatio,
1385 1725 1524 1760 quomodo
1537 1726 1667 1761 gaudium
1681 1728 1876 1755 nanciscetur?

1086 1769 1115 1796 Si
1129 1769 1226 1804 frigida
1243 1770 1333 1797 hiems
1352 1779 1406 1797 non
1422 1772 1568 1805 praecedat,
1582 1772 1692 1808 quando
1707 1778 1786 1800 aestas
1796 1773 1875 1800 efful-

1085 1814 1182 1849 gebit?
1194 1815 1294 1849 itaque
1306 1820 1334 1842 et
1346 1816 1451 1843 daemon
1464 1817 1496 1844 ad
1512 1817 1613 1844 bellum
1626 1822 1722 1845 contra
1735 1826 1783 1845 nos
1798 1826 1875 1845 exar-

1085 1861 1189 1892 descat,
1208 1866 1238 1887 ut
1252 1861 1317 1888 dum
1336 1866 1452 1897 tyranno
1468 1864 1631 1896 resistimus,
1644 1864 1801 1891 adversario
1816 1873 1875 1899 per-

1086 1913 1167 1933 cusso
1186 1906 1331 1934 victoriam
1350 1909 1503 1937 referamus
1520 1911 1631 1944 (mirum
1651 1919 1712 1938 eum
1736 1911 1771 1937 sit
1788 1911 1876 1938 incor-

1086 1960 1187 1987 poreus
1217 1961 1279 1980 eum
1312 1955 1384 1982 vinci
1401 1955 1436 1982 ab
1455 1955 1624 1990 hominibus)
1647 1957 1828 1991 victoresque,
1848 1962 1878 1984 ul

1086 1999 1190 2026 strenui
1201 1999 1355 2031 bellatores,
1366 2001 1586 2036 honorentur,}et
1601 2003 1878 2037 coronamjaecipiant

1087 2045 1500 2082 immarcessibilem,quemque
1516 2048 1560 2075 ille
1581 2053 1645 2076 ante
1674 2057 1768 2076 casum
1797 2058 1875 2077 suum

1088 2089 1185 2120 tenuit,
1195 2095 1296 2117 statum
1306 2091 1549 2128 conditionemque
1560 2094 1757 2128 adipiscantur.
1768 2096 1790 2122 Ο
1798 2095 1874 2130 abys-

1087 2142 1146 2161 sum
1161 2135 1347 2171 benignitatis,
1373 2145 1389 2164 o
1406 2138 1740 2172 divitiasjmiscricordim,
1767 2141 1872 2170 odium,

1088 2182 1208 2209 studium
1219 2183 1362 2219 perdendi,
1382 2185 1530 2218 petitiones
1546 2187 1702 2213 seductoris
1720 2187 1752 2213 ad
1773 2187 1875 2214 utilita-

1087 2231 1142 2254 tem
1158 2229 1306 2263 etgloriam
1313 2237 1426 2256 suorum
1439 2231 1589 2258 amicorum
1601 2233 1746 2263 convertit,
1756 2233 1802 2267 qui
1815 2242 1875 2259 om-

1090 2274 1133 2300 nia
1145 2274 1172 2300 in
1189 2275 1288 2302 melius
1304 2277 1409 2302 mutat!
1428 2277 1458 2303 Et
1474 2277 1501 2303 fit
1517 2278 1646 2312 quiddam
1667 2279 1729 2309 tale,
1748 2279 1826 2313 quale
1852 2278 1874 2305 si

1090 2320 1212 2347 medicus
1239 2321 1375 2356 quispiam
1407 2323 1507 2357 viperis
1535 2327 1582 2350 aut
1619 2323 1680 2351 aliis
1712 2324 1873 2358 quibusdam

1090 2367 1168 2393 tetris
1177 2373 1204 2393 et
1216 2368 1381 2395 nocentibus
1392 2368 1493 2403 alioqui
1513 2369 1720 2396 medicamentis
1745 2369 1778 2396 ad
1792 2377 1875 2404 aegro—

1086 2407 1175 2439 torum
1191 2413 1360 2440 curationem
1375 2418 1499 2440 tttcrctur
1512 2422 1519 2446 ;
1531 2414 1763 2448 quemadmodum
1777 2419 1805 2441 et
1821 2415 1874 2440 fra-

1085 2463 1192 2485 ternum
1212 2459 1305 2486 odium
1319 2458 1438 2494 Josepho
1451 2459 1596 2486 utilitatem
1613 2460 1758 2486 maximam
1774 2468 1874 2494 appor-

1086 2503 1162 2535 tavit,
1177 2508 1205 2530 et
1230 2503 1378 2538 singularis
1403 2504 1545 2539 cujusdam
1573 2504 1735 2532 meonomia:
1762 2505 1878 2531 materia

1084 2551 1144 2583 fuit,
1160 2560 1212 2586 qua
1228 2552 1300 2579 Deus
1311 2552 1392 2579 etiam
1417 2552 1497 2579 vendi
1519 2553 1642 2587 permisit
1658 2554 1787 2588 juvenem
1814 2553 1875 2587 pul-

1084 2598 1261 2630 cherrimum,
1279 2603 1308 2625 ut
1318 2607 1380 2626 eum
1395 2598 1502 2634 Egypti
1517 2599 1668 2634 principem
1684 2599 1874 2630 constitueret,

994 2687 1131 2718 Scholia.

249 2782 318 2804 nun,
333 2783 342 2799 ι
358 2773 507 2813 Quiatttetn
532 2776 656 2813 in_carite
676 2783 747 2809 sunt,
774 2777 826 2805 Deo
856 2779 959 2813 placere
979 2789 1030 2807 non

248 2813 355 2842 possunt
372 2809 452 2848 (Ibid:
465 2810 503 2848 8).
518 2820 527 2836 ι
543 2811 612 2838 Nam
622 2813 742 2848 ipsoillo,
761 2815 804 2848 qui
819 2809 873 2841 huic
891 2815 962 2846 dicit,
983 2824 1032 2842 an—

249 2851 305 2883 non_
318 2851 432 2883 cantent
444 2845 552 2883 inantus
568 2852 626 2873 erat
639 2847 651 2873 Ζ)
665 2847 723 2874 Νοη
737 2845 799 2883 ergo
811 2849 864 2875 lucc
874 2850 922 2875 sibi
936 2851 1031 2876 adver-

249 2879 305 2904 sari
317 2879 372 2909 ait;
386 2879 442 2919 sed.
458 2880 685 2920 delimpraltarum
700 2879 880 2920 bonarumque
895 2886 1030 2920 cogitatio-

250 2920 312 2939 num
333 2915 476 2940 certamine
491 2915 616 2950 loquitur.
631 2917 733 2944 Etenim
749 2917 814 2944 t‘t'llL’
826 2915 848 2944 a
863 2915 941 2951 nolle”,
954 2929 1031 2953 penes

1084 2781 1201 2822 animam
1217 2787 1287 2823 sunt.
1314 2783 1517 2823 Atque‘idcirco
1536 2783 1612 2823 alii}
1630 2783 1690 2823 [hac
1712 2788 1810 2823 antem_
1825 2783 1875 2810 sibi

1084 2817 1193 2856 invicem
1213 2817 1389 2858 advers-antur
1403 2818 1505 2858 (Colat.
1518 2818 1611 2858 v,‘|7_).
1631 2827 1639 2842 ι
1656 2817 1692 2844 Et
1716 2823 1744 2844 ut
1764 2819 1873 2858 unitate,

1087 2851 1114 2876 in
1127 2853 1216 2885 pravis
1232 2853 1418 2886 cupiditatibus
1437 2854 1490 2880 suis
1502 2853 1640 2888 procedere
1654 2861 1686 2879 ne
1698 2853 1872 2887 permitteret,

1085 2890 1212 2923 tanquam
1240 2889 1398 2922 paulagogus
1416 2893 1439 2914 et
1456 2887 1580 2923 magister
1601 2889 1628 2915 in
1648 2889 1717 2915 viam
1738 2887 1872 2914 meliorem

1085 2929 1130 2947 nos
1147 2921 1252 2954 (lucens,
1265 2923 1319 2948 hac
1330 2923 1480 2956 prolocutus
1497 2921 1542 2950 in.
