2032 3156
257 231 310 262 863

870 227 1041 257 PlIILlPPI
1062 226 1258 256 SOLlTARll

1824 226 1871 258 {~64

258 285 386 317 densum,
402 289 494 312 tamen
516 283 594 311 facile
608 285 746 316 penetral,
770 284 953 315 naturamque
977 279 1043 307 ferri
1059 281 1082 309 A
1096 280 1240 315 spiritibus
1268 285 1296 307 et
1320 279 1465 307 animabus
1493 280 1628 314 concipe:
1645 279 1704 312 has,
1724 286 1785 306 cum
1813 279 1871 308 hinc

259 331 383 365 ignitam,
397 334 425 357 et
442 329 532 364 ignem
548 328 631 356 eﬂicit
642 336 649 354 :
662 327 736 362 quod
749 335 811 354 cum
824 327 925 361 alioqui
935 327 1042 362 nigrum

259 377 306 408 sit,
323 375 456 407 rubescit,
481 380 510 403 et
527 375 677 402 obscurum
692 374 787 409 fulget,
803 377 831 400 et
846 372 975 408 frigidum
998 381 1044 400 ca-

258 421 337 448 lescit
358 425 386 448 et
414 421 580 450 incenditur.
595 425 623 447 et
649 419 722 447 urit?
739 418 811 453 quod
825 419 898 454 tangi
924 423 1041 453 poterat,

258 471 371 502 propter
385 472 543 502 susceptum
569 466 659 501 ignem
677 466 713 492 sit
734 464 924 496 intractabile;
949 463 986 492 ita
1014 470 1042 492 tu

257 513 291 540 de
307 513 407 543 anima.
425 517 452 540 et
469 513 504 540 de
522 513 582 547 ejus
597 511 744 547 splendore
755 511 835 538 velim
859 511 1040 543 ratiocineris,

257 567 273 585 a
285 566 340 593 quo
360 566 393 585 ex
410 558 568 585 Divinitatis
585 557 817 592 contemplatione
837 557 975 588 clarescit,
994 565 1041 591 po-

257 607 364 638 testque
379 603 556 630 intellectuali
569 602 651 630 modo
667 602 771 634 videre,
793 602 879 636 loqui,
894 607 922 629 et
935 602 1041 635 audire,

257 649 397 676 elscntire
417 649 522 681 lumen,
537 654 638 676 etcum
654 649 762 684 angelis
774 649 914 676 exsultare
931 648 1040 683 gaudio,

255 699 284 721 ct
297 694 394 722 eadem
404 702 466 722 cum
481 694 535 722 illis
551 694 782 729 contemplatione
795 693 910 728 perfrui,
931 698 959 721 et
977 701 1043 721 cou-

258 740 421 773 tubernalis,
436 744 464 767 et
477 740 662 767 cobabitatrix
673 740 811 774 justorum
823 738 954 774 appellari
966 747 973 764 :
986 747 1042 766 non

259 789 349 812 tamen
366 785 517 812 secundum
537 793 647 813 sensum
664 785 797 820 corporis,
815 785 863 812 sed
887 785 1043 819 intelligen-

259 830 323 857 tiam
334 830 431 858 solam.
447 830 603 858 Suntenim
627 831 686 858 haec
701 830 838 866 ejusmodi
862 833 960 857 natura
981 837 1041 862 sua,

259 879 289 902 ut
324 880 429 903 tantum
457 876 609 912 intelligant
636 881 665 904 et
699 876 896 911 intelligantur,
923 880 952 903 et
980 876 1042 903 illos

257 920 381 954 quinque
401 920 525 955 corporis
540 928 638 949 sensus
655 928 752 949 omnes
779 921 920 956 etl‘ugiant.
951 921 1041 948 Mente

1095 327 1299 361 emigraverint,
1321 334 1419 354 sensus
1442 333 1584 353 assumere
1600 325 1634 351 ad
1651 325 1827 359 loquendum,
1846 332 1872 354 et

1094 372 1252 404 vivendum,
1263 377 1292 399 et
1305 376 1420 400 ceteros
1444 379 1549 398 omnes.
1565 370 1617 398 Sed
1635 378 1775 398 assumere
1797 372 1870 398 ratio.

1094 425 1128 445 ne
1146 418 1263 451 quadam
1281 425 1334 444 non
1353 425 1496 452 corporea,
1507 416 1572 444 dum
1590 420 1688 442 natura
1701 424 1761 450 qua:
1777 422 1817 443 est
1829 425 1872 444 su-

1093 472 1142 499 pra
1161 469 1286 491 naturam
1316 467 1447 498 operatur
1473 463 1501 490 in
1530 462 1659 489 omnibus
1682 466 1710 488 et
1726 463 1761 488 sit
1788 465 1871 490 omnia

1093 510 1222 537 omnibus
1249 517 1332 544 supra
1355 517 1437 544 quam
1472 508 1669 542 comprehendi
1697 513 1795 542 potest.
1818 509 1870 535 Non

1092 557 1164 583 enim
1182 556 1306 582 divinum
1324 563 1426 582 numen
1444 559 1507 590 eget
1531 561 1590 585 ore.
1613 561 1667 580 non
1682 560 1806 588 corpore,
1820 562 1868 580 non

1092 602 1197 637 lingua,
1214 609 1268 629 non
1285 601 1377 636 aliquo
1392 601 1446 628 alio
1463 600 1498 628 ad
1514 599 1775 628 communicandum
1797 600 1871 635 spiri—

1093 648 1177 679 tibus,
1197 651 1226 674 et
1236 647 1334 674 animae
1349 646 1474 679 cuilibet,
1490 654 1552 681 quae
1571 645 1701 672 voluerit.
1713 645 1765 672 Sed
1784 653 1872 679 quern-

1093 692 1241 719 admodum
1251 691 1400 719 virtutibus
1415 690 1667 722 administratoriis,
1677 690 1715 717 ita
1731 690 1774 717 bis
1784 691 1871 718 eadem

1093 738 1217 772 largitur.
1231 737 1373 765 Sententia
1384 738 1457 765 enim
1474 745 1538 764 cum
1557 736 1742 764 sentientibus
1753 740 1779 762 et
1791 737 1852 762 intel
1865 752 1871 755 -

1091 783 1202 818 ligentia
1228 790 1291 810 cum
1319 782 1544 817 intelligentibus,
1576 785 1605 808 ut
1620 780 1720 808 similia
1731 789 1792 808 eum
1806 780 1873 808 simi-

1092 828 1165 856 libus
1180 827 1305 855 conferre
1317 828 1423 863 justum
1439 833 1491 855 est.
1511 826 1693 862 [intelligentia
1710 831 1801 852 autem
1816 834 1871 853 cum

1094 875 1279 902 sentientibus
1294 882 1309 902 e
1332 875 1443 902 diverso
1473 881 1632 908 comparare
1659 872 1746 905 nefas,
1771 877 1873 907 propter

1092 924 1254 946 naturarum
1271 919 1418 946 discrimen
1441 919 1547 947 scilicet
1561 927 1568 944 :
1581 917 1629 945 scil
1644 917 1806 951 incorpOrca
1818 925 1872 943 cum

257 966 315 993 sola
326 965 423 998 utitur,
435 974 468 994 ea
485 966 571 998 videt,
586 970 615 993 et
629 967 770 1001 prmi-idet,
785 966 846 993 visu
869 966 1039 997 acutissimo,
1058 951 1078 979 Β
1092 964 1273 999 incorporeis,
1285 969 1314 991 et
1336 971 1454 999 corpora
1477 963 1597 992 vicissim
1629 970 1690 990 cuiu
1720 962 1874 996 corporibus

256 1011 416 1046 angelorum
437 1012 559 1047 proprio,
577 1012 740 1047 divinosque
762 1017 943 1047 etnunquam
966 1013 1040 1040 visas

255 1056 479 1090 pulchritudines
505 1057 716 1092 contemplatur.
745 1058 822 1090 Quod
850 1058 871 1085 si
893 1066 953 1093 quat
978 1059 1040 1085 dico

255 1101 306 1139 tibi
320 1102 458 1137 paradoxa
486 1103 627 1136 videntur,
655 1103 689 1131 ad
716 1103 796 1131 fidem
824 1104 1040 1132 confirmandam

255 1148 414 1183 paradigma
430 1148 567 1176 adhibebo
578 1150 597 1175 ·.

288 1193 316 1221 Si
331 1199 413 1222 noctu
433 1202 482 1229 per
495 1195 616 1229 quietem
632 1194 742 1223 videres
765 1196 896 1231 juvenem
922 1195 1040 1231 aliquem

251 1243 357 1266 statura
379 1238 479 1266 eximia
503 1238 645 1274 formaque
665 1239 895 1274 pulcherrimum,
911 1245 970 1267 arte
996 1240 1038 1267 iu-

251 1283 446 1318 superabilem,
467 1291 550 1318 opere
578 1285 781 1317 inimitabilem,
797 1285 888 1320 specie
920 1282 1040 1313 maiime

252 1329 408 1360 invidenda,
436 1329 562 1364 procula
578 1329 666 1364 patria
692 1337 752 1362 sua,
767 1331 887 1357 externis
911 1330 1041 1358 internis-

253 1382 307 1408 que
332 1374 504 1401 claritatibus
529 1374 721 1409 conspicuum,
743 1375 898 1402 incredibili
915 1375 1043 1402 candoris

254 1419 344 1446 nitore
372 1424 511 1452 ornatum,
537 1420 712 1454 capillorum,
740 1427 808 1447 auro
832 1420 916 1455 magis
935 1419 1042 1447 radian-

252 1463 322 1490 tium
337 1463 470 1491 varietate
488 1464 658 1498 distinctum,
673 1465 794 1500 undique
810 1465 1041 1493 circumfusorum

251 1509 388 1537 luminum
409 1509 526 1537 ﬂammis
543 1515 753 1544 coruscantem;
769 1511 882 1545 plausus
896 1515 923 1538 et
943 1511 1041 1538 carmi-

252 1562 288 1582 na
304 1563 319 1581 a
337 1555 527 1583 ministrorum
544 1556 632 1583 turbis
648 1556 792 1588 ferentem,
804 1561 831 1583 et
855 1556 1040 1584 ministerium

1090 1019 1256 1046 componere
1271 1014 1380 1045 oportet
1390 1011 1421 1038 “.

1128 1058 1194 1092 Quae
1209 1063 1301 1086 autem
1320 1057 1430 1093 superis
1444 1065 1476 1084 ac
1491 1057 1653 1086 cmleslibus
1669 1066 1732 1085 cum
1753 1057 1794 1084 his
1819 1057 1872 1083 inti-

1092 1105 1144 1133 mis
1175 1105 1348 1139 terrenisque
1379 1103 1561 1138 comparatio,
1587 1108 1634 1130 aut
1666 1103 1873 1131 convenientia?

1092 1155 1141 1179 aut
1153 1158 1215 1186 quae
1231 1149 1389 1177 comtnunio
1402 1149 1487 1175 menti
1505 1156 1568 1175 cum
1590 1149 1633 1176 his
1646 1157 1708 1183 qua:
1736 1154 1872 1183 apparent.

1094 1201 1142 1224 aut
1157 1196 1265 1230 corpori
1286 1203 1348 1222 cum
1371 1194 1414 1221 his
1440 1202 1500 1229 quae
1516 1201 1617 1229 corpus
1634 1202 1688 1221 non
1705 1196 1788 1222 sunt?
1802 1194 1872 1227 Quod

1091 1243 1114 1270 si
1132 1242 1193 1277 quis
1208 1247 1264 1269 tota
1279 1249 1341 1268 cum
1356 1241 1421 1268 totis
1447 1241 1606 1271 contulerit,
1627 1248 1681 1267 non
1695 1241 1753 1275 jam
1771 1240 1871 1275 paradi-

1091 1296 1163 1324 gma.
1178 1288 1226 1315 sed
1241 1292 1289 1314 aut
1307 1287 1345 1314 ita
1361 1287 1463 1318 dicam,
1477 1286 1604 1314 identitas
1623 1288 1686 1313 crit.
1701 1286 1772 1314 Cum
1789 1287 1873 1320 itaque

1093 1335 1120 1361 in
1146 1334 1259 1361 materia
1283 1333 1443 1360 vacantibus
1468 1333 1702 1367 comparationem
1723 1341 1779 1359 non
1803 1333 1873 1360 inve-

1092 1379 1176 1412 niam,
1191 1379 1384 1414 paradigmatis
1408 1378 1595 1405 materialibus
1621 1379 1779 1406 necessario
1807 1382 1872 1405 utor.

1091 1425 1181 1458 Quare
1197 1432 1230 1451 ne
1245 1423 1427 1458 reprehendo,
1439 1431 1474 1450 ne
1489 1422 1651 1458 indigneris,
1672 1430 1785 1450 causam
1807 1422 1873 1449 enim

1093 1469 1253 1505 ignorantia:
1273 1476 1339 1496 mea:
1357 1469 1433 1503 prius
1450 1469 1602 1495 enuntiari.
1626 1468 1701 1495 Mens
1716 1468 1875 1495 intrinsecus

1092 1523 1153 1550 quae
1167 1514 1304 1549 concepit,
1317 1522 1364 1541 seu
1376 1515 1493 1549 cogitata
1509 1522 1557 1541 sua
1573 1513 1677 1549 profert
1692 1513 1768 1548 apud
1785 1521 1822 1544 se,
1839 1512 1862 1539 id

1093 1570 1147 1596 que
1164 1569 1282 1595 semper,
1301 1569 1351 1588 nec
1369 1561 1578 1596 patiatur;qn:n
1602 1560 1713 1594 quidem
1746 1559 1817 1587 foras
1843 1558 1873 1585 ad

252 1601 566 1636 perpetuumdongeque
580 1601 821 1636 iucundissimum-
835 1602 958 1629 lncidisti
978 1606 1034 1629 tum
1053 1613 1075 1644 ο
1091 1607 1160 1634 alios
1175 1607 1310 1642 depromi,
1326 1611 1354 1634 et
1369 1608 1403 1634 ab
1416 1607 1451 1634 iis
1465 1606 1593 1641 cognosci
1617 1614 1671 1633 non
1690 1606 1876 1641 possunt.Nec

251 1654 362 1681 quoque
378 1646 405 1673 in
420 1647 539 1674 amicum
552 1647 630 1674 valde
647 1648 752 1675 clarum
764 1656 846 1682 quem
861 1648 954 1676 vidisti
968 1657 1040 1675 nun-

253 1699 347 1727 quam,
361 1692 504 1727 quaerebas
520 1697 611 1720 autem
634 1693 768 1728 reperire,
785 1699 814 1722 et
837 1694 932 1723 videre
957 1696 1039 1723 etiam

253 1738 352 1771 oculis,
365 1739 436 1765 sicut
452 1738 667 1774 cogitationibus
679 1739 784 1768 vidisti.
798 1740 946 1768 Absentem
967 1742 1039 1768 enim

252 1791 286 1810 ex
298 1783 368 1811 fatua
382 1789 488 1812 tantum
498 1785 643 1819 dilexeras,
653 1789 683 1812 ut
693 1785 810 1813 amicum
824 1786 905 1814 laude
915 1786 1039 1822 dignum,

251 1833 280 1856 et
298 1829 325 1856 in
342 1837 458 1857 numero
471 1830 677 1865 ponendum.Si
697 1831 748 1858 tibi
771 1832 919 1866 contigerit
938 1832 996 1859 hinc
1013 1833 1038 1860 in

252 1875 357 1903 somnis
368 1875 472 1909 videre,
484 1884 519 1904 an
539 1881 618 1912 potes
636 1877 740 1910 dicere,
763 1878 903 1912 quomodo
924 1882 980 1906 tum
1005 1879 1039 1906 ad

252 1921 342 1950 locum
358 1922 517 1956 accesseris,
531 1927 559 1951 et
576 1923 717 1958 quomodo
731 1923 758 1951 in
776 1923 879 1951 lectulo
893 1924 998 1959 jacens,
1011 1930 1040 1953 et

251 1975 375 2001 manens,
395 1973 423 1996 et
439 1968 591 2003 dormiens,
613 1973 642 1996 et
666 1969 775 1997 interno
802 1974 878 1997 motu
904 1970 1038 1997 immobili

250 2019 405 2042 commotus
421 2015 455 2042 ad
478 2023 524 2043 res
541 2015 653 2047 illas,ut
670 2016 798 2050 putabas.
813 2016 926 2047 adieris,
938 2015 1039 2050 quibus

250 2060 361 2087 tandem
378 2060 506 2095 pedibus,
520 2068 574 2096 qua
598 2068 682 2088 carne
710 2065 796 2088 totum
817 2069 929 2089 cursum
942 2069 1039 2096 repen-

250 2107 279 2132 te
293 2105 476 2139 celeriterque
497 2105 659 2140 peregeris?
681 2105 787 2138 Quibus
808 2105 897 2133 oculis
923 2105 1039 2134 intuitus

250 2149 289 2176 sis
303 2149 412 2181 faciem,
424 2151 525 2186 quibus
537 2151 652 2179 auribus
668 2151 800 2184 audieris,
813 2159 874 2186 quae
887 2156 913 2179 te
927 2152 1039 2181 audisse

250 2196 350 2229 putas?
363 2196 466 2231 quibus
480 2203 563 2232 porro
579 2197 662 2225 labiis
679 2197 798 2226 amicum
813 2197 971 2226 osculatus?
984 2205 1039 2233 quo

248 2248 309 2272 ore,
321 2249 374 2276 qua
393 2242 486 2278 lingua
499 2251 563 2270 eum
576 2243 733 2271 allocutus?
750 2243 819 2271 Vere
834 2243 903 2271 mihi
920 2251 1038 2279 respon-

1093 1653 1166 1680 cnim
1185 1658 1276 1688 potest
1292 1653 1374 1680 etiam
1393 1653 1497 1688 lingua,
1514 1658 1541 1680 ct
1559 1652 1593 1679 ad
1617 1652 1764 1679 audientes
1792 1651 1874 1679 notio-

1094 1707 1158 1726 num
1174 1702 1202 1726 et
1221 1698 1463 1734 intelligentiarum
1489 1706 1601 1726 suarum
1631 1698 1716 1725 fetum
1747 1697 1874 1732 proferre.

1093 1743 1285 1771 Verumtamen
1307 1743 1445 1778 quomodo
1462 1750 1516 1770 non
1533 1743 1628 1778 possit,
1648 1742 1743 1769 dicere
1756 1750 1809 1769 non
1833 1741 1877 1768 ha-

1093 1789 1145 1816 beo
1156 1796 1279 1823 prorsus.
1291 1789 1388 1815 Partus
1404 1788 1478 1815 enim
1494 1789 1606 1820 mentis,
1625 1788 1734 1815 tametsi
1754 1794 1875 1815 sermone

1093 1835 1148 1862 sint
1159 1834 1346 1869 explicabiles,
1358 1839 1448 1862 tamen
1471 1834 1618 1869 aliquando
1640 1841 1689 1861 eos
1711 1841 1803 1861 sermo
1832 1840 1876 1860 cr-

1093 1880 1211 1915 primere
1224 1879 1328 1914 nequit.
1344 1878 1372 1906 Si
1388 1879 1463 1905 enim
1479 1886 1572 1913 posses
1594 1878 1686 1908 cdere.
1702 1883 1730 1905 et
1746 1879 1773 1905 in
1794 1877 1875 1905 lucem

1092 1925 1199 1956 eﬂ‘crre,
1214 1929 1278 1958 tunc
1293 1924 1374 1951 etiam
1391 1924 1493 1950 donum
1507 1924 1677 1958 aliquantum
1697 1923 1810 1958 majoris
1834 1930 1876 1949 co-

1092 1971 1234 2006 gnitionis,
1245 1975 1273 1997 et
1287 1969 1322 1997 ab
1336 1970 1529 1997 universorum
1551 1969 1605 1997 Deo
1623 1969 1763 1997 charisma
1787 1969 1876 2003 qua'c-

1092 2024 1201 2051 cunque
1214 2015 1328 2043 haberet
1336 2016 1376 2042 ·”⁶.

1129 2062 1289 2097 Paradigma
1311 2061 1394 2088 breve
1409 2061 1435 2088 in
1450 2061 1522 2088 hanc
1545 2067 1601 2088 rem
1628 2059 1789 2087 aﬂ‘eremus.
1811 2058 1876 2085 ι]ιεί

1092 2107 1154 2142 quis
1168 2107 1202 2134 ad
1221 2107 1346 2134 homines
1364 2106 1478 2134 diversa:
1490 2106 1591 2142 lingua:
1619 2105 1740 2136 venerit,
1756 2109 1787 2132 et
1812 2109 1877 2131 tem-

1092 2160 1158 2187 pore
1189 2157 1323 2188 quantum
1352 2153 1486 2187 placuerit
1524 2151 1597 2187 apud
1621 2159 1670 2178 eos
1698 2152 1872 2184 consumpto.

1092 2205 1174 2226 voces
1189 2197 1300 2233 quidem
1318 2198 1391 2233 ipsas
1411 2198 1555 2234 intelligat,
1567 2205 1614 2225 eas
1639 2201 1729 2224 tamen
1747 2203 1798 2223 Ore
1820 2201 1878 2230 pro-

1092 2243 1219 2271 nuntiare
1252 2248 1382 2278 nequeat,
1413 2251 1465 2271 uec
1496 2243 1552 2271 ullo
1589 2242 1671 2270 modo
1720 2241 1876 2272 dialectum,

249 2287 345 2315 debis:
360 2288 419 2315 Non
439 2289 495 2316 vidi
513 2289 612 2317 faciem
635 2289 722 2317 oculis
738 2289 881 2324 corporis;
895 2289 1034 2324 quomodo
1050 2289 1074 2319 D
1086 2297 1134 2318 seu
1149 2289 1315 2325 peculiarem
1331 2290 1405 2326 genti
1419 2290 1539 2326 linguam
1565 2297 1614 2317 sua
1641 2288 1732 2323 lingua
1756 2293 1876 2315 versare.

248 2331 325 2359 enim
355 2334 518 2368 consopitus
545 2335 749 2362 vidcrem‘lsed
775 2335 876 2362 mentis
891 2339 920 2362 et
939 2335 1036 2362 animm

249 2377 374 2412 pupillis,
395 2379 447 2406 hoc
459 2385 565 2408 certum
581 2385 632 2408 est.
649 2380 676 2408 Si
695 2381 753 2408 haec
770 2380 838 2408 mihi
858 2381 1035 2415 respondeas,

248 2422 277 2450 id
301 2423 381 2458 dicis,
409 2425 483 2461 quod
511 2431 648 2454 amantem
674 2426 798 2454 veritatis
830 2426 920 2459 decet,
933 2430 961 2453 et
984 2434 1036 2462 ego

249 2470 436 2498 testimonium
454 2471 503 2500 tibi
519 2471 614 2503 feram.
626 2476 654 2500 et
669 2472 814 2500 assentiar.
828 2471 893 2500 Tale
918 2471 984 2506 quid
1001 2471 1036 2499 de

1090 2335 1155 2363 Tale
1168 2335 1250 2371 igitur
1266 2339 1294 2363 et
1309 2335 1378 2363 mihi
1395 2343 1447 2363 usu
1465 2335 1550 2362 venit.
1574 2334 1691 2362 Sensum
1712 2340 1745 2360 ac
1759 2337 1876 2360 mentem

1089 2381 1254 2416 scriptorum
1271 2381 1375 2416 optime
1394 2381 1537 2416 percipio;
1549 2380 1596 2408 sed
1611 2388 1672 2414 qua:
1690 2378 1811 2414 percepi,
1824 2384 1875 2404 non
1895 2403 1906 2417 ο

1089 2426 1172 2453 etiam
1186 2426 1280 2461 lingua
1294 2426 1457 2461 depromere
1474 2433 1595 2460 possum.
1615 2425 1668 2452 Sed
1697 2423 1771 2451 unde
1799 2421 1878 2449 delle-

1091 2472 1190 2504 ximus,
1205 2480 1238 2500 eo
1263 2480 1359 2500 rursus
1381 2471 1563 2502 redeundum,
1578 2477 1605 2498 et
1636 2470 1763 2505 probatio
1792 2467 1876 2502 major

997 2542 1136 2574 Scholia.

282 2606 291 2614 ‘
305 2603 455 2640 Sciendum,
470 2604 544 2632 aliud
567 2613 620 2632 esse
639 2606 809 2640 paradigma.
830 2606 904 2633 aliud
924 2607 1037 2640 paraba-

247 2640 314 2668 lam.
326 2639 491 2674 Paradigma
515 2640 621 2673 quidem
633 2644 681 2672 est,
693 2642 715 2667 si
731 2639 817 2668 simile
837 2641 918 2669 simili
944 2642 1036 2673 confe-

248 2683 318 2705 ram.
334 2679 358 2701 et
372 2683 526 2710 componam
539 2682 548 2701 :
562 2679 590 2700 ut
614 2675 747 2702 rationale
771 2685 830 2702 cum
859 2676 996 2707 rationali,
1010 2681 1034 2702 et

247 2710 359 2737 rationis
379 2717 470 2744 expers
484 2717 543 2736 cum
558 2710 669 2736 rationis
685 2716 801 2744 exparte.
821 2711 963 2740 I’arabola,
977 2719 1036 2736 cum

247 2745 393 2780 iquuale,
404 2753 450 2770 seu
479 2744 605 2780 dissimile
620 2753 677 2770 cum
689 2779 692 2780 ν
705 2745 837 2775 dissimili.
849 2750 876 2771 ut
904 2746 1036 2772 hominem

249 2778 312 2806 cunt
328 2779 411 2810 leone,
423 2783 469 2805 aut
484 2778 589 2812 planta,
602 2783 648 2805 aut
666 2779 719 2806 alio
734 2781 894 2814 Itujusmorlt'.

287 2816 307 2825 "
321 2814 537 2850 Compar-alioue:
562 2814 630 2840 enim
648 2815 676 2840 in
698 2816 737 2841 liis
765 2823 823 2850 qua:
840 2815 956 2848 rjusdem
975 2819 1037 2841 sunt

248 2849 493 2884 generia,adhiberi
516 2853 769 2884 consueveramus:
790 2850 917 2876 similibus
941 2850 1036 2884 quippe

251 2883 349 2910 similia
377 2883 522 2910 discuntur.
542 2883 581 2910 Nc
596 2884 677 2917 igitur
694 2886 781 2911 omnia
809 2886 834 2911 in
853 2885 1036 2918 parndigmate

255 2918 411 2951 respondere
424 2918 548 2951 postules,
563 2923 608 2945 aut
621 2920 646 2945 in
666 2924 736 2954 typo,
748 2925 793 2946 aut
811 2921 836 2946 in
849 2920 972 2954 imagine.
987 2919 1038 2946 Nec

1091 2608 1162 2633 enim
1188 2606 1243 2638 iam
1268 2607 1439 2640 parndigma.
1460 2610 1506 2632 aut
1533 2609 1620 2640 typus.
1633 2608 1679 2630 aut
1695 2604 1784 2640 imago
1801 2607 1875 2632 esset,

1090 2642 1113 2668 si
1125 2637 1229 2668 haberet
1242 2637 1331 2668 omnia
1344 2637 1472 2670 ulisolute,
1483 2637 1578 2675 (lamin
1592 2640 1650 2674 ipsa
1667 2646 1694 2664 re
1706 2646 1765 2666 vere
1775 2637 1875 2667 insunt,

1090 2677 1135 2703 sed
1150 2676 1218 2701 idem
1235 2684 1352 2708 prorsus.

1126 2711 1157 2720 “'
1173 2711 1343 2738 Gennadius.
1360 2710 1404 2737 list
1413 2711 1481 2737 enim
1490 2710 1612 2744 cognitio.
1624 2716 1682 2743 qua:
1697 2715 1817 2734 sermone
1830 2714 1876 2733 cx-

1090 2745 1185 2779 plit‘ari
1200 2750 1282 2778 potest
1304 2745 1400 2779 alisque
1423 2743 1542 2771 sermone
1557 2749 1600 2771 :el
1619 2748 1656 2769 est
1678 2743 1790 2779 (agnitio
1816 2749 1875 2779 tum

1089 2776 1218 2806 sermone.
1235 2780 1302 2806 Sunt
1320 2776 1387 2806 cnim
1405 2779 1492 2810 multi,
1516 2779 1690 2813 cognitionem
1708 2776 1813 2813 quidem
1829 2776 1876 2801 lia-

1091 2815 1188 2843 benles.
1199 2823 1346 2841 sermonem
1365 2811 1589 2849 ucquaquamfut
1612 2811 1750 2845 itliottvpct
1764 2811 1808 2846 qui
1824 2817 1875 2849 nou

1093 2854 1200 2886 possunt
1213 2850 1363 2886 signi/iram
1378 2847 1408 2876 ac
1423 2847 1514 2886 (locere
1527 2848 1670 2886 perspicue,
1683 2855 1741 2882 qam
1751 2847 1876 2886 in'meute

1093 2884 1196 2911 habent.
1207 2890 1229 2910 rt
1245 2885 1368 2918 proferre,
1380 2885 1460 2911 donec
1479 2885 1547 2911 Drus
1563 2884 1600 2910 Iris
1618 2891 1763 2909 scrmout'm
1779 2884 1873 2906 intuer-

1095 2925 1190 2946 lll‘t‘l'll.
