2032 3156
188 201 241 233 865

908 199 1086 230 DIOPTRA.

1755 205 1815 238 866

188 247 313 292 ponenda
332 255 359 283 ln
376 263 471 282 eorum
486 255 668 291 gratiam,qui
686 262 729 282 res
750 255 848 282 anima:
864 262 880 282 e
894 255 1010 289 ιοειί--Α
1026 263 1107 291 quam
1130 256 1196 291 justi
1216 261 1282 285 sunt
1308 257 1445 293 adepturi,
1471 259 1594 294 quando,
1610 263 1640 287 ut
1661 259 1815 294 docuimtis,

187 301 286 329 moniis
301 301 520 336 Scripturarum,
545 306 573 329 et
589 301 713 329 doctrina
743 309 820 329 sacra
837 301 976 336 perdisce-

186 354 214 374 re
231 346 356 381 cupiunt.
366 346 417 374 Per
428 353 489 381 quae
500 345 741 381 quantumjanimae
753 345 861 373 valeant
871 345 976 380 perspi-

185 392 251 419 eius.
267 392 368 420 Verum
385 399 445 427 age,
459 399 521 426 quin
537 391 581 418 hic
595 391 698 426 scripta
715 395 781 418 sunt
796 390 873 417 audi.

316 447 357 474 Ex
371 446 471 483 Cyriilo
486 446 641 482 patriarcha
656 446 848 473 Alexandrino.

220 505 345 532 Rationis
360 513 455 540 capax,
469 509 498 532 et
514 494 783 539 intelligensianima,
796 508 857 538 post
870 503 973 530 disces-

183 560 243 579 sum
261 559 295 579 ex
311 551 364 578 hoc
386 559 504 586 corpore
523 556 551 578 et
574 551 653 581 Vivit,
667 554 695 577 et
712 554 865 585 permanet,
888 555 917 576 et
933 549 975 576 lo—

188 598 285 632 quitur
303 602 498 632 congruenter.
509 602 537 624 et
553 601 685 632 operatur
700 595 839 628 similiter,
854 602 909 622 non
921 595 973 622 sub
1008 622 1013 626 _

182 643 310 678 imagine,
339 643 387 671 sed
416 651 479 671 vere
506 647 534 670 et
550 642 779 674 substantialiter,
799 649 862 676 erga
886 641 973 668 Deum

182 689 287 716 habens
317 688 456 720 ﬁduciam,
477 696 532 723 quo
555 689 669 723 jubente
700 687 820 714 mittitur
845 686 874 723 in
903 686 974 714 hanc

180 735 276 767 vitam,
293 738 404 769 propter
434 734 550 761 aliorum
566 734 716 760 multorum
737 731 972 760 commoditatem.

182 779 289 807 Etenim
303 788 365 807 cum
378 788 487 814 semper
503 784 656 812 moveatur,
672 786 812 814 nunquam
837 786 891 805 non
907 778 972 814 agit.

181 827 254 853 Deus
280 826 374 860 utique
395 834 451 853 non
479 830 524 853 est
552 830 737 858 mortuorum,
760 824 809 852 sed
835 824 971 856 vivorum,

179 879 278 910 onines
304 873 378 900 enim
401 871 440 899 illi
468 871 577 899 vivunt.
593 871 670 905 Quod
692 871 715 899 si
741 878 797 898 non
823 876 974 905 operantur

180 919 278 946 animae
292 924 334 954 (ut
348 918 440 946 multis
456 919 568 954 placet),
581 925 671 953 neque
685 918 768 946 etiam
787 918 894 945 vivunt.
906 917 974 944 Nam

180 972 236 991 non
254 965 373 999 operari,
386 972 533 1000 corporum
548 969 591 992 est
606 968 789 996 mortuorum,
801 967 829 990 et
843 963 974 990 immobi-

184 1010 263 1037 lium.
277 1011 349 1038 Deus
369 1011 526 1046 spirituum,
543 1015 570 1038 et
586 1010 677 1038 omnis
689 1010 791 1038 carnis.
805 1010 878 1037 Deus
891 1009 974 1045 spiri-

187 1061 276 1089 tuum,
288 1057 414 1085 videlicet
428 1058 592 1084 animarum.
605 1057 689 1084 Aiunt
702 1057 794 1091 itaque
807 1060 863 1083 tres
877 1056 972 1090 pueri:

189 1114 197 1129 ι
220 1103 387 1136 Bcnedicite,
411 1103 524 1138 spiritus
544 1107 572 1130 et
592 1103 690 1130 anima:
709 1103 857 1138 justorum,
882 1102 969 1129 Domi-

181 1149 289 1177 no“-”.
297 1149 387 1182 iQuod
395 1149 543 1176 laudantet
552 1148 857 1181 benedicuntjustorum
865 1148 972 1180 animm,

180 1202 237 1221 non
253 1198 295 1222 est
308 1194 514 1226 dormientium,
537 1201 589 1220 nec
607 1193 771 1220 otiosorum.
787 1193 821 1220 Et
832 1193 880 1228 qui
898 1192 973 1220 videt

181 1239 291 1266 animas
306 1243 476 1271 sanctorum,
489 1238 596 1265 animas
609 1242 768 1265 sanctorum
779 1238 864 1265 videt.
878 1238 911 1265 Et
923 1238 971 1273 qui

179 1284 257 1312 videt
272 1284 429 1319 angelorum
446 1283 591 1314 visionem,
610 1283 721 1318 angelos
747 1282 832 1310 videt.
847 1282 881 1310 Et
903 1282 971 1310 ordo

179 1331 207 1358 in
226 1331 350 1357 ordinet!)
366 1338 420 1357 non
436 1333 624 1361 convcrtetur,
638 1331 734 1363 etqine
751 1333 907 1363 sequuntur
919 1329 969 1363 (a).

215 1376 313 1403 ΑΜΜΑ.
339 1375 366 1402 Si
392 1376 476 1410 igitur
502 1375 678 1401 verissimum
697 1379 750 1406 est,
772 1379 801 1401 ut
819 1379 862 1401 est
878 1374 969 1408 plane,

180 1424 287 1449 animas
318 1422 455 1449 bonorum
481 1421 509 1448 in
538 1420 637 1448 coelum
666 1420 795 1452 subvehi,
823 1419 852 1446 in
869 1419 971 1454 quibus

179 1469 250 1496 iocis
276 1469 323 1495 Dei
342 1468 439 1500 Filius,
462 1475 544 1502 super
566 1467 676 1498 throno,
696 1466 730 1493 ad
756 1465 898 1492 dexteram
921 1464 970 1492 Dei

178 1516 270 1543 Patris
297 1515 409 1547 residet,
424 1519 453 1542 ut
470 1514 604 1549 scriptum
619 1507 666 1540 est.
676 1513 706 1545 ”,
719 1516 747 1539 et
763 1510 970 1538 ministratoris;

179 1562 299 1589 virtutes
323 1570 385 1588 cum
406 1561 504 1588 timore
530 1561 736 1591 circumastant,
760 1563 789 1585 ut
813 1557 870 1594 jam
888 1561 969 1585 antea

177 1607 304 1635 secundo
327 1606 400 1633 libro
417 1606 546 1638 docuisti,
561 1605 718 1633 evehuntur
731 1610 836 1637 autem,
849 1608 880 1630 ut
897 1611 968 1638 pra:-
983 1608 1004 1637 ο

177 1653 233 1680 mia
258 1660 421 1680 coronarum
442 1651 588 1686 accipiant,
604 1650 716 1685 quando
736 1650 825 1678 Judex
845 1650 970 1677 omnium

176 1698 212 1726 ad
223 1698 360 1734 judicium
379 1697 565 1725 exercendum
581 1696 699 1727 venerit,
710 1704 776 1723 num
793 1700 865 1722 tanta
883 1696 970 1730 gloria

174 1743 282 1779 poterit
297 1743 456 1779 contingere
467 1744 606 1778 quidpiam
616 1742 784 1778 jucundius?
798 1742 831 1769 Et
845 1749 969 1777 quanam

174 1790 294 1817 omnino
310 1788 397 1824 gloria
414 1789 466 1816 hac
477 1788 651 1823 prmstantior
666 1788 824 1823 contingat:
838 1792 886 1814 aut
899 1795 969 1821 quo-

174 1835 264 1862 modo
284 1835 453 1870 gloriﬁcetur
472 1842 556 1870 penes
568 1834 642 1870 quod
669 1839 710 1862 est
736 1834 826 1861 omnis
842 1833 969 1869 gloria,et

172 1880 295 1916 gloriam
328 1888 436 1907 omnem
464 1887 676 1914 sermonemque
714 1879 868 1913 superans?
889 1878 969 1913 Apud

172 1934 264 1962 quem
280 1933 346 1954 sunt
372 1933 470 1953 omnes
495 1924 595 1953 divina:
619 1924 713 1960 gloria:
745 1924 876 1951 thesauri.
901 1924 970 1951 Nam

173 1972 256 2009 quod
272 1973 381 2008 plenum
397 1977 449 2006 est,
463 1976 576 1999 externa
591 1970 750 1998 accessione
766 1969 838 1996 haud
852 1969 966 2004 indiget.

172 2019 334 2047 Animabns
351 2023 442 2046 autem
469 2022 574 2045 tantum
594 2016 753 2051 impertitur
767 2015 860 2051 gloria:
875 2020 903 2043 et
916 2016 970 2043 cla-

173 2067 280 2098 ritatis,
295 2064 388 2092 habita
400 2063 506 2091 ratione
518 2063 652 2098 cujusque
665 2062 840 2095 meritorum,
855 2067 885 2090 ut
898 2062 970 2089 mulo

172 2119 234 2140 tum
253 2111 335 2139 etiam
352 2109 481 2145 supersit.
492 2109 565 2136 Idem
582 2108 688 2143 angelis
701 2107 760 2134 fit”.

207 2158 296 2187 Cano.
312 2157 391 2185 Nunc
408 2165 471 2192 pars
487 2156 595 2183 modica
609 2155 701 2191 gloria!
726 2155 800 2182 illius
821 2155 967 2187 universae,

171 2209 223 2232 aut
242 2204 341 2238 pignus
357 2202 449 2237 potius
474 2201 611 2236 quoddam
631 2199 806 2232 conceditur,
822 2200 894 2227 unde
907 2205 967 2228 tan-

172 2257 261 2286 quam
277 2257 311 2277 cx
331 2256 420 2284 ungue
436 2248 545 2275 leonem
567 2246 708 2282 conjicias,
722 2246 825 2282 gloriae,
841 2247 965 2281 inquam,

213 2315 275 2331 “"‘
292 2315 359 2342 Dan.
374 2321 415 2346 ιιι,
432 2313 476 2340 86.
496 2317 498 2319 ’
517 2311 539 2327 ¹⁸
557 2311 661 2339 Coloss.
675 2319 716 2344 ιιι,
736 2311 761 2338 1.

803 2311 835 2327 η’
848 2311 926 2339 Joan.
942 2319 988 2347 xx,
1005 2313 1051 2340 2|.

1028 300 1056 327 in
1072 301 1159 336 gloria
1174 302 1328 337 judicatum
1354 304 1473 338 venerit,
1489 310 1515 332 et
1545 311 1662 340 corpora
1692 306 1816 335 rediviva

1027 346 1189 381 prodibant,
1203 353 1234 375 ut
1251 348 1334 376 simul
1364 349 1450 385 gloria
1478 350 1632 378 aﬂiciantur
1656 355 1684 378 et
1700 352 1815 388 majore,

1025 397 1053 420 et
1077 392 1238 428 insigniore,
1258 398 1287 422 et
1306 396 1436 430 gaudium
1453 403 1487 423 ex
1510 396 1620 431 gaudio,
1644 397 1759 432 gloriam
1781 405 1816 425 ex

1025 437 1111 471 gloria
1127 439 1291 473 percipiant,
1305 446 1439 475 przesente
1453 441 1507 476 jam
1520 441 1573 469 ﬁne
1586 442 1677 469 saeculi
1690 449 1753 469 cum
1765 442 1816 469 Do-

1025 485 1116 512 minus
1124 486 1157 512 ad
1166 485 1248 514 linem
1259 487 1342 514 rebus
1351 487 1536 516 inducendum
1545 490 1664 521 venerit,
1675 493 1705 515 ut
1713 488 1770 516 dixi
1782 487 1817 516 ".'

1058 531 1174 564 Quando
1206 533 1290 568 igitur
1308 533 1446 561 ‘Salvator
1462 542 1624 570 exsurgens
1639 543 1655 563 e
1672 535 1813 570 sepulcro,

1024 577 1149 612 primum“
1158 577 1191 605 ad
1215 577 1366 614 discipulos
1395 579 1470 607 intus
1489 585 1669 616 congregatos
1688 585 1815 613 accessu,

1024 629 1052 651 et
1085 631 1180 659 pacem
1213 624 1290 652 dedit
1306 625 1328 641 ¹³
1339 627 1359 658 ·,
1372 630 1402 653 ιιι
1429 626 1558 661 princeps
1587 626 1663 661 pacis
1675 626 1697 642 “
1713 633 1817 653 munus

1025 670 1173 697 maximum
1191 671 1317 698 divinum
1335 671 1463 706 spiritum
1478 672 1518 699 eis
1530 672 1657 699 donavit.

1060 717 1156 744 Amm.
1173 718 1244 745 Num
1268 718 1388 754 perfecte
1401 725 1428 746 et
1445 719 1551 754 integre
1578 719 1707 755 spiritum
1734 726 1815 747 acce-

1024 769 1134 798 perunt,
1144 769 1193 791 aut
1206 763 1274 799 quid
1294 764 1421 792 tandem?

1058 807 1139 836 Cano.
1165 808 1203 836 Ne
1221 808 1295 836 istud
1325 808 1439 843 cogites,
1452 816 1521 836 neve
1547 809 1634 842 dicas,
1645 817 1700 837 non
1715 814 1813 843 totum,

1026 858 1216 895 unumaautem
1250 858 1316 882 tunc
1343 854 1492 887 charisma,
1505 855 1631 882 solvendi
1657 856 1815 891 lig’andiqne

1026 899 1185 927 hominibus
1214 905 1324 934 peccata
1357 905 1531 935 acceperunt.
1558 901 1627 928 Cum
1656 902 1815 929 advenisset

989 937 1119 972 Bantem
1148 945 1302 973 destinatus
1332 946 1403 978 dies,
1432 946 1560 981 discipuli
1586 947 1701 982 gratiam
1729 952 1814 975 totam

1025 989 1140 1024 spiritus
1162 996 1340 1026 acceperunt.
1361 991 1456 1019 Simile
1482 991 1517 1019 de
1543 993 1687 1020 animabus
1712 993 1813 1028 cogita.

1024 1043 1086 1062 cum
1099 1036 1232 1071 judicium
1250 1037 1497 1072 renerit,et-judex
1507 1037 1660 1070 sederit,ut
1675 1038 1703 1065 in
1720 1046 1748 1065 ιιι
1764 1039 1814 1066 lib.

1024 1081 1128 1108 dictum
1142 1086 1194 1109 est.
1211 1082 1288 1109 Nune
1312 1083 1396 1109 etiam
1418 1090 1504 1118 super
1521 1083 1573 1111 hoc
1592 1084 1748 1120 paradigma
1765 1092 1814 1120 pn-

1024 1127 1157 1154 nendum.
1173 1127 1208 1154 Et
1223 1127 1334 1162 plurimi
1354 1133 1382 1155 et
1397 1128 1496 1163 optimi
1511 1129 1564 1156 viri
1586 1130 1612 1156 in
1635 1130 1716 1165 regali
1737 1130 1812 1164 pala-

1025 1172 1062 1198 tio
1091 1173 1205 1206 degunt,
1227 1176 1256 1200 et
1281 1177 1406 1208 tempore
1430 1174 1572 1209 aliquanto
1599 1175 1656 1210 regi
1678 1176 1813 1210 serviunt,

1022 1225 1087 1245 eum
1115 1218 1261 1246 intuentur
1287 1219 1413 1254 quotidie
1450 1225 1478 1247 et
1501 1225 1692 1248 amantznou
1722 1226 1814 1250 tamen

1021 1263 1114 1291 statim
1134 1264 1274 1292 honorum
1294 1266 1407 1300 praemia
1431 1270 1650 1300 consequuntur,
1669 1267 1716 1294 sed
1739 1272 1813 1302 post,

1022 1316 1053 1337 ut
1070 1315 1221 1343 merent-ur,
1235 1311 1271 1338 ita
1286 1312 1327 1339 eis
1347 1312 1434 1347 gratia
1450 1312 1580 1344 refertur,
1595 1317 1622 1340 et
1641 1313 1812 1346 conditione,

1020 1360 1049 1384 et
1065 1357 1188 1389 nomine,
1197 1361 1225 1384 et
1238 1357 1383 1390 ordine,et
1396 1358 1472 1385 omni
1484 1357 1649 1393 dignitatum
1659 1358 1813 1393 splendore

1021 1403 1246 1431 eohonestantur.
1257 1404 1317 1431 Non
1334 1404 1483 1432 admodum
1499 1404 1641 1432 dissimilis
1653 1409 1695 1432 est
1706 1406 1812 1433 anima.

1021 1457 1082 1476 rum
1099 1449 1214 1476 ratio.in
1228 1449 1304 1477 cmlis
1318 1450 1428 1485 quidem
1444 1450 1564 1485 perfecte
1576 1450 1715 1483 habitant,
1731 1450 1814 1479 Crea.

1021 1495 1130 1530 torique
1145 1495 1316 1528 assistentes,
1327 1504 1390 1523 eum
1404 1495 1626 1531 contemplantur
1637 1499 1665 1522 et
1676 1496 1811 1530 gaudent,

1021 1541 1074 1568 Sed
1088 1548 1150 1568 cum
1174 1540 1285 1568 tandem
1308 1549 1410 1577 corpus
1434 1549 1545 1577 quoque
1560 1541 1587 1568 in
1607 1542 1814 1569 resurrectione

1021 1587 1067 1615 illa
1080 1587 1203 1615 omnium
1221 1589 1362 1615 communi
1382 1589 1550 1624 receperint,
1571 1593 1638 1616 tunc
1653 1589 1734 1616 etiam
1751 1596 1814 1624 gra-

1020 1635 1066 1662 tiae
1082 1636 1197 1670 gloriam
1219 1641 1247 1664 et
1268 1636 1393 1664 laborum
1412 1637 1522 1672 praemia
1538 1637 1713 1673 plenissima,
1729 1642 1812 1664 coro-

1022 1684 1126 1717 nasque
1139 1682 1340 1718 adipiscentur.

1319 1748 1432 1776 CAPUT
1451 1747 1533 1775 XVII.

1021 1801 1153 1830 Christum
1168 1811 1226 1830 cunt
1245 1805 1348 1830 latrone
1360 1804 1388 1830 in
1402 1804 1557 1838 paradisum
1570 1803 1648 1830 illum
1659 1806 1810 1829 terrestrem

1056 1846 1108 1864 non
1133 1839 1275 1878 intraiisse,
1291 1846 1343 1878 nec.
1368 1838 1453 1864 ultam
1479 1839 1632 1878 animarum
1658 1843 1812 1864 sanctorum

1055 1877 1113 1907 post
1126 1873 1184 1906 ejus
1204 1874 1420 1899 resurrectionem
1437 1881 1468 1900 eo
1485 1873 1612 1899 introire.

1054 1928 1165 1956 Christo
1182 1929 1323 1962 cruciﬁxo,
1331 1933 1360 1957 et
1373 1927 1404 1956 in
1423 1929 1507 1957 vitam
1533 1934 1658 1963 reverso,
1669 1929 1811 1964 nunciam

1019 1975 1100 2003 nobis
1125 1975 1252 2003 fidelibus
1267 1980 1329 2011 post
1346 1980 1510 2011 praesentem
1528 1976 1611 2003 vitam
1630 1976 1766 2009 terrestri,
1780 1982 1808 2003 t't

1019 2022 1073 2050 sub
1088 2029 1198 2050 sensum
1211 2023 1326 2049 cadente
1341 2022 1468 2057 paradiso
1482 2030 1538 2050 non
1553 2027 1596 2050 est
1609 2030 1690 2058 opus,
1702 2023 1806 2057 ingres-

1019 2076 1050 2096 su
1071 2068 1099 2096 in
1125 2068 1225 2096 cadum
1261 2068 1392 2095 onmibus
1429 2068 1577 2103 patefacto,
1607 2068 1811 2095 exsultantibus

1018 2122 1128 2151 semper
1143 2115 1215 2150 apud
1228 2115 1373 2150 ipsum,-ut
1387 2120 1416 2143 et
1431 2122 1481 2143 nos
1500 2115 1598 2147 simus,
1613 2115 1659 2142 ubi
1679 2115 1737 2149 ipse
1755 2119 1808 2141 est.

1018 2158 1064 2185 Ait
1092 2159 1178 2192 enim,
1194 2168 1203 2185 ι
1221 2163 1250 2186 ut
1276 2159 1322 2186 ubi
1343 2167 1394 2194 ego
1415 2166 1487 2192 sum,
1499 2164 1527 2186 et
1544 2167 1597 2186 vos
1617 2160 1718 2186 sitis”.
1731 2159 1808 2192 Quod

1019 2211 1102 2239 porro
1118 2205 1302 2233 Damascenus
1321 2206 1371 2239 ait,
1401 2205 1428 2232 in
1453 2206 1581 2241 sepulcro
1595 2213 1721 2241 corpore,
1737 2206 1808 2240 apud

1020 2249 1122 2289 inferos
1131 2251 1233 2284 anima,
1246 2257 1275 2279 ut
1283 2253 1355 2280 Deus
1365 2253 1392 2280 in
1403 2253 1530 2288 paradiso
1546 2260 1609 2280 cum
1625 2253 1809 2287 latronc(l7),

1091 2314 1112 2330 ”‘
1129 2315 1179 2342 isa.
1196 2323 1233 2348 ix,
1245 2315 1272 2342 ϐ.
1312 2315 1334 2332 ¹⁸
1348 2315 1427 2343 Joan.
1443 2323 1500 2347 xiv,
1519 2314 1544 2341 5.

793 2369 903 2400 Jacobi
918 2370 1057 2402 Grelseri
1080 2376 1174 2403 noue.

216 2435 271 2469 (_|'i)
287 2434 369 2461 Docet
384 2439 478 2460 aucior
496 2433 631 2469 lati-Oncm
649 2432 684 2469 _in
702 2431 860 2469 paradisum
875 2437 964 2469 t_e_rre-

174 2466 268 2500 streni
291 2469 430 2496 inductum
447 2476 481 2495 ex
504 2468 550 2494 illo
568 2467 703 2501 promisso
729 2467 855 2494 Christi:
879 2466 964 2493 Hodie

174 2512 282 2534 mecum
299 2505 349 2529 eris
362 2504 390 2529 in
411 2503 546 2537 paradiso.
568 2503 620 2530 Sed
633 2502 787 2529 communis
799 2506 905 2529 ettvera
920 2510 968 2528 ex-

175 2539 282 2577 positio
299 2542 341 2577 est
355 2538 493 2577 Christum
514 2538 615 2564 latroni
631 2538 684 2564 illis
695 2537 788 2577 verbis
806 2537 968 2577 promisisse

174 2572 314 2603 insionem
331 2573 495 2602 beatilicaln,
507 2580 622 2606 eamque
635 2573 754 2606 paradisi
765 2572 876 2599 nomine
893 2572 968 2599 desi—

172 2619 288 2648 gnasse.
308 2609 384 2648 Vide
403 2607 721 2648 Franciscum“Sparez.
750 2612 816 2647 tom.
829 2607 855 2648 Ill
875 2608 921 2634 5-5
940 2615 966 2642 p.

223 2645 336 2673 Thema:
353 2644 386 2670 ad
410 2646 462 2669 art.
479 2650 509 2675 ιι,
523 2650 550 2677 (ι.
569 2641 612 2668 46.
629 2642 658 2668 In
676 2643 784 2670 caeteris
810 2643 890 2676 plane
908 2651 963 2669 non

1017 2433 1091 2461 favet
1110 2433 1222 2469 Dioptra
1237 2434 1324 2462 errori
1343 2432 1808 2469 recentiorumGrmcorum,passe-

1018 2470 1150 2501 rentium,
1162 2466 1283 2496 animam
1295 2470 1434 2504 justorum
1446 2473 1510 2495 ante
1521 2468 1593 2504 diem
1607 2466 1702 2502 judieii
1719 2467 1808 2492 benti-

1019 2504 1114 2531 tudine
1138 2513 1193 2531 non
1213 2502 1405 2539 perfruigimo
1430 2504 1562 2539 adversus
1587 2502 1661 2539 hunc
1685 2509 1806 2528 erronem

1017 2540 1109 2566 omnia
1129 2537 1219 2566 verba
1236 2540 1352 2574 bioptrw
1377 2540 1428 2566 hoc
1447 2538 1544 2574 eodem
1569 2537 1659 2571 capite
1683 2543 1806 2574 pugnare

1018 2574 1160 2601 videntur.
1178 2575 1214 2601 De
1231 2571 1291 2609 quo
1305 2574 1389 2600 multa
1403 2574 1484 2600 etiam
1500 2573 1658 2609 Gennadius
1673 2571 1806 2609 adversus

1017 2611 1165 2644 populares
1182 2606 1247 2637 suos
1269 2609 1379 2636 Graecos
1408 2609 1435 2635 in
1459 2608 1615 2643 Defensioue
1631 2613 1678 2641 pro
1693 2606 1806 2633 concilio

1019 2645 1185 2672 Florentino.

943 2691 1080 2722 Scholia.

214 2743 393 2779 ‘Dionysius.
421 2741 525 2779 Etenim
551 2741 588 2767 ita
609 2741 782 2776 intelligentes
808 2741 963 2779 angelorum

172 2785 289 2807 naturus
306 2776 423 2805 novimus
436 2777 519 2803 adhuc
535 2784 675 2807 assumere,
700 2785 853 2810 surriperque
872 2785 887 2802 ιι
905 2776 962 2811 glo-

171 2817 216 2842 ria
236 2815 262 2840 in
288 2814 413 2849 gloriam,
435 2817 457 2838 et
473 2821 488 2837 [ι
504 2812 650 2849 cognitione
670 2813 696 2838 in
715 2812 933 2846 cognitiunem,ct
947 2820 963 2838 α

170 2845 304 2877 charitoth
318 2850 344 2876 in
359 2849 515 2875 cliaritutem
529 2845 664 2881 proﬁcere.

1054 2745 1073 2753 "
1090 2744 1158 2770 Pura
1177 2752 1297 2778 quamam
1317 2744 1378 2769 doni
1395 2747 1431 2770 est
1450 2743 1575 2774 arrlmbo,
1589 2745 1612 2767 cl
1628 2750 1711 2778 pqr-va
1729 2745 1805 2775 gutta

1016 2778 1048 2804 de
1065 2780 1152 2812 gratia
1167 2776 1224 2805 ifla.
1238 2779 1307 2805 ’lunc
1327 2779 1447 2805 universa
1463 2778 1550 2813 gratia
1571 2777 1631 2803 doni
1647 2776 1742 2813 Christi
1753 2780 1805 2801 (ta-

1017 2813 1086 2839 bitur
1097 2813 1255 2845 hontinibus,
1271 2819 1294 2839 ut
1311 2814 1416 2840 tristitia
1431 2812 1512 2848 quam
1528 2812 1622 2839 (altilem
1638 2812 1734 2838 animo:
1745 2818 1805 2848 pec-

1016 2854 1147 2881 catorum,
1159 2848 1431 2884 infernalis-auunlicii
1450 2857 1512 2883 pars
1530 2852 1577 2874 cst.
1598 2848 1626 2874 Si
1641 2847 1698 2873 sola
1713 2847 1805 2873 anima

211 2910 251 2943 (α)
267 2909 354 2936 Locus
378 2907 485 2942 longior
501 2910 544 2933 est
567 2905 701 2943 fortassis,
716 2906 749 2931 .in
766 2904 845 2932 libris
879 2910 974 2933 contra
993 2905 1131 2935 Iulianum
1154 2916 1159 2935 :
1175 2912 1203 2935 et
1220 2908 1276 2943 ipsa
1292 2908 1394 2943 scripta
1422 2908 1452 2936 Β.
1465 2908 1558 2942 Cyrilli
1590 2911 1707 2938 exstant,
1731 2904 1807 2933 unde

171 2945 228 2971 sibi
243 2940 350 2978 reliqua
365 2940 457 2978 petere
475 2943 537 2977 quis
557 2940 828 2977 poteritJ’oxnxus.
