2032 3156
259 228 311 260 863

872 225 1042 255 PlIILlPl'I
1063 225 1260 255 SOLlTARll

1823 225 1869 257 £64

260 283 387 315 densum,
404 287 495 310 tamen
517 281 595 309 facile
609 284 747 314 penetral,
771 283 954 313 naturamque
978 279 1044 306 ferri
1060 279 1241 313 Aspiritibus
1269 284 1296 306 et
1322 279 1466 306 animabus
1495 279 1630 313 concipe:
1647 279 1705 311 has,
1726 286 1785 306 cum
1812 279 1869 308 hinc

260 329 384 363 ignitam,
398 332 426 355 et
443 328 533 362 ignem
549 326 632 354 ellicit
643 334 650 352 :
663 325 737 361 quod
751 333 813 353 cum
825 325 1043 360 alioquinigrum

260 375 307 406 sit,
324 373 457 405 rubescit,
483 378 511 401 et
529 373 678 400 obscurum
693 372 788 407 fulget,
804 375 832 399 et
847 371 976 406 frigidum
999 379 1046 399 ca-

259 419 338 446 lescit
359 423 388 446 et
416 418 581 448 incenditur.
596 423 625 445 et
650 417 723 445 urit?
740 417 813 452 quod
826 417 899 452 tangi
925 422 1042 452 poterat,

259 469 371 500 propter
386 470 543 499 susceptum
570 464 659 500 ignem
678 464 714 491 sit
735 463 925 495 intractabile;
950 462 986 490 ita
1014 468 1043 490 tu

257 511 291 538 de
308 511 407 541 anima,
426 515 453 537 et
470 511 504 538 de
522 511 583 546 ejus
598 510 745 546 splendore
756 509 836 536 velim
860 510 1040 541 ratiocineris,

258 565 274 583 a
286 564 341 590 quo
361 564 394 583 ex
411 556 568 583 Divinitatis
586 556 818 590 contemplatione
838 555 975 587 clarescit,
995 563 1042 590 po-

258 605 365 635 testque
380 601 557 628 intellectuali
570 600 652 627 modo
668 601 772 632 videre,
794 600 879 635 loqui,
895 606 922 628 et
935 601 1041 634 audire,

258 652 286 673 et
296 647 398 674 sentire
418 647 522 679 lumen,
538 651 638 674 etcum
655 647 763 682 angelis
775 647 914 674 exsultare
932 647 1040 682 gaudio,

256 696 285 719 et
298 692 395 720 eadem
405 699 467 719 cum
481 692 535 720 illis
552 692 783 727 contemplatione
796 691 911 727 perfrui,
932 696 960 719 et
978 700 1043 719 con-

258 737 421 771 tubernalis,
437 742 465 765 et
478 738 662 765 cohabitatrix
674 738 811 773 justorum
824 737 955 772 appellari
967 745 974 763 :
987 745 1042 764 non

259 788 350 810 tamen
367 783 518 810 secundum
538 791 648 810 sensum
664 783 798 818 corporis,
816 783 863 810 sed
888 783 1043 818 intelligen-

259 828 324 854 tiam
335 828 432 856 solam.
448 828 518 856 Sunt
530 829 603 856 enim
628 829 686 856 haec
702 829 838 864 ejusmodi
863 832 961 856 natura
982 836 1041 861 sua,

260 876 290 900 ut
324 878 429 900 tantum
458 874 610 909 intelligant
637 879 665 901 et
699 874 896 909 intelligantur,
924 879 952 901 et
981 874 1042 902 illos

258 918 381 952 quinque
401 918 525 952 corporis
541 926 638 947 sensus
655 926 752 948 omnes
779 919 921 954 effugiant.
951 919 1042 946 Mente

257 964 314 991 sola
327 964 423 996 utitur,
436 972 468 991 ea
486 964 571 996 videt,
587 968 615 991 et
629 965 771 999 praevidet,
786 965 846 991 visu
870 965 1039 996 acutissimo,

257 1009 416 1044 angelorum
437 1010 559 1045 proprio,
578 1010 741 1045 divinasque
762 1015 790 1038 et
802 1019 944 1045 nunquam
967 1011 1040 1039 visas

256 1054 479 1088 pulchritudines
505 1056 716 1090 contemplatur.
745 1056 822 1089 Quod
850 1056 871 1083 si
893 1065 954 1091 qum
979 1057 1041 1084 dico

256 1099 306 1137 tibi
320 1100 458 1135 paradoxa
486 1101 627 1134 videntur,
655 1101 688 1129 ad
716 1101 797 1129 fidem
825 1103 1040 1130 confirmandam

255 1146 415 1181 parodigma
431 1146 567 1174 adhibebo
578 1149 598 1173 '.

288 1191 316 1219 Si
332 1196 413 1219 noctu
433 1200 482 1227 per
495 1193 616 1226 quietem
632 1192 741 1222 videres
765 1194 895 1230 juvenem
922 1194 1040 1229 aliquem

251 1241 356 1264 statura
379 1236 479 1264 eximia
503 1236 646 1272 formaque
664 1238 894 1272 pulcherrimum,
912 1243 970 1265 arte
997 1239 1037 1265 in-

251 1281 445 1316 superabilem,
467 1289 551 1316 opere
578 1283 781 1315 inimitabilem,
797 1283 888 1318 specie
921 1280 1041 1312 masitne

252 1327 408 1359 invidenda,
436 1327 531 1361 procul
547 1335 562 1354 a
578 1328 666 1362 patria
692 1335 752 1360 sua,
767 1329 887 1355 externis
911 1329 1041 1357 internis-

253 1379 307 1406 que
331 1372 503 1399 elaritatibus
529 1372 721 1407 conspicuum,
743 1373 898 1400 incredibili
915 1374 1043 1401 candoris

254 1417 344 1444 nitore
373 1421 511 1449 ornatum,
537 1418 712 1452 capillorum,
740 1425 808 1445 auro
833 1419 916 1454 magis
934 1418 1041 1446 radian-

253 1460 322 1487 tium
337 1461 469 1489 varietate
487 1462 658 1495 distinctum,
673 1463 794 1498 undique
810 1463 1040 1491 circumfttsorum

252 1507 387 1534 luminum
409 1507 526 1535 flammis
543 1513 752 1542 coruscantem;
768 1510 882 1544 plausus
896 1514 923 1536 et
943 1510 1041 1537 carmi-

251 1560 287 1579 na
304 1560 319 1579 a
336 1553 527 1580 ministrorum
544 1554 632 1581 turbis
647 1554 792 1586 ferentem,
804 1559 831 1581 et
854 1555 1039 1582 ministerium

1096 325 1299 360 emigraverint,
1322 333 1420 352 sensus
1443 332 1584 352 assumere
1601 324 1635 351 ad
1652 324 1826 358 loquendum,
1845 332 1870 354 et

1095 371 1253 403 vivendum,
1265 375 1293 398 et
1306 375 1420 398 casteros
1445 377 1550 397 omnes.
1566 369 1618 397 Sed
1637 378 1776 397 assumere
1797 371 1868 397 ratio-

1095 424 1129 443 ne
1147 416 1264 450 quadam
1281 424 1335 443 non
1354 423 1497 451 corporea,
1508 415 1573 443 dum
1591 419 1688 442 natura
1703 423 1762 449 qua:
1777 421 1816 443 est
1829 424 1870 443 su-

1094 471 1143 497 pra
1162 468 1287 489 naturam
1316 467 1448 498 operatur
1474 462 1502 489 in
1530 461 1660 488 omnibus
1683 465 1711 488 et
1727 462 1762 488 sit
1788 463 1869 490 omnia

1094 509 1222 536 omnibus
1250 516 1333 543 supra
1356 515 1438 543 quam
1473 507 1670 542 comprehendi
1697 512 1795 541 potest.
1817 508 1869 535 Non

1093 555 1166 582 enim
1183 555 1306 581 divinum
1324 562 1427 581 numen
1445 559 1507 589 eget
1532 561 1591 584 ore,
1614 561 1667 579 non
1683 560 1805 588 corpore,
1820 562 1867 580 non

1093 601 1198 636 lingua.
1215 608 1269 628 non
1285 600 1378 635 aliquo
1393 600 1446 627 alio
1464 599 1499 626 ad
1514 599 1775 628 communicandum
1797 600 1871 634 spiri-

1094 646 1178 677 tibus,
1197 650 1226 673 et
1237 646 1335 673 animae
1350 645 1475 678 cuilibet,
1491 653 1552 680 quae
1572 644 1702 672 voluerit.
1713 644 1766 671 Sed
1785 653 1872 678 quem-

1094 691 1242 718 admodum
1252 691 1401 718 virtutibus
1416 689 1668 721 administratoriis,
1678 689 1716 716 ita
1732 689 1774 716 his
1785 690 1871 717 eadem

1094 737 1216 771 largitur.
1232 736 1373 764 Sententia
1384 737 1458 764 enim
1475 744 1538 763 cum
1557 735 1742 770 sentientibus
1753 740 1779 762 et
1791 736 1852 762 inn-l
1863 751 1871 755 η

1092 781 1202 816 ligentia
1229 789 1292 809 cum
1319 781 1544 816 intelligentibus,
1575 785 1606 807 ut
1620 779 1720 807 similia
1731 788 1792 807 eum
1806 780 1873 808 simi-

1092 827 1165 854 libus
1180 826 1306 854 conferre
1318 827 1424 862 justum
1439 831 1492 854 est.
1512 826 1693 861 Intelligentia
1711 830 1802 852 autem
1816 834 1871 853 CUlll

1094 873 1310 901 sentientibuse
1333 873 1443 901 diverso
1473 880 1633 908 comparare
1659 872 1746 904 nefas,
1772 877 1874 907 propter

1093 923 1254 945 naturarum
1271 918 1418 945 discrimen
1442 918 1547 946 scilicet
1561 925 1568 943 τ
1581 917 1629 944 sed
1645 916 1807 950 incorporea
1818 924 1873 942 cum

1093 963 1273 998 incorporeis,
1285 968 1314 990 et
1337 970 1453 998 corpora
1477 963 1597 991 vicissim
1629 970 1692 989 cum
1721 961 1874 996 corporibus

1091 1017 1257 1045 componere
1271 1013 1380 1044 oportet
1390 1010 1421 1037 η.

1129 1057 1194 1090 Qum
1209 1062 1301 1084 autem
1320 1057 1430 1092 superis
1444 1064 1477 1083 ac
1492 1057 1653 1085 emleslibus
1669 1065 1732 1085 cum
1754 1057 1795 1084 his
1819 1056 1873 1082 inli-

1092 1103 1144 1131 mis
1175 1103 1348 1138 terrenisque
1379 1103 1561 1137 comparatio,
1587 1107 1634 1130 aut
1666 1103 1873 1131 convenientia?

1092 1153 1140 1177 aut
1153 1156 1214 1184 quas
1231 1147 1388 1176 communio
1402 1149 1487 1174 menti
1506 1155 1568 1174 cum
1590 1148 1634 1175 his
1646 1156 1708 1182 qua:
1735 1153 1873 1182 apparent.

1093 1199 1142 1222 aut
1157 1195 1265 1229 corpori
1286 1202 1348 1221 cum
1371 1193 1415 1220 his
1440 1201 1500 1228 qua:
1516 1201 1617 1228 corpus
1633 1201 1687 1220 non
1705 1195 1788 1221 sunt?
1803 1193 1872 1226 Quod

1092 1242 1114 1269 si
1132 1241 1193 1276 quis
1208 1245 1264 1268 tota
1279 1248 1342 1267 cum
1357 1240 1421 1267 totis
1448 1239 1606 1271 contulerit,
1627 1247 1681 1266 non
1695 1240 1752 1275 iam
1771 1239 1871 1274 paradi-

1092 1295 1163 1323 gma.
1179 1286 1226 1314 sed
1241 1291 1289 1313 aut
1307 1286 1345 1313 ita
1361 1286 1462 1317 dicam,
1477 1285 1604 1313 identitas
1623 1287 1686 1313 erit.
1701 1286 1772 1313 Cum
1788 1287 1874 1320 itaque

1092 1334 1120 1360 in
1145 1333 1258 1359 materia
1283 1332 1443 1359 vacantibus
1468 1332 1702 1366 comparationem
1723 1341 1778 1359 non
1804 1332 1873 1359 inve-

1092 1378 1176 1411 niam,
1191 1378 1384 1412 paracligmatis
1408 1378 1594 1405 matcrialibus
1621 1379 1780 1405 necessario
1808 1383 1874 1405 utor.

1091 1424 1180 1456 Quare
1196 1431 1230 1450 ne
1245 1422 1426 1457 reprehende,
1439 1430 1473 1449 ne
1489 1422 1650 1457 indigneris,
1672 1430 1787 1449 cattsam
1809 1421 1875 1448 enim

1093 1468 1254 1504 ignorantia:
1273 1475 1339 1494 mea:
1356 1468 1433 1502 prius
1450 1467 1602 1494 enuntiari.
1626 1467 1701 1494 Mens
1716 1467 1878 1495 intrinsecus

1091 1522 1152 1548 qua:
1167 1513 1304 1548 concepit.
1316 1521 1364 1540 seu
1376 1513 1493 1548 cogitata
1509 1521 1557 1540 sua
1573 1513 1677 1548 profert
1691 1513 1769 1547 apud
1787 1521 1824 1544 se,
1840 1511 1864 1538 id

1093 1568 1146 1595 que
1164 1567 1282 1594 semper,
1301 1567 1351 1586 nec
1369 1560 1578 1594 patiatur;qu
1602 1559 1713 1593 quidem
1743 1559 1819 1586 foras
1845 1558 1875 1585 ad

251 1599 566 1634 perpetuumdongeque
580 1599 821 1634 iucundissimum.
834 1600 958 1627 lucidisti
978 1605 1033 1628 tum
1053 1612 1074 1643 ρ
1091 1606 1160 1633 alios
1174 1605 1310 1640 depromi,
1326 1610 1353 1633 ct
1369 1607 1403 1633 ab
1416 1606 1451 1633 iis
1465 1605 1593 1640 cognosci
1617 1613 1671 1632 non
1690 1610 1817 1640 possunt.
1827 1605 1878 1632 Nec

251 1652 361 1678 quoque
378 1644 405 1671 in
420 1645 539 1672 amicum
552 1645 630 1672 valde
646 1646 752 1673 clarum
764 1654 846 1681 quem
860 1647 954 1674 vidisti
967 1655 1040 1674 nuu-

253 1698 346 1724 quam,
361 1690 503 1725 quaerebas
520 1695 611 1718 autem
634 1692 767 1726 reperire,
785 1697 814 1720 et
836 1693 931 1721 videre
957 1694 1038 1721 etiam

253 1735 351 1768 oculis,
365 1737 435 1763 sicut
451 1737 667 1771 cogitationibus
679 1737 784 1766 vidisti.
797 1738 946 1766 Absentem
966 1740 1038 1767 enim

251 1789 286 1808 ex
298 1781 368 1809 fama
381 1786 487 1809 tantum
497 1782 642 1816 dilexeras,
653 1787 682 1810 ut
692 1783 809 1812 amicum
823 1785 904 1812 laude
914 1784 1038 1820 dignum,

250 1831 279 1853 et
297 1826 324 1853 'm
340 1835 457 1855 numero
470 1828 676 1863 ponendum.Si
696 1829 747 1856 tibi
771 1830 919 1865 contigerit
938 1831 995 1858 hate
1013 1831 1038 1858 iu

251 1873 356 1901 somnis
367 1873 471 1907 videre,
483 1882 519 1901 an
538 1879 616 1910 potes
635 1875 740 1908 dicere,
763 1877 902 1910 quomodo
923 1881 980 1904 tum
1005 1878 1038 1905 ad

251 1919 342 1947 locum
357 1920 517 1953 accesseris,
531 1925 558 1948 et
576 1921 716 1956 quomodo
730 1921 757 1949 in
776 1922 879 1950 lectulo
892 1922 997 1958 iacens,
1011 1928 1039 1951 et

251 1973 374 1999 manens,
394 1970 422 1994 et
438 1966 590 2001 dormiens,
612 1971 641 1995 et
665 1967 774 1995 interno
801 1972 877 1995 motu
903 1968 1037 1996 immobili

249 2017 404 2040 commotus
421 2013 454 2040 ad
477 2021 522 2040 res
540 2013 611 2046 illas,
622 2018 652 2040 ut
669 2014 796 2048 putabas.
813 2014 924 2046 adieris,
937 2014 1039 2049 quibus

249 2058 360 2085 tandem
377 2058 506 2092 pedibus,
519 2066 573 2093 qua
597 2066 681 2086 carne
709 2063 796 2086 totum
817 2067 928 2087 cursum
941 2067 1038 2094 repen-

249 2105 277 2129 te
292 2102 475 2137 celeriterque
496 2103 658 2139 peregeris?
679 2103 787 2136 Quibus
807 2103 896 2132 oculis
922 2103 1038 2132 intuitus

249 2147 288 2174 sis
302 2147 411 2180 faciem.
423 2149 524 2184 quibus
536 2149 650 2177 auribus
667 2149 799 2183 audieris,
812 2157 873 2184 quae
887 2155 912 2178 te
927 2150 1038 2179 audisse

249 2193 349 2227 putas?
362 2194 464 2228 quibus
479 2202 562 2230 porro
578 2195 661 2223 labiis
677 2195 796 2225 amicum
812 2196 970 2224 osculatus?
983 2204 1038 2231 quo

247 2245 308 2269 ore.
320 2247 373 2274 qua
392 2240 484 2276 lingua
498 2248 562 2269 eum
576 2241 731 2269 allocutus?
749 2241 818 2269 Vere
832 2241 902 2269 mihi
919 2249 1036 2277 respon-

1093 1651 1166 1678 enim
1185 1657 1275 1687 potest
1292 1652 1374 1679 etiam
1393 1652 1496 1687 lingua,
1513 1657 1541 1679 et
1559 1651 1593 1678 ad
1616 1651 1761 1678 audientes
1792 1651 1876 1678 notio-

1093 1705 1158 1724 num
1174 1701 1202 1724 et
1220 1697 1463 1733 intelligentiarum
1489 1705 1600 1724 suarum
1630 1697 1715 1724 fetum
1744 1696 1875 1731 proferre.

1093 1742 1284 1769 Verumtamen
1306 1741 1444 1776 quomodo
1461 1749 1515 1769 non
1532 1742 1628 1777 possit,
1648 1741 1741 1768 dicere
1753 1749 1809 1768 non
1835 1741 1879 1767 ha-

1093 1787 1145 1814 beo
1156 1795 1278 1822 prersus.
1291 1787 1388 1814 Partus
1404 1787 1477 1814 enim
1493 1788 1605 1819 mentis,
1625 1787 1732 1814 tametsi
1751 1794 1876 1814 sermone

1093 1833 1345 1868 sintexplicabiles,
1358 1838 1447 1860 tamen
1471 1833 1617 1868 aliquando
1640 1841 1688 1861 eos
1711 1840 1804 1860 sermo
1833 1840 1878 1859 cx-

1092 1879 1210 1913 primerc
1223 1878 1328 1912 nequit.
1344 1877 1371 1904 Si
1388 1878 1462 1904 enim
1478 1885 1572 1912 posses
1594 1877 1686 1908 cdere,
1701 1881 1729 1904 et
1743 1878 1772 1904 in
1793 1877 1877 1904 lucem

1091 1923 1199 1955 eﬂ‘erre,
1213 1927 1278 1957 tunc
1292 1923 1374 1950 etiam
1390 1923 1492 1950 donum
1505 1923 1676 1957 aliquantum
1697 1922 1810 1957 majoris
1835 1929 1878 1949 co-

1092 1970 1234 2005 gnitionis,
1245 1974 1272 1996 et
1286 1969 1321 1996 ab
1336 1969 1528 1996 universorum
1550 1969 1604 1996 Deo
1622 1968 1760 1996 charisma
1786 1969 1878 2002 quale-

1091 2022 1200 2050 cunque
1213 2014 1327 2042 habcret.
1335 2015 1375 2040 “‘.

1128 2060 1288 2096 Paradigma
1310 2060 1393 2088 breve
1408 2060 1434 2087 iu
1450 2059 1521 2087 hanc
1545 2067 1601 2087 rem
1627 2059 1788 2086 aﬂ‘eremns.
1811 2058 1844 2085 Ut
1857 2058 1878 2084 si

1091 2105 1153 2141 quis
1167 2106 1201 2133 ad
1220 2105 1345 2133 homines
1363 2105 1477 2133 diversa:
1489 2105 1591 2140 linguae
1619 2105 1739 2135 venerit,
1755 2108 1786 2131 et
1811 2109 1878 2130 tem-

1091 2159 1157 2186 pore
1189 2156 1322 2186 quantum
1351 2151 1485 2186 placuerit
1523 2151 1595 2186 apud
1621 2158 1669 2178 eos
1698 2152 1873 2183 consumpto.

1091 2204 1173 2225 voces
1187 2196 1298 2232 quidem
1317 2197 1390 2232 ipsas
1410 2197 1554 2232 intelligat,
1566 2204 1613 2224 eas
1638 2201 1728 2223 tamen
1745 2203 1796 2222 ore
1819 2200 1880 2229 pro—

1090 2242 1218 2269 nuntiare
1251 2247 1381 2277 nequeat,
1412 2250 1464 2270 uee
1495 2243 1551 2270 ullo
1589 2242 1670 2269 modo
1719 2241 1878 2271 dialectum,

247 2285 345 2312 debis:
359 2286 417 2314 Non
438 2287 494 2314 vidi
512 2286 610 2314 faciem
634 2287 721 2315 oeulis
737 2287 880 2322 corporis;
894 2288 1033 2323 quomodo
1049 2288 1072 2318 D
1085 2296 1133 2316 seu
1148 2288 1313 2323 peculiarem
1330 2289 1403 2324 genti
1418 2289 1538 2324 linguam
1564 2295 1614 2316 sua
1639 2287 1730 2322 lingua
1755 2293 1879 2313 versare.

247 2329 324 2357 enim
354 2331 517 2366 consopitus
544 2332 747 2360 viderem‘lsed
774 2333 875 2360 mentis
890 2338 918 2361 et
938 2334 1035 2361 animae

248 2375 372 2410 pupillis,
394 2377 446 2404 hoc
458 2382 564 2405 certum
580 2383 631 2406 cst.
648 2378 676 2407 Si
694 2379 752 2406 haec
769 2378 837 2406 mihi
857 2379 1034 2414 respondeas,

247 2419 275 2447 id
301 2420 380 2455 dicis,
408 2423 481 2458 quod
510 2428 647 2451 amantem
673 2425 797 2452 veritatis
829 2424 960 2457 decet,et
983 2432 1034 2460 ego

247 2467 435 2496 testimonium
453 2469 502 2498 tibi
518 2469 613 2501 feram,
625 2474 652 2498 et
668 2470 813 2498 assentiar.
827 2469 892 2498 Tale
917 2469 982 2505 quid
1000 2469 1034 2497 de

1089 2334 1154 2362 Tale
1167 2334 1249 2370 igitur
1264 2337 1293 2362 et
1307 2334 1377 2362 mihi
1394 2341 1445 2361 usu
1464 2333 1549 2361 venit.
1573 2333 1690 2361 Sensum
1711 2340 1743 2359 ac
1758 2336 1878 2359 mentem

1088 2380 1253 2415 scriptorum
1270 2379 1373 2415 optime
1393 2379 1536 2415 percipio;
1548 2379 1596 2407 sed
1610 2387 1670 2414 quae
1688 2377 1810 2413 percepi,
1824 2383 1878 2403 non
1898 2403 1910 2417 .

1088 2425 1171 2452 etiam
1184 2424 1278 2460 lingua
1293 2425 1455 2459 depromere
1472 2432 1594 2459 possum.
1614 2423 1666 2451 Sed
1696 2423 1770 2450 unde
1798 2421 1881 2449 delle—

1090 2471 1188 2502 ximus.
1204 2479 1237 2499 eo
1262 2478 1357 2498 rursus
1380 2470 1562 2502 redeundum,
1577 2475 1603 2498 et
1634 2469 1761 2504 probatio
1791 2467 1879 2502 major

995 2541 1134 2572 Scholia.

281 2603 289 2612 ‘
304 2601 454 2638 Sciendum,
469 2602 543 2629 aliud
565 2611 618 2630 esse
637 2605 807 2638 paradigma,
829 2605 903 2631 aliud
923 2605 1035 2638 parabo-

246 2638 313 2665 lam.
325 2637 489 2671 Paradigma
513 2638 619 2671 quidem
632 2643 679 2669 est,
692 2639 714 2665 si
730 2637 816 2666 simile
835 2637 926 2668 simili
943 2641 1034 2672 confe-

246 2681 317 2703 ram.
332 2676 356 2698 et
371 2680 524 2707 componam
538 2680 547 2699 :
561 2676 589 2698 ut
613 2673 746 2700 rationale
769 2683 829 2701 cum
858 2674 994 2706 rationali,
1009 2679 1032 2700 et

246 2708 357 2735 rationis
377 2715 469 2741 expers
483 2715 542 2734 cum
557 2707 668 2734 rationis
684 2714 799 2742 experte.
819 2709 961 2739 l’arabola.
975 2717 1034 2735 cum

246 2742 391 2777 ianuale,
402 2750 448 2768 seu
478 2741 603 2777 dissimile
618 2750 676 2768 cum
703 2744 874 2774 dissimili.ttl
903 2744 1035 2771 hominem

247 2776 310 2803 cunt
326 2777 409 2812 leone,
422 2781 468 2803 aut
482 2776 587 2810 planta,
600 2781 646 2803 aut
664 2777 717 2804 alio
733 2779 892 2812 hujusmodi.

285 2814 305 2823 "
320 2811 536 2848 Comparationes
560 2812 629 2838 enim
646 2813 674 2839 in
697 2814 736 2839 his
763 2811 821 2848 ilum
838 2814 955 2845 ejusdem
973 2818 1035 2839 sunt

247 2847 363 2882 generis,
373 2846 491 2882 adhiberi
515 2851 702 2882 consueverunt
715 2855 724 2873 :
736 2846 773 2874 ρκ’
788 2848 916 2874 similibus
939 2848 1035 2882 quippe

250 2880 348 2907 Similia
361 2916 364 2917 ν
375 2881 520 2917 discuntur.
540 2881 579 2907 Ne
594 2881 676 2915 igitur
692 2884 780 2909 omnia
807 2884 832 2910 in
852 2880 1034 2917 prtrndignintc

254 2916 409 2948 “cspomlere
422 2915 546 2948 postules,
562 2921 606 2942 aut
620 2917 644 2943 in
664 2922 734 2952 typo,
746 2923 791 2944 aut
809 2919 834 2944 in
848 2915 971 2953 imagine.
985 2917 1036 2945 Nec

1090 2606 1160 2632 enim
1186 2605 1241 2637 iam
1267 2605 1437 2639 paradigma.
1458 2609 1505 2630 aut
1532 2607 1619 2639 typus.
1632 2607 1678 2629 aut
1693 2603 1782 2639 imago
1800 2606 1878 2632 esset,

1089 2640 1111 2666 si
1123 2640 1228 2666 haberet
1240 2637 1329 2666 munia
1342 2637 1470 2669 absolute,
1481 2637 1576 2674 (lamin
1590 2639 1648 2673 ipsa
1665 2645 1693 2663 re
1705 2645 1763 2665 vero
1774 2637 1877 2667 insunt,

1088 2675 1133 2701 sed
1148 2675 1217 2700 idem
1233 2683 1350 2706 prorsus.

1171 2709 1341 2736 Gennadius.
1358 2709 1402 2736 list
1411 2710 1480 2736 enim
1488 2709 1610 2743 cognitio,
1622 2715 1680 2743 qum
1696 2714 1815 2733 sermone
1830 2714 1878 2732 c1:-

1088 2743 1184 2778 plicari
1198 2748 1280 2776 potest
1302 2744 1398 2777 absque
1422 2752 1540 2770 sermone
1555 2752 1564 2770 :
1576 2748 1598 2769 el
1617 2747 1655 2769 est
1676 2743 1787 2778 cognitio
1815 2749 1877 2778 tum

1088 2776 1216 2805 sermone.
1234 2778 1299 2805 Sunt
1318 2776 1385 2805 enim
1404 2779 1490 2810 multi,
1514 2778 1688 2812 cognitionem
1708 2776 1811 2812 quidem
1828 2776 1879 2801 Ita-

1089 2814 1186 2842 benles.
1198 2821 1344 2840 sermonem
1363 2822 1529 2848 nequaquam
1538 2810 1553 2845 ;_
1561 2818 1588 2839 ut
1610 2810 1748 2844 idiom,“
1761 2810 1806 2845 qui
1823 2818 1877 2836 non

1092 2853 1198 2881 possunt
1211 2849 1360 2882 signiﬁcare
1376 2847 1407 2875 ac
1422 2849 1513 2875 (locere
1525 2847 1669 2883 perspicue,
1681 2855 1738 2880 quin
1749 2847 1878 2883 ingruente

1091 2883 1194 2912 habent,
1205 2881 1366 2918 rl'profc'rre,
1379 2884 1458 2910 donur
1477 2881 1545 2910 om
1561 2883 1599 2909 his
1616 2889 1760 2908 sermonem
1776 2881 1875 2912 intuer-

1093 2923 1188 2944 ιιι-θνα.
