2032 3156
187 199 239 231 865

906 198 1085 230 DIOPTBA.

1752 204 1813 238 '866

187 246 312 290 ponenda
330 254 358 281 ln
374 261 470 281 eorum
485 254 667 289 gratiam,qui
684 261 727 281 res
748 253 847 281 animat
863 261 878 281 e
891 255 972 282 testi-
988 261 1008 288 Α
1025 263 1106 290 quam
1129 256 1195 290 justi
1215 260 1280 284 sunt
1307 257 1443 292 adepturi,
1469 258 1593 293 quando,
1609 263 1639 286 ut
1659 259 1813 294 docuimus,

186 300 284 327 moniis
300 300 519 334 Scripturarum,
543 304 572 327 et
587 299 711 328 doctrina
741 307 818 328 sacra
835 300 974 336 perdisce-

184 352 213 372 re
229 344 354 379 cupiunt.
364 345 416 372 Per
427 352 488 380 quae
499 344 740 379 quantumjanimte
751 344 859 371 valeam
869 344 975 380 perspi-

183 391 250 418 cias.
266 390 367 418 Verum
383 397 444 425 age,
457 397 519 424 quae
535 390 579 417 hic
594 390 696 425 scripta
713 393 779 416 sunt
795 389 871 416 audi.

221 437 229 450 ’
314 445 356 472 Ex
369 445 470 481 Cyrillo
485 446 639 480 patriarcha
655 445 846 472 Alexandrino.

218 504 344 531 [talionis
359 511 454 538 capax,
468 507 496 531 et
512 493 782 538 intelligenslanima,
795 507 855 538 post
868 502 971 529 disces-

182 558 242 577 sum
259 557 293 577 ex
309 550 362 577 hoc
385 557 502 585 corpore
522 554 550 576 et
573 550 652 580 νινίι,
666 553 694 576 et
710 553 864 584 permanet,
887 553 915 575 et
931 549 973 575 lo.

187 596 283 630 quitur
301 601 496 631 congruenter.
508 600 535 623 et
552 599 684 630 operatur
698 594 837 627 similiter,
852 602 908 621 non
919 594 971 622 sub
1006 621 1011 625 ,

181 641 308 677 imagine,
337 642 385 669 sed
414 649 478 669 vere
505 646 532 669 et
549 641 778 672 substantialitcr,
798 648 861 675 erga
884 640 971 667 Deum

181 687 285 714 habens
315 687 454 718 ﬁduciam,
476 695 530 722 quo
553 687 668 722 jubente
699 686 819 713 mittitur
844 685 872 723 in
901 685 972 713 hanc

179 733 275 765 vitam,
292 737 403 767 propter
432 732 548 760 aliorum
564 732 715 759 multorum
736 730 970 758 commoditatem.

180 777 287 805 Etenim
301 785 364 805 eum
377 786 486 813 semper
501 783 655 810 moveatur,
670 785 811 813 nunquatn
835 785 890 804 non
905 777 970 813 agit.

179 825 252 852 Deus
278 825 372 859 utique
394 832 450 851 non
478 829 522 852 est
551 829 736 857 mortuorum,
758 823 808 850 sed
834 823 970 855 vivorum,

178 877 276 908 omnes
302 871 376 898 enim
399 870 439 897 illi
466 869 575 898 vivunt.
591 869 668 904 Quod
691 869 713 898 si
740 877 795 897 non
821 875 972 904 operantur

178 917 276 944 animm
290 922 332 952 (ut
346 917 439 944 multis
454 917 566 952 placet),
579 923 670 952 neque
684 916 767 944 etiam
785 917 893 943 vivunt.
905 915 972 943 Nam

179 971 234 989 non
252 963 371 998 operari,
384 970 532 998 corporum
547 967 589 990 est
604 965 787 994 mortuorum,
800 966 828 989 et
841 961 972 988 immobi-

181 1009 261 1035 lium.
275 1009 348 1036 Deus
367 1009 524 1044 spirituum,
541 1013 569 1036 ct
585 1009 675 1036 omnis
688 1008 789 1036 carnis.
804 1009 876 1035 Deus
890 1008 972 1043 spiri-

185 1059 274 1087 tuum,
286 1055 413 1083 videlicet
426 1056 590 1082 animarum.
604 1055 688 1082 Aiunt
701 1055 792 1089 itaque
806 1059 862 1081 tres
876 1054 952 1089 pueri
964 1063 970 1081 :

187 1112 195 1127 ι
218 1102 385 1134 Benedicite,
409 1101 523 1136 spiritus
543 1105 571 1128 et
590 1101 689 1128 animat
707 1101 856 1136 justorum,
881 1100 967 1127 Domi-

179 1148 287 1175 no“-“.
295 1148 385 1181 iQuod
394 1147 541 1175 laudantet
550 1146 855 1180 hencdicuntjustorum
863 1146 971 1178 animm,

178 1201 235 1220 non
251 1197 293 1220 est
306 1192 513 1225 dormientium,
535 1199 587 1219 nec
605 1191 769 1219 otiosorum.
785 1191 820 1218 Et
830 1191 879 1226 qui
896 1191 971 1218 videt

179 1238 289 1264 animas
303 1242 474 1270 sanctorum,
488 1236 594 1264 anitnas
607 1241 766 1264 sanctorum
777 1236 862 1263 videt.
876 1237 910 1264 Et
922 1236 970 1271 qui

178 1283 255 1310 videt
270 1283 427 1318 angelorum
444 1282 589 1313 visionem.
609 1282 719 1316 angelos
745 1281 830 1308 videt.
845 1281 879 1308 Et
901 1281 970 1308 ordo

177 1329 205 1356 in
224 1329 348 1356 ordinent
363 1336 418 1355 non
434 1332 623 1359 convertetur,
636 1329 732 1361 ctqlne
749 1331 906 1361 sequuntur
917 1327 968 1361 (α).

213 1375 311 1402 Astus.
337 1374 364 1401 Si
391 1375 474 1409 igitur
500 1373 676 1400 verissimum
695 1378 747 1405 est,
769 1377 799 1399 ut
817 1377 860 1400 est
876 1372 967 1407 plane,

179 1422 285 1448 animas
316 1421 452 1447 bonorum
479 1420 507 1446 in
536 1419 635 1446 cutlum
664 1418 793 1451 subvehi,
821 1418 850 1445 in
867 1418 970 1453 quibus

177 1467 248 1494 locis
274 1467 321 1494 Dei
339 1467 437 1498 Filios,
460 1474 542 1501 super
564 1465 674 1497 throno,
694 1464 727 1491 ad
754 1464 896 1491 dexteram
919 1463 969 1490 Dei

177 1514 268 1542 Patris
295 1514 406 1546 residet,
422 1518 451 1540 ut
468 1513 602 1548 scriptum
617 1506 704 1544 est",
717 1515 745 1538 et
761 1509 968 1537 ministratoriat

177 1561 297 1588 virtutes
321 1568 383 1587 cum
404 1560 502 1587 timore
528 1559 734 1590 circumastant,
758 1561 788 1584 ut.
811 1556 868 1592 jam
887 1560 967 1584 antea

176 1606 302 1634 secundo
325 1605 397 1632 libro
415 1605 544 1636 docuisti,
559 1603 716 1632 evehuntur
728 1608 833 1635 autem,
848 1606 878 1629 ut
895 1610 966 1637 pra:—

176 1652 231 1679 mia
256 1659 419 1678 coronarum
439 1650 585 1685 accipiant,
602 1649 713 1684 quando
734 1649 823 1677 Judex
843 1649 968 1676 omnium

175 1697 210 1724 ad
221 1697 358 1732 judicium
377 1695 562 1723 exercendum
579 1695 774 1727 venerit,num
790 1698 863 1721 tanta
881 1694 968 1729 gloria

173 1742 281 1778 poterit
295 1742 454 1777 contingere
464 1742 604 1777 quidpiam
613 1741 781 1777 jucundius?
796 1741 829 1768 Et
842 1748 968 1775 quaenam

173 1788 293 1815 omnino
308 1787 395 1823 gloria
412 1787 463 1814 hac
475 1786 649 1822 praestantior
663 1787 821 1822 contingat:
836 1791 884 1813 aut
897 1794 968 1820 quo-

173 1833 262 1861 modo
283 1833 450 1868 gloriﬁcetur
469 1841 553 1868 penes
566 1833 639 1868 quod
666 1837 708 1860 est
734 1833 824 1860 omnis
840 1832 967 1868 gloria,et

171 1879 293 1915 gloriam
326 1886 434 1906 omnetn
462 1886 674 1913 sermonemque
712 1878 866 1912 superans?
887 1877 968 1912 Apud

170 1932 262 1960 quem
278 1931 344 1952 sunt
370 1932 468 1952 omnes
492 1923 593 1951 divinat
617 1923 711 1958 gloriae
742 1923 874 1950 thesauri.
899 1923 967 1950 Nam

171 1970 254 2007 quod
270 1971 379 2006 plenum
395 1975 447 2004 est,
461 1974 574 1997 externa
588 1969 747 1996 accessione
764 1968 836 1995 haud
850 1968 965 2004 indiget.

171 2018 331 2046 Animabus
348 2022 440 2044 autem
466 2020 571 2043 tantum
592 2015 750 2049 impertitur
765 2014 858 2050 gloria:
873 2019 901 2042 et
914 2015 969 2042 cla-

171 2065 278 2096 ritatis,
293 2063 385 2090 habita
397 2062 503 2089 ratione
516 2061 650 2096 cujusque
664 2061 838 2094 meritorum,
853 2066 883 2089 ut
896 2061 968 2088 mul-

171 2117 231 2138 tum
251 2109 333 2137 etiam
350 2107 479 2143 supersit.
490 2107 563 2134 ldem
580 2106 686 2142 angelis
699 2105 758 2133 ﬁt".

204 2156 293 2185 CAno.
310 2156 388 2183 Nunc
406 2163 469 2190 pars
485 2154 592 2181 modica
607 2153 699 2189 gloriae
725 2154 798 2181 illius
819 2154 965 2186 universte,

170 2207 221 2230 aut
240 2202 338 2237 pignus
355 2201 447 2236 potius
471 2199 609 2235 quoddam
629 2198 803 2231 conceditur,
820 2199 891 2226 unde
904 2204 965 2226 tan-

170 2255 258 2284 quam
275 2256 308 2275 ex
328 2255 418 2282 ungue
434 2246 542 2274 leonem
565 2244 706 2280 conjicias,
720 2245 823 2280 gloria},
839 2245 962 2280 inquam,

210 2314 272 2329 “"'
289 2313 357 2340 Dan.
372 2320 412 2344 ιιι,
430 2311 474 2339 86.
515 2310 536 2326 ¹⁸
555 2310 660 2337 Coloss.
674 2317 714 2342 ιιι⁷
734 2310 759 2337 1.

801 2310 833 2326 ’³⁸
846 2310 924 2338 Joan.
940 2318 986 2346 xx,
1003 2311 1049 2339 2|.

1027 299 1055 326 in
1071 300 1158 335 gloria
1173 301 1326 336 judicatum
1352 303 1471 337 venerit,
1487 309 1514 331 et
1543 311 1660 339 corpora
1691 305 1814 334 rediviva

1026 345 1187 380 prodibant,
1202 352 1232 374 ut
1250 348 1333 375 simul
1362 349 1448 384 gloria
1477 349 1631 377 adiciantur
1654 354 1683 378 et
1698 351 1813 387 majore,

1024 396 1052 418 et
1076 391 1237 427 insigniore,
1256 397 1285 421 et
1304 395 1434 429 gaudium
1451 403 1486 423 ex
1508 396 1618 430 gaudio.
1643 396 1757 432 gloriam
1779 404 1814 424 ex

1024 437 1110 471 gloria
1125 438 1290 473 percipiant,
1304 445 1438 474 praesente
1451 440 1505 476 jam
1518 440 1572 468 line
1584 441 1675 468 seculi
1689 449 1752 468 eum
1764 441 1814 469 Do-

1024 484 1115 511 minus
1123 485 1155 511 ad
1165 485 1246 512 tinem
1258 486 1341 513 rebus
1349 486 1534 515 inducendum
1544 489 1663 520 venerit,
1674 492 1703 515 ut
1712 488 1768 515 dixi
1781 486 1815 516 ".'

1056 530 1173 563 Quando
1205 531 1288 566 igitur
1307 532 1445 560 'Salvator
1460 541 1622 569 exsurgens
1637 543 1653 562 e
1671 535 1812 569 sepulcro,

1023 576 1190 611 primum‘ad
1213 577 1364 612 discipulos
1394 578 1468 606 intus
1487 583 1668 614 congregatos
1686 584 1813 612 accessu,

1022 627 1051 650 et
1083 630 1178 658 pacem
1211 623 1289 651 dedit
1301 623 1357 657 “',
1371 629 1400 651 ut
1427 625 1556 660 princeps
1585 625 1815 660 pacis“munus

1023 669 1172 696 maximum
1190 670 1315 697 divinum
1333 671 1462 705 spiritum
1476 671 1516 698 eis
1528 671 1655 698 donavit.

1058 716 1154 744 ANllA.
1171 717 1242 744 Num
1266 717 1387 752 perfecte
1399 723 1426 746 et
1443 718 1549 754 integre
1576 718 1706 754 spiritum
1732 725 1814 746 accc-

1022 768 1132 798 peruut,
1142 767 1191 790 aut
1204 763 1272 798 quid
1292 763 1420 791 tandem?

1056 807 1137 835 Cano.
1162 807 1201 834 Ne
1219 807 1293 835 istud
1323 808 1437 843 cogites,
1450 815 1520 836 neve
1545 808 1632 841 dicas,
1643 816 1698 836 non
1713 813 1811 842 totum,

1024 857 1214 894 unume'autem
1248 857 1314 881 tunc
1340 853 1490 886 charisma,
1503 854 1628 881 solvendi
1655 855 1813 890 ligandique

1024 898 1183 926 hominibus
1212 904 1322 934 peccata
1355 905 1529 934 acceperunt.
1556 900 1625 928 Cum
1654 901 1813 928 advenisset

987 936 1118 971 Baetem
1146 944 1300 972 destinatus
1329 946 1401 977 dies,
1430 945 1557 981 discipuli
1583 946 1699 982 gratiam
1727 951 1812 974 totam

1023 988 1139 1023 spiritus
1160 995 1338 1025 acceperunt.
1359 991 1454 1018 Simile
1480 991 1514 1018 de
1541 992 1685 1020 animabus
1710 992 1811 1027 cogita,

1022 1041 1083 1061 cum
1097 1035 1230 1070 judicium
1248 1036 1495 1072 renerit,etjudex
1504 1037 1658 1070 sederit,ut
1673 1037 1701 1064 in
1717 1045 1746 1064 ιιι
1761 1038 1812 1065 lib.

1023 1079 1126 1107 dictum
1141 1085 1192 1108 est.
1209 1081 1286 1108 Nunc
1310 1082 1394 1109 etiam
1416 1090 1501 1117 super
1518 1083 1571 1110 hoc
1589 1083 1746 1119 paradigma
1763 1092 1812 1119 pn-

1023 1126 1154 1153 nendmn.
1172 1126 1206 1152 Et
1221 1127 1332 1161 plurimi
1352 1131 1380 1154 et
1395 1127 1493 1162 optimi
1509 1128 1561 1155 viri
1582 1129 1610 1155 in
1632 1129 1714 1164 regali
1735 1130 1810 1164 pala-

1023 1171 1061 1197 tio
1089 1172 1203 1205 degunt,
1225 1175 1254 1198 et
1279 1176 1403 1207 tempore
1427 1173 1569 1208 aliquanto
1597 1174 1654 1209 regi
1676 1175 1811 1209 serviunt,

1021 1224 1085 1244 eum
1114 1217 1260 1244 intuentur
1285 1218 1411 1253 quotidie
1447 1224 1475 1246 et
1498 1225 1592 1247 amant
1610 1228 1618 1247 :
1634 1227 1690 1247 non
1720 1225 1812 1250 tamen

1020 1263 1113 1290 statim
1132 1263 1272 1291 honorum
1291 1265 1405 1299 premia
1429 1270 1648 1300 consequuntur,
1667 1266 1714 1293 sed
1737 1271 1811 1302 post,

1021 1315 1051 1336 ut
1069 1314 1219 1342 merentur,
1234 1310 1269 1336 ita
1284 1310 1325 1337 eis
1345 1311 1432 1346 gratia
1448 1311 1578 1344 refertur,
1592 1316 1620 1339 et
1639 1313 1810 1346 conditione,

1019 1359 1048 1382 et
1063 1355 1223 1387 notuine,et
1236 1356 1381 1388 ordine,et
1394 1357 1469 1383 omni
1482 1356 1647 1392 dignitatum
1662 1358 1811 1392 splendore

1019 1401 1244 1429 cohonestantur.
1255 1402 1314 1430 Non
1332 1403 1481 1430 admodum
1497 1403 1638 1432 dissimilis
1651 1409 1693 1432 est
1704 1405 1810 1433 anima-

1019 1455 1081 1475 rum
1098 1447 1213 1475 ratio.ln
1226 1448 1302 1476 cmlis
1316 1449 1426 1484 quidem
1442 1449 1562 1484 perfecte
1577 1449 1713 1482 habitant,
1729 1450 1812 1478 Crea-

1019 1493 1128 1528 t’orique
1143 1493 1313 1527 assistentes,
1325 1502 1387 1522 eum
1402 1494 1623 1529 eontemplantur
1635 1498 1663 1522 ct
1674 1495 1808 1530 gaudent.

1018 1539 1072 1567 Sed
1086 1547 1148 1566 eum
1172 1538 1287 1567 tandem
1306 1547 1408 1575 corpus
1432 1547 1543 1576 quoque
1558 1540 1585 1567 in
1605 1541 1811 1568 resurrectione

1019 1586 1065 1613 illa
1078 1586 1201 1614 omnium
1219 1587 1360 1614 communi
1380 1588 1548 1623 receperint,
1570 1592 1637 1616 tunc
1650 1588 1732 1615 etiam
1749 1595 1812 1624 gra-

1018 1634 1064 1661 tiae
1080 1635 1195 1669 gloriam
1217 1640 1245 1663 et
1266 1634 1391 1663 laborum
1409 1636 1520 1671 praemia
1536 1635 1711 1671 plenissima,
1726 1642 1809 1663 coro-

1020 1685 1124 1716 nasque
1137 1681 1338 1717 adipiscentur.

1317 1746 1430 1775 CAPUT
1449 1746 1532 1774 XVII.

1019 1801 1151 1829 Christum
1165 1811 1224 1829 cum
1242 1804 1346 1830 latrone
1358 1803 1386 1829 in
1400 1803 1555 1838 paradisum
1568 1801 1646 1829 illum
1657 1805 1808 1828 terrestrem

1054 1845 1106 1863 non
1131 1838 1272 1877 introiisse,
1289 1845 1341 1877 ncc_
1366 1838 1451 1864 ullam
1477 1839 1630 1877 animarum
1656 1842 1809 1863 sanctorum

1053 1876 1111 1906 post
1124 1873 1181 1906 ejus
1202 1873 1418 1899 resurrectionem
1435 1880 1466 1899 eo
1483 1873 1609 1899 introire.

1052 1927 1162 1956 Christo
1180 1929 1358 1961 emcilixo,et
1370 1929 1399 1956 in
1420 1929 1505 1956 vitam
1531 1934 1655 1962 reverso,
1666 1935 1742 1955 nunc
1753 1928 1809 1964 jam

1017 1974 1098 2002 nobis
1124 1974 1249 2002 ﬁdelibus
1265 1979 1327 2010 post
1343 1980 1508 2011 praesentem
1525 1975 1609 2003 vitam
1628 1975 1764 2009 terrestri,
1778 1981 1806 2002 et

1017 2021 1070 2049 sub
1086 2029 1196 2048 sensum
1209 2022 1324 2049 cadente
1338 2022 1466 2057 paradiso
1480 2030 1536 2049 non
1551 2026 1593 2050 est
1606 2030 1687 2057 opus,
1699 2022 1804 2056 ingres-

1017 2075 1048 2095 su
1069 2067 1097 2095 in
1123 2067 1223 2095 ctelum
1259 2067 1389 2095 omnibus
1426 2067 1575 2103 patefacto,
1604 2067 1808 2094 exsultantibus

1016 2121 1126 2150 semper
1141 2114 1212 2149 apud
1226 2114 1370 2149 ipsumyut
1385 2120 1414 2142 et
1428 2122 1479 2142 nos
1498 2114 1596 2147 simus,
1610 2114 1657 2141 ubi
1676 2114 1734 2148 ipse
1753 2119 1805 2141 est.

1016 2157 1062 2184 Ait
1090 2158 1175 2190 enim,
1192 2167 1201 2183 ι
1219 2162 1248 2184 ut
1274 2158 1320 2186 ubi
1341 2165 1392 2193 ego
1413 2163 1524 2190 sum,et
1542 2166 1594 2186 vos
1615 2159 1806 2191 silis”.Quml

1017 2210 1100 2238 porro
1115 2204 1300 2232 Damascenus
1319 2205 1369 2237 ait,
1398 2204 1425 2231 in
1450 2205 1579 2240 sepulcro
1593 2212 1718 2240 corpore,
1734 2205 1806 2239 apud

1017 2248 1120 2276 inferos
1129 2250 1231 2283 anima,
1243 2256 1272 2278 ut
1281 2251 1353 2279 Deus
1362 2252 1389 2279 in
1401 2252 1528 2286 paradiso
1543 2259 1606 2280 cum
1622 2252 1729 2279 latrone
1738 2252 1807 2286 (l7),

1089 2314 1110 2330 ’⁵
1127 2314 1176 2341 lsa.
1193 2322 1231 2346 lx,
1243 2314 1270 2341 6.
1310 2314 1332 2330 "
1346 2313 1424 2341 Joan.
1441 2322 1497 2346 xlv,
1516 2313 1542 2340 5.

791 2368 901 2399 Jacobi
916 2369 1055 2400 Gretseri
1078 2375 1171 2402 noue.

214 2434 268 2467 (gl?)
284 2432 367 2459 Docet
381 2437 476 2459 auezor
494 2431 629 2457 latronem
648 2430 682 2467 in
700 2430 857 2467 paradisum
873 2435 962 2467 terre-

173 2465 264 2498 strem
287 2467 428 2494 inductum
446 2474 478 2493 ex
502 2466 547 2492 illo
566 2466 701 2500 promisso
728 2465 853 2492 Christi:
876 2465 962 2492 Hodie

173 2511 280 2532 mecum
296 2503 346 2528 eris
360 2502 387 2527 in
409 2501 544 2536 paradiso.
566 2502 618 2528 Sed
631 2501 786 2527 communis
797 2504 902 2527 ettvera
918 2508 965 2527 ex-

173 2538 279 2575 positio
296 2541 338 2575 est
353 2536 491 2575 Clu-istum
513 2537 612 2562 latroni
629 2536 682 2562 illis
693 2536 786 2575 verbis
804 2535 965 2575 promisisse

173 2571 311 2601 vzsioriem
327 2571 493 2600 beatilicam.
505 2578 619 2604 eamque
634 2571 751 2604 paradisi
763 2571 874 2597 nomine
890 2571 965 2597 desi-

171 2617 285 2646 gnasse.
305 2607 381 2646 Vitch
400 2605 719 2646 Fral‘lciscutu“Sparcz,
747 2611 814 2644 tom.
827 2606 853 2646 _l|
872 2606 919 2632 5—5
938 2614 964 2640 p.

220 2644 333 2671 Thoma:
350 2642 384 2669 ad
407 2645 459 2667 art.
477 2648 506 2673 ιι,
521 2649 547 2675 q.
567 2640 610 2667 46.
627 2640 656 2666 lu
674 2641 782 2668 ett-teris
808 2641 887 2674 plane
905 2650 961 2667 non

1015 2432 1089 2460 lavet
1108 2432 1220 2468 Dioptra
1234 2433 1322 2461 errori
1340 2431 1805 2468 recentiorumGraecorum,passe-

1016 2469 1148 2500 rentium,
1160 2465 1281 2495 animum
1293 2469 1431 2502 justorum
1444 2472 1507 2494 ante
1518 2467 1590 2502 diem
1604 2465 1700 2500 judicii
1717 2466 1806 2492 beati~

1017 2503 1112 2530 tudine
1136 2511 1190 2530 non
1210 2501 1402 2538 perlruI.-lmo
1427 2503 1560 2529 adversus
1585 2501 1658 2538 hunc
1683 2507 1804 2527 errorem

1015 2539 1106 2565 omnia
1127 2535 1217 2565 mm
1233 2539 1350 2573 Uioptra:
1374 2539 1426 2565 hoc
1445 2537 1542 2573 eodem
1567 2535 1656 2573 capite
1680 2542 1804 2573 pugnare

1016 2573 1158 2600 videntur.
1175 2574 1211 2600 De
1229 2570 1288 2608 quo'
1302 2573 1386 2600 multa
1400 2573 1481 2599 etiam
1497 2572 1655 2608 Gennadius
1670 2570 1804 2608 adversus

1016 2610 1162 2642 populares
1179 2605 1245 2636 suos
1267 2608 1376 2636 Graecos
1405 2608 1432 2634 iu
1456 2607 1613 2642 Defensione
1628 2612 1676 2640 pro
1691 2605 1803 2632 concilio

1017 2643 1183 2671 Florentino.

941 2690 1078 2721 Scholia.

210 2741 390 2777 ‘Dionysius.
418 2739 523 2777 Etenim
549 2740 587 2766 ita
607 2740 780 2774 intelligcnles
807 2740 961 2777 (mg/elerum

170 2783 286 2805 naturus
303 2775 420 2803 novimus
433 2775 517 2801 adhuc
532 2783 673 2805 assumere,
699 2783 851 2809 semperque
870 2784 884 2801 ιι
903 2775 960 2809 glo-

170 2815 214 2840 ria
233 2813 260 2839 in
285 2813 410 2848 gloriam,
425 2815 455 2848 ret
470 2819 485 2836 ιι
502 2810 648 2848 σοίιιιὶιμὶοιιε
668 2811 694 2836 in
713 2811 931 2844 cognitioncm,et
944 2819 960 2836 α

169 2844 302 2875 τΙιατ-ἰιιιιὶν
315 2849 341 2874 in
356 2847 513 2873 charitutcm
527 2844 662 2879 proﬁcere.

1052 2744 1070 2751 "
1087 2743 1155 2769 Pars
1175 2751 1294 2777 quwaum
1314 2743 1375 2768 doni
1392 2747 1428 2768 est
1447 2742 1573 2773 arrhubo,
1586 2745 1609 2766 ct
1625 2749 1709 2777 parvo
1727 2744 1802 2774 gutta

1014 2777 1046 2802 de
1063 2779 1151 2810 gratia
1165 2775 1223 2804 illa.
1235 2779 1305 2804 'ltmc
1325 2779 1445 2804 universa
1461 2777 1548 2812 gratia
1568 2776 1628 2802 doni
1644 2775 1741 2812 Citriin
1751 2778 1802 2800 (la-

1015 2812 1084 2837 bitur
1095 2812 1253 2843 hominibus.
1269 2818 1291 2837 ιἸ
1309 2813 1414 2839 tristitia
1428 2820 1509 2847 quam
1525 2811 1619 2838 habent
1636 2811 1732 2837 animo!
1743 2817 1802 2847 pec-

1014 2853 1144 2880 catorum,
1157 2848 1295 2882 infernalis
1307 2846 1438 2874 suanlicii'
1448 2856 1509 2882 pars
1528 2852 1575 2874 cst.
1596 2847 1623 2873 Si
1638 2846 1695 2872 sola
1710 2846 1803 2872 anima

208 2908 248 2941 (ιι)
263 2907 351 2934 Locus
375 2906 482 2940 longior
498 2908 541 2942 est
565 2904 698 2942 fortassis,
714 2903 747 2930 ,ιιι
764 2903 843 2931 libris
876 2908 972 2932 contra
991 2903 1129 2934 Juliauum
1152 2915 1158 2934 :
1173 2911 1201 2934 et
1217 2907 1273 2942 ipsa
1290 2907 1391 2942 scripta
1419 2907 1449 2934 B.
1462 2907 1555 2942 Cyl-illi
1587 2910 1704 2937 exstant,
1728 2903 1804 2932 unde

170 2943 226 2970 sibi
240 2939 347 2977 "reliqua
362 2939 455 2977 petere
472 2941 535 2976 quis
555 2939 825 2975 poteritJ‘os-rxxus.
