2032 3156
244 211 298 245 867

875 205 983 238 l’HlLl
990 208 1048 238 I’PI
1069 204 1265 238 SOLlTARII

1811 203 1860 234 86$

244 270 274 293 et
298 271 360 299 qua:
388 262 600 297 scquuntur,ud
626 261 785 296 opinionem
810 262 1065 294 conﬁrtnandamA
1078 269 1227 297 corporum
1258 261 1405 289 exsistant.
1431 267 1493 287 cum
1521 259 1622 294 quibus
1659 264 1820 291 nascuntur,
1837 264 1863 286 et

245 311 314 338 mihi
329 309 410 336 valet.
435 308 539 335 Etenim
558 307 585 334 in
611 307 653 334 his
669 308 798 335 omnibus
814 307 954 335 Christutn
968 316 1029 335 esse

245 356 322 388 dicit,
335 355 382 382 sed
397 354 498 381 deitate
527 353 596 385 sola,
612 361 667 388 qua
692 354 788 388 implet
806 355 907 381 omnia.
923 354 1029 381 Nostra:

244 405 335 427 autem
356 398 446 425 carnis
469 405 559 425 massa
583 397 663 432 pleno
693 397 856 428 subsistens,
875 398 900 424 in
931 397 1029 424 cretum

244 445 377 476 ascendit,
398 449 426 471 et
448 444 520 470 viam
546 444 626 470 nobis
642 443 738 470 eodem
765 444 872 478 aperuit
889 443 1030 475 dcnuo,ut

244 491 395 519 secundum
409 490 532 517 divinum
550 489 728 524 promissum,
750 489 796 516 ubi
821 488 948 516 Christus
972 490 1031 523 ipse

244 543 286 566 est
300 544 327 565 et
340 545 390 564 nos
413 537 508 564 simus.
531 536 576 562 Ait
601 535 675 562 enim
696 545 702 562 :
721 544 729 561 ι
750 535 810 567 Quo
823 542 874 569 ego
889 534 958 561 vado
984 543 1032 562 vos

243 584 331 615 scitis,
346 587 374 610 et
389 583 460 610 viam
476 582 563 613 scitis,
580 587 611 609 ut
625 581 670 608 ubi
684 589 734 616 ego
745 589 818 613 sum,
840 586 868 608 et
880 588 930 608 vos
941 581 1010 607 sitis.
1020 590 1028 605 ι

244 630 273 656 1η
289 630 362 656 hunc
380 630 453 656 enim
468 633 563 664 raptus
580 627 690 658 Paulus,
710 632 738 654 et
756 628 909 662 ingressus,
923 627 1029 653 audivit

245 684 345 704 arcana
362 675 456 702 verba.
472 675 500 702 In
528 674 697 709 paradisum,
721 683 801 708 quem
819 679 846 700 tu
865 674 943 706 juxta
960 672 1033 699 alIir-

245 722 395 749 litationem
411 721 567 748 divinarum
598 720 764 747 Litterarum
791 720 949 754 cognitione
978 727 1032 746 non

245 768 412 802 assequeris.
425 766 476 793 Sed
496 766 608 792 Paulum
626 766 692 792 tnilti
706 765 740 792 dc
761 765 813 792 hoc
827 765 859 792 ad
875 765 1033 792 Corinthios

247 814 285 840 ita
310 812 492 839 disserentem
520 811 665 838 considera
686 819 693 837 :
716 819 724 835 ι
753 810 816 838 Scio
839 811 977 837 hominem
1005 810 1032 836 in

245 857 358 883 Christo
373 860 436 883 ante
452 864 539 882 annos
558 857 779 890 quatuordccim,
792 857 922 891 quoniam
941 862 1034 890 raptus

247 907 289 930 est
302 902 329 928 in
340 902 507 936 paradisutn,
521 907 548 928 ct
563 902 777 928 audivitarcana
790 901 910 928 verba”.
927 912 936 926 ι
957 902 1034 929 Hunc

247 948 404 982 paradisum
431 953 458 975 et
485 956 611 982 magnum
640 948 770 974 Basiliam
795 949 925 983 adeptum
952 949 1031 980 scito,
1051 940 1069 966 Β

247 1001 330 1028 super
346 994 446 1021 cmlum
461 996 606 1026 cceiorutn,
619 995 666 1021 ubi
682 994 761 1021 sedet
776 994 862 1021 Filius
884 995 982 1021 Patris.
997 995 1034 1022 De

246 1039 299 1066 hoc
308 1045 411 1071 autetn,
423 1045 450 1066 et
463 1047 517 1067 non
530 1040 563 1067 de
582 1040 704 1068 terrestri
721 1039 858 1074 paradiso,
876 1043 958 1066 verba
976 1041 1034 1067 lieri

247 1085 391 1112 confirmat
421 1085 478 1120 ipse
505 1085 616 1118 Paulus,
638 1094 686 1120 per
706 1093 738 1112 ea
754 1093 814 1120 qua:
838 1085 1033 1120 subjiciuntur.

247 1131 394 1166 Postquam
412 1132 487 1158 enim
505 1131 575 1158 dixit
591 1141 598 1158 :
621 1141 630 1157 ι
649 1132 712 1159 Scio
730 1132 871 1158 hominem
901 1140 987 1166 usque
1000 1132 1034 1159 ad

247 1178 357 1204 tertium
380 1178 478 1205 coelum
503 1182 622 1212 raptum,
647 1187 655 1204 ›
670 1178 795 1213 adjungit
809 1179 886 1205 hcce:
902 1188 910 1204 ε
927 1179 959 1205 Et
978 1179 1035 1206 scio

248 1223 406 1259 hnjusmodi
429 1224 578 1256 ltomiuem,
595 1225 724 1258 quoniam
740 1229 834 1259 raptus
849 1228 891 1252 est
914 1225 940 1251 in
957 1232 1036 1259 para-

248 1269 348 1296 disum.
361 1279 371 1296 ›
388 1270 459 1301 Quin
475 1270 557 1297 ctiam
575 1271 721 1304 signiﬁcat,
743 1278 773 1298 se
795 1272 878 1298 tertio
903 1272 973 1298 coelo
989 1279 1036 1306 pe-

250 1319 360 1341 netrato
385 1315 474 1341 adhuc
502 1315 529 1341 in
559 1323 683 1350 magnam
708 1316 905 1342 sublimitatem
929 1320 1036 1350 raptum

248 1367 319 1392 esse,
337 1360 365 1386 in
377 1367 431 1394 qua
446 1365 488 1387 est
505 1362 562 1395 ipse
590 1361 672 1388 Deus.
688 1361 738 1388 llic
762 1366 805 1388 est
833 1361 988 1396 paradisus,
1009 1362 1037 1388 in

248 1413 331 1441 quem
349 1410 442 1440 raptus
459 1410 502 1433 est
525 1406 638 1438 Paulus,
670 1407 697 1433 in
725 1415 807 1441 quem
833 1407 992 1442 Gregorius,
1010 1412 1038 1434 et

249 1459 364 1486 magnus
380 1459 442 1479 cum
461 1452 522 1479 aliis
549 1452 690 1487 ingressus
708 1457 750 1480 est
778 1453 906 1487 Basilius,
930 1454 957 1480 in
976 1453 1037 1480 inli-

250 1497 318 1530 nita,
339 1502 368 1525 et
386 1497 491 1531 divina,
509 1503 536 1525 et
565 1503 667 1525 acterna
691 1499 763 1526 bona
786 1499 842 1532 illa,
852 1507 913 1534 qua:
941 1499 1039 1526 oculus

249 1541 427 1569 allectionum
457 1543 590 1569 malarum
615 1550 695 1570 emno
719 1543 846 1570 turbidus
877 1551 933 1570 non
957 1544 1036 1576 vidit,

249 1589 323 1614 auris
337 1588 529 1615 incredulitate
545 1588 680 1616 obdurata
696 1598 751 1616 non
769 1590 884 1622 audivit,
898 1595 926 1617 et
941 1591 968 1617 in
989 1598 1036 1617 cor

249 1633 401 1665 sordidum,
414 1634 543 1668 quodque
559 1642 591 1660 ex
607 1639 685 1669 parte
709 1640 817 1662 terrena
835 1636 887 1662 ista
911 1636 1037 1671 degusta-

250 1679 298 1710 vit,
314 1686 368 1706 non
393 1680 585 1707 ascenderunt.
616 1679 711 1708 Totam
733 1682 922 1710 tractationem
948 1682 1036 1710 disse-

251 1725 334 1751 rendo
345 1725 460 1752 absolvi.
470 1733 501 1752 ac
515 1733 564 1760 pro
587 1733 620 1753 eo
637 1730 666 1752 ut
680 1727 746 1753 mihi
762 1735 871 1762 quoque
893 1728 1036 1755 scientiam

250 1770 336 1802 dedit,
354 1771 400 1805 qui
433 1771 575 1799 scientiam
596 1773 686 1805 docet,
709 1774 875 1808 quaestiones
896 1775 1036 1810 proposui,

250 1815 458 1850 propositasque
477 1816 593 1844 absolvi.

533 1875 645 1903 CAPUT
661 1875 755 1904 XVIII.

249 1927 345 1956 Rerum
359 1934 453 1965 quarto
471 1931 538 1958 libro
558 1935 784 1966 pertractatarum
800 1935 1035 1970 anacephulwosis.

285 1987 369 2014 Docui
396 1993 495 2023 quarto
526 1989 609 2020 libro,
633 1991 772 2024 quomodo
809 1992 892 2019 semel
925 1992 1036 2027 quidem

251 2032 322 2059 Deus
336 2038 441 2061 mentes
452 2034 479 2061 in
495 2035 565 2062 ctelo
577 2037 747 2069 produxerit,
757 2042 785 2064 et
805 2038 946 2071 quomodo
966 2039 1037 2066 intra

250 2079 326 2104 omni
344 2078 397 2106 hoc
428 2085 550 2114 tempore
578 2089 718 2115 operetur.
747 2084 890 2115 Quomodo
913 2085 1036 2111 omnium

251 2123 393 2151 hominum
409 2127 507 2153 anima:
519 2127 637 2161 aequales
656 2128 711 2154 sint
726 2128 798 2155 inter
810 2130 1037 2164 se,cjusdemque

249 2169 420 2197 substantiae.
444 2172 619 2199 Conditorem
649 2181 704 2201 non
735 2174 868 2202 formasse
898 2176 932 2202 ab
958 2176 1037 2203 initio

250 2214 323 2242 hunc
352 2216 462 2250 quidem
487 2218 649 2252 sapientem,
676 2219 752 2246 illum
780 2220 965 2255 insipientem,
986 2230 1036 2250 nec

1080 315 1205 343 quaenam
1220 307 1258 335 rei
1277 315 1370 335 causa.
1384 306 1528 339 Quomodo
1554 305 1713 339 inexplebili
1733 305 1863 340 praeditus

1080 354 1182 381 invidia
1199 353 1284 380 Satan
1298 353 1479 389 cogitationes
1492 353 1576 379 malas
1591 353 1617 378 in
1633 352 1716 379 corde
1731 352 1863 382 seminet;

1080 407 1134 433 qua
1150 399 1255 426 ratione
1277 405 1327 426 nos
1349 406 1408 430 eas,
1426 398 1448 425 si
1466 398 1591 429 velimus,
1610 398 1745 425 radicitus
1769 399 1864 425 exstir-

1082 453 1188 480 pemus.
1202 444 1346 477 Quomodo
1361 444 1488 471 homines
1501 444 1556 471 Deo
1587 443 1753 471 connivente
1779 450 1865 477 oppu-

1081 496 1155 526 gnet.
1172 491 1287 523 Quando
1302 491 1401 517 animae
1426 495 1487 525 post
1516 490 1587 516 hanc
1606 490 1690 516 vitam
1704 489 1863 520 amicorum,

1081 537 1355 571 propinquorumque
1384 536 1608 567 reminiscantur,
1624 543 1656 562 ac
1687 535 1800 562 domum
1819 543 1865 569 pro

1082 582 1148 616 ipsis
1174 586 1332 615 precentur,
1355 588 1511 615 quanquam
1539 581 1613 608 solae.
1632 586 1659 607 et
1675 588 1688 606 a
1706 581 1867 615 corporibus

1081 632 1223 661 separatas.
1238 627 1380 659 Quomodo
1391 627 1505 661 spiritus
1516 626 1628 653 omnino
1643 627 1721 653 vacui
1736 634 1790 653 non
1803 627 1866 653 sint.

1083 674 1129 700 sed
1146 679 1295 708 operentur
1309 673 1411 708 potius,
1425 678 1454 699 ut
1469 673 1738 705 demonstravimus;
1753 673 1804 699 etsi
1820 673 1867 699 huc

1083 718 1141 746 solo
1156 718 1267 752 prtemio
1285 724 1396 746 careant
1410 718 1592 753 (beatitudine
1608 718 1744 753 corporis)
1761 718 1868 752 praecla-

1084 772 1177 791 rorum
1195 764 1321 791 laborum
1336 767 1462 796 suorum,
1476 764 1542 791 licet
1567 764 1649 790 modo
1675 771 1739 790 eum
1762 763 1868 791 Christo

1085 809 1177 836 vivant

1375 846 1487 874 CAPUT
1502 846 1573 875 XIX.

1086 890 1142 917 Non
1156 900 1214 921 sua,
1224 894 1268 918 sed
1281 892 1368 920 aliena
1381 894 1516 920 voluntate
1534 899 1558 920 et
1570 896 1728 921 auctoritate
1751 896 1786 920 ad
1807 895 1868 920 scri-

1119 926 1230 953 bendum
1259 935 1285 953 se
1313 928 1571 955 acressisse.0mnea
1597 931 1710 956 actiones
1741 934 1869 956 nostrusa

1122 961 1175 988 Deo
1190 965 1322 998 pendere:
1333 963 1403 990 Libri
1423 967 1559 998 utriusque
1576 964 1746 991 Testuinenti.
1768 965 1869 990 Livi-rso

1121 998 1219 1033 scripta
1240 997 1290 1024 SS.
1305 997 1427 1024 Patrum.
1449 998 1583 1030 Quomodo
1598 1000 1769 1033 scriptoribus
1789 1001 1869 1025 (Iit‘llto

1122 1032 1221 1058 auxilio
1234 1033 1267 1058 sit
1283 1041 1357 1066 opus.
1377 1033 1451 1060 Unde
1463 1034 1612 1068 profecerit.
1637 1034 1831 1061 Nounutlorum
1843 1042 1870 1060 ex

1122 1067 1227 1093 medicis
1239 1074 1403 1102 sumpturum
1416 1076 1531 1094 summa.

1121 1124 1268 1157 Cancrum,
1300 1125 1393 1152 Patres
1418 1126 1445 1153 in
1472 1125 1594 1157 Christo,
1616 1127 1716 1154 l'ratrcs
1740 1133 1768 1154 et
1784 1127 1869 1158 anxiri,

1086 1177 1167 1197 nemo
1192 1178 1288 1197 eorum
1323 1172 1369 1206 qui
1394 1172 1496 1199 librum
1524 1173 1598 1199 hunc
1629 1174 1795 1206 cvolverint,
1832 1182 1870 1200 Ittc

1087 1218 1280 1245 ostentationis
1298 1226 1379 1246 causa
1398 1219 1455 1247 hmo
1473 1221 1615 1255 seripsisse
1633 1225 1720 1256 putet,
1735 1227 1766 1248 ut
1789 1221 1871 1248 inanis

1087 1263 1179 1298 gloriae
1194 1265 1336 1298 cupidum,
1352 1269 1380 1292 ct
1395 1273 1445 1293 sua
1456 1266 1586 1301 opinione
1602 1268 1768 1302 sapientem,
1788 1273 1814 1295 et
1828 1276 1869 1294 ar-

1089 1311 1330 1344 rogantia,morbo
1339 1312 1468 1346 pessimo,
1490 1313 1672 1346 laborantem,
1685 1319 1712 1341 et
1731 1320 1870 1349 propterea

1087 1355 1189 1382 frustra
1203 1356 1277 1383 hunc
1293 1357 1394 1384 librum
1413 1359 1574 1386 confecisse.
1595 1359 1655 1386 Non
1689 1366 1790 1394 sponte
1818 1369 1870 1387 mea

1089 1400 1142 1427 huc
1157 1401 1338 1435 prosilui,sed
1357 1411 1372 1429 a
1389 1404 1526 1438 spirituali
1539 1406 1597 1431 viro
1609 1405 1743 1432 Callinico
1753 1406 1872 1435 nomine.

1089 1446 1115 1472 in
1133 1447 1273 1474 montibus
1287 1447 1475 1483 Illoglenorum
1491 1450 1644 1481 habitante,
1660 1451 1726 1477 mihi
1748 1451 1874 1478 commis~

1089 1499 1150 1518 sum
1171 1500 1272 1520 munus
1284 1495 1403 1529 suscepi.
1421 1496 1533 1522 Patrum
1562 1496 1646 1531 igitur
1672 1496 1873 1523 Itortaliottibus

1089 1544 1117 1566 et
1130 1540 1274 1574 prteccptis
1292 1541 1403 1572 cedens,
1416 1550 1487 1577 opus
1503 1542 1555 1569 hoc
1571 1550 1619 1577 pro
1636 1543 1742 1569 viribus
1772 1551 1874 1577 Compo-

1090 1587 1143 1619 sui,
1157 1586 1225 1613 nihil
1243 1587 1298 1615 fere
1313 1596 1329 1615 e
1350 1592 1466 1616 cerebro
1483 1598 1554 1621 tneo,
1565 1587 1658 1618 verum
1678 1599 1737 1624 qui:
1753 1591 1819 1618 IlIllt‘
1835 1591 1873 1617 in-

1089 1635 1123 1661 de
1138 1635 1234 1670 collegi
1247 1641 1274 1662 et
1296 1635 1450 1670 corrogavi,
1461 1635 1514 1662 hoc
1530 1636 1668 1663 volumine
1682 1645 1741 1663 sunt
1758 1638 1874 1671 cotupic-

1088 1687 1149 1711 xus,
1176 1679 1261 1714 ﬁgura
1282 1679 1417 1707 orationis
1441 1680 1468 1707 in
1484 1681 1564 1708 metri
1588 1681 1684 1708 faciem
1698 1687 1872 1712 commutata,

1089 1725 1161 1759 quod
1180 1732 1194 1751 a
1212 1725 1301 1752 doctis
1317 1724 1459 1759 politicum
1473 1729 1600 1756 vocatur,
1620 1726 1727 1752 tametsi
1748 1726 1871 1760 simplex,

1089 1770 1238 1797 barbarum
1263 1775 1291 1798 ct
1319 1771 1451 1798 solwcutu
1467 1771 1592 1806 insuper,
1608 1776 1638 1798 ut
1657 1772 1691 1798 ab
1710 1771 1823 1799 indocto
1849 1778 1873 1797 ct

1089 1815 1168 1849 plane
1181 1815 1308 1849 imperito
1318 1823 1444 1843 sermone
1455 1816 1616 1849 artiﬁcioso,
1630 1817 1676 1844 sed
1688 1825 1741 1844 non
1750 1817 1872 1847 scientia,

1089 1861 1273 1894 compositum
1286 1863 1305 1886 ‘.

1123 1905 1208 1932 Nemo
1222 1906 1304 1940 igitur
1325 1913 1368 1933 me
1386 1906 1508 1940 irrideat,
1529 1915 1598 1934 neve
1620 1916 1687 1936 naso
1714 1909 1870 1944 suspendat-

1088 1951 1155 1978 Nam
1168 1959 1231 1978 cum
1256 1951 1448 1986 obtemperare
1463 1957 1491 1980 et
1515 1953 1612 1980 cedere
1637 1955 1796 1982 statuissent
1820 1963 1873 1982 esse

1088 1996 1233 2030 optimum,
1265 1997 1464 2024 venerabilium
1490 1999 1612 2025 virorum
1649 2001 1808 2027 auctoritati
1835 2009 1874 2027 me

1089 2043 1214 2072 submisi,
1244 2043 1334 2070 sciens
1362 2044 1471 2078 penitus
1500 2044 1624 2071 damnari
1651 2046 1873 2074 inobcdientiam.

1088 2087 1249 2115 Ohcdientia
1267 2089 1332 2121 vita,
1355 2090 1542 2117 inobedientia
1571 2099 1645 2118 mors
1672 2096 1724 2119 cst.
1754 2093 1833 2125 Quod
1853 2092 1873 2120 si

1088 2135 1150 2168 quis
1164 2135 1275 2162 mordax
1290 2141 1318 2162 et
1332 2137 1502 2164 conviciator
1525 2137 1662 2164 incessere
1690 2147 1733 2166 me
1751 2140 1820 2171 vult,
1848 2144 1873 2166 et

1089 2181 1296 2214 prohrummihi
1313 2182 1432 2214 inurere,
1459 2189 1487 2209 ut
1512 2182 1660 2214 fastuosus,
1689 2189 1718 2211 ut
1735 2193 1873 2220 arrogans,

1087 2230 1115 2252 et
1130 2226 1219 2255 dicax.
1232 2227 1304 2254 dicat
1319 2233 1346 2254 et
1362 2227 1444 2255 faciat
1463 2229 1534 2262 quod
1550 2229 1617 2256 libet

249 2260 334 2287 alium
350 2263 489 2296 pudicum,
505 2264 588 2302 alium
601 2271 792 2293 scortatoretn.
814 2267 977 2296 Hominibus
992 2269 1034 2296 di-
1050 2276 1076 2305 ι)
1124 2269 1179 2304 Ego
1200 2278 1275 2303 sane,
1290 2276 1319 2298 ut
1331 2273 1414 2303 volui,
1435 2281 1483 2307 pro
1496 2281 1528 2300 ea
1554 2282 1607 2308 qua
1633 2283 1693 2302 sum
1713 2274 1874 2303 eruditionis

250 2313 344 2333 versas
373 2314 433 2334 esse
462 2315 543 2335 voces
571 2317 603 2336 ac
631 2311 897 2344 pronuntiationem.
930 2313 1035 2346 Quibus

249 2351 322 2378 Deus
339 2351 407 2380 bene
424 2353 499 2385 velit,
512 2363 606 2382 eorutn
625 2356 779 2384 voluntates
791 2358 824 2385 ad
841 2358 926 2386 bonas
942 2365 1034 2394 partes

249 2405 264 2424 a
289 2398 471 2427 deterioribus
500 2403 640 2436 converti;
667 2404 817 2437 priesertitn
849 2405 894 2431 ubi
926 2406 1033 2433 illortnn

248 2451 357 2478 quoque
370 2446 488 2473 stadium
504 2448 661 2475 accesserit.
675 2449 818 2481 Quomodo
833 2456 861 2477 et
879 2452 950 2478 unde
966 2453 1033 2479 vitia

285 2502 305 2517 ”
318 2502 338 2529 Il
351 2503 413 2530 Cor.
428 2512 477 2538 xu,
495 2506 539 2533 ιω.
579 2507 599 2522 ¹⁷
617 2506 679 2542 Sap.
697 2515 756 2540 vm,
779 2509 805 2534 7.

1088 2316 1290 2349 mediocritate,
1300 2323 1327 2344 ct
1337 2319 1364 2345 in
1377 2320 1480 2353 primis,
1499 2320 1552 2346 Deo
1568 2321 1727 2355 adjuvante,
1741 2324 1793 2350 hoc
1808 2331 1873 2358 opus

1088 2363 1203 2390 absolvi.
1216 2363 1361 2397 Sapientia:
1377 2366 1450 2392 enim
1466 2368 1667 2401 suppeditator,
1689 2375 1717 2396 et
1743 2370 1873 2405 Ittsipirtt-

1088 2415 1145 2436 tum
1160 2412 1330 2444 emendator,
1345 2414 1392 2446 qui
1406 2413 1486 2440 docet
1501 2414 1640 2442 hominem
1663 2417 1835 2451 prudentiam
1848 2422 1874 2443 et

1089 2456 1231 2484 scientiam
1248 2458 1268 2473 ¹⁷
1282 2466 1290 2492 ',
1305 2459 1352 2492 qui
1373 2459 1419 2486 (lat
1447 2459 1573 2488 virtutem
1592 2463 1728 2490 sermonis
1746 2464 1772 2490 in
1796 2471 1873 2498 aper~

1015 2558 1152 2588 Scholia.

249 2618 317 2640 recte
334 2614 442 2648 fecisset,
457 2619 540 2643 solum
553 2626 658 2654 quoque
673 2621 796 2645 coronari
809 2620 957 2654 oportebat.
969 2621 1036 2654 Quia

247 2653 333 2689 autem
350 2658 408 2676 cum
425 2659 533 2690 corpore
549 2653 615 2679 bona
630 2654 691 2687 egit,
704 2663 761 2680 cum
774 2655 829 2689 ipso
838 2655 910 2681 debet
925 2658 1037 2690 prmitia

248 2686 375 2721 accipere,
385 2690 408 2710 cl
422 2686 534 2721 glorium
550 2696 576 2712 Ill
596 2686 695 2721 futuro.

285 2720 431 2757 ‘Isntorus.
450 2720 551 2748 l'crttus
568 2723 674 2756 Supicns
690 2724 816 2757 quiritium
827 2731 875 2756 est,
887 2727 1001 2753 malime
1014 2728 1037 2754 si

246 2754 357 2794 simpli";
370 2760 392 2794 et
409 2756 491 2781 breuis
504 2762 540 2782 cst
558 2765 565 2782 :
582 2754 673 2794 contra
687 2754 797 2785 stultum
810 2754 1036 2794 cst,i/1tott'vurie-

247 2792 301 2813 tute
319 2790 469 2831 distinctum
492 2796 539 2822 est,
554 2793 672 2825 quamvis
692 2795 795 2820 dicendi
813 2795 836 2820 vi
862 2790 885 2821 εἰ
905 2797 1036 2831 elegantia

248 2827 370 2849 Jrnutum
387 2825 515 2852 videatur.

262 2891 267 2896 '
285 2858 452 2900 “(llrhrysos‘L
468 2861 536 2900 Quid
546 2861 616 2887 enim
632 2865 1032 2900 uorttutenlisermonisimperi-

247 2894 284 2916 lia
299 2894 390 2926 u/[erut
402 2895 414 2918 ."
425 2896 493 2927 Quid
506 2901 596 2922 contra
610 2897 732 2924 utilitatis
744 2899 880 2925 verborum
896 2894 1033 2933 ['cstitl'itus,

1086 2625 1108 2649 si
1123 2626 1252 2663 sententia
1270 2626 1436 2663 ipsa‘dirvinis
1449 2628 1566 2654 sensibus
1587 2630 1699 2656 currat?
1715 2630 1748 2656 lit
1770 2630 1871 2663 gladius

1087 2660 1167 2691 enim,
1183 2661 1206 2697 si
1217 2669 1309 2697 ausum
1332 2661 1423 2687 habent
1442 2668 1607 2696 argenteam,
1624 2665 1723 2697 ['crrum
1739 2660 1824 2690 mitem
1837 2665 1874 2697 ip-

1086 2701 1143 2719 sum
1161 2694 1264 2727 plumbo
1279 2696 1430 2730 flexibilim,
1450 2694 1517 2723 nihil
1533 2694 1645 2731 prodest.
1670 2699 1736 2726 Nunt
1752 2694 1874 2726 orationis

1086 2731 1236 2768 compositio
1261 2736 1283 2756 ct
1307 2731 1438 2758 distinctio
1459 2741 1474 2757 η
1490 2734 1612 2759 studiosis
1637 2734 1836 2768 clrguntiurum,
1850 2737 1874 2759 et

1087 2764 1228 2797 plausuum
1246 2767 1435 2799 captatoribus,
1451 2769 1614 2794 ornumuztis
1629 2764 1687 2795 isti;
1702 2770 1872 2795 uriutitruns—

1087 2799 1214 2838 torulum,
1239 2802 1432 2838 r/nodtnnnono
1447 2805 1602 2838 corrumpit,
1625 2805 1694 2838 quot!
1713 2804 1872 2838 propositum

1089 2838 1123 2874 r51
1141 2834 1175 2874 uti
1190 2836 1420 2874 considerantium,
1439 2834 1684 2874 latcntcr'nutitiunt
1697 2834 1836 2874 .sitﬂ‘liruns,
1848 2842 1871 2863 rt

1089 2870 1114 2894 in
1132 2870 1168 2894 rei
1179 2871 1300 2904 sttbjccttt'
1316 2871 1487 2905 intelligentia
1505 2872 1641 2899 ircturibu»
1655 2870 1768 2900 obstans.
