2032 3156
141 200 196 234 869

869 195 1044 227 DIOPTRA.

1717 199 1768 230 870

143 261 215 287 tione
232 257 290 284 oris
303 256 344 288 ‘3;
364 261 392 282 et
413 256 527 282 verbum
542 255 647 290 praebet
670 254 886 289 prtedicantibus
906 254 935 280 in
952 254 973 281 Α
989 251 1035 278 Dei
1053 251 1220 286 publicando
1251 258 1444 287 peragrarunt.
1468 253 1564 281 Postea
1594 262 1658 281 vero
1684 255 1780 283 Patres

143 308 255 335 νιιιιιιε,
273 308 303 329 ιιι
317 302 387 329 liber
402 302 573 329 Psalmorum
595 301 621 328 in
638 302 737 336 spiritu
761 301 852 334 docet,
877 300 935 335 ipse

142 350 223 377 etiam
237 349 289 375 hoc
302 356 350 375 seu
371 348 519 382 abjectum.
536 355 583 374 seu
607 355 734 382 magnum
753 346 897 381 inspiravit
916 349 934 372 '.

178 395 233 422 Nisi
259 395 332 422 enim
353 394 455 420 douuitt
485 393 631 420 desursum
657 393 850 423 descenderet,
877 393 936 419 siite

988 297 1155 331 contplures,
1172 297 1290 324 humana
1299 306 1330 324 ac
1343 297 1436 324 divina
1452 299 1586 332 sapientia
1599 299 1737 331 instructi,
1752 305 1780 327 et

988 348 1128 368 sacrarum
1154 350 1246 369 rerum
1272 343 1461 375 scientissimi,
1490 344 1568 371 libris
1602 345 1678 372 ltisce
1707 347 1781 372 velut

988 388 1344 424 fundamentisquibusdam
1356 390 1492 421 nixi,cum
1505 391 1670 426 martyribus
1679 399 1777 426 super-

145 441 239 474 plaste,
257 439 321 474 quid
338 440 441 474 plastna
458 438 677 470 facerel?Quam
692 438 765 465 enim
781 438 842 473 quis
858 437 971 464 intel-v
986 434 1170 466 tediﬂcarunl,
1196 439 1224 462 et
1240 435 1378 469 pruna-va:
1403 435 1536 462 doctrina:
1562 444 1594 462 cx
1612 437 1686 463 omni
1703 442 1781 471 parte

143 486 294 521 ligentiaiu,
314 491 344 512 ut
363 486 465 512 donum
483 493 498 512 a
515 485 665 512 Conditore
683 485 790 515 habuit.
814 484 859 511 illa
878 484 937 518 ipsa

146 533 263 560 \icissim
280 532 314 558 ab
326 540 359 558 eo
376 532 485 558 tandem
513 535 662 565 repetetur.
687 531 753 566 Ligo
769 531 853 562 enim,
871 530 934 563 falx,

144 584 272 609 rastrum,
286 585 373 609 serra,
395 577 519 608 dolabra,
537 576 656 607 terebra,
673 577 789 611 gladius,
809 576 897 606 hasta.
909 580 937 602 et

144 625 277 659 quidquid
305 625 368 651 vita:
388 624 514 650 humana:
554 623 679 654 inservit,
720 622 936 657 unumquodque

145 672 242 698 horum
260 671 383 697 otttttiuttt
396 670 430 696 ad
455 677 524 703 opus
545 674 588 696 cst
606 669 758 699 inventum,
776 676 829 695 non
847 673 937 695 tamen

145 717 230 744 iilliiiu
248 723 360 750 prorsus
375 723 423 750 per
433 723 461 742 se
475 720 579 741 tttotunt
594 714 675 740 habet
692 722 698 740 :
714 713 760 740 sed
779 713 848 739 alius
863 713 937 739 aliud

145 762 259 793 invenit,
277 767 306 789 ut
319 769 366 796 per
383 760 409 787 id
425 764 515 795 posset
529 759 602 794 quod
614 759 714 785 liberet
728 759 844 786 etlicere.
862 758 937 785 Velle

145 814 249 839 autem,
265 812 292 834 et
317 814 396 841 posse
422 815 436 833 a
454 807 510 833 Deo
529 806 646 840 aceepit,
664 810 741 832 extra
758 812 839 839 quem
857 812 937 831 nemo

144 852 295 887 quidquam
312 857 414 886 potest,
431 860 485 878 non
504 860 594 886 agere,
614 860 668 878 non
692 851 773 882 velle,
797 858 850 876 non
874 858 936 884 par-

144 907 219 930 vunt,
235 907 289 925 ttott
303 906 431 933 ittagttutu
447 898 565 932 denique
586 906 592 924 :
608 897 681 924 sicut
696 897 802 923 nullum
821 897 936 923 istorum

145 945 391 971 instrutttentorum
405 944 546 978 quidpiam
567 945 656 978 ipsimi
685 950 699 969 a
728 950 768 973 se,
791 947 818 969 et
844 949 892 976 per
908 949 936 968 se

145 994 261 1021 motum,
274 990 363 1016 facere
380 997 431 1016 nec
453 994 550 1023 sponte
565 988 598 1015 ad
616 996 685 1023 opus
699 988 766 1014 cieri
785 992 886 1021 potest,
915 987 937 1013 si

144 1035 253 1066 artifex,
268 1041 295 1062 et
316 1043 413 1062 tttantts
427 1034 553 1066 artilieis,
570 1042 631 1069 qua:
644 1040 720 1061 motu
736 1034 769 1060 ad
783 1034 875 1068 operis
890 1033 939 1060 ali-

144 1082 223 1116 i-njiis
233 1089 311 1108 usuin
327 1085 429 1112 utatur,
445 1089 496 1107 itott
510 1080 640 1108 adfuerit.
653 1081 708 1107 Nec
718 1081 772 1106 ullo
784 1079 865 1106 modo
876 1080 939 1106 abs

143 1135 197 1161 que
209 1128 298 1154 divina
315 1135 367 1161 ope
395 1127 530 1161 quispiam
549 1127 590 1153 vcl
614 1131 686 1161 agat,
707 1127 749 1153 vel
768 1126 880 1160 cogitet,
898 1126 938 1153 vel

143 1174 286 1208 loquatur.
306 1173 378 1199 Deus
403 1173 476 1199 enini
499 1172 634 1204 condidit,
656 1173 728 1199 Deus
754 1173 827 1198 enim
854 1173 939 1199 vitam

142 1219 271 1253 largitur.
290 1218 330 1244 Ab
345 1218 391 1244 illo
405 1226 496 1252 posse,
513 1224 539 1244 ct
557 1218 672 1252 spirare,
687 1223 715 1245 et
728 1219 797 1245 velle
811 1219 938 1245 sumitur.

144 1265 179 1291 Et
197 1265 336 1299 quomodo
355 1265 423 1291 citra
439 1265 589 1299 potentiam
607 1265 771 1292 sustinentis
785 1266 888 1297 omnia,
913 1270 941 1293 et

143 1310 299 1343 scientiam,
321 1313 348 1337 et
366 1317 462 1337 manus
489 1310 555 1336 mihi
586 1315 614 1337 ct
631 1310 715 1345 pedes
746 1311 940 1346 impcrtientis,

143 1356 204 1390 ipse
219 1363 268 1390 per
289 1363 333 1382 mc
357 1354 507 1390 quidquam
528 1356 681 1391 intelligere
698 1360 725 1383 et
748 1365 828 1392 agerc
849 1357 941 1384 divina

144 1403 265 1437 desuper
285 1405 419 1436 potestate
434 1400 596 1428 adversante
610 1402 738 1435 possent?
751 1402 883 1437 Exemplo
898 1411 942 1430 res

144 1447 246 1474 clarior
271 1447 328 1474 tlet.
359 1446 487 1478 Ferrarii,
513 1454 632 1481 quorum
653 1454 724 1481 opus
745 1447 771 1473 itt
791 1447 866 1474 ferro
888 1454 941 1480 est,

144 1492 249 1518 ferrum
264 1495 381 1518 tractant
407 1495 490 1525 atque
510 1491 542 1517 ad
564 1491 722 1525 largitorem
739 1492 818 1525 ferri,
834 1498 861 1519 et
883 1494 943 1528 opi-

142 1536 223 1563 ﬁcem
233 1536 356 1562 ontniunt
372 1535 533 1570 respiciunt.
548 1535 577 1561 ln
591 1543 707 1562 massam
718 1539 810 1562 autent
823 1536 941 1570 primum

988 480 1171 512 adhierentes,
1187 479 1296 514 scriptis
1314 481 1370 506 suFS
1389 480 1539 507 Ecclesium
1563 482 1662 508 miruttt
1679 483 1705 508 iit
1724 490 1783 509 mo-

988 525 1240 552 dumexoruarunt.
1254 525 1330 552 Alius
1348 527 1422 552 enim
1438 527 1505 554 edas
1518 528 1688 562 composuit;
1700 529 1781 562 alius,

989 572 1094 600 cantica
1110 579 1179 606 quos
1196 573 1310 606 εῐρμοϋς
1326 579 1425 599 vocant
1439 582 1446 605 ;
1469 572 1550 605 alius,
1570 582 1665 601 versus
1679 584 1685 607 ;
1700 575 1781 607 alius,

987 617 1079 653 lepida
1093 618 1210 652 στιχηρέι
1225 618 1335 649 triodia.
1351 619 1483 653 troparia,
1509 620 1672 654 προσόμοια,
1697 629 1782 648 ρδιιος

989 672 1048 696 nas,
1074 664 1265 698 ἀναϐαθμοὺς,
1290 665 1459 700 καθίσματα,
1476 667 1614 699 contacia;
1631 667 1710 699 alitis,
1728 668 1783 703 spi-

991 711 1130 737 ritualiutn
1147 710 1272 737 modulos
1284 711 1454 738 Psalmorum
1464 720 1471 744 ;
1483 711 1539 744 alii,
1553 713 1686 746 profunda
1702 712 1783 748 sp-ti-

992 761 1035 782 tus
1056 761 1083 782 et
1094 755 1224 782 Ecclesia:
1232 756 1358 790 dogmata
1371 761 1574 789 tractaverunt;
1590 758 1635 784 alii
1648 758 1681 784 de
1692 758 1750 785 inca
1756 766 1783 785 r-

991 801 1101 828 ttatione
1113 801 1195 828 Verbi
1209 801 1394 836 disputantes,
1412 803 1536 829 ontniunt
1555 803 1727 837 blaspheme:
1738 813 1781 830 iittt

991 853 1175 880 pervcrsequc
1199 847 1372 880 opinantium
1395 855 1443 873 ora
1470 848 1684 878 obstruxciuitt:
1713 851 1784 876 alius

990 891 1146 926 eloquentia
1162 891 1423 924 excellentissimus;
1441 892 1511 919 alius
1524 893 1680 928 disputator
1695 903 1783 921 acer-

992 938 1096 970 rimus;
1126 938 1195 964 alitis
1219 939 1430 965 commentarios
1456 939 1569 973 reliquit
1592 939 1625 966 de
1645 940 1732 966 aizima
1757 946 1784 967 et

991 985 1050 1018 ejus
1078 984 1266 1015 tabernaculo,
1284 984 1317 1010 de
1344 984 1553 1018 pulchritudine
1571 985 1681 1011 virtutis
1705 991 1733 1012 et
1750 987 1785 1012 de

992 1030 1162 1064 turpitudine
1179 1030 1319 1061 vitiorum,
1337 1030 1370 1057 ad
1394 1031 1568 1058 commodum
1587 1036 1615 1057 et
1637 1032 1783 1059 utilitatem

990 1075 1097 1102 litteras
1113 1076 1341 1103 consectantium.
1362 1075 1412 1103 Cui
1431 1076 1525 1111 igitur,
1545 1081 1574 1103 ut
1587 1076 1724 1107 dicebant.
1744 1077 1784 1103 fa-

991 1122 1080 1149 cultas
1093 1123 1227 1149 orationis
1244 1130 1374 1149 concessa
1392 1127 1441 1154 est,
1458 1123 1503 1149 hic
1523 1123 1604 1150 etiam
1619 1131 1652 1150 ex
1673 1129 1732 1150 arte
1750 1123 1785 1150 li-

992 1167 1056 1193 lnos
1070 1172 1161 1202 potest
1187 1175 1352 1201 componere
1369 1176 1375 1194 :
1401 1168 1475 1202 quod
1496 1168 1568 1195 ident
1587 1168 1732 1202 imperitus
1759 1173 1786 1195 ct

993 1213 1128 1240 barbarus
1158 1213 1275 1240 barbare
1305 1214 1455 1247 praestabit.
1474 1215 1527 1241 Sed
1555 1215 1785 1249 quemadmodum

992 1258 1069 1285 faber
1081 1259 1213 1285 ferrarius
1224 1266 1327 1286 massas
1340 1259 1404 1286 ferri
1419 1265 1526 1290 tractat,
1542 1260 1684 1287 materiam
1702 1261 1786 1287 infor-

993 1313 1063 1331 ntetu
1086 1310 1218 1339 paratam,
1242 1305 1398 1339 futurisque
1421 1305 1563 1332 laboribus
1591 1306 1717 1333 ferrariis
1734 1306 1785 1333 ob-

993 1352 1065 1378 viam
1080 1353 1195 1381 habens.
1211 1352 1317 1379 laborat
1331 1357 1421 1379 autent
1438 1352 1465 1378 iit
1484 1360 1516 1379 ea
1534 1357 1564 1379 ut
1582 1353 1649 1384 vult,
1667 1358 1694 1380 et
1709 1352 1788 1379 adhi-

993 1398 1052 1425 bito
1065 1398 1138 1434 igne,
1151 1398 1179 1425 in
1188 1397 1302 1425 fortnam
1311 1406 1393 1433 quant
1408 1399 1537 1426 voluntas
1546 1399 1600 1426 fert
1612 1398 1712 1434 redigit
1724 1399 1788 1433 (nec

993 1445 1066 1472 enini
1084 1445 1152 1471 citra
1165 1445 1254 1479 igneut
1264 1444 1421 1475 fabricabit,
1434 1445 1497 1472 lic'ct
1508 1450 1567 1472 arte
1581 1445 1787 1472 nialleatoribus

995 1492 1132 1518 universis
1140 1491 1309 1525 antecellat),
1331 1491 1366 1517 ita
1378 1491 1497 1517 divinant
1511 1491 1680 1525 Scripturant
1699 1498 1727 1518 se
1740 1499 1773 1525 pe

995 1537 1071 1564 nitus
1099 1537 1200 1564 habere
1225 1537 1363 1563 existima.
1396 1536 1519 1571 Apostoli
1540 1536 1704 1571 praedicant,
1721 1544 1787 1571 pro-

143 1586 271 1609 eoactum
286 1581 440 1613 ferruut,ad
456 1581 546 1608 varios
554 1589 620 1608 usus
631 1582 942 1616 potestacconimodari.
958 1597 980 1625 ο
997 1583 1086 1618 pheta:
1101 1583 1294 1617 ιιιωιιιιιιιὶίιιιι,
1317 1582 1343 1610 S.
1355 1583 1440 1618 riptor
1455 1589 1551 1610 eorum
1577 1582 1659 1609 dictis
1678 1587 1706 1609 et
1719 1582 1787 1609 locis

144 1630 218 1657 Emit
235 1630 309 1657 enim
324 1629 515 1664 hujuscemodi
527 1637 630 1657 massas
641 1629 717 1657 faber
736 1629 877 1661 ferrarius,
891 1635 938 1656 aut

143 1676 276 1708 serarius,
294 1679 321 1702 et
335 1676 492 1710 quicunque
515 1676 692 1703 incelianicus
708 1676 835 1707 voluerit,
851 1684 938 1710 coque

143 1722 175 1748 ad
186 1729 270 1748 suum
287 1729 356 1756 opus
371 1726 398 1748 ct
411 1722 549 1756 negotium
573 1721 669 1748 utitttr.
699 1722 843 1749 Fabricant
864 1722 938 1749 enim

143 1768 245 1799 ascias,
264 1768 356 1799 falces,
375 1762 494 1802 scalpra,
509 1767 693 1802 rltompliteas,
711 1769 853 1803 pugiones,
883 1769 938 1802 gla-

143 1817 212 1845 dios.
231 1816 394 1848 tuacltatras,
418 1823 556 1842 armorum
573 1823 654 1842 otune
669 1823 766 1850 genus,
782 1815 884 1849 quibus
905 1815 938 1841 ad

143 1863 204 1889 vita:
222 1869 304 1888 usum
319 1865 345 1888 et
367 1861 590 1888 commoditatem
618 1868 715 1888 ontnes
736 1869 858 1895 egemus.
885 1860 937 1888 Sed

143 1909 213 1936 alius
233 1910 265 1934 ut
280 1907 412 1941 probattts
427 1906 530 1934 ferrtttn
550 1907 656 1934 emollit
673 1914 706 1934 ac
727 1906 831 1939 domat,
849 1915 882 1934 ac
897 1906 940 1934 fa-

144 1954 252 1980 bricattt
273 1959 349 1979 suam
365 1951 512 1978 artificiose
520 1956 641 1984 exercet,
657 1955 686 1979 et
699 1951 834 1986 quidquid
847 1953 940 1986 operis

142 1999 277 2029 efﬁcitur,
291 1997 318 2024 id
339 2004 434 2024 omnes
451 1997 640 2032 spectantibus
656 1997 867 2024 admirationem
880 2005 939 2024 mo-

142 2050 197 2075 vet,
214 2048 249 2072 ut
267 2044 389 2078 elegans.
415 2043 482 2070 utile
510 2048 537 2069 et
569 2043 705 2069 laudabile
732 2042 870 2069 videlicet.
887 2043 938 2076 Qui

144 2096 239 2118 anteiit
262 2090 329 2116 artis
354 2093 396 2115 est
422 2088 509 2119 rudis,
527 2093 574 2115 aut
594 2096 653 2115 cani
671 2090 740 2115 male
757 2089 861 2121 didicit,
885 2097 938 2116 non

143 2137 235 2164 solum
265 2135 417 2163 secundum
444 2141 531 2162 artem
559 2135 705 2167 fabricare,
734 2139 762 2161 et
792 2143 875 2169 o;era
905 2135 938 2162 de

145 2183 293 2215 industria,
310 2188 339 2210 ct
351 2187 381 2209 ut
393 2183 463 2209 ratio
476 2182 596 2217 postulat
607 2181 743 2209 conficere
758 2182 854 2216 nequit
868 2190 874 2207 :
890 2181 937 2208 sed

145 2231 252 2257 ferrutn
263 2237 372 2264 quoque
385 2229 485 2255 frustra
501 2228 647 2255 consumit.
664 2228 723 2256 Jaitt
735 2228 768 2254 de
782 2227 936 2262 Scriptura,

145 2280 172 2302 et
187 2281 248 2302 arte
263 2275 412 2310 Scriptura:
430 2273 531 2302 sintilia
548 2274 648 2309 cogita.
681 2274 800 2309 Spiritus
827 2279 940 2301 sanctus
957 2277 977 2303 lt

146 2322 297 2357 prophetas
313 2321 451 2356 purgavit,
485 2320 616 2352 erudivit,
635 2322 720 2356 gratia
740 2326 766 2348 et
783 2321 940 2357 cognitione

145 2367 282 2401 implevit.
299 2366 386 2393 Etiam
406 2366 562 2394 illitteratus
588 2366 750 2401 sapientiam
772 2367 875 2394 docuit.
901 2366 940 2393 lta

145 2421 197 2447 per
212 2412 326 2447 gratiam
343 2413 476 2441 docefacti
493 2419 521 2440 et
534 2414 654 2449 purgati,
665 2419 694 2441 et
717 2414 815 2448 spiritu
845 2422 940 2441 corro—

147 2458 253 2490 borati,
266 2465 407 2486 sermones
427 2460 538 2487 divinos
552 2460 711 2492 ediderunt,
728 2465 756 2487 et
780 2461 866 2488 libros
886 2467 943 2486 om-

148 2511 211 2536 nes,
229 2511 344 2530 numero
359 2506 499 2539 sexaginta
512 2510 727 2540 composuerunt
741 2514 748 2532 ἒ
762 2513 809 2532 sex
830 2510 856 2532 Cl
869 2512 938 2539 qua-

148 2549 276 2585 draginta
303 2549 473 2577 Testatuenti
500 2551 625 2583 Veteris,
654 2557 758 2586 septem
786 2557 815 2578 ct
842 2550 939 2585 viginti

147 2595 318 2622 'l‘estamenti
332 2594 400 2622 Novi
413 2599 440 2621 et
459 2595 646 2624 Recentioris:
665 2604 768 2632 eosque
785 2604 833 2631 per
845 2596 940 2623 orbein

149 2644 287 2667 terrarum
304 2640 358 2667 late
375 2640 599 2674 dissemiitarunt,
614 2650 695 2677 quem
712 2643 795 2670 etiam
822 2642 939 2678 gratiam

187 2699 209 2714 ¹³
222 2698 324 2733 llphes.
337 2706 375 2732 Vl,
390 2698 433 2725 l9.

995 1637 1085 1664 utens,
1104 1633 1127 1659 si
1155 1640 1209 1659 non
1230 1633 1313 1659 etiant
1347 1632 1393 1659 Dei
1413 1633 1529 1667 gratiam
1557 1640 1587 1659 se
1609 1632 1785 1667 adjuvantent

993 1678 1102 1710 habeat,
1126 1679 1192 1705 nihil
1209 1683 1283 1706 recte
1298 1679 1461 1713 intelligere,
1482 1686 1532 1706 nec
1559 1682 1633 1705 recte
1650 1678 1787 1705 disserere

994 1725 1105 1759 poterit.
1124 1725 1212 1751 Fabro
1224 1725 1356 1751 auxilium
1378 1725 1458 1759 ignis,
1477 1725 1604 1759 scriptori
1629 1725 1715 1760 gratia
1746 1725 1788 1751 di—

995 1771 1057 1797 vina
1076 1775 1195 1805 praestat.
1225 1771 1299 1798 Citra
1321 1771 1378 1797 haec
1400 1770 1501 1797 auxilia
1531 1779 1592 1805 quae
1615 1771 1642 1797 in
1661 1771 1787 1797 manibus

995 1821 1070 1846 sunt,
1085 1824 1168 1851 opera
1185 1816 1321 1844 conﬁcere
1337 1821 1436 1843 neuter
1457 1822 1557 1850 potest.
1580 1817 1606 1844 Si
1623 1817 1695 1843 enini
1718 1817 1787 1843 alter

995 1861 1110 1888 alterum
1129 1861 1227 1887 ltoruttt
1253 1869 1307 1887 noti
1325 1861 1517 1895 assumpserit,
1538 1860 1598 1895 ejus
1623 1867 1694 1894 opus
1715 1859 1787 1894 inju-

994 1907 1126 1939 cundum,
1141 1907 1247 1937 inutile,
1274 1905 1403 1932 vitiosunt
1429 1905 1537 1937 evadet,
1561 1905 1735 1939 incautisque
1759 1909 1787 1932 et

994 1952 1165 1987 simplicibus
1192 1951 1340 1985 plurimutn
1362 1950 1620 1978 iiicommodabitur.
1652 1950 1786 1982 Quocirca

995 1998 1100 2027 monui.
1117 2002 1144 2024 et
1162 2006 1269 2024 rursunt
1285 2006 1357 2024 nutic
1375 2005 1483 2028 moneo,
1496 1994 1543 2024 'nie
1557 1997 1585 2024 iit
1600 1997 1672 2023 littnc
1684 1997 1785 2023 librum

994 2044 1061 2070 nihil
1077 2052 1091 2070 a
1111 2044 1251 2078 Scriptura
1269 2044 1388 2070 alienum
1414 2043 1575 2075 inseruisse,
1605 2043 1653 2070 sed
1679 2043 1731 2069 alia
1753 2051 1787 2069 ex

994 2090 1095 2121 Veteri,
1110 2090 1162 2116 alia
1180 2097 1213 2116 ex
1229 2089 1305 2116 Novo
1330 2089 1519 2122 Testamento,
1537 2090 1589 2116 alia
1607 2096 1640 2115 ex
1670 2094 1786 2122 utroque

993 2137 1128 2168 hausisse,
1147 2137 1199 2163 alia
1215 2145 1230 2163 e
1247 2136 1384 2171 magistris
1401 2140 1429 2163 et
1452 2135 1614 2162 doctoribus
1638 2135 1726 2161 sacris
1740 2141 1788 2160 cx-

993 2183 1145 2218 cerpsisse,
1163 2191 1335 2218 quaecunque
1348 2183 1477 2210 nimirum
1494 2182 1527 2209 ad
1549 2182 1702 2209 institiitaiit
1716 2180 1785 2207 scri-

993 2230 1115 2264 ptionem
1133 2230 1276 2265 profutura
1292 2230 1398 2256 censui.
1415 2230 1494 2256 Plura
1513 2235 1604 2257 autent
1622 2234 1650 2256 et
1672 2228 1786 2255 meliora

993 2283 1008 2302 e
1025 2274 1158 2310 Gregorio
1171 2275 1304 2310 Nysseno.
1320 2276 1371 2308 Qui
1385 2283 1451 2310 ergo
1472 2275 1546 2302 hunc
1555 2274 1785 2302 commentarium

990 2322 1164 2356 perlecturus
1183 2326 1234 2353 est,
1248 2322 1270 2349 si
1283 2322 1347 2356 quid
1366 2323 1392 2348 in
1405 2330 1438 2348 eo
1464 2330 1563 2349 novum
1593 2321 1741 2352 invenerit,
1759 2320 1786 2346 id

990 2367 1084 2402 gratia:
1096 2367 1144 2393 Dei
1166 2367 1296 2394 ascribat.
1315 2368 1341 2394 Si
1364 2368 1437 2394 enim
1454 2373 1496 2394 est
1519 2367 1672 2394 industrius
1688 2366 1720 2392 ad
1746 2365 1786 2391 di-

991 2412 1134 2443 scendum,
1151 2412 1255 2447 aliquid
1271 2414 1346 2445 novi,
1365 2418 1392 2440 et
1411 2413 1482 2440 unde
1497 2413 1559 2445 ltoc,
1572 2418 1600 2439 et
1615 2420 1629 2439 e
1642 2419 1695 2446 qua
1718 2412 1786 2438 scri-

992 2463 1072 2493 ptura
1090 2463 1242 2493 sumptum,
1259 2465 1416 2494 cognoscet.
1435 2459 1513 2491 Quod
1531 2460 1553 2485 si
1578 2458 1641 2492 quis
1670 2458 1745 2484 rudis
1759 2462 1786 2483 et

994 2504 1070 2532 iners
1089 2504 1182 2535 ftierit,
1197 2513 1231 2532 tte
1245 2513 1365 2540 unquam
1384 2505 1564 2539 impossibilia
1584 2510 1689 2531 tentare
1707 2504 1785 2530 velit.

994 2551 1033 2578 Ex
1045 2551 1214 2578 alienisitcm
1226 2559 1241 2577 a
1254 2551 1306 2578 [ide
1315 2551 1483 2582 Christiana,
1493 2555 1521 2578 et
1533 2551 1671 2578 veteribus
1685 2551 1737 2577 illis
1745 2557 1787 2577 sa«

995 2597 1134 2632 pientibus
1149 2597 1253 2624 Galeno
1281 2602 1309 2624 et
1336 2597 1501 2631 Hippocrate
1519 2597 1631 2632 physica
1656 2595 1787 2623 nonnulla

995 2648 1149 2678 opportune
1164 2644 1281 2679 mutuati
1293 2651 1400 2675 sumus,
1420 2643 1466 2670 tibi
1483 2643 1655 2678 potissimum
1671 2643 1705 2670 de
1731 2650 1788 2668 nta-

912 2751 1055 2782 Scholia.

185 2808 194 2817 '
215 2808 327 2846 Psellus.
345 2807 572 2846 Splcndensrenim
599 2810 766 2844 pulchritudo
793 2814 940 2846 verborum,

150 2849 177 2869 tu
192 2843 403 2870 tuba-insonans
426 2845 532 2872 auribus
557 2843 652 2880 easque
678 2848 836 2878 concutiens,
865 2852 889 2874 et
908 2843 940 2874 iis

150 2879 286 2907 obermtis,
301 2887 351 2904 non
365 2881 458 2940 [ﬂuens
488 2885 576 2907 anteiit
594 2882 620 2907 iu
644 2881 774 2912 animant,
796 2890 876 2916 neque
896 2891 940 2908 cor

150 2912 289 2940 definiens.
304 2914 362 2940 Qua
375 2916 396 2940 iis
415 2916 542 2940 utentibus
564 2917 610 2940 b‘ei
633 2916 783 2940 amantibus
804 2918 829 2940 in
851 2918 924 2940 uilici

150 2912 289 2940 definiens.
304 2912 396 2947 Qualis
415 2916 542 2943 utentibus
564 2917 610 2943 Uei
633 2916 783 2943 amantibus
804 2912 924 2944 in'uuici

995 2823 1051 2841 smo
1066 2814 1166 2841 utilitas
1178 2815 1190 2840 ἔ)
1204 2814 1304 2841 Divina:
1316 2814 1418 2848 quidem
1431 2813 1571 2848 sapientia:
1582 2811 1791 2844 dictio/tantilla),

995 2850 1125 2876 sententia
1138 2850 1254 2876 sublimis
1270 2859 1301 2876 iii:
1317 2847 1435 2876 calcatis.
1454 2847 1632 2875 Externoruin
1648 2848 1712 2875 uitet
1731 2847 1793 2882 qui-

995 2887 1053 2912 dem
1069 2885 1190 2915 clarii/io,
1211 2885 1342 2912 sententia
1362 2886 1417 2919 ipsa
1430 2885 1502 2911 limiti
1520 2885 1595 2918 repit.
