2032 3156
269 233 324 266 8'll

890 231 1063 262 PHILIPPI
1084 231 1279 262 SOLITARli

1850 235 1896 268 872

266 287 347 320 teria,
358 291 387 315 et
401 286 436 314 de
455 286 611 318 elementis,
629 285 802 320 simplicibus
817 291 939 321 quatuor
956 291 985 314 et
1002 287 1060 322 pri-
1077 294 1097 319 Α
1114 292 1189 313 tuum
1218 286 1349 321 plorabis,
1379 290 1406 314 et
1431 288 1594 322 suppliciter
1611 295 1659 316 eos
1676 289 1778 322 orabis,
1796 291 1822 318 in
1847 292 1898 321 haec

266 335 318 362 mis
333 333 495 369 corporibus
509 332 667 365 disserunt,
683 337 711 359 et
728 332 868 367 quomodo
886 340 920 360 ex
933 333 977 360 his
993 341 1062 366 qua-

266 386 330 408 tuor
349 380 495 406 humorum
511 385 623 413 genera,
643 379 768 414 sanguis,
792 379 931 414 phlegma,
957 384 1015 406 atra
1034 383 1063 406 et

264 425 334 452 ﬂava
352 425 416 451 bilis
431 428 609 458 generentur,
625 430 659 449 ex
678 423 781 458 quibus
807 423 926 450 humana
945 431 1062 458 corpora

264 474 453 506 coagmentata
471 473 546 502 sunt,
566 474 594 496 et
607 469 641 497 de
655 473 774 504 quatuor
790 469 918 496 aetatibus
935 469 1063 496 totidem-

264 526 317 554 que
340 517 404 545 anni
433 517 615 552 temporibus,
640 525 701 552 qua:
727 521 793 544 sunt
816 524 875 549 ver,
901 521 1061 549 autumnus,

263 569 354 597 aestas,
367 564 469 591 hiems.
491 564 529 591 De
545 568 624 590 utero
648 571 759 598 quoque
774 568 802 590 et
827 563 953 591 crasibus
973 563 1062 590 infan-

265 609 332 637 tium
351 610 378 637 in
394 617 428 637 eo
441 609 500 637 ﬁeri
514 609 603 637 solitis
619 610 736 644 egimus.
758 609 874 644 Insuper
896 609 970 637 unde
987 617 1061 645 sym-

263 660 397 691 ptomata,
423 661 452 682 et
482 656 639 690 pathemata
666 656 710 683 illa
730 655 864 690 probrosa
883 655 1060 689 exsisterent,

263 709 374 729 causam
392 701 534 737 physicam
547 705 676 729 accurate
685 702 885 737 indagavimus,
898 710 930 730 ac
943 702 978 730 de
992 707 1062 730 tem~

263 748 458 783 perationibus
473 748 649 783 qualitatum,
663 756 815 783 earumque
828 749 991 782 rationibus,
1002 756 1062 776 mo-

265 802 327 821 rum
344 802 376 822 ac
391 799 546 829 temporum
564 795 856 829 vicissitudinibus,‘et
872 796 963 832 qualis
978 804 1060 824 causa

265 841 481 876 unumquodque
511 842 699 875 antecederet,
720 841 778 869 haec
806 844 911 874 omnia,
936 843 1060 877 inquam,

266 887 336 914 libro
353 891 453 921 quarto
473 887 662 922 exposuimus.
685 887 763 920 Quod
779 888 803 915 si
825 888 853 916 in
868 889 1031 924 quibusdam
1044 896 1060 916 a

265 932 367 960 decoro
380 933 516 964 aberravi,
531 933 559 961 id
575 933 722 968 imperitiae
742 937 770 961 et
793 935 910 962 inscitiae
926 942 994 962 mete
1009 935 1060 962 tri-

1113 331 1197 359 vcrba
1215 341 1222 358 ;
1238 331 1304 359 Date
1321 331 1389 358 mihi
1407 333 1527 366 spatium
1547 333 1581 360 ad
1606 334 1807 368 pmniteudum,
1830 341 1856 363 et
1868 339 1897 365 ad

1113 377 1303 405 lamentandas
1317 382 1399 412 atque
1418 378 1571 406 abluendas
1586 385 1764 414 peccatorum
1781 389 1896 410 meorum

1113 423 1245 450 maculas.
1264 423 1413 451 Concedite
1439 424 1517 456 mihi,
1547 425 1676 459 obsecro,
1698 426 1740 453 vel
1771 427 1897 456 tantillum

1115 472 1233 503 tempus,
1259 473 1289 496 ut
1314 477 1365 504 ego
1391 470 1474 497 vitam
1499 471 1527 498 in
1549 470 1659 499 Christo
1679 472 1772 500 vivere
1796 481 1896 508 queam,

1112 518 1140 540 et
1156 514 1282 541 miserias
1299 520 1407 542 nostras
1423 515 1599 543 miserantem
1626 517 1712 552 magis
1727 517 1894 546 miserantem

1112 560 1241 587 efficiam.
1258 561 1292 588 Et
1306 567 1370 589 tunc
1386 569 1428 589 me
1446 562 1481 589 ab
1497 562 1540 589 his
1552 563 1663 590 caducis
1683 563 1802 596 auferte,
1823 570 1896 600 atque

1113 607 1251 634 abducite.
1271 608 1310 635 Illi
1327 608 1396 636 dure
1411 608 1534 643 quidem,
1549 609 1622 644 juste
1644 613 1735 637 tamen
1759 612 1898 645 responde~

1112 652 1182 680 bunt
1197 661 1204 680 :
1223 653 1345 689 Tempus
1358 655 1422 682 vitae
1435 659 1489 682 tuae
1503 661 1728 683 consummatum
1744 661 1802 690 est;
1828 665 1897 692 egre-

1112 698 1190 732 dere,
1205 699 1293 727 Judex
1305 700 1439 733 decrevit,
1459 700 1521 728 finis
1533 700 1615 728 ﬁnem
1628 701 1721 729 habet.
1736 702 1850 730 Necesse
1861 709 1897 731 est

1112 749 1139 772 te
1166 746 1307 773 transire:
1329 754 1363 774 ne
1391 746 1541 780 cuncteris,
1572 755 1607 774 ne
1632 747 1764 783 pigreris.
1787 749 1896 777 ΛΕΜ-ειη

1112 795 1187 818 tuam
1207 791 1235 818 in
1252 792 1327 819 omni
1343 791 1510 820 remissione
1536 792 1720 828 socordiaque
1740 796 1896 829 contrivisti,

1112 836 1201 864 Vitam
1219 837 1380 872 prodegisti,
1392 845 1481 864 annos
1495 841 1557 865 tuos
1581 837 1682 866 frustra
1713 839 1894 875 absumpsisti.

1111 882 1170 910 Non
1182 890 1213 910 es
1233 883 1376 910 recordata
1398 883 1461 910 linis
1475 884 1525 915 tui,
1548 891 1604 911 non
1636 884 1712 912 horae
1737 885 1847 913 ultimm.
1870 886 1897 914 Et

1111 936 1196 961 nunc,
1214 934 1242 956 ut
1260 930 1311 961 ais,
1327 933 1353 956 te
1365 929 1475 961 horum,
1491 934 1519 957 et
1536 931 1580 957 vix
1596 931 1691 963 etiam,
1705 932 1830 966 poenitet.
1849 933 1896 959 An-

263 978 375 1007 buatur.
394 979 428 1007 Et
447 987 543 1008 omnes
567 984 660 1008 oratos
683 980 756 1013 volo,
775 984 806 1008 ut
818 981 887 1008 mihi
905 981 1058 1017 ignoscant,
1077 973 1098 1001 Β
1111 983 1165 1003 ηοη
1183 976 1305 1011 quotidie
1321 981 1411 1011 Pmres
1434 977 1585 1005 Clamant“
1606 977 1752 1009 “dieb‘lso
1779 979 1897 1013 (ιιιίιίίηθι

263 1027 291 1051 et
310 1029 422 1058 peccata
434 1024 462 1051 in
477 1024 529 1052 hac
546 1017 695 1059 scriptione
716 1025 863 1053 commissa
878 1026 1034 1053 condonent
1050 1035 1056 1054 :

263 1069 439 1097 attendentes
452 1069 485 1096 ad
501 1077 616 1105 scopum
634 1070 701 1097 mihi
719 1071 892 1106 propositum
909 1072 1058 1107 praecipue;

262 1122 318 1142 non
333 1115 367 1142 ad
378 1122 411 1143 ea
423 1123 484 1150 quae
498 1116 540 1143 vel
556 1116 644 1143 risum
659 1122 830 1150 mereantur,
845 1117 870 1146 si
889 1117 972 1146 modo
998 1119 1058 1146 ani-

263 1168 369 1189 marum
386 1168 499 1189 suarum
512 1161 633 1189 fructum
647 1164 854 1198 concupiscant.

565 1219 681 1248 CAPUT
696 1220 756 1248 XX.

265 1273 369 1311 Flebilis
383 1275 538 1302 lamentatio
555 1280 579 1302 et
591 1278 757 1311 querimonia
787 1279 912 1306 adversus
927 1281 1058 1307 animum.

299 1308 393 1350 Mutila.
403 1311 434 1336 de
448 1311 539 1350 utendi
564 1308 738 1350 vanitatibus.
763 1313 799 1350 De
818 1319 934 1342 extremo
957 1316 1059 1350 judicio

300 1348 325 1370 et
344 1343 439 1384 ultima
459 1346 518 1384 uita:
530 1347 611 1384 hora.
627 1347 663 1373 De
673 1347 770 1375 caelesti
786 1350 911 1383 paradiso
929 1343 1059 1384 et'infcris

303 1379 527 1407 considerationes
543 1382 660 1416 tropica'.

299 1433 369 1467 Quid
384 1434 422 1461 ita
437 1434 537 1462 sedes?
555 1435 621 1470 quid
635 1437 710 1464 omni
721 1445 788 1466 cura
803 1440 905 1467 vacas?
923 1440 990 1475 quid
1017 1446 1058 1468 tc-

263 1483 320 1506 met
332 1479 368 1506 ita
386 1480 509 1516 negligis,
526 1482 617 1509 anima
629 1483 709 1510 mea?
722 1485 861 1519 quomodo
885 1494 982 1514 eorum
998 1495 1059 1522 quae

264 1525 428 1560 insipienter
456 1527 549 1562 egisti,
573 1529 768 1564 cogitationem
786 1539 899 1559 omnem.
913 1533 1060 1568 abjecisti?

263 1569 402 1601 quomodo
418 1567 542 1598 amabilis
555 1573 726 1606 ptenitentiaa
744 1575 879 1603 rationem
893 1577 995 1604 nullam
1010 1578 1059 1605 ha-

264 1613 365 1641 buisti?
391 1614 534 1648 Quomodo
561 1626 618 1645 non
642 1627 773 1655 properas
801 1627 933 1656 quantum
962 1629 1057 1659 potes,

265 1659 387 1694 quandiu
405 1660 432 1687 in
449 1661 501 1689 hac
510 1663 565 1690 vita
581 1671 687 1697 manes,
705 1666 738 1693 ad
750 1667 844 1695 Patres
861 1669 1019 1704 spirituales
1027 1677 1056 1698 et

266 1703 373 1732 divinos
389 1707 553 1742 magistros;
567 1717 668 1744 eosque
679 1718 751 1744 oras,
767 1703 907 1746 obsecras,
933 1716 1055 1744 obtesta-

264 1750 303 1778 ris
321 1751 442 1784 assidue,
459 1757 488 1780 et
505 1761 568 1781 cum
584 1755 733 1789 gemitibus
753 1761 835 1792 atque
849 1759 978 1795 laerymis
992 1770 1056 1796 per-

264 1796 412 1828 cunctaris,
427 1806 482 1832 quo
508 1804 588 1833 pacto
604 1799 769 1828 delictorum
783 1804 973 1832 remissionem
992 1814 1056 1841 pos-

263 1839 303 1867 sis
322 1841 460 1875 invenire,
487 1847 514 1870 et
529 1851 583 1878 qua
612 1845 718 1874 ratione
737 1850 777 1874 tot
800 1851 944 1884 tantasque
960 1839 1056 1879 sordes

261 1885 357 1912 cluas?
369 1885 514 1919 Quomodo
527 1887 604 1916 horae
624 1889 726 1918 ultima:
743 1891 793 1918 tibi
813 1892 841 1919 in
864 1900 984 1922 mentem
1001 1904 1056 1924 non

262 1931 348 1964 venit,
372 1937 402 1958 et
425 1934 657 1967 quemadmodum
676 1936 767 1964 Judici
795 1939 919 1967 euntium
939 1948 1055 1976 respon-

261 1976 497 2011 deasiQuomodo
513 1980 599 2008 oblita
612 1990 642 2009 es
656 1983 778 2011 studiose
791 1986 950 2015 meminisse
960 1989 1054 2016 novis-

261 2023 395 2051 simorum
415 2030 537 2058 tuorum,
558 2032 586 2054 et
602 2036 656 2062 quo
672 2034 751 2063 pacto
767 2031 876 2058 tandem
895 2040 928 2060 ex
945 2034 997 2062 hoc
1013 2040 1055 2063 ta-

261 2069 412 2097 bernaculo
429 2071 586 2100 abeundum
605 2074 660 2101 sit?
681 2075 776 2108 Multa,
789 2080 817 2103 et
837 2078 954 2106 nimium
969 2081 1054 2108 multa

262 2115 358 2148 habes,
376 2124 438 2150 qua:
457 2117 485 2144 in
505 2122 530 2144 te
546 2118 687 2153 observes,
709 2125 737 2148 et
754 2121 893 2157 inspicias.
917 2124 1054 2160 Polluisti,

260 2162 506 2196 contaminasti,et
519 2164 645 2193 inutilem
661 2167 745 2194 vitam
761 2172 835 2196 tuam
853 2171 1010 2200 reddidisti.
1027 2174 1055 2201 Si

263 2206 347 2240 igitur
363 2206 502 2236 Creatoris
517 2210 595 2245 jussu
615 2213 743 2240 venerint
754 2215 854 2250 angeli,
868 2221 898 2243 ut
909 2220 935 2244 te
954 2218 988 2245 ab
1000 2218 1056 2246 his-

260 2259 291 2278 co
306 2253 440 2287 perituris
456 2255 574 2283 educant
590 2262 618 2284 et
635 2265 749 2293 corpore
761 2261 912 2294 exsolvant,
929 2262 981 2290 heu
994 2265 1000 2291 Ζ
1015 2273 1055 2294 va:

261 2297 312 2323 tibi
334 2297 439 2331 infelix,
452 2299 474 2326 si
492 2306 548 2327 tum
566 2302 627 2329 talis
643 2306 793 2338 reperiare,
815 2307 904 2341 qualis
915 2316 989 2337 nunc
1012 2318 1051 2343 es,

260 2341 330 2370 adeo
346 2343 416 2370 nihil
432 2345 563 2379 sollicita,
580 2347 649 2375 adeo
663 2348 738 2377 vitiis
752 2350 856 2382 dedita,
871 2353 940 2380 adeo
956 2341 1053 2388 piacu;

260 2388 294 2419 lis
308 2389 406 2417 obruta
422 2391 428 2417 l
445 2391 543 2419 Gravis
557 2394 742 2430 estjabruptio
754 2397 862 2431 animae,
887 2400 978 2434 gravis
992 2405 1058 2429 tunc

260 2435 396 2463 sentietur
409 2438 544 2466 tumultus
558 2449 565 2466 ε
581 2441 669 2468 multo
685 2443 795 2477 gravius
807 2444 861 2470 erit
874 2445 971 2473 audire
984 2454 1058 2474 acer-

260 2480 312 2508 bos
332 2481 394 2509 illos
410 2484 542 2518 getnitus,
563 2487 676 2520 quando
692 2488 822 2515 lectulum
840 2494 916 2517 tuum
939 2491 1058 2519 circum-

257 2530 363 2554 stantes
377 2536 473 2556 omnes
495 2531 533 2557 tui
559 2531 670 2566 fratres,
689 2535 809 2569 cognati,
827 2540 930 2570 patres,
952 2538 1054 2565 contri-

258 2573 348 2608 bules,
358 2574 474 2609 ﬂebunt,
494 2578 645 2613 ejulabnnt,
659 2581 803 2616 lugebunt,
816 2582 1051 2618 lamentabuntur,

257 2625 405 2649 cernentes
433 2623 497 2650 hinc
527 2625 602 2652 nulla
625 2633 673 2660 spe
711 2627 816 2654 reditus
854 2629 1052 2658 discedendum

257 2675 328 2694 esse.
352 2669 387 2696 Et
415 2671 506 2698 omnia
533 2672 591 2699 hu-c
611 2674 717 2701 videbis
735 2676 858 2710 quidem,
873 2667 1051 2712 et’ploratus

256 2714 363 2748 audies,
381 2718 469 2746 oculis
485 2721 618 2754 corporis,
636 2725 663 2748 et
676 2722 767 2750 cordis
782 2723 908 2752 fortasse.
932 2725 991 2753 Non
1009 2731 1050 2753 ta-

257 2766 319 2786 men
333 2761 426 2796 lingua
439 2763 557 2792 arefacta
576 2766 662 2801 loqui,
683 2775 733 2795 nec
750 2768 939 2803 familiarium,
959 2777 987 2798 et
1005 2780 1051 2798 nc-

256 2807 438 2835 cessariorum
449 2809 553 2837 luctum
567 2812 704 2840 consolari
719 2815 842 2848 poteris:
862 2815 909 2843 sed
923 2816 1049 2844 obtutum

258 2850 285 2876 iu
301 2852 368 2879 solis
387 2855 491 2889 angelis
510 2856 630 2886 defixum
647 2858 772 2893 habebis,
796 2865 824 2888 ct
838 2861 910 2896 apud
927 2863 1050 2891 animum

297 2948 320 2963 "
337 2949 408 2975 Psul.
425 2957 501 2986 CXLV,
519 2955 546 2981 4.

1112 1026 1213 1056 quanta
1226 1026 1288 1056 post
1305 1026 1421 1049 mortem
1437 1022 1601 1050 evenirent?
1613 1022 1675 1051 Non
1693 1024 1818 1056 videbas,
1835 1032 1896 1058 quu-

1111 1067 1178 1095 tidie
1192 1067 1257 1094 hine
1266 1067 1443 1103 emigrantes,
1460 1068 1578 1102 adultos,
1606 1069 1807 1102 adolescentes,
1828 1075 1896 1097 atate

1111 1113 1252 1146 ﬂorentes,
1273 1121 1370 1141 omnes
1396 1113 1536 1149 denique?
1561 1115 1596 1142 Et
1619 1115 1762 1150 quomodo
1786 1121 1894 1143 mentcm

1110 1168 1166 1187 non
1178 1159 1310 1187 mutasti?
1320 1160 1459 1194 quomodo
1474 1161 1618 1188 recordata
1627 1169 1682 1188 non
1692 1169 1723 1189 es
1734 1162 1746 1189 τ
1762 1162 1896 1194 γειάωιιιις,

1110 1207 1212 1235 cursim
1226 1207 1367 1240 abeamus,
1390 1207 1465 1234 nulla
1494 1208 1576 1236 datur
1596 1209 1819 1243 procrastinatio.
1844 1209 1896 1236 Cito

1110 1261 1238 1288 sequere,
1252 1262 1333 1289 perge
1347 1253 1381 1280 ad
1395 1253 1566 1281 Creatorem.

1148 1299 1217 1326 Tum
1234 1300 1326 1327 carnis
1341 1299 1434 1335 hujus,
1447 1304 1475 1327 et
1486 1300 1675 1328 membrorum
1703 1307 1733 1329 et
1761 1310 1894 1334 venarum,

1111 1344 1290 1379 omniumque
1300 1352 1463 1380 compagum
1471 1345 1589 1374 nexibus
1600 1346 1739 1375 violenter
1747 1349 1895 1381 exsolvet-is,

1111 1395 1142 1415 ac
1154 1395 1262 1415 suntme
1273 1395 1336 1415 cum
1356 1389 1470 1416 horrore
1489 1390 1645 1417 abduceris.
1661 1391 1729 1424 Quis
1761 1396 1824 1420 tunc
1849 1393 1895 1420 erit

1111 1441 1209 1461 scn5us
1225 1435 1310 1462 tuus?
1325 1442 1386 1469 qua:
1401 1435 1555 1470 cogitatio?
1570 1436 1630 1463 Non
1645 1441 1711 1464 tunc
1731 1439 1834 1470 uxoris,
1848 1446 1895 1466 non

1111 1480 1230 1507 filiorum
1241 1481 1294 1508 ulla
1305 1481 1410 1509 subibit
1419 1483 1561 1515 memoria,
1571 1491 1633 1510 cum
1642 1484 1790 1518 perierint,
1803 1484 1897 1512 utdicit

1111 1525 1298 1562 Scriptura",
1317 1532 1345 1555 et
1362 1529 1544 1564 cogitationes
1563 1534 1636 1557 totaz.
1655 1530 1797 1558 Judicium
1816 1531 1896 1559 solum

1113 1571 1294 1606 horrendum,
1306 1573 1443 1608 judicium
1457 1574 1729 1610 tremendum,iquod
1742 1581 1839 1604 contra
1849 1582 1871 1604 te
1884 1584 1896 1603 a

1111 1617 1208 1646 Iudice
1218 1618 1381 1654 proferetur.
1391 1619 1507 1647 Ubinam
1518 1625 1583 1647 tunc
1591 1621 1794 1655 possessiones,
1805 1622 1847 1649 ubi
1857 1630 1897 1657 pc-

1109 1665 1198 1693 cunite
1212 1671 1240 1693 et
1250 1665 1362 1698 divitiae,
1393 1666 1438 1694 ubi
1454 1675 1551 1701 genus,
1563 1667 1611 1694 ubi
1625 1667 1736 1700 fratres,
1750 1669 1800 1696 ubi
1813 1669 1857 1696 filii
1874 1674 1897 1696 et

1107 1713 1217 1748 patres?
1225 1713 1311 1740 Nemo
1323 1718 1388 1740 tunc
1397 1717 1541 1748 patronus,
1555 1722 1670 1749 prorsus
1679 1723 1761 1743 neuio
1775 1716 1897 1744 liberator

1107 1761 1260 1794 apparebit.
1276 1761 1336 1788 Non
1350 1761 1406 1788 illic
1416 1768 1542 1789 escarum
1552 1762 1752 1798 potionumque
1767 1763 1895 1790 varietas:

1107 1813 1163 1832 non
1177 1806 1315 1841 exquisita
1331 1806 1519 1839 condimenta,
1537 1815 1590 1835 non
1605 1808 1676 1839 coci,
1689 1815 1896 1844 mensarumque

1107 1850 1198 1884 luxus,
1205 1859 1260 1878 non
1269 1851 1434 1886 voluptates,
1444 1859 1499 1878 non
1510 1852 1565 1879 vita
1574 1852 1666 1879 mollis
1672 1857 1699 1880 et
1707 1853 1809 1888 soluta,
1817 1855 1897 1881 otiosa

1106 1896 1280 1929 etdelicata;
1295 1905 1351 1923 non
1366 1897 1567 1925 elaboratiores
1584 1903 1694 1931 cautus,
1705 1903 1732 1926 et
1743 1899 1845 1927 choros
1855 1899 1897 1926 du-

1106 1943 1228 1969 centium
1241 1943 1363 1977 plausus,
1379 1951 1428 1978 per
1441 1951 1503 1979 qua:
1521 1944 1614 1972 omnia
1632 1946 1728 1972 mundi
1752 1945 1836 1982 hujus
1854 1954 1896 1973 va-

1106 1987 1206 2015 nitates
1220 1996 1394 2016 exercemus.
1424 1988 1521 2017 Omnia
1539 1998 1613 2017 mera
1638 1996 1703 2018 sunt
1724 1991 1857 2023 ludibria,
1872 1999 1896 2019 et

1107 2040 1136 2061 ut
1152 2034 1289 2061 somnium
1306 2040 1486 2067 evanescunt,
1516 2041 1598 2072 atque
1624 2037 1712 2065 instar
1737 2038 1860 2074 pulveris
1883 2046 1896 2064 a

1108 2080 1218 2106 turbine
1250 2085 1364 2115 repente
1391 2081 1572 2116 dissipantur.
1591 2083 1662 2116 Quid
1687 2089 1744 2111 tum
1770 2084 1897 2120 profuerit

1108 2126 1156 2153 tibi
1173 2127 1288 2160 corpus?
1303 2127 1369 2161 quid
1387 2135 1466 2154 amor
1482 2133 1511 2155 et
1523 2136 1589 2156 cura
1613 2130 1725 2158 carnis?
1743 2131 1831 2164 Quam
1849 2131 1895 2158 etsi

1107 2172 1197 2199 studio
1211 2172 1344 2207 singulari
1367 2174 1536 2208 coufovcris,
1559 2174 1740 2204 nihilominus
1764 2178 1791 2204 in
1809 2177 1895 2212 sepul-

1107 2226 1155 2246 cro
1170 2224 1313 2254 putrescet
1326 2224 1354 2246 et
1380 2226 1587 2256 corrumpetur,
1601 2227 1630 2250 et
1650 2223 1677 2249 in
1693 2223 1834 2258 pulverem
1858 2224 1895 2250 ni-

1107 2265 1145 2292 hil
1157 2266 1325 2294 senticntem
1343 2267 1499 2302 redigetur,
1518 2272 1543 2296 te
1556 2275 1622 2296 vero
1637 2268 1718 2296 dolor
1742 2278 1798 2297 non
1825 2270 1897 2297 desc-

1107 2317 1158 2339 ret.
1174 2312 1313 2348 impudice
1328 2314 1468 2348 aspexisti,
1481 2314 1583 2342 coloris
1598 2315 1734 2343 suavitate
1749 2323 1846 2351 captus
1859 2324 1895 2343 es.

1108 2357 1214 2392 Lingua
1231 2363 1258 2386 et
1286 2367 1317 2386 os
1335 2364 1412 2386 tuum
1429 2361 1606 2388 contumeliis
1620 2367 1772 2394 vacarunt;
1789 2363 1895 2389 aurium

1107 2403 1234 2431 fenestrae
1263 2405 1379 2440 impuris
1405 2407 1596 2434 auditionibus
1621 2413 1782 2442 patuerunt.
1807 2409 1897 2435 Manus

1109 2453 1161 2477 tum
1175 2450 1209 2477 ad
1238 2451 1291 2478 vim
1316 2457 1344 2478 ct
1372 2452 1509 2487 rapinam,
1539 2453 1572 2480 ad
1599 2454 1810 2490 proximumque
1842 2461 1897 2481 sine

1107 2503 1189 2524 causa
1214 2497 1377 2532 pulsandum
1405 2503 1522 2526 extenta.-
1551 2500 1672 2527 fucrunt.
1695 2500 1782 2528 i’cdcs
1796 2501 1835 2528 tui
1865 2501 1896 2526 ad

1108 2549 1193 2576 opera
1207 2542 1321 2575 nefaria,
1337 2544 1370 2570 ad
1390 2544 1536 2572 inhonesta
1549 2545 1718 2580 spectacula,
1744 2546 1777 2572 ad
1794 2554 1896 2581 pugnas

1107 2594 1134 2616 ct
1147 2590 1283 2624 nequitias
1300 2596 1513 2618 concurrerunt.
1529 2592 1609 2624 Nunc
1623 2593 1771 2627 tequidem
1795 2592 1896 2627 premit

1107 2634 1289 2670 lacrymarum
1309 2636 1388 2670 plena
1423 2637 1583 2669 necessitas,
1605 2643 1632 2665 ct
1653 2645 1754 2673 corpus
1778 2638 1896 2672 puttefa-

1107 2686 1182 2708 ctum
1199 2681 1341 2709 vermibus
1358 2687 1455 2710 scatet.

1136 2728 1203 2760 Quis
1217 2729 1257 2755 vel
1278 2736 1370 2756 sermo
1388 2730 1535 2764 exprimet,
1558 2730 1600 2758 vel
1615 2731 1772 2759 intellectus
1787 2729 1895 2757 tandem

1100 2775 1200 2809 capiet,
1226 2784 1307 2810 quam
1323 2777 1504 2805 calamitatem
1521 2780 1678 2806 necessario
1699 2779 1842 2806 subiturus
1855 2785 1894 2808 es,

1101 2822 1211 2854 quando
1238 2822 1354 2850 instabit
1383 2831 1399 2850 a
1427 2831 1546 2860 corpore
1573 2825 1733 2860 separatio?
1755 2825 1895 2852 Daemones

1102 2865 1173 2893 male
1187 2865 1278 2894 feriati
1292 2874 1355 2894 cum
1368 2869 1487 2896 tumultu
1501 2868 1660 2902 advenient,
1675 2868 1856 2904 chirographa
1869 2871 1893 2893 et
