2032 3156
158 203 214 234 873

882 201 1059 232 DlOl’TRA.

1734 200 1788 237 874

154 264 332 294 peccatorum
349 266 462 285 acervus
478 261 664 292 apportantes.
680 257 773 292 Angeli
789 257 946 284 humaniter
959 259 983 288 Λ
997 264 1078 291 quam
1105 257 1260 284 mansiones
1289 257 1348 284 illas
1372 265 1467 285 attines
1493 260 1721 294 pertransivcris,
1745 271 1791 290 ex-

154 314 187 333 ca
215 314 265 341 per
284 304 415 332 trtttiuant
443 304 653 336 exatninabunt,
678 304 780 339 quibus
809 303 947 331 damtoues

154 351 284 387 graviora
299 356 343 378 tua
355 351 471 378 crimina
487 350 630 385 adjicient.
647 350 674 378 Si
689 350 798 384 jurasti,
810 350 832 377 si
845 350 945 377 furtutn

155 399 259 432 fecisti,
287 399 310 425 si
328 398 504 432 calumniam.
520 396 657 428 struxisti,
685 397 707 423 si
725 396 907 424 scortationes
920 400 947 423 et

154 445 292 472 adulteria
303 444 478 480 perpetrasti,
495 443 516 470 si
533 451 645 470 a\‘cr5us
657 443 812 477 impudicus
825 441 910 473 fuisti,
924 441 946 468 si

154 495 181 519 te
192 499 277 526 supra
291 491 391 518 fratres
402 490 534 522 extulisti,
551 491 572 517 si
588 494 683 516 contra
695 489 798 516 amicus
815 489 946 516 mentitus

133 532 139 538 ’
153 545 194 564 es.
208 538 308 565 Totum
319 537 438 571 denique
448 541 475 563 et
484 535 646 570 simpliciter
655 540 827 570 peccatorum
836 540 958 561 tuorum,

153 583 310 618 catalogum
320 591 366 610 sctt
381 583 472 610 sciens
492 590 539 609 seu
557 581 691 613 nesciens,
707 588 754 608 seu
768 581 889 608 Senticns
900 588 946 606 sru

156 637 213 656 non
227 630 351 657 sentiens
365 629 409 656 illa
423 628 606 656 commiseris.
620 628 648 654 ln
660 626 945 662 luunerisgestabuut,

156 680 184 702 et
201 674 387 709 apportabunt
401 673 493 700 omnia
515 672 648 704 malefice,
664 671 898 705 festinabontquc,
918 676 947 697 ut

153 722 300 749 hominum
317 720 401 748 exitio
416 720 550 751 lzetautes,
571 723 599 746 et
615 726 680 745 num
697 722 871 752 peccatorum
885 717 945 743 lanx

154 768 287 795 deorsum
305 770 409 802 vergat,
426 766 624 793 observabunt.
642 764 709 790 Boni
726 771 792 790 vero
806 763 894 798 angeli
920 763 947 789 itt

154 814 270 840 alteram
289 812 394 840 lancem
408 811 514 839 decenti
534 810 624 845 specie
646 810 731 836 bonas
754 809 876 836 actiones
898 808 947 834 im-

153 864 269 892 ponent.
286 858 388 892 Nempe
402 858 423 884 si
440 857 598 884 misericors
612 856 686 883 fuisti
700 864 707 888 ;
720 855 741 882 si
757 854 887 881 fratribus
901 863 947 889 pc-

153 905 266 940 pereisti
279 913 286 936 ;
298 905 320 932 si
338 905 399 931 cibo
411 904 579 931 esurientem
593 902 732 934 refecisti;
747 902 769 929 si
782 901 885 929 sitienti
899 909 946 936 po-

153 958 213 979 tum
225 952 377 987 pra-buisti;
389 952 411 978 si
427 950 531 978 nudum
543 950 644 984 quibus
655 948 768 984 potuisti
784 948 948 982 tegumentis

152 999 288 1034 aperuisti
302 1007 309 1031 ;
328 997 351 1025 si
367 997 469 1024 carceri
484 996 627 1023 mandatos
642 999 670 1022 et
683 1000 801 1030 :egrotos
817 993 945 1024 invisisti;

151 1047 175 1073 si
196 1045 357 1081 peregrinos
372 1050 399 1071 et
416 1043 537 1078 hospitio
553 1047 679 1069 carentes
697 1041 724 1067 in
741 1040 813 1068 :cdes
830 1045 890 1067 tuas
906 1041 944 1066 in.

151 1092 275 1124 duxisti;
293 1092 316 1119 si
335 1090 502 1126 pauperibus
526 1093 554 1116 ct
577 1088 723 1123 egentibus
747 1095 826 1122 opem
853 1087 947 1113 attuli-

151 1138 204 1171 sti;
224 1138 246 1165 si
270 1137 344 1164 aliud
370 1134 551 1163 immanitatis
566 1133 688 1160 ofﬁciunt
713 1132 869 1159 humaniter
887 1131 946 1158 cui-

150 1185 226 1218 piam
239 1182 400 1218 prtestitisti.
415 1180 478 1208 llaec
491 1184 517 1207 te
530 1180 557 1206 in
572 1179 640 1206 hora
650 1183 772 1206 extrema
785 1177 944 1204 tuebuntur.

149 1228 270 1261 Quando
285 1228 368 1262 igitur
385 1227 508 1254 actiones
523 1231 584 1253 tuas
598 1226 626 1252 in
642 1224 764 1251 medium
781 1222 946 1258 protulerint

152 1274 286 1308 profanas
303 1273 414 1307 quidem
429 1272 578 1304 daauoues,
588 1271 677 1306 angeli
691 1275 782 1297 autem
795 1270 890 1302 bonas,
907 1270 947 1296 lu-

151 1320 208 1347 cidi
238 1320 354 1352 lucidas,
378 1319 516 1346 tenebrosi
537 1317 724 1349 tenebrarum,
745 1321 772 1343 et
800 1316 834 1343 iis
854 1316 948 1343 lances

150 1366 340 1398 oneraverint,
372 1370 499 1392 utrorum
525 1372 589 1399 pars
609 1362 867 1398 prmpouderaverit,
886 1362 947 1388 illus

150 1413 280 1447 voluptas
291 1415 319 1438 et
331 1411 460 1446 gaudium
478 1410 606 1439 incesset,
621 1413 750 1444 tattquam
762 1409 882 1435 victores
893 1408 946 1434 sci-

151 1458 228 1490 licet,
253 1462 281 1484 et
297 1457 363 1484 victi
379 1456 618 1484 contristabuntur
645 1454 899 1484 vehementissime,
918 1459 946 1481 ut

151 1510 289 1532 testantur
302 1503 454 1538 Gregorius
473 1503 614 1530 Romanus
634 1501 661 1528 in
674 1501 804 1536 Dialogis,
819 1509 946 1536 magnus-

150 1559 205 1586 que
233 1556 261 1578 et
277 1549 445 1577 omnimodis
463 1557 588 1584 magnus,
605 1553 634 1576 et
661 1547 773 1575 divinus
799 1548 943 1578 Antonius.

150 1597 344 1632 magistrorum
363 1596 611 1624 reverendissimus
636 1600 832 1623 etsanetorum
848 1595 941 1622 decus.
958 1612 978 1639 α

186 1645 215 1672 Si
233 1645 320 1680 igitur
335 1643 470 1679 benignus
487 1649 514 1670 et
544 1643 701 1670 misericors
731 1643 803 1670 Deus
823 1647 898 1674 tunc,
929 1651 944 1667 ι)

150 1691 255 1723 anima,
274 1690 457 1717 humilitatem
484 1694 557 1716 luant
580 1689 692 1721 viderit,
720 1688 865 1716 vincentur
890 1689 944 1715 tlte-

150 1745 260 1768 muncs,
277 1737 452 1768 erubescant,
470 1736 629 1767 abscedent,
658 1735 803 1770 angelique
826 1735 945 1762 victores

149 1781 337 1809 libentissime
354 1785 380 1808 te
397 1781 544 1816 accipient,
560 1785 588 1807 et
606 1779 768 1815 gaudentes,
786 1787 834 1814 pro
870 1786 945 1805 more

151 1829 177 1856 in
193 1829 276 1856 sedes
297 1828 430 1855 :ethereas
455 1827 584 1854 iuferent.
604 1826 728 1854 Invenies
751 1830 779 1852 et
807 1825 946 1859 print-ipes

151 1876 366 1910 publicanorum
393 1873 421 1901 in
445 1873 548 1905 medio,
581 1877 729 1903 tentantes,
759 1871 944 1900 retrahentes,

150 1922 253 1949 acerbe.
274 1921 423 1956 exigentes,
443 1920 662 1952 tnanifestorum,
676 1918 903 1952 occultorutnque
918 1921 946 1943 et

150 1968 278 1994 omnium
294 1967 406 1994 ultores.
416 1965 447 1992 Hi
461 1970 525 1993 Sunt
537 1964 648 2000 superbi
667 1971 768 1995 mores,
785 1962 889 1994 odium,
904 1961 946 1988 in-

150 2014 236 2041 vidia.
257 2013 400 2040 Rationem
415 2017 560 2046 reposcent
577 2011 679 2043 miseri,
711 2015 739 2037 et
765 2010 798 2036 ad
825 2008 946 2037 calculos

151 2060 293 2087 vocabunt
308 2059 411 2089 omnia,
427 2057 508 2092 idque
524 2057 612 2084 donec
626 2056 659 2083 ad
675 2060 767 2090 portas
777 2055 838 2082 creti
850 2062 946 2089 perve-

153 2106 240 2133 neris.
258 2106 405 2139 Postquam
420 2103 529 2130 turbam
539 2103 636 2129 horum
646 2101 867 2128 adversariorum
875 2099 945 2126 eil‘u-

151 2152 236 2187 geris,
266 2156 294 2179 ct
317 2150 350 2178 ad
377 2151 568 2184 incorruptum
588 2148 712 2175 Judicem
743 2147 944 2181 Dominumque

153 2203 229 2225 tuum
248 2197 407 2230 accesseris,
425 2195 580 2231 procidens,
608 2194 728 2228 legitime
747 2193 822 2220 illttm
844 2193 942 2219 adora-

154 2244 205 2272 bis.
225 2245 292 2272 lmle
306 2243 400 2271 divino
425 2242 570 2269 accedente
588 2241 727 2271 mandato,
756 2243 901 2274 postquam
915 2244 944 2266 et

1001 302 1137 334 saltabis,
1163 303 1329 338 voluptatem
1359 305 1496 339 justornm
1526 306 1656 341 intuens,
1680 313 1707 336 et
1743 317 1790 336 eo-

1000 358 1060 375 rum
1087 350 1293 377 coutuberualls
1319 351 1448 386 appellari
1480 352 1662 387 desiderabis,
1697 364 1791 390 preca-

1000 396 1128 427 lrerisque
1145 396 1230 423 duces
1246 397 1367 432 angelos,
1383 398 1476 425 omnia
1503 399 1549 426 tibi
1574 407 1791 430 contmonstran~

1000 448 1050 472 tes.
1067 447 1094 469 et
1110 450 1156 476 per
1174 442 1232 469 loca
1245 442 1346 475 lucida,
1359 448 1387 470 ct
1400 443 1557 476 viridantia,
1569 449 1598 472 et
1610 445 1790 475 felicitatibus

998 488 1131 514 scatentia
1148 488 1398 521 circtuuduccntcs,
1413 495 1439 516 et
1464 490 1562 518 timore
1578 491 1679 519 latitize
1709 494 1790 521 tnisto

999 533 1093 561 dices:
1113 533 1201 561 Sittite
1218 542 1271 566 me,
1292 535 1410 567 domini,
1426 543 1488 564 cum
1503 537 1545 565 his
1556 545 1677 571 manere,
1696 540 1790 571 sinite,

999 587 1102 613 quaeso,
1120 583 1148 606 ct
1170 582 1283 615 gratiam
1297 589 1345 616 pro
1362 583 1447 616 gratia
1465 583 1582 611 debebo.
1599 584 1648 611 Ast
1664 585 1789 621 illijuxta

1001 626 1158 652 mandatum
1179 624 1272 658 Verbi,
1286 632 1314 654 et
1326 627 1488 660 Salvatoris,
1507 629 1528 656 si
1543 629 1652 661 idonea,
1669 636 1696 658 et
1709 639 1787 666 pura,

999 671 1120 706 etdigna
1133 672 1227 704 fueris,
1246 678 1402 701 consortem
1415 680 1443 701 et
1463 675 1686 704 contubernalem
1709 683 1733 704 te
1747 678 1791 713 ju-

1001 725 1106 745 sorum
1139 718 1249 751 facient,
1265 725 1291 746 et
1317 721 1389 755 quod
1414 721 1462 748 tibi
1479 722 1642 751 confirmare
1666 732 1789 759 possunt,

1000 772 1063 790 cum
1091 765 1145 792 illis
1178 766 1261 800 (leges
1281 771 1308 794 et
1322 767 1467 795 hctabcris.
1487 768 1518 795 Et
1547 769 1604 796 inec
1628 770 1738 805 quidem
1768 772 1791 799 si

1001 811 1115 839 meliora
1131 812 1251 846 pondere
1266 813 1393 840 vicerint.
1417 813 1444 841 Si
1463 819 1554 842 autem
1580 816 1702 850 gravitas
1722 817 1792 844 deli«

1002 863 1110 886 ctorum
1132 859 1239 886 lancem
1267 860 1397 888 deorsum
1429 862 1551 892 traxerit.
1569 867 1625 890 tum
1651 863 1792 899 principes

1002 904 1190 937 tenebrarum,
1220 911 1248 933 et
1274 907 1353 935 tonis
1384 907 1539 936 invidentes
1558 909 1733 944 impudenter
1763 915 1791 937 te

1000 950 1149 986 abripient,
1165 957 1193 979 et
1215 954 1348 980 audacter
1365 954 1398 981 ad
1429 954 1533 982 inferos
1561 955 1733 984 abstraheut.
1753 957 1791 984 Ac

999 996 1118 1030 primum
1133 997 1244 1032 quidem
1265 1004 1465 1026 tormentorum
1482 1000 1554 1030 loca,
1571 1001 1700 1028 tenebras
1712 1006 1792 1029 cxte-

1000 1041 1096 1075 riores,
1111 1047 1139 1070 et
1153 1044 1260 1078 pejores
1286 1044 1415 1072 omnibus
1431 1046 1562 1078 tenebris,
1589 1054 1709 1074 vermem
1724 1047 1793 1074 irre-

998 1088 1135 1122 quietum,
1164 1089 1286 1117 dolorem
1316 1099 1457 1126 nunquam
1487 1091 1650 1125 finiendum,
1675 1093 1790 1120 fluvium

1000 1133 1120 1168 igneum,
1132 1135 1295 1169 supplicium
1307 1135 1448 1169 geltenute,
1460 1137 1606 1172 strepitant
1629 1137 1792 1165 stridorem-

998 1187 1052 1215 que
1078 1180 1202 1208 dentium
1227 1182 1384 1209 ostendent.
1417 1182 1515 1210 Omnia
1543 1183 1622 1218 plena
1659 1184 1790 1217 ululatus,

999 1225 1078 1259 plena
1092 1226 1242 1254 cruciatus.

1033 1273 1099 1306 Qum
1111 1273 1211 1305 oratio,
1225 1281 1286 1308 quae
1298 1274 1408 1301 dicendi
1423 1274 1538 1302 facultas
1559 1275 1699 1303 declarare
1714 1282 1792 1311 pote-

1000 1319 1044 1350 rit,
1061 1327 1120 1354 quae
1146 1320 1179 1346 aii
1203 1320 1336 1354 supplicia
1354 1326 1530 1355 peccatorum
1554 1322 1702 1355 pertinent,
1717 1331 1792 1357 qua:-

998 1373 1050 1399 que
1063 1365 1095 1391 ad
1123 1372 1216 1399 pronas
1231 1370 1259 1392 ct
1284 1366 1449 1393 atllictioues
1464 1374 1560 1394 eorum
1591 1371 1684 1402 parata
1703 1369 1792 1395 sunt?

998 1411 1036 1438 lbi
1048 1411 1170 1446 plomtus
1184 1412 1381 1446 sempiternus.
1395 1413 1431 1439 ibi
1445 1413 1540 1447 ingens
1557 1414 1726 1442 lamentatio.
1739 1414 1791 1442 La«

998 1457 1197 1484 tuentabuntur
1222 1458 1371 1490 incassum,
1387 1458 1612 1486 vociferabuntur
1643 1460 1788 1488 iutttiliter.

997 1504 1095 1530 Perrat
1120 1503 1189 1535 dies,
1209 1503 1366 1530 etamabunt
1387 1504 1420 1535 ιθ,
1448 1512 1501 1539 qua
1519 1504 1545 1531 iu
1574 1505 1657 1532 vitam
1687 1505 1789 1533 frustra

998 1549 1111 1584 ingressi
1127 1557 1234 1576 sutnus.
1248 1549 1421 1577 l’wnitudine
1436 1550 1554 1585 capieris
1583 1555 1611 1578 tu
1628 1559 1749 1586 quoque,
1762 1556 1791 1580 ct

995 1595 1094 1622 acerbe
1107 1595 1249 1628 clamabis,
1266 1595 1322 1623 lleu
1337 1595 1388 1622 heu
1404 1596 1409 1622 l
1427 1596 1525 1623 misera
1538 1601 1564 1623 et
1581 1596 1675 1624 infeliv
1697 1598 1789 1626 anitna

998 1649 1056 1669 Inca
1067 1642 1073 1668 l

1033 1689 1083 1716 Ubi
1106 1690 1304 1718 felicitatcmet
1330 1691 1514 1718 cruciamenta
1529 1692 1726 1726 suppliciorum
1738 1713 1745 1725 ,
1760 1697 1790 1720 et

997 1735 1087 1762 omnia
1099 1743 1157 1768 qum
1168 1740 1232 1763 sunt
1243 1736 1365 1768 luminis,
1379 1741 1407 1763 et
1417 1744 1476 1770 qum
1489 1737 1663 1764 tenebrarum
1675 1737 1787 1769 videris,

998 1781 1106 1809 tandem
1121 1781 1147 1808 itt
1165 1781 1225 1808 loco
1239 1790 1254 1808 a
1265 1782 1339 1817 justo
1361 1781 1457 1809 Judirc
1473 1782 1521 1809 tibi
1540 1782 1653 1809 detinilo
1669 1787 1694 1809 te
1720 1791 1789 1810 ροη-

997 1828 1124 1861 stituent,
1141 1828 1168 1855 iu
1180 1836 1234 1862 quo
1250 1828 1375 1854 ultimutu
1394 1829 1517 1855 omnium
1531 1836 1657 1861 examen,
1673 1834 1701 1856 et
1714 1837 1791 1856 cont-

997 1881 1108 1900 ntuuem
1121 1874 1243 1901 omnium
1263 1874 1503 1905 resurrectionem,
1520 1874 1659 1910 vitamque
1675 1875 1788 1910 etjudi-

997 1918 1266 1953 ciumcxspectabis.
1281 1919 1358 1945 Tunc
1376 1919 1440 1945 tuba
1463 1919 1613 1947 clarissime
1639 1925 1732 1953 canet,
1758 1926 1789 1949 ιιι

997 1965 1160 1991 exaudiatur
1174 1965 1208 1991 ab
1233 1965 1371 1997 omnibus,
1402 1966 1466 1992 tuba
1482 1965 1631 1999 insonabit,
1647 1971 1675 1993 et
1692 1974 1789 1994 omnes

998 2010 1081 2037 veluti
1096 2011 1221 2038 concussi
1238 2011 1318 2038 simul
1345 2015 1498 2046 resurgent.
1517 2011 1642 2038 Reddent
1659 2016 1731 2040 terra
1760 2017 1788 2040 ct

997 2063 1071 2082 mare.
1085 2055 1219 2090 quidquid
1229 2055 1333 2082 habent
1344 2057 1376 2087 “,
1390 2056 1586 2091 quotquotjam
1597 2057 1660 2084 inde
1673 2057 1706 2084 ab
1719 2058 1787 2085 orbe

996 2102 1109 2128 condito
1125 2101 1250 2128 homines
1263 2106 1441 2135 acceperunt,
1471 2109 1519 2128 seu
1537 2102 1579 2128 leo
1594 2101 1656 2129 illos
1673 2102 1788 2130 devora-

997 2148 1044 2179 vit,
1059 2156 1107 2175 seti
1125 2147 1256 2182 pardalis,
1270 2155 1318 2175 seu
1335 2153 1424 2180 cetus,
1443 2156 1490 2175 seu
1508 2147 1602 2182 draco,
1620 2156 1668 2176 seu
1691 2149 1784 2184 lupus,

995 2202 1043 2222 seu
1062 2195 1148 2226 canis,
1162 2203 1210 2222 seu
1231 2195 1305 2222 aliud
1323 2195 1458 2222 marinutn
1487 2199 1653 2222 terrestreve
1667 2195 1783 2224 animal.

994 2241 1090 2274 Quivis
1104 2242 1186 2268 homo
1206 2243 1363 2273 reviviscet,
1380 2242 1484 2269 domini
1503 2247 1530 2269 et
1545 2243 1650 2274 famuli,
1665 2242 1785 2274 nobiles,

154 2289 332 2324 voluptatem,
350 2293 378 2316 et
403 2287 543 2315 cruciatus
557 2286 728 2321 cognoveris,
746 2290 886 2320 acccptatu
915 2289 940 2311 te
959 2292 979 2318 ι)
995 2286 1131 2316 ltonorati,
1145 2294 1241 2314 omnes
1254 2288 1374 2322 alynasla:
1389 2293 1417 2313 et
1433 2287 1582 2322 principes,
1606 2288 1742 2322 toparclne
1757 2293 1787 2315 et

154 2332 301 2368 adduc-ent,
320 2340 346 2362 ct
365 2334 471 2362 videbis
487 2341 548 2368 qua:
563 2333 679 2363 videbis.
713 2332 802 2359 locum
821 2331 942 2366 splendi-

154 2382 309 2414 dissimum,
325 2382 436 2409 ordines
453 2385 623 2412 sanctorum,
646 2379 796 2409 Abraham,
814 2379 888 2405 lsaac
915 2383 943 2405 et

154 2427 392 2457 Jacob,sedente.s
409 2428 436 2454 in
460 2427 545 2462 gloria
561 2433 668 2458 omnes,
694 2425 798 2457 Patres,
822 2429 850 2451 ct
878 2429 943 2450 ante

156 2473 242 2507 tegent
260 2476 288 2499 et
301 2477 361 2506 pOst
373 2473 470 2507 legem,
486 2479 513 2500 et
530 2476 666 2507 quotquot
683 2471 824 2506 propheta:
848 2469 943 2497 Salva-

156 2522 242 2546 torem
257 2519 485 2553 praznuntiarunt,
495 2520 711 2546 incarnationem
725 2517 853 2545 videlicet
870 2518 939 2552 ejus,

156 2568 272 2591 mortem
288 2568 316 2591 et.
338 2563 486 2595 cruciatus,
512 2568 539 2590 et
557 2572 726 2599 qumcunquc
745 2563 885 2598 plasmatis
899 2562 941 2590 sui

155 2611 277 2638 salt’andi
291 2617 372 2638 causa
388 2610 527 2638 sustinuit.
537 2610 617 2638 Verbi
640 2615 819 2645 spectatores,
834 2610 941 2644 agmina

156 2655 278 2688 Patrum,
292 2656 327 2683 ob
339 2656 490 2683 certamina
506 2661 707 2688 coronatorum,
734 2655 941 2687 venerabilium,

153 2703 289 2736 justorum
317 2708 344 2729 et
360 2707 528 2729 sanctorum.
554 2702 623 2728 Alite
652 2710 748 2729 omnes
774 2702 939 2729 Genitriceln

158 2749 236 2776 Verbi
247 2749 326 2777 θεανο
332 2749 434 2784 ρώπου,
454 2749 583 2783 gaudium
592 2748 658 2775 illud
671 2748 808 2775 ineilabile
823 2753 850 2775 ct
863 2749 924 2776 inex
931 2764 940 2768 -

158 2794 280 2827 plieabile
296 2798 428 2830 quantum
443 2794 488 2826 sit,
508 2801 559 2820 uec
576 2793 641 2826 dici,
665 2802 716 2821 nec
742 2794 881 2821 intellectu
898 2794 939 2821 vel

159 2840 274 2868 humano
304 2842 347 2868 vel
371 2841 495 2876 angelico
513 2840 707 2875 comprehendi
731 2845 832 2875 potest.
859 2840 940 2868 Post-

191 2930 212 2944 ’°
227 2931 286 2958 Job.
304 2939 344 2961 ιιι,
359 2934 385 2958 5.
427 2933 447 2946 ²¹
464 2935 548 2965 Apoc.
568 2939 611 2960 xv,
629 2931 671 2959 15.
709 2930 798 2957 "1.7a.
816 2937 876 2964 va,
898 2929 939 2954 l'i.

244 2978 395 3026 ,Ριτιωιη
409 2978 468 3010 Gtt.
493 2978 640 3008 CXXVII.

995 2332 1161 2366 pllyim‘t'lttl',
1181 2333 1308 2359 monachi
1328 2337 1354 2359 et
1376 2333 1455 2367 justi,
1473 2340 1601 2360 t-ouvcnze
1615 2338 1642 2360 ct
1657 2339 1785 2368 peccato—

994 2386 1047 2404 ['05.

1028 2423 1094 2455 Quis
1107 2423 1198 2450 verbis
1225 2429 1420 2459 consequatur,
1439 2432 1499 2459 qua:
1512 2429 1576 2451 tunc
1598 2425 1783 2452 eritomnium

994 2477 1087 2495 rerum
1103 2470 1246 2496 turbatio?
1262 2471 1326 2502 Qua:
1354 2471 1453 2502 oratio,
1482 2480 1542 2506 qua:
1569 2471 1710 2506 cogitatio,
1723 2480 1784 2506 qua:

994 2516 1096 2551 lingua,
1113 2523 1173 2551 qua:
1190 2517 1284 2543 meus?
1299 2525 1352 2543 ttou
1367 2516 1463 2544 fundet
1478 2518 1569 2545 lutnett
1580 2519 1630 2549 sol,
1645 2525 1698 2544 non
1710 2518 1785 2546 luee-

994 2564 1034 2591 bit
1047 2565 1121 2595 luna,
1137 2564 1222 2592 stellae
1235 2564 1268 2591 de
1282 2564 1351 2591 coelo
1365 2565 1474 2592 cadent.
1491 2565 1574 2592 Terra
1595 2570 1622 2592 ct
1637 2559 1736 2592 coelum
1755 2566 1783 2593 in

994 2611 1092 2638 melius
1105 2612 1296 2638 mutabuntur.
1316 2610 1508 2646 Magniloquus
1527 2611 1610 2638 Isaias
1627 2613 1659 2643 ",
1677 2612 1783 2639 instau-

995 2656 1127 2683 rationem
1141 2659 1273 2683 creatura:
1287 2655 1440 2690 prtevidcns
1458 2656 1651 2692 ittposterum,
1682 2665 1782 2684 novum

995 2702 1105 2734 uelum,
1121 2706 1149 2729 et
1164 2706 1263 2728 terram
1283 2709 1391 2733 novam,
1411 2710 1520 2729 omnem
1542 2702 1681 2735 decorem,
1693 2704 1784 2737 qualis

994 2748 1116 2774 omnium
1137 2748 1242 2782 primus
1258 2752 1327 2779 erat,
1357 2749 1513 2775 restituttuu
1543 2748 1577 2775 iri
1605 2749 1781 2781 vaticinatur,

995 2794 1109 2828 abjectis
1125 2794 1301 2828 purgatisque
1311 2794 1440 2822 sordibus
1453 2799 1481 2821 et
1493 2794 1607 2822 maculis
1619 2795 1756 2822 universis
1774 2803 1780 2820 :

995 2844 1022 2866 rt
1037 2840 1129 2867 omnia
1143 2847 1204 2874 qua:
1225 2840 1295 2867 intra
1323 2841 1414 2875 poitttu
1429 2845 1457 2868 ct
1469 2846 1549 2869 terra:
1565 2845 1691 2868 centrum
1707 2845 1785 2875 sunt,

1589 2973 1627 3003 28
