2032 3156
255 191 309 223 875

871 180 1044 211 ΓΙΗΙᾸΙῚἸ
1066 178 1264 209 SOLITARII

1833 177 1882 207 876

256 253 328 277 nutu
346 251 374 276 et
389 246 528 274 voluntate
547 242 652 269 Domini
670 241 818 269 novitatem
835 239 960 267 induent.
984 238 1048 265 Sce-
1063 239 1084 268 Α
1101 240 1129 263 ct
1147 235 1288 266 viriditas,
1306 233 1401 260 Edent.
1423 233 1481 259 Non
1517 238 1607 259 tamen
1636 233 1713 259 locus
1738 232 1834 265 Edent,
1858 234 1882 259 in

259 302 350 331 plrum
366 294 482 329 regium,
499 297 598 325 nempe
614 296 692 321 crux,
721 292 815 322 postea
851 291 880 314 ut
896 285 923 312 in
949 292 1047 320 pompa

259 339 450 375 triumphabit,
481 341 618 364 ostentata
635 334 663 362 in
697 333 820 365 sublimi,
844 337 874 360 ut
904 331 1047 359 ltlattbaens

257 386 354 415 scribit
370 386 403 416 ⁸⁸³,
430 382 664 411 intellectualibus
695 379 840 407 ordinibus
867 378 1045 414 Auge-lorum,

257 430 503 465 Archangclorum,
523 427 742 462 Principatuum,
758 425 939 456 Potestatum,
954 423 1047 450 Virtu-

258 485 327 510 tum,
344 475 579 504 nominationum,
595 472 783 504 Thronorum,
814 469 1046 501 Cherubinorum,

257 523 473 559 Seraphinorum
491 519 638 554 conspicua
654 516 873 553 praecedentibus
883 524 889 542 :
899 515 1048 542 etvenien-

258 577 313 598 tem
330 571 358 597 in
374 569 460 605 gloria
473 566 614 594 Christum
637 563 870 600 praecurrentibus
895 562 923 589 in
945 562 1047 594 locum,

258 618 285 643 in
303 623 358 650 quo
371 614 405 641 ad
417 613 554 649 judicium
567 610 754 639 exercendum
780 608 931 636 consedere
947 611 1050 635 statue-

259 661 303 687 iit.
318 658 416 692 Positis
432 658 524 691 itaque
549 655 667 688 thronis,
684 659 711 693 et
735 654 837 690 paratis
860 653 946 685 libris,
963 652 1050 680 Judex

257 711 286 733 et
307 694 440 732 Dominus
459 703 552 738 gloria:
567 701 673 729 sedebit
690 701 763 736 juste
779 699 954 735 judicaturus
968 697 1051 725 simul

259 752 338 779 vivos
348 755 375 778 et
389 753 523 777 mortuos.
541 748 630 783 Reges
650 746 832 778 adducentur,
849 745 971 781 dynasta:
985 752 1051 772 con-

259 797 458 833 gregabantur.
473 796 612 830 Pauperes
625 797 652 821 et
664 793 764 820 divites
776 800 838 820 cum
854 797 973 818 tremore
982 794 1052 818 asta-

261 846 340 876 bnm,
366 842 510 878 agentibus
533 839 759 875 rapicntibusque
785 837 899 874 angelis.
926 841 954 863 ut
971 835 1053 863 ratio-

260 898 322 918 nem
333 890 469 916 factorum
485 887 613 919 reddant,
628 891 656 914 et
671 885 806 920 operibus
828 883 946 919 pretium
958 882 1053 910 condi-

1100 289 1156 317 quo
1171 281 1256 309 Adam
1268 285 1311 308 est
1325 279 1470 307 formatus.
1490 278 1542 306 Sed
1558 279 1701 313 paradisus
1722 279 1883 313 ipsissimus,

1102 328 1127 354 in
1142 335 1222 362 quem
1244 332 1338 362 raptus
1350 331 1391 353 est
1406 325 1516 357 l‘auius,
1530 330 1558 352 ct
1570 325 1597 352 in
1610 325 1682 352 hunc
1697 325 1884 353 multitudines

1098 372 1236 406 justorutn
1265 370 1444 405 recipientur,
1460 369 1558 401 Adam,
1573 369 1652 401 Abel,
1677 369 1755 401 Scth,
1784 369 1883 404 Enoclt,

1105 418 1151 452 qni
1166 418 1242 452 prius
1253 417 1369 444 Domino
1385 424 1417 443 ex
1426 416 1738 451 operibusplacucrunt.
1752 415 1886 443 Abraham

1102 464 1259 498 hospitalis,
1277 463 1338 496 Lot,
1355 463 1464 498 reliqui,
1477 463 1592 498 Moyses,
1607 463 1709 494 Aaron,
1725 467 1813 489 canus
1828 470 1886 496 pru-

1101 511 1257 546 phetarum,
1273 515 1301 538 et
1322 511 1407 545 magis
1435 511 1483 546 qui
1517 510 1568 537 sub
1599 510 1687 545 gratia
1719 509 1843 540 fuerunt,
1862 516 1885 536 et

1101 563 1271 593 spectatores
1299 557 1373 584 verbi
1406 557 1536 593 apostoli,
1567 562 1684 584 catervae
1713 560 1741 583 et
1770 556 1887 591 legiones

1102 604 1217 631 Patrum
1234 612 1265 631 ac
1288 609 1451 639 martyrum,
1473 604 1520 631 Dei
1551 601 1675 630 Genitrix
1693 602 1790 633 Maria,
1809 602 1854 636 qui
1873 609 1887 628 a

1101 649 1188 684 gratia
1208 649 1372 684 appellatur,
1389 649 1508 676 Joannes
1520 649 1686 676 Prtecursor.
1705 648 1808 675 Omnes
1827 648 1886 673 viri—

1103 697 1162 728 tim,
1180 697 1374 724 etsecuudum
1389 695 1486 723 faciem
1516 695 1588 722 inter
1612 702 1641 722 se
1659 698 1788 725 noscent,
1817 693 1888 719 habi-

1104 745 1255 777 tabuntque
1265 750 1326 769 eum
1340 742 1487 770 Conditore
1500 742 1633 768 omnium.
1645 740 1788 774 Quotquot
1801 744 1886 766 autem

1103 789 1206 815 fuerint
1234 788 1319 823 partis
1343 787 1499 819 haedorum,
1517 791 1616 821 prmter
1640 793 1782 812 carcerem
1811 785 1881 811 illum

1105 840 1254 862 tartareum
1271 842 1353 869 quem
1373 834 1561 865 sustinebunt,
1578 833 1662 860 etiam
1677 841 1732 859 non
1750 832 1885 862 videbunt,

1104 889 1155 908 nec
1178 886 1328 916 agnoscent
1343 885 1480 908 mutuum.
1497 880 1549 907 Ubi
1578 880 1652 907 enim
1675 879 1798 906 tenebrat
1819 884 1886 907 sunt.

259 944 343 971 guunt
357 935 503 969 accipiant.
519 933 594 960 Libri
610 932 783 967 aperientur,
809 935 837 958 et
847 929 1051 957 exhibebuntur
1070 920 1089 948 Β
1104 928 1160 955 illic
1178 929 1250 956 oculi
1276 927 1366 955 officio
1394 935 1444 955 suo
1475 935 1530 954 non
1557 927 1722 962 funguntur.
1752 924 1887 958 Quomodo

259 983 351 1010 omnia
361 982 394 1008 ".
407 981 447 1008 lbi
461 986 519 1007 tum
531 978 743 1007 consistentium
755 976 900 1004 hominum
913 974 1051 1010 separatio

260 1029 418 1060 inducetur,
431 1034 494 1054 cum
508 1034 584 1058 oves,
602 1031 632 1052 nt
649 1024 808 1054 fructiferae,
822 1030 837 1049 a
850 1021 964 1054 dextris,
977 1020 1052 1048 hmdi

258 1079 361 1106 autem,
380 1078 407 1101 et
421 1079 518 1100 omnes
543 1070 698 1105 infrugiferi
712 1073 741 1097 et
753 1068 866 1096 inutiles
882 1067 954 1095 servi
970 1071 1052 1101 atque

258 1124 402 1152 creaturae,
416 1122 446 1146 ut
460 1125 522 1152 ego,
536 1117 570 1144 ad
591 1116 731 1144 sinistram
747 1114 968 1142 collocabuntur.
978 1112 1052 1140 Nudi

258 1174 342 1202 porro
358 1170 386 1193 ct
403 1163 541 1192 manifesti
563 1163 651 1198 palam
668 1165 837 1192 statuentur,
856 1159 1051 1191 lamentantes,

259 1214 307 1240 sed
323 1211 454 1243 inaniter,
472 1211 632 1241 clamantes,
651 1208 698 1235 sed
725 1207 837 1234 frustra.
853 1205 975 1233 Audient
986 1211 1052 1232 oves

259 1266 355 1287 vocem
373 1257 546 1285 benedictam
564 1264 570 1282 :
586 1264 595 1281 ί
622 1254 731 1286 Venite,
747 1253 840 1284 amici,
866 1251 983 1286 accipite
1007 1258 1052 1278 re-

259 1311 355 1339 gnum,
369 1303 443 1338 quod
460 1302 539 1329 vobis
556 1304 680 1336 paratum
691 1303 735 1326 est
747 1303 811 1325 ante
825 1297 1052 1325 constitutionem

260 1349 357 1377 mundi
373 1350 405 1374 ".
428 1358 437 1374 ι
453 1348 628 1375 Esurientcm
641 1345 714 1373 cnim
728 1352 759 1372 ac
777 1344 916 1370 sitientem
931 1350 984 1374 me,
999 1350 1051 1369 nu—

260 1396 337 1428 dum,
354 1402 468 1430 a-grum,
493 1392 634 1420 sedentem
654 1392 680 1418 in
710 1397 832 1422 carcere,
859 1389 1003 1420 advenam,
1025 1393 1053 1416 et

260 1442 397 1476 hospitem
414 1439 544 1474 hospitio,
561 1438 622 1465 cibo
640 1442 667 1464 et
683 1440 841 1472 legumento
855 1435 959 1471 dignati
975 1435 1052 1462 estis.

262 1488 364 1515 l‘lthmc
375 1486 488 1522 quidem
516 1492 592 1512 oves.
610 1484 659 1511 Ast
684 1483 784 1514 haedis,
811 1490 892 1517 quam
919 1490 1001 1514 saeva,
1025 1486 1053 1509 et

261 1534 343 1564 dura,
360 1537 388 1560 et
404 1531 576 1560 intoleranda
591 1529 758 1557 omnimodis
778 1529 927 1556 dicentur!
948 1537 957 1553 ι
973 1527 1052 1554 Abite

261 1586 277 1606 a
293 1585 336 1605 me
352 1577 460 1612 procul,
488 1576 580 1610 longe,
603 1574 754 1605 maledicti,
770 1574 797 1600 in
815 1574 904 1608 ignem
932 1573 1053 1601 exterio-

262 1632 332 1656 rem,
348 1623 393 1657 qui
406 1626 575 1657 praeparatus
584 1626 626 1648 est
639 1620 748 1648 diabolo
762 1625 789 1647 et
802 1619 906 1655 angelis
917 1620 977 1655 ejus
987 1620 1020 1652 ",
1040 1629 1049 1645 ι

260 1674 290 1697 et
303 1668 433 1696 omnibus
450 1667 498 1702 qui
533 1667 692 1694 servierunt
715 1666 846 1701 operibus
863 1665 1049 1698 infructuosis,

259 1718 289 1741 et
305 1718 367 1749 post
381 1713 538 1740 voluntates
555 1719 618 1740 suas
644 1712 870 1743 ambulaverunt,
884 1711 931 1746 qui
948 1711 1018 1738 male
1036 1719 1051 1737 a

262 1760 318 1787 Deo
334 1759 423 1787 aversi
440 1763 514 1791 sunt,
526 1763 554 1786 et
578 1765 721 1785 Sermones
750 1764 836 1788 meos,
864 1761 894 1783 ut
924 1755 1050 1782 mandata

261 1813 321 1832 mea
335 1809 560 1839 aspernarentur,
574 1809 601 1831 et
615 1803 706 1830 omnia
722 1802 850 1837 baptismi
873 1801 976 1829 fmdera
994 1801 1050 1828 dis-

260 1852 415 1885 solverent;
448 1851 540 1879 omnia
570 1851 798 1886 promittentibus
812 1855 839 1878 et
864 1849 932 1877 mihi
961 1854 1050 1877 tamen

259 1898 470 1926 mentientibus.
496 1898 580 1926 Satan
596 1902 689 1925 autem
706 1898 851 1930 malevolo,
868 1901 896 1924 et
911 1904 972 1932 qua:
987 1902 1051 1924 sunt

260 1944 367 1972 Satanm
380 1944 595 1972 adhazrentibus.
606 1944 645 1972 lle
660 1944 742 1979 igitur
750 1943 784 1971 ad
796 1947 901 1978 patrem
915 1947 1048 1970 vestrum.

260 1989 338 2024 Quod
355 1990 377 2017 si
390 1990 496 2024 possint
509 1989 611 2020 emori,
626 1996 791 2023 rursumque
821 1995 977 2022 resurgere,
994 1992 1049 2015 tam

260 2035 389 2062 horribili
403 2035 487 2061 verbo
508 2034 682 2069 exspirarent
711 2041 818 2065 omnes,
850 2038 904 2060 tam
922 2032 1050 2060 acerbum

261 2081 404 2108 arbitrium
420 2088 475 2108 non
488 2080 667 2107 sustinentes.
724 2091 746 2117 ι-

297 2127 394 2154 Anima
412 2134 471 2153 mea
488 2131 557 2158 atra,
575 2124 741 2157 miserrima,
758 2125 854 2156 stulta,
868 2132 908 2152 va:
927 2124 975 2151 tibi
988 2132 1048 2159 pro-

252 2179 322 2208 .pter
336 2172 553 2203 damnationem,
569 2179 609 2198 vae
629 2175 741 2205 propter
755 2170 900 2205 jud2cium.
929 2169 1050 2197 Conver-

251 2225 302 2246 ttcs
318 2222 343 2246 te
353 2216 489 2247 crebrius,
501 2216 555 2243 huc
566 2216 631 2243 illuc
644 2216 793 2250 respiciens
809 2215 876 2248 ;sed
893 2223 1049 2250 propugna-

263 2269 350 2291 torem
365 2267 393 2290 et
407 2261 581 2290 defensorem
597 2261 702 2288 nullum
715 2266 828 2296 propter
841 2269 937 2296 opera,
948 2261 1050 2296 cogita-
1068 2280 1089 2307 D

263 2310 352 2338 tiones
368 2313 396 2336 et
408 2308 604 2336 conscientiam
620 2309 753 2340 invenies,
765 2316 826 2343 quae
839 2312 904 2335 tunc
921 2307 1049 2340 aderunt,

261 2360 290 2383 et
310 2354 499 2383 testimonium
515 2359 611 2382 contra
626 2359 651 2382 te
668 2355 768 2387 ferent,
781 2359 808 2381 et
822 2358 894 2381 recta
908 2353 934 2380 in
960 2355 1051 2389 ignem

260 2406 289 2429 et
298 2401 435 2429 flammam
449 2405 474 2429 te
495 2401 643 2433 deducent,
657 2400 704 2427 ubi
722 2400 862 2427 cruciatus
882 2399 1054 2427 inenarrabi-

261 2445 309 2481 lis,
325 2447 436 2474 afflictio
449 2447 594 2479 immensa,
611 2453 691 2481 parua
718 2445 900 2478 intoleranda,
916 2445 1055 2480 negotium

261 2493 337 2520 omni
365 2492 498 2528 patientia
531 2493 630 2527 majus.
660 2491 781 2526 Tempus
808 2491 1057 2518 animadversionis

261 2539 343 2566 finem
357 2538 463 2565 nullum
475 2538 569 2565 habet.
591 2537 753 2564 Avellentnr
766 2536 800 2563 ab
816 2536 913 2563 amicis
928 2540 956 2563 et
971 2536 1050 2562 fanti-

260 2585 387 2617 liaribus,
400 2593 415 2612 a
434 2584 508 2618 filiis,
523 2588 550 2611 et
562 2584 705 2614 uxoribus.
727 2592 742 2610 ει
758 2583 882 2618 cognatis
894 2583 1050 2609 amantissi-

256 2632 325 2658 mis.
344 2631 472 2666 Episeopi
490 2635 671 2657 secernentur
696 2639 711 2656 a
730 2630 911 2664 coepiscopis.
929 2628 1050 2656 Sacrifiei

258 2683 288 2704 et
307 2677 459 2712 presbyteri
477 2684 491 2703 a
512 2676 655 2710 dignitatis
671 2683 727 2703 sua:
744 2674 836 2702 sociis.
867 2674 901 2701 Et
916 2674 974 2701 lucc
988 2675 1052 2708 qui—

260 2723 321 2748 dem
336 2721 519 2748 intolerabilia
535 2722 560 2747 in
574 2721 685 2748 s:nistra
702 2724 777 2754 parte
793 2719 866 2746 fient.
994 2725 1009 2753 ί

295 2768 346 2801 Qui
363 2775 455 2796 antem
474 2777 536 2795 c-tm
547 2768 645 2794 ovibus
658 2775 672 2793 a
688 2767 793 2793 dextris
816 2767 939 2797 stabunt,
959 2765 1054 2792 laetan-

262 2818 303 2840 tes
317 2814 349 2840 ad
366 2818 469 2841 sortem
486 2821 563 2840 suam
580 2813 707 2841 abibunt.
736 2812 824 2839 Locus
837 2811 882 2838 hic
893 2815 935 2838 est
949 2811 1052 2846 gaudii,

297 2873 319 2887 “
334 2872 428 2898 Matth.
445 2881 517 2904 xxtv,
531 2872 566 2898 ‘29
582 2880 658 2906 seqq.
712 2872 734 2886 “
751 2871 835 2905 Apoc.
850 2879 893 2903 xx,
914 2871 956 2896 12.

261 2908 284 2922 ³⁸
303 2907 456 2939 ιῑοριιξιιν,
472 2909 498 2934 ti.
537 2909 557 2922 "
577 2907 656 2934 ltum.
675 2915 722 2938 xtl,
743 2907 784 2933 to.

1011 2871 1032 2886 ³⁵
1049 2869 1145 2897 Matth.
1168 2879 1228 2904 .uv,
1246 2871 1290 2898 5-4.

1105 975 1188 1010 igitur
1200 975 1273 1002 inter
1289 982 1318 1002 se
1341 974 1435 1002 videre
1459 979 1487 1001 et
1506 981 1656 1009 agnoscere
1679 973 1800 1007 queant?
1815 971 1888 999 Com-

1105 1028 1189 1048 mune
1206 1025 1298 1048 autcm
1322 1020 1426 1047 malum
1453 1020 1517 1052 erit,
1538 1027 1649 1047 carcere
1677 1019 1838 1046 conclusum
1853 1023 1889 1044 ft-

1104 1063 1175 1097 ne'ri,
1190 1066 1333 1093 lamentari
1349 1070 1463 1102 propter
1480 1066 1632 1097 cruciatus,
1649 1065 1746 1100 lugere
1768 1070 1796 1092 et
1821 1065 1888 1100 inge-

1104 1111 1232 1139 miscere.
1246 1111 1306 1139 Non
1320 1112 1393 1139 enim
1405 1112 1487 1138 datur
1496 1119 1610 1147 superas
1625 1111 1747 1139 evadere
1757 1112 1791 1138 ad
1803 1119 1886 1142 auras,

1083 1171 1089 1179 ι
1103 1167 1154 1186 nec
1176 1158 1261 1186 ullum
1279 1161 1419 1185 tantorum
1432 1158 1569 1185 malorum
1584 1158 1716 1193 effugium
1739 1163 1824 1193 patet.

1141 1204 1291 1239 llcsipisee,
1319 1212 1433 1240 resurge
1453 1213 1459 1231 :
1477 1205 1526 1239 qui
1552 1206 1590 1231 ita
1620 1209 1757 1239 perpetuo
1773 1204 1887 1231 dormis?

1104 1251 1220 1285 Evigila,
1240 1251 1436 1286 cogitationem
1454 1250 1554 1278 seriam
1584 1251 1705 1286 suscipe,
1728 1259 1787 1278 rem
1800 1259 1888 1286 aggre-

1103 1297 1179 1330 dere,
1197 1297 1331 1332 ignaviam
1345 1296 1444 1333 abjice,
1459 1297 1650 1332 expergiscere
1661 1301 1688 1324 et
1699 1297 1813 1331 festina,
1826 1305 1889 1325 som-

1105 1351 1171 1370 num
1188 1347 1299 1376 excute,
1325 1343 1465 1379 pigritiam
1496 1343 1614 1378 depone,
1642 1352 1704 1378 qua:
1734 1344 1834 1376 fecisti,
1858 1346 1887 1370 ab

1107 1391 1184 1418 initio
1214 1399 1302 1426 usque
1330 1391 1365 1419 ad
1380 1391 1462 1419 finem
1477 1391 1621 1424 confitere,
1646 1397 1745 1427 pectus
1771 1397 1886 1427 percute,

1106 1439 1193 1473 plora,
1205 1445 1237 1465 ex
1251 1439 1305 1465 imo
1315 1442 1427 1474 pectore
1439 1439 1587 1466 clamorem
1602 1439 1677 1472 tolle,
1694 1439 1889 1474 eleemosynam

1105 1484 1273 1518 pauperibus
1288 1484 1440 1516 distribue,
1460 1484 1587 1520 disperti,
1605 1485 1646 1512 ale
1672 1485 1746 1513 illos.
1767 1485 1889 1512 Nuntium

1106 1530 1184 1557 mitte
1199 1531 1330 1564 peccatis,
1347 1537 1463 1565 operare
1476 1530 1560 1564 b0na,
1582 1531 1686 1558 exitum
1709 1531 1777 1558 vita:
1791 1539 1891 1566 semper

1106 1582 1245 1610 exspecta.
1265 1576 1338 1603 Mors
1360 1576 1519 1611 supervenit
1535 1577 1608 1604 sicut
1619 1575 1663 1603 leo
1681 1584 1778 1611 rapax,
1806 1577 1890 1611 inspe-

1106 1626 1174 1653 rata,
1198 1623 1358 1657 improvisa,
1386 1630 1440 1649 non
1459 1627 1628 1658 exspectata,
1649 1622 1746 1655 utfur,
1759 1628 1791 1650 ct
1805 1623 1892 1651 timen—

1107 1669 1171 1695 dutn
1187 1677 1220 1696 ne
1235 1673 1261 1696 te
1288 1669 1519 1704 comprehensum
1535 1669 1627 1698 subito
1652 1669 1772 1696 auferat.
1789 1669 1891 1696 Dimitte

1106 1714 1279 1742 debitoribus
1299 1715 1353 1742 tuis
1367 1714 1503 1742 debitum.
1521 1714 1650 1742 Proximo
1665 1715 1787 1749 ignosce,
1816 1719 1843 1741 ut
1855 1715 1892 1742 lex

1105 1760 1247 1787 eharitatis
1266 1761 1390 1795 requirit.
1408 1759 1556 1787 Prosterne
1573 1765 1598 1787 te
1621 1761 1754 1795 Deiparae,
1775 1761 1891 1796 supplica

1105 1811 1235 1840 quantum
1245 1811 1345 1841 potest.
1358 1806 1497 1839 Utafater,
1507 1806 1656 1841 plurimum
1670 1812 1774 1841 potest,
1790 1807 1812 1834 si
1824 1807 1891 1834 velit.

1104 1852 1157 1879 Ora
1181 1856 1366 1887 etmartyres,
1381 1859 1429 1879 ora
1459 1857 1580 1884 sanctos,
1601 1857 1632 1879 ut
1656 1852 1729 1887 apud
1753 1853 1891 1880 Dominum

1105 1905 1215 1924 causam
1231 1902 1304 1924 tuam
1320 1901 1412 1932 agant.
1423 1897 1450 1924 Si
1464 1897 1523 1925 haec
1538 1902 1564 1925 te
1579 1902 1676 1932 agente
1692 1906 1766 1925 mors
1781 1899 1892 1928 venerit,

1105 1944 1160 1970 noli
1178 1943 1286 1971 timere.
1304 1943 1386 1975 Mors,
1403 1944 1425 1971 si
1436 1951 1590 1979 menspura
1608 1944 1701 1978 fuerit,
1713 1945 1824 1979 requies
1834 1945 1890 1975 erit,

1105 1995 1132 2017 et
1149 1989 1271 2016 servanti
1292 1997 1436 2017 sermones
1457 1991 1527 2025 ejus.
1559 1997 1622 2017 vere
1646 1998 1701 2017 non
1727 1998 1815 2022 mors,
1842 1998 1891 2016 non

1104 2041 1185 2069 pmna
1197 2034 1343 2069 contingit,
1360 2034 1510 2062 utJudzeos
1526 2034 1620 2062 docuit
1633 2035 1694 2069 ipse
1720 2035 1888 2063 Dominus“;

1105 2079 1152 2108 sed
1163 2085 1206 2107 est
1220 2080 1316 2115 potius
1328 2080 1441 2114 quidam
1456 2081 1589 2108 transitus
1604 2081 1637 2107 ad
1650 2081 1732 2108 vitam
1742 2081 1889 2110 cmlesten-,

1104 2126 1183 2160 cujus
1209 2125 1271 2152 finis
1293 2126 1385 2153 nullus
1409 2126 1474 2158 crit,
1501 2131 1528 2153 et
1553 2126 1639 2161 gloria
1660 2135 1714 2154 non
1742 2127 1890 2154 intercidet.

1105 2170 1165 2198 Vita
1179 2175 1222 2198 est
1242 2171 1381 2204 Christus,
1394 2176 1422 2198 et
1435 2172 1550 2206 ipsemet
1566 2172 1627 2198 vine
1649 2171 1840 2207 suppeditator
1860 2172 1890 2200 “.

1104 2217 1155 2246 En.
1168 2218 1258 2244 omnia
1273 2217 1320 2244 tibi
1330 2217 1469 2252 proposui,
1479 2218 1570 2244 omnia
1583 2218 1728 2250 edisserui,
1739 2223 1767 2245 et
1785 2219 1892 2252 insuper

1105 2263 1267 2298 conscripsi,
1285 2263 1357 2290 sicut
1375 2263 1463 2297 potui,
1485 2269 1513 2290 ct
1542 2264 1679 2290 bonorum
1705 2265 1891 2298 malorumque

1104 2312 1128 2334 te
1143 2307 1284 2338 admonui,
1298 2312 1327 2334 ut
1354 2311 1379 2334 te
1402 2309 1523 2343 quodad
1539 2309 1654 2336 salutem
1682 2309 1793 2341 attinet,
1821 2309 1891 2336 nullo

1104 2359 1236 2389 prattextu
1253 2362 1386 2382 excursare
1400 2355 1499 2390 possis.

1141 2400 1194 2426 Vos
1208 2405 1298 2426 autem
1311 2408 1407 2427 omnes
1420 2401 1446 2427 in
1458 2401 1569 2428 Christo
1585 2401 1680 2428 Patres
1696 2405 1724 2428 et
1742 2401 1834 2435 amici,
1847 2401 1889 2435 qui

1106 2445 1157 2471 hoe
1172 2445 1335 2478 opusculttm
1346 2445 1445 2473 lecturi
1460 2447 1539 2480 estis,
1552 2446 1615 2474 flete
1625 2452 1653 2474 et
1663 2447 1890 2481 ploratemecum,

1107 2491 1258 2518 secundum
1274 2492 1432 2519 mandatum
1447 2492 1586 2520 Creatoris
1600 2501 1607 2524 ;
1623 2493 1743 2520 eharitas
1754 2494 1828 2521 enim
1842 2500 1892 2519 ma-

1105 2537 1205 2565 nifesta
1215 2543 1268 2569 est,
1283 2538 1348 2566 flere
1364 2546 1426 2565 cum
1443 2539 1582 2572 flentibus,
1597 2543 1625 2566 et
1639 2540 1769 2574 gaudere,
1783 2545 1812 2566 ut
1823 2539 1888 2566 seri-

1107 2588 1182 2617 ptnm
1196 2589 1238 2611 est
1253 2585 1285 2616 ⁷⁵,
1303 2592 1365 2611 cum
1382 2585 1576 2619 gaudentibus.
1593 2586 1680 2612 Etiam
1694 2594 1768 2620 rogo,
1787 2592 1889 2612 mecum

1107 2629 1179 2662 flete,
1195 2634 1222 2656 et
1234 2638 1284 2664 pro
1305 2638 1347 2657 mc
1364 2639 1395 2657 ac
1409 2632 1529 2665 peccatis
1542 2632 1609 2658 meis
1633 2631 1774 2659 Conditori
1799 2638 1891 2666 preces

1110 2677 1224 2705 tundite.
1239 2677 1303 2704 Inde
1325 2677 1398 2704 enitn
1424 2678 1532 2705 veniam
1557 2679 1623 2705 mihi
1656 2684 1684 2706 et
1706 2678 1889 2706 remisﬂonem

1108 2721 1291 2749 conciliabitis
1307 2722 1340 2748 ab
1367 2730 1400 2749 eo
1423 2723 1470 2757 qui
1485 2723 1569 2758 lapsis
1586 2724 1705 2758 perfecte
1721 2723 1844 2758 ignoscit.
1859 2722 1892 2749 Et

1109 2775 1220 2793 manum
1236 2768 1302 2794 mihi
1314 2773 1342 2795 et
1357 2768 1491 2795 auxilium
1506 2769 1636 2803 praebete,
1657 2770 1766 2796 l’lasten
1783 2774 1890 2794 exacer-

1110 2811 1182 2843 bavi,
1195 2811 1352 2839 Creatorem
1376 2814 1493 2847 irritavi,
1507 2812 1509 2814 ’
1526 2814 1630 2847 verbis,
1658 2815 1792 2848 cogitatis,
1805 2811 1889 2838 actio-

1343 2873 1365 2888 “
1383 2873 1449 2899 ibid.
1469 2873 1513 2899 41.
1565 2874 1586 2888 ’⁷
1603 2874 1681 2900 Joan.
1695 2882 1752 2904 \m,
1769 2873 1796 2899 δι
1815 2877 1889 2904 seqq-
