2032 3156
133 208 182 238 877

848 204 1024 235 DlOPTRA.

1699 205 1750 236 8:8

133 265 211 291 nibus
237 266 265 289 et
287 261 374 289 factis.
395 261 546 289 Atfectibus
561 262 660 289 servivi
685 265 713 290 et
728 260 843 289 submisi
868 268 910 287 me
927 265 947 290 Λ
963 259 1073 294 largire.
1087 258 1183 286 Dixisti
1196 258 1281 291 etiitn,
1295 266 1348 286 non
1361 265 1454 290 sanos,
1470 259 1517 286 sed
1528 265 1615 294 aegros
1635 265 1755 295 indigere

132 308 248 344 penitus.
261 307 374 334 lndutus
384 315 444 334 sum
456 307 523 335 riles
534 315 641 342 pannos
652 308 684 335 ad
695 307 816 334 dedecus
828 314 918 333 meum

132 357 246 380 tantum.
272 353 466 388 Voluptatibus
481 353 577 380 allixus
591 361 664 383 sum.
693 353 720 380 in
737 352 920 380 immunditiis

131 399 228 431 haereo,
242 399 430 434 paenitentiam
444 407 498 426 non
508 399 607 431 habeo,
621 404 736 426 mortem
751 407 805 426 tton
819 403 919 429 tremo,

130 450 225 479 stupor
236 452 279 472 me
294 445 442 480 oppressit,
457 452 546 473 czecus
573 453 632 472 sum
649 445 753 477 animo,
780 444 854 471 hora:
878 443 920 470 ul-

130 490 201 518 tima:
224 498 279 517 non
304 491 427 519 memini.
453 491 605 527 [inparatus
629 499 700 519 sum.
717 490 852 526 Segnities
877 497 919 517 me

129 536 246 564 obsidet.
269 537 396 564 Exscindi
427 544 531 571 metuo,
563 538 751 571 maledictum,
774 541 800 563 ct
832 536 919 563 minas

129 582 208 617 ignis,
223 589 250 610 ct
263 584 394 611 ultionem
411 584 437 611 in
453 585 561 612 inferno
581 589 773 612 consternatus
788 583 916 611 formido.

165 628 229 662 Sed,
253 630 333 656 Pater
356 630 576 663 miserationum,
592 631 666 658 solus
686 631 854 661 misericors,
870 628 916 663 qui

128 682 269 709 nunquam
286 676 328 703 vis
346 681 460 703 mortem
479 678 643 712 peccatoris.
660 677 707 704 sed
724 681 754 703 ut
778 675 915 710 poeniten—

129 721 193 747 tiam
209 726 281 754 agat,
302 727 330 749 et
352 722 439 755 vivat,
456 727 484 750 et
503 723 626 750 salvetur
641 723 674 755 ³³,
700 727 782 757 atque
802 721 874 749 istud
889 722 916 748 in

127 766 336 801 longanimitate
372 773 526 803 exspectas,
542 768 676 804 gemitum
699 768 762 795 boni
778 767 917 802 publicani

129 812 198 839 mihi
216 812 300 840 dona.
317 813 464 849 Lacrymas
481 814 565 847 Petri,
577 819 605 842 et
633 814 788 842 meretricis
804 814 837 840 ad
852 821 916 848 pur-

128 857 217 892 ganda
236 860 391 887 etcluentia
407 860 525 895 plurima
551 860 758 895 inquinamenta
772 867 832 887 mea
849 859 916 886 mihi

163 925 186 941 ³⁰
201 926 302 954 Ezech.
320 935 399 959 xvttt,
415 928 445 954 21
462 935 539 963 seqq.
579 929 598 943 ³¹
615 928 710 955 Matth.
729 937 764 959 ιχ,
782 928 823 954 i2.

864 928 886 943 ³²
904 927 974 954 Psal.
990 935 1049 960 (λιν,
1065 928 1108 955 12.

970 304 1106 332 medicina
1120 305 1154 331 “.
1172 305 1206 333 Ut
1220 305 1304 340 igitur
1324 312 1440 340 corpore
1455 310 1484 332 et
1503 305 1595 333 anima
1611 312 1755 342 πει-θεων,

969 351 1048 379 visita
1063 359 1116 382 me.
1134 352 1259 383 Domine,
1275 352 1403 384 obsecro,
1428 356 1456 379 et
1480 360 1543 380 rore
1560 353 1756 382 misericordia!

969 402 1022 425 tua:
1034 405 1077 425 me
1088 405 1210 433 asperge.
1226 398 1298 426 Sane
1313 399 1359 433 qui
1371 399 1446 426 solus
1467 399 1546 426 facile
1558 400 1757 431 reconciliatis,

969 449 997 471 et
1011 444 1086 471 solus
1104 452 1136 471 es
1171 444 1339 478 misericors,
1363 452 1412 479 per
1442 445 1660 472 misericordiam
1683 451 1757 473 tuam

969 489 1081 525 dignare
1096 498 1138 518 me
1148 490 1350 518 misericordia.
1366 491 1423 526 Ego
1439 498 1500 518 sum
1525 492 1570 518 illa
1587 492 1646 519 ovis
1660 500 1720 527 qtae
1743 500 1758 519 ιι

967 536 1062 564 divino
1075 537 1139 564 ovili
1154 537 1233 572 longe
1245 536 1392 564 aberravit.
1407 536 1630 570 Qumreetsalva.
1642 538 1695 564 Seu
1711 546 1758 564 vc-

966 583 1025 615 lim,
1034 583 1176 615 salva,seu
1185 583 1376 616 nonvdim,ut
1385 590 1446 609 eum
1457 583 1671 618 magnitudinem
1682 583 1723 610 bet
1736 592 1750 609 ιι

969 628 1094 656 ficienlia:
1104 633 1156 656 tua:
1164 628 1270 660 videro,
1281 636 1312 656 os
1321 636 1411 656 meum
1424 628 1457 655 ad
1469 629 1616 663 gratiarum
1625 629 1760 656 actionem

967 674 1099 709 aperiam.
1121 673 1190 707 Quid
1210 678 1301 701 autem
1323 674 1459 702 retribuat
1476 674 1538 709 quis
1552 675 1693 702 Conditori
1711 683 1760 709 pro

967 721 1095 748 omnibus
1109 729 1168 755 qua:
1184 720 1312 747 retribuit
1327 720 1455 748 nobis"?
1470 720 1556 748 David
1573 729 1688 756 magnus
1711 722 1759 747 ait.

968 767 1021 794 Sed
1032 767 1104 794 Deus
1111 774 1188 794 meus
1196 774 1226 794 es
1235 772 1274 799 tu,
1282 767 1407 799 Domine,
1417 767 1575 802 glorificabo
1583 771 1609 794 te
1615 767 1761 794 vehemen-

969 819 1010 842 ter
1019 814 1052 846 ³³,
1065 819 1093 841 et
1113 822 1213 841 nomen
1226 820 1351 842 sanetttm
1362 820 1439 842 tuutn
1451 823 1512 842 cum
1522 814 1656 850 Propheta
1666 814 1762 841 lauda-

969 860 1020 887 bo?
1036 860 1168 888 Mirabilia
1182 862 1256 888 enim
1268 865 1296 889 et
1313 861 1430 896 plurima
1451 861 1478 888 in
1496 869 1538 888 mc
1551 869 1580 889 cs
1592 865 1730 896 operatus.

1146 929 1170 944 "
1184 929 1252 955 lltitl.
1274 929 1316 955 13.

163 1071 361 1108 Fragmentum
383 1079 513 1108 sequens,
533 1073 607 1108 quod
623 1073 725 1100 frustra
738 1080 846 1108 quaeras
862 1074 890 1101 in
904 1073 1033 1102 versione
1049 1074 1106 1101 Jac.
1121 1074 1248 1108 l‘ontani,
1265 1073 1353 1101 edidit
1367 1072 1447 1102 Joan.
1465 1074 1543 1110 Bapt.
1563 1073 1718 1102 Cotclerius
1735 1075 1763 1102 in

125 1120 204 1148 notis
232 1120 267 1147 ad
292 1120 514 1148 Constitutiones
544 1121 721 1156 apostolicus.
749 1121 798 1148 lib.
816 1128 873 1154 vni,
903 1129 966 1157 cap.
982 1121 1034 1153 75;
1063 1121 1111 1149 sed
1131 1122 1165 1149 ad
1189 1129 1270 1157 quem
1298 1122 1389 1149 locum
1409 1121 1525 1158 Dioptra:
1538 1127 1652 1157 spectet,
1669 1122 1765 1150 dicere

125 1167 237 1194 omisit.

122 1229 200 1263 Περὶ
228 1228 281 1254 τοῦ
305 1227 367 1260 πῶς
394 1227 591 1262 ἐπιτελοῦμεν
609 1229 702 1262 τρίτα,
723 1227 833 1254 Errata
846 1250 853 1261 ,
873 1229 920 1256 καὶ

994 1229 1033 1256 De
1049 1231 1124 1256 modo
1140 1239 1190 1264 qua
1212 1231 1371 1258 celebramus
1392 1231 1446 1258 dies
1466 1232 1583 1263 tertiam,
1603 1237 1747 1263 nonum,“

405 1263 647 1297 τεσσαρακοστά.

161 1322 229 1358 Χρὴ
245 1323 290 1348 καὶ
304 1322 384 1349 τοῦτο
399 1322 556 1356 γινώσκειν,
576 1323 616 1349 ὅτι
639 1323 690 1355 τὰς
715 1325 922 1359 τεσσαράκοντα.

123 1367 241 1403 ἡμέρας
268 1367 316 1393 τοῦ
343 1368 460 1394 παλαιοῦ
490 1368 604 1399 πένθους
638 1371 718 1404 τριχῇ
745 1370 876 1402 διελόντες
898 1371 922 1397 οἱ

123 1413 289 1449 ἀπόσςτολοι,
310 1414 350 1444 εἰς
365 1413 456 1448 τρίτα,
472 1414 519 1439 καὶ
545 1414 657 1446 Evam-ca,
680 1416 728 1442 καὶ
752 1424 922 1451 τεσσαρακο-

123 1459 191 1486 arti.
209 1459 290 1486 Οὖτω
303 1459 358 1494 γὰρ
380 1461 427 1486 καὶ
452 1460 534 1492 αὐτὸς
551 1461 565 1486 6
581 1460 683 1494 Κύριος
697 1461 769 1495 μετὰ
782 1461 830 1496 τὴν
864 1469 923 1496 τρι-

126 1506 239 1540 ήμερον
254 1505 363 1541 ἔγερσιν
381 1506 556 1541 ἐφανέρωσεν
582 1506 679 1534 ἑαυτὸν
699 1508 754 1539 τοῖς
777 1509 923 1543 μαθηταῖς,

123 1551 181 1578 τῶν
197 1551 291 1586 ουρῶν
320 1551 534 1586 κεκλεισμένων,
561 1553 609 1579 καὶ
637 1553 806 1588 ἐνεφύσησεν
831 1555 924 1586 αὐτοῖς

123 1595 231 1629 λέγων·
259 1596 369 1623 Λάϐετε
393 1597 514 1632 Πνεῦμα
534 1597 630 1631 ἅγιον.
659 1599 714 1624 Καὶ
730 1599 790 1633 μεθ’
817 1599 924 1634 ἡμέρας

121 1642 212 1675 ὀκτὼ,
228 1642 314 1669 πάλιν
326 1643 381 1669 ἰδοὺ
394 1643 464 1677 μετὰ
479 1644 528 1679 τὴν
543 1644 693 1672 ἀνάστασιν
701 1646 776 1676 ἐντὸς
788 1645 842 1671 τῶν
851 1645 924 1671 ὀκτὼ

123 1689 257 1724 ἡμερῶν,
279 1689 406 1725 δεύτερον
419 1690 507 1725 ἐφάνη
527 1692 629 1723 αὐτοῖς.
647 1691 738 1719 Εἰπὼν
755 1693 801 1719 οὖν
817 1694 831 1720 6
844 1693 926 1727 εὐαγ-

121 1734 272 1770 γελισῑὴς,
287 1735 356 1762 Μεθ’
369 1736 479 1770 ἡμέρας
489 1737 575 1771 ὀκτὼ,
592 1737 641 1773 τὴν
654 1738 839 1774 ἀναστάσιμον
855 1738 925 1773 ὴμέ-

124 1789 178 1816 ραν
194 1781 227 1808 οὺ
242 1780 443 1816 συνηρίθμησε.
455 1783 638 1818 Μετ’ὲκεὶνης
664 1784 730 1818 γοῦν
762 1785 841 1811 ἐννέα
858 1793 926 1811 κστ-

120 1826 325 1861 αριθμοῦνται.
337 1827 414 1853 Κατὰ
424 1827 488 1861 γοῦν
504 1828 549 1855 τὸν
567 1829 651 1856 τύπον
660 1829 764 1862 τοῦτον,
778 1831 858 1865 ἡμεῖς
872 1829 926 1856 ἀπὸ

121 1873 174 1907 τῆς
190 1873 289 1907 ταφῆς
312 1872 365 1904 ἕως
391 1873 446 1900 τῶν
475 1874 595 1902 ὲννάτων
611 1876 740 1911 δεύτερον
754 1876 804 1907 τὰς
829 1876 925 1911 μνείας

1256 1266 1498 1302 quadragesimum.

1011 1323 1045 1350 Et
1068 1323 1120 1350 hoc
1142 1323 1284 1350 sciendum
1317 1328 1370 1355 est,
1390 1323 1465 1358 quod
1489 1323 1671 1359 quadraginta
1707 1325 1767 1352 dies

974 1369 1178 1396 veterisluctus
1198 1370 1225 1396 in
1255 1369 1307 1396 tria
1340 1369 1631 1404 diviserintapostoli;
1662 1370 1689 1397 in
1711 1375 1767 1397 ter-

976 1415 1044 1442 tiutn
1057 1415 1139 1447 diem,
1153 1420 1181 1442 ct
1193 1423 1307 1448 nonum,
1321 1422 1350 1443 et
1369 1415 1668 1451 quadragesitnuitha
1692 1416 1767 1444 enim

976 1461 1034 1495 ipse
1060 1461 1192 1489 Dominus
1214 1466 1274 1496 post
1305 1461 1533 1489 resurrectionem
1568 1462 1648 1490 tertia
1664 1462 1706 1489 die
1733 1464 1768 1489 ta-

975 1511 1065 1539 ctam,
1085 1507 1205 1542 seipsum
1236 1507 1356 1534 ostendit
1390 1507 1532 1543 discipulis
1549 1528 1556 1540 ,
1575 1508 1669 1543 januis
1690 1509 1768 1535 clan—

976 1555 1024 1585 sis,
1056 1559 1084 1580 et
1108 1553 1254 1580 insuli‘lavit
1277 1554 1318 1581 eis
1333 1554 1452 1582 dicens:
1484 1555 1599 1589 Accipite
1638 1554 1767 1588 Spiritum

974 1604 1106 1627 sanctum.
1143 1599 1177 1626 Et
1197 1604 1258 1634 post
1290 1599 1349 1627 dies
1370 1600 1627 1632 oeto,itcrumceee
1654 1606 1713 1635 post
1724 1609 1768 1627 re~

976 1649 1177 1674 surrectionem
1209 1647 1280 1674 intra
1311 1650 1373 1674 octo
1393 1647 1462 1678 dies,
1479 1646 1601 1674 secundo
1625 1646 1691 1681 ipsis
1717 1654 1767 1679 ap-

976 1693 1078 1728 paruit.
1097 1693 1191 1728 Itaque
1213 1693 1383 1728 evangelista
1403 1693 1508 1725 dicens,
1538 1693 1599 1719 Post
1632 1693 1685 1719 dies
1698 1697 1767 1723 octo,

977 1740 1049 1767 dicm
1070 1739 1279 1768 resurrectionis
1298 1747 1352 1767 non
1372 1739 1530 1766 numeravit
1545 1746 1607 1766 cum
1634 1739 1695 1765 aliis
1710 1738 1768 1765 die-

977 1786 1038 1813 bus.
1081 1785 1173 1819 Quare
1214 1793 1276 1812 cutn
1308 1786 1355 1813 illo
1376 1793 1475 1812 novem
1508 1789 1701 1812 numerantur.
1727 1784 1767 1811 Ad

977 1832 1049 1859 hanc
1072 1839 1138 1866 ergo
1173 1831 1300 1862 fortnam,
1322 1839 1372 1858 nos
1392 1839 1407 1857 a
1438 1830 1579 1865 sepultura
1607 1830 1639 1856 atl
1665 1837 1768 1856 nonum

979 1878 1051 1905 diem
1067 1876 1191 1904 secundo
1226 1877 1374 1903 memorias
1391 1883 1487 1903 eorum
1514 1874 1688 1902 celebramus
1716 1874 1765 1908 qui

121 1917 180 1944 τῶν
207 1906 297 1949 doleo;
317 1919 528 1954 κεκοιμημένων
552 1906 741 1956 ἐπιτελοῦξλεν.
761 1906 878 1956 'Optoito;
895 1906 920 1948 δέ

978 1927 1071 1951 sancte
1086 1922 1307 1950 obdormierunt.
1320 1922 1353 1949 Et
1372 1929 1437 1948 vero
1449 1921 1509 1956 pari
1534 1921 1639 1947 ratione
1652 1919 1770 1954 quadra-

122 1965 174 1990 καὶ
197 1965 237 1991 τὰ
263 1967 482 2001 τεσσαρακοστὰ,
503 1967 597 2002 ἐπειδὴ
635 1969 669 2002 τῇ
716 1968 920 2002 τεσσαρακοστῇ

980 1968 1114 2004 gesimum
1122 1967 1356 2003 peragimus,quia
1376 1967 1420 1994 die
1448 1966 1658 2002 quadragesimo
1667 1972 1770 1992 assum-

122 2011 225 2047 ἡμέρᾳ
253 2011 394 2047 ἀνελήφθη
424 2013 438 2038 6
459 2013 573 2047 Κύριος.

983 2018 1047 2048 pttts
1061 2018 1103 2041 cst
1120 2013 1261 2041 Dominus.

798 2208 1109 2253 MONITUM.

162 2385 254 2420 Quod
273 2385 323 2412 sub
347 2384 458 2412 nomine
479 2382 598 2418 Philippi
616 2382 752 2415 Solitarii,
768 2382 963 2409 auctoritatem
981 2381 1067 2408 secuti
1086 2381 1201 2407 Androm
1221 2380 1368 2411 Gallandii,
1392 2380 1438 2414 qui
1469 2387 1503 2406 eo
1521 2381 1633 2407 nomine
1651 2380 1679 2407 in
1709 2382 1769 2408 sttis

121 2431 308 2460 adversariis
323 2431 488 2464 opusculum
504 2429 723 2464 praescripserat,
740 2429 860 2461 edimus,
885 2427 1028 2462 ἀνονύμως
1045 2427 1138 2454 Grace
1155 2432 1181 2453 et
1199 2427 1295 2454 Latine
1312 2427 1449 2454 extulerat
1478 2427 1556 2461 prius
1581 2426 1769 2455 Combelisius

121 2480 154 2507 in
173 2477 258 2504 Novo
271 2475 408 2507 Auctario,
420 2480 487 2502 tom.
503 2476 535 2508 ll,
553 2483 612 2510 pag.
627 2475 689 2502 26L
708 2475 761 2503 Sed
776 2475 819 2502 vir
836 2474 962 2502 eruditus
976 2474 1003 2501 in
1020 2474 1092 2501 notis
1108 2482 1140 2501 ex
1161 2482 1211 2501 ms.
1228 2474 1324 2500 codice
1336 2473 1460 2500 Palatino
1479 2473 1616 2500 Demetrio
1632 2473 1768 2508 Cyziceno

122 2521 314 2553 restituit,et
328 2521 379 2548 sub
391 2529 425 2548 eo
440 2522 505 2548 item
521 2522 632 2549 nomine
645 2522 764 2549 habetur
780 2522 807 2549 in
822 2521 990 2549 Scorialcnsi
1004 2520 1184 2550 bibliotheca,
1211 2524 1279 2547 tcslc
1291 2519 1439 2547 Posscvino
1454 2520 1481 2546 in
1497 2520 1645 2555 Apparatu,
1661 2528 1687 2555 p.
1704 2520 1768 2550 iOU;

122 2569 244 2605 quibus
257 2566 482 2593 succenturiatur
498 2567 581 2594 etiam
604 2568 722 2600 Caveas,
746 2567 857 2595 Dissert.
880 2575 906 2602 p.
928 2567 988 2594 170.
1007 2567 1085 2594 Unde
1100 2566 1406 2598 hauseritGallamlius,
1422 2567 1555 2601 scriptum
1574 2567 1640 2594 illud
1655 2566 1688 2593 ad
1707 2566 1772 2594 Phi-

121 2616 246 2650 lippum
261 2612 422 2639 Solitariam
436 2613 586 2647 pertinere,
603 2622 657 2641 non
673 2619 792 2641 constat.
804 2613 905 2642 Confer
916 2613 949 2640 de
959 2613 1099 2640 Demetrio
1112 2613 1280 2644 Fabricium,
1295 2612 1419 2639 Bibliot/t.
1435 2612 1481 2640 Cr.
1497 2617 1563 2639 tom.
1576 2611 1620 2644 Vl,
1633 2620 1694 2647 pag.
1704 2612 1768 2639 388.

122 2662 258 2690 Videtur
273 2665 382 2690 auctor,
400 2659 527 2694 quisquis
545 2659 589 2686 ille
606 2660 699 2692 fuerit,
715 2661 816 2687 vixisse
833 2659 884 2687 sub
901 2660 1096 2686 Armeniorum
1114 2667 1177 2693 rege
1194 2659 1368 2686 Paneratune
1395 2657 1556 2692 Sympatbo,
1576 2662 1603 2684 et
1621 2658 1768 2685 Catholico

125 2708 213 2736 Isaac
229 2714 246 2732 a
263 2706 436 2733 Bazacastro.
456 2705 512 2732 Hos
530 2706 632 2741 quippe
645 2706 741 2734 ultimo
760 2707 820 2734 loco
845 2710 1044 2733 commetnorat
1071 2706 1097 2732 in
1118 2705 1172 2732 ﬁne
1193 2704 1277 2732 libelli
1303 2704 1356 2737 sui,
1378 2704 1454 2739 regni
1467 2709 1494 2731 et
1510 2704 1771 2739 archiepiscopatus

124 2755 217 2783 annis
234 2753 347 2781 silentio
361 2752 563 2788 praetermissis.
585 2769 617 2774 -—
636 2752 761 2779 Bibliotlt.
777 2752 917 2785 Gallunti.,
936 2757 1001 2779 tom.
1022 2751 1091 2779 XIV.
