2032 3156
221 185 275 215 855

842 184 1013 214 PHILIPPI
1035 183 1197 213 SOLITAR
1205 184 1232 212 ll

1802 187 1852 219 856

221 241 346 276 contigit,
363 242 410 269 sed
425 243 528 276 absque
545 243 687 270 laboribus
709 242 802 269 innata
822 245 864 284 est
879 241 1008 269 eastimo-
1026 243 1047 269 Α
1066 240 1093 265 in
1124 239 1285 265 memoriam
1311 239 1385 266 dicta
1408 245 1582 268 revocantes.
1605 241 1735 269 Dominus
1760 242 1849 277 igitur,

220 287 277 318 nia,
306 292 334 315 et
353 289 441 316 honor
463 290 556 316 nullus
576 289 704 320 habetur.
733 295 785 316 nec
809 296 927 316 coronas
950 297 1009 316 me-

221 335 386 369 rentur,qu
414 339 514 362 statum
543 335 679 363 castitatis
703 335 762 362 sine
777 336 928 363 certamine
945 340 1010 363 sunt

220 380 322 414 adepti.
339 380 446 407 Etenim
468 388 501 408 ex
522 385 602 408 utero
623 382 718 408 matris
733 382 852 409 eunuchi
874 381 941 414 nati,
958 384 1010 409 nec

221 427 363 454 molestias
388 427 512 455 sentiunt
534 427 601 455 ϊωᾶί
621 428 735 460 amoris,
758 436 810 456 nec
830 437 922 459 rerum
945 437 1009 457 eum

221 472 477 506 perturbationibus
500 474 723 509 conjunctarum.
750 473 807 500 Nec
827 473 943 508 proinde
969 474 1010 501 di-

220 518 319 552 gnandi
349 523 412 545 sunt
447 519 553 552 gloria,
580 524 628 546 aut
654 520 757 554 gratia,
783 519 1008 554 quandoquidem

220 565 329 591 labores
343 572 397 591 non
420 565 615 593 toleraverunt.
631 565 736 593 Bonum
760 566 862 601 quippe
884 567 1008 593 naturale

219 603 445 645 approbationem
462 615 490 638 et
505 611 614 639 laudem
630 619 685 639 non
700 617 821 639 meretur
833 614 850 638 ‘.

257 656 305 684 Sin
320 664 353 683 ex
369 656 460 684 animo
476 661 505 684 et
519 657 660 685 voluntate
675 662 830 692 praestetur,
842 659 916 694 juste
929 666 1007 685 coro-

219 710 283 730 nam
298 703 425 730 sortitur.
448 703 632 738 Praerogativa
650 704 735 736 enim,
758 709 785 732 et
807 705 1007 739 adjumentum,

220 748 294 782 quod
309 748 461 783 cuiuspiam
474 752 579 775 natura:
591 749 678 781 adest,
697 757 751 777 non
767 753 809 777 est
824 757 906 778 causa
919 750 1009 778 laudis

220 794 248 821 in
265 794 307 822 his
321 795 421 828 quibus
436 794 532 828 adest;
555 795 601 822 sed
618 795 645 822 id
658 796 750 830 potius
762 796 857 825 divino
872 797 1008 825 beneficio

221 840 430 867 attribuendnm
444 844 498 868 est.
515 840 573 868 Non
589 841 709 869 habetur
724 842 810 875 gratia
836 841 890 877 igni
916 843 1007 870 urenti

221 891 250 914 et
272 887 438 915 illuminanti
459 897 466 915 :
489 889 535 916 sed
558 888 644 923 magis
665 889 691 916 ei
714 889 761 924 qui
786 889 877 924 ignem
896 890 1006 917 struxit.
1024 910 1048 939 Β

221 933 332 960 Minime
353 933 447 969 gratize
467 939 586 970 aguntur
607 935 675 968 nivi,
694 934 767 969 quod
787 934 939 970 frigefaciat
964 935 1010 963 Sol

220 979 373 1008 clarissime
390 980 473 1013 lucet,
492 980 577 1012 lueet,
599 980 723 1016 inquam,
746 988 798 1008 nec
822 981 882 1008 vult
904 981 1008 1008 lucere.

221 1025 314 1053 Solum
330 1026 400 1054 velle
413 1034 475 1061 quae
487 1027 713 1061 praestantissima
728 1030 803 1060 sunt,
817 1026 932 1062 gratiam
946 1034 1011 1061 pro-

220 1077 352 1100 meretur.
369 1071 447 1105 Quod
467 1072 489 1099 si
504 1071 615 1098 modum
629 1071 768 1106 exquirasI
783 1071 910 1107 quamvis
922 1079 1006 1099 carne

220 1122 339 1150 constes,
374 1118 501 1152 superior
530 1125 624 1145 amore
653 1118 779 1152 corporis
808 1118 964 1152 apparebis,
984 1121 1012 1145 et

219 1163 370 1191 seminabis
393 1163 420 1190 in
442 1164 540 1198 spiritu
568 1168 700 1190 evacuata
723 1171 819 1191 carne.
846 1164 902 1199 Ego
925 1169 954 1191 et
981 1170 1011 1192 tu

219 1209 327 1244 spiritui
360 1208 524 1239 serviamus,
550 1209 660 1243 corpori
684 1209 761 1236 nullo
792 1210 884 1236 modo.
908 1209 1011 1237 Paulus

220 1253 279 1280 haec
294 1252 427 1288 ‘loquitur
448 1253 482 1280 ad
504 1255 646 1282 Romanos
666 1255 791 1282 scribens
811 1264 817 1282 :
844 1265 854 1280 ε
882 1255 910 1283 Si
936 1256 1010 1283 enim

220 1300 334 1334 spiritus
342 1300 444 1328 Christi
457 1305 509 1334 est,
524 1301 607 1328 etiam
620 1301 734 1328 innobis
743 1302 788 1333 sit,
805 1311 814 1327 ›
832 1307 860 1328 ιιι
872 1301 969 1329 dixit“.
982 1302 1010 1329 Si

221 1350 312 1373 autem
324 1346 386 1380 quis
400 1354 454 1373 non
465 1346 548 1373 fuerit
559 1346 697 1381 particeps
708 1347 789 1382 hujus
801 1347 1010 1381 charismatum,

220 1400 276 1419 non
289 1399 331 1420 est.
341 1391 386 1419 hic
396 1391 510 1424 Christi,
526 1392 573 1419 sed
583 1391 746 1419 Antichristi
759 1392 871 1426 potius:
887 1402 896 1418 ε
911 1392 1012 1426 Quem-

221 1439 368 1467 admodum
405 1439 488 1474 igitur
525 1438 697 1473 portavimus
726 1438 871 1473 imaginem
907 1440 1010 1467 terreni

221 1486 260 1520 (et
277 1486 365 1513 factus
379 1490 422 1512 est
440 1485 467 1512 in
482 1485 602 1511 animam
619 1484 767 1516 viventem,
782 1489 811 1510 ut
825 1485 864 1512 ait
881 1484 1010 1520 Scriptu-

222 1539 250 1558 ra
263 1531 284 1565 ⁷)
296 1535 438 1565 portemus
449 1535 477 1556 et
488 1529 633 1564 imaginem
647 1528 769 1556 emlestis
777 1529 798 1561 ⁸,
812 1539 820 1554 ι
837 1530 859 1556 si
872 1530 1010 1563 volumus,

1062 286 1110 320 qui
1142 285 1226 312 hosce
1267 284 1338 312 duos
1368 285 1485 313 mundos
1514 286 1654 319 condidit,
1679 289 1846 322 superiorem

1062 340 1163 366 nempe
1189 337 1218 359 et
1256 332 1386 367 priorem,
1413 333 1596 367 posteriorem
1629 338 1657 361 et
1683 334 1848 367 inferiorem,

1063 379 1268 414 intelligentiam
1286 385 1314 406 et
1326 382 1491 417 sensum,let
1506 379 1564 407 haec
1579 380 1686 413 omnia,
1704 381 1751 408 hic
1767 390 1848 410 unum

1062 425 1163 452 animal
1181 425 1321 452 hominem
1338 426 1429 453 facere
1453 426 1552 457 voluit,
1569 427 1642 461 quod
1661 427 1698 454 ex'
1713 428 1850 455 ambobus

1060 471 1114 506 jam
1133 471 1216 499 dictis
1234 472 1389 499 mistlonem
1409 475 1438 499 et
1455 476 1703 507 temperamentum
1722 474 1847 502 haberet.

1063 518 1096 544 Et
1120 518 1221 545 factum
1252 523 1280 545 et
1301 519 1443 546 conditum
1466 524 1508 546 est
1532 520 1673 548 voluntate
1696 520 1845 552 Creatoris.

1061 564 1107 599 qui
1124 572 1172 591 sua
1189 573 1270 591 manu
1285 569 1313 591 et
1328 565 1460 599 sapientia
1477 565 1616 593 hominem
1635 565 1712 594 finxit
1724 570 1765 594 "'.

1095 610 1244 638 Considera
1256 611 1427 646 mysterium,
1439 611 1511 646 quod
1528 612 1738 645 intelligentiam
1752 613 1846 642 vineit.

1060 655 1223 684 Universam
1234 661 1359 684 naturam
1367 665 1498 692 superum
1509 662 1537 684 et
1551 657 1678 689 inferum,
1689 662 1715 684 et
1730 658 1849 686 rationes

1060 701 1149 729 omnis
1167 707 1272 729 natura:
1281 702 1308 729 in
1321 711 1404 729 unum
1415 703 1572 737 frequentes
1584 702 1755 734 conducens,
1767 708 1794 731 et
1819 713 1850 731 ex

1061 748 1197 779 omnibus,
1215 754 1245 775 ut
1257 748 1410 779 collectam,
1426 749 1499 783 quod
1512 753 1585 776 esset
1601 750 1778 784 praestantius
1807 758 1847 777 se-

1061 802 1189 826 cernens,
1205 802 1218 821 a
1239 799 1312 822 terra
1325 795 1412 830 frigus
1428 795 1617 822 etsiccitatem
1631 796 1724 827 simul,
1740 800 1769 822 et
1789 803 1850 822 cum

1062 841 1127 876 ipsis
1142 846 1228 869 atram
1246 842 1329 870 bilem
1349 842 1444 870 sumit.
1458 842 1598 876 Phlegma,
1625 843 1780 874 humorem,
1805 843 1853 870 fri-

1061 896 1111 924 gus
1123 889 1157 915 ab
1169 897 1249 923 aqua.
1264 889 1360 916 Comva
1376 893 1468 916 autem
1481 890 1553 916 aeris
1569 889 1711 916 binarium
1727 890 1851 917 humoris

1062 939 1090 962 et
1102 936 1202 962 caloris
1218 943 1325 962 necnon
1357 935 1519 971 sanguinem
1534 935 1569 962 ab
1592 935 1701 962 eodem.
1713 935 1851 965 Calorem,

1062 980 1244 1015 similiterque
1260 981 1412 1008 siceitatem
1428 980 1462 1007 ab
1479 981 1552 1016 igne,
1571 980 1644 1007 unde
1673 985 1782 1008 eertum
1809 985 1850 1007 est

1062 1025 1159 1052 flavam
1178 1025 1259 1052 bilem
1282 1026 1424 1053 exsistere.
1445 1025 1467 1052 Α
1480 1025 1614 1060 stirpibus
1632 1025 1686 1052 vim
1714 1025 1805 1052 alendi
1822 1031 1850 1052 et

1062 1072 1192 1108 augendi.
1223 1072 1282 1100 hzee
1312 1072 1378 1104 duo,
1400 1073 1522 1107 inquam.
1554 1072 1671 1099 Sensum
1696 1080 1711 1098 a
1738 1072 1853 1099 rationis

1062 1119 1235 1154 expertibus,
1250 1126 1369 1154 eumque
1396 1119 1598 1146 admirabilem.
1612 1119 1634 1145 Α
1663 1118 1804 1152 lapidibus
1825 1121 1852 1145 et

1061 1165 1147 1201 lignis
1161 1173 1215 1192 non
1229 1165 1415 1193 sentientibus
1429 1165 1604 1195 densitatem.
1619 1164 1851 1191 eteohzerentiam

1063 1211 1089 1238 in
1107 1211 1210 1243 nervis,
1233 1211 1261 1238 in
1287 1211 1406 1238 ossibus.
1431 1211 1575 1238 Rationem
1591 1215 1619 1237 et
1647 1215 1768 1236 mentem
1786 1209 1852 1236 divi-

1062 1264 1128 1284 num
1142 1255 1274 1291 quiddam
1291 1256 1386 1290 utique
1396 1255 1430 1282 ab
1444 1255 1602 1290 angelorum
1613 1260 1721 1285 natura,
1739 1254 1773 1281 ad
1789 1261 1852 1288 quo-

1063 1310 1123 1329 rum
1137 1301 1344 1330 similitudinem
1357 1310 1405 1336 per
1415 1302 1473 1328 btet:
1484 1301 1649 1328 accedimus.
1664 1301 1790 1327 Animam
1805 1307 1851 1326 au-

1064 1354 1118 1376 tem
1145 1357 1159 1376 a
1183 1349 1331 1383 semetipso
1362 1348 1491 1380 contulit,
1523 1348 1662 1383 inspirans
1687 1347 1852 1382 spiraculum

1062 1395 1135 1422 vitaz.
1147 1394 1274 1422 Animam
1291 1394 1408 1429 seipsam
1424 1399 1590 1426 moventem,
1604 1398 1630 1421 et
1649 1393 1756 1420 moveri
1782 1400 1851 1419 nun-

1062 1449 1144 1476 quam
1173 1441 1357 1473 desinentem,
1384 1441 1503 1468 animam
1520 1440 1684 1475 simplicem,
1714 1439 1852 1466 immorta-

1062 1487 1128 1517 lem,
1148 1494 1289 1520 nunquam
1307 1490 1510 1517 senescentem,
1523 1486 1592 1514 nihil
1611 1486 1759 1513 habentem
1778 1492 1852 1512 cras-

1063 1531 1204 1563 situdinis,
1223 1539 1275 1559 nec
1290 1532 1411 1559 materiae
1421 1537 1583 1567 corporale,
1600 1536 1727 1559 naturam
1748 1531 1790 1558 sui
1809 1532 1851 1566 ju-

221 1581 250 1604 el
272 1577 382 1611 quidem
413 1575 508 1611 magis.
538 1578 580 1602 εει
606 1574 679 1601 θηῖῐη
703 1574 841 1602 secundus
867 1575 954 1602 Adam
984 1575 1046 1612 inc
1065 1579 1104 1606 ris
1123 1583 1151 1606 et
1177 1578 1298 1611 arbitrii,
1327 1578 1491 1605 honoratam
1524 1577 1631 1605 ratione
1658 1577 1850 1611 conditamque

222 1631 277 1658 quo
300 1628 343 1650 est
367 1622 460 1649 vivere
482 1622 509 1649 in
528 1621 639 1656 spiritu,
668 1624 696 1647 et
722 1620 816 1648 vivere
833 1620 861 1648 in
888 1621 1014 1649 incorru-

221 1670 316 1705 ptione
327 1669 357 1696 “.

261 1726 270 1742 ι
291 1716 455 1751 Quicunque
468 1715 543 1743 enim
565 1715 654 1751 ipsum
670 1720 847 1751 receperunt,
865 1715 942 1743 dedit
958 1715 1011 1747 eis,

223 1763 325 1798 inquit.
343 1763 415 1790 ﬁlios
434 1763 480 1790 Dei
501 1763 561 1798 (per
578 1763 705 1798 gratiam)
725 1763 783 1790 fieri
799 1764 824 1796 ⁹;
842 1773 851 1788 ι
864 1762 941 1795 deos,
958 1769 1013 1789 non

224 1810 305 1841 ﬁlios,
332 1810 404 1844 quod
433 1810 512 1844 longe
539 1810 628 1842 majus
652 1814 734 1844 atque
761 1809 935 1845 praestantius
958 1812 1010 1836 est.

222 1856 288 1889 Qua:
303 1861 470 1890 sequuntur,
485 1856 646 1888 admodum,
665 1860 695 1883 ut
711 1864 784 1888 reor,
804 1856 973 1883 intellexisti.

525 1914 639 1943 CAPUT
656 1914 727 1943 XIV.

222 1960 451 1993 Quemadmodum
470 1961 539 1988 Deus
559 1961 691 1988 hominem
710 1969 768 1987 cum
784 1952 914 1988 creaturis
932 1960 1015 1987 omni-

258 1998 303 2024 bus
320 1998 558 2024 communicantem
576 1996 694 2030 ﬁnxerit.
711 1995 848 2028 Quomodo
864 1996 932 2022 idem
954 1995 1014 2022 Tri-

261 2033 352 2059 nitatis
369 2033 512 2067 imaginem
529 2032 677 2058 contineat.~

260 2088 313 2115 Sed
333 2088 407 2115 unde
423 2087 517 2119 coepit,
533 2088 630 2114 eodem
647 2092 804 2115 revertetur
819 2088 919 2120 oratio,
936 2087 1012 2115 dice-

224 2141 351 2169 musque,
376 2138 406 2160 ut
433 2140 595 2168 possumus,
619 2133 653 2160 de
676 2134 871 2168 procreatione
899 2138 1013 2168 propter

226 2179 280 2206 duo
299 2179 362 2212 ista,
381 2179 523 2214 superiora
545 2183 701 2214 repetentes
723 2179 891 2212 summatim,
909 2184 939 2207 et
961 2179 1011 2206 tibi

259 2240 269 2256 ⁰
285 2239 364 2266 Rom.
380 2246 438 2270 Vill,
453 2238 480 2265 9.
521 2238 531 2253 ⁷
545 2237 614 2265 Gen.
633 2246 662 2271 ιι,
679 2239 705 2265 7.
744 2238 754 2253 ⁵
770 2238 780 2265 l
795 2238 858 2266 Cor.
878 2246 922 2270 xv,
943 2238 987 2266 49.

1063 1625 1183 1652 maxime
1196 1625 1228 1651 ad
1241 1624 1389 1659 imaginem
1401 1624 1594 1654 divinam,non
1612 1627 1703 1650 tamen
1718 1630 1750 1650 ex
1761 1622 1850 1649 divina

1063 1671 1228 1704 substantia,
1244 1670 1316 1705 quod
1332 1670 1393 1705 fuge
1408 1670 1450 1697 vel
1468 1670 1599 1705 cogitare,
1615 1669 1658 1696 vel
1675 1668 1768 1696 dicere
1788 1667 1853 1694 :sed

1062 1725 1096 1746 ex
1113 1718 1215 1745 virtute
1242 1716 1435 1751 omnipotenti,
1456 1724 1510 1750 qua
1534 1715 1637 1743 creavit
1659 1715 1751 1741 omnia
1765 1715 1818 1740 "“.

1099 1763 1286 1791 Substantiam
1303 1761 1486 1793 individuam,
1502 1761 1528 1788 in
1545 1769 1598 1796 qua
1618 1759 1853 1794 inestintelligem

1063 1810 1111 1842 tia,
1126 1814 1154 1837 et
1171 1816 1250 1836 mens
1265 1808 1389 1838 omnino.
1400 1812 1429 1835 et
1445 1807 1559 1834 verbum
1569 1811 1661 1833 mente
1673 1810 1850 1840 conceptum;

1064 1864 1127 1884 nam
1145 1863 1237 1884 sermo
1254 1856 1300 1890 qui
1320 1859 1363 1882 est
1388 1854 1414 1881 in
1429 1852 1658 1888 lingua,proferri
1673 1857 1702 1880 et
1713 1852 1758 1879 edi
1783 1852 1852 1878 foras

1065 1903 1099 1931 ad
1118 1903 1263 1930 audientes
1279 1905 1379 1936 potest.
1394 1900 1479 1930 Mens,
1494 1899 1576 1932 ratio,
1595 1899 1698 1929 anima,
1714 1898 1774 1925 haec
1801 1897 1851 1924 tria

1064 1954 1130 1978 sunt
1145 1957 1198 1976 una
1211 1954 1321 1980 natura,
1340 1955 1394 1974 una
1411 1946 1530 1974 essentia
1546 1946 1701 1980 congenita,
1719 1943 1851 1972 stabilita-

1066 2001 1120 2023 tem
1131 1995 1247 2026 habens,
1267 1993 1450 2029 separationis
1461 1997 1489 2020 et.
1503 1991 1645 2024 sectionis,
1664 1995 1693 2017 et
1710 1989 1851 2018 divisionis

1067 2050 1181 2077 prorsus
1192 2050 1292 2076 expers
1308 2050 1314 2068 :
1336 2040 1404 2076 quin
1418 2044 1512 2067 contra
1526 2039 1628 2073 potius,
1641 2042 1671 2064 ut
1685 2035 1851 2071 inseparabi-

1067 2089 1101 2115 lis
1115 2089 1196 2115 Pater
1223 2092 1251 2114 et
1284 2087 1402 2114 Verbum
1425 2090 1452 2113 et
1469 2085 1598 2121 Spiritus,
1633 2087 1730 2111 natura
1751 2087 1779 2110 et
1800 2082 1851 2109 vir-

1068 2139 1125 2162 tute
1137 2143 1144 2167 ;
1159 2138 1201 2162 est
1220 2134 1293 2161 enim
1309 2132 1393 2167 μονὰς
1406 2131 1497 2167 τριάς,
1511 2131 1589 2166 quasi
1602 2130 1678 2158 dicas
1690 2130 1781 2157 unitas
1791 2128 1850 2156 Tri-

1066 2180 1148 2212 nitas,
1162 2179 1281 2207 essentia
1307 2177 1465 2210 uniformis,
1481 2181 1509 2204 et
1525 2175 1683 2204 dominatus
1706 2176 1850 2204 unus“"‘.

1028 2239 1038 2254 ‘
1053 2238 1133 2266 Joan.
1150 2246 1169 2270 ι,
1184 2238 1228 2265 12.

969 2295 1107 2326 Scholia.

265 2347 413 2383 ‘Equidem
431 2346 529 2383 multos
557 2346 638 2373 habeo
664 2346 793 2383 proferre,
811 2354 856 2379 qui
870 2349 969 2372 natura
985 2346 1016 2373 ab
1033 2348 1055 2377 ι)
1070 2346 1205 2383 (ιησριυδη
1222 2351 1246 2371 et
1262 2346 1365 2383 _anima
1397 2345 1508 2383 rationis
1542 2351 1657 2383 compos.
1687 2342 1851 2383 Facultutum

224 2385 339 2411 ineunda
357 2382 466 2409 muliere
485 2382 655 2408 abhorreant.
673 2382 714 2409 An
732 2382 814 2415 igitur
834 2382 909 2407 hosce
930 2385 1016 2408 castos

227 2418 432 2454 appellabimus,
451 2421 497 2443 aut
520 2418 628 2454 prtemio
655 2417 815 2452 a/ﬁtiemus?
831 2415 904 2442 nullo
928 2419 1014 2454 modo.

225 2452 361 2482 (Institutis
393 2454 463 2480 enim
490 2456 528 2479 est
559 2453 692 2479 continere
721 2460 786 2482 sese,
816 2457 840 2478 ct
874 2452 1016 2486 pugnando

226 2498 270 2523 per
283 2489 384 2516 labores
398 2488 568 2523 sudoresque,
587 2488 797 2522 perturbationes
807 2491 830 2514 et
843 2487 1015 2520 cupiditatem

223 2525 351 2559 subigere.

264 2557 289 2571 “V
299 2559 444 2586 Maximus.
463 2558 556 2593 Imago
570 2559 667 2585 terreni
680 2558 792 2584 hominis
805 2558 938 2593 prmiqu
948 2557 1012 2584 vitia

225 2599 302 2626 sunt,
330 2595 464 2626 antentia,
495 2591 721 2628 intemperantia.
747 2591 890 2628 injustitia.
922 2591 1016 2626 Imago

227 2635 314 2656 mitem
341 2629 450 2656 ctelestis
483 2629 633 2656 cardinales
660 2630 781 2659 uirtutes,
807 2631 836 2654 ut
864 2628 1016 2662 prudentia,

226 2665 362 2700 fortitudo.
377 2665 494 2699 justltia,
514 2666 699 2697 temperantia.

265 2704 296 2712 "'
313 2699 473 2734 Quintuplcx
494 2705 531 2725 est
555 2704 653 2726 natura
676 2708 764 2726 rerum
780 2699 944 2726 conditarum
961 2705 1018 2724 om-

226 2737 310 2762 nium.
327 2735 492 2770 Intelligens,
520 2739 548 2761 ut
569 2735 736 2769 angelorum.
756 2734 874 2770 Rationis
897 2741 1015 2770 compos,

225 2775 253 2796 ut
269 2768 566 2800 heminaria-Sentibus,
583 2768 612 2796 ut
633 2770 785 2796 bestiarum.
804 2769 859 2796 Vim
874 2768 974 2798 alendi,
988 2772 1013 2793 et

225 2805 339 2840 augendi
349 2805 456 2836 habens,
470 2810 499 2832 ut
511 2805 676 2839 plantarum.
689 2805 825 2836 lttanima,
838 2808 867 2830 ut
880 2803 1012 2838 lapidum:

227 2841 280 2866 lure
294 2841 382 2866 omnia
400 2849 506 2867 rursum
523 2844 568 2866 aut
588 2848 645 2867 rum
662 2841 774 2866 materia
796 2840 948 2874 conjunt'tu.
966 2843 1011 2864 aut

227 2875 259 2900 ab
283 2883 313 2901 ca
337 2879 474 2909 segregata
492 2880 562 2902 sunt.
586 2875 687 2902 Prioris
709 2875 810 2910 generis
835 2878 906 2910 sntit.
931 2878 1011 2910 terra,

229 2917 285 2940 aer,
309 2910 388 2944 ignis,
413 2908 495 2944 aqua.
527 2914 551 2936 ct
575 2918 607 2936 ea:
634 2911 671 2937 his
699 2908 829 2936 tenerem.
861 2908 1014 2935 Postcrioris

1070 2377 1149 2416 porro
1171 2381 1205 2407 ad
1221 2381 1340 2407 animum
1357 2380 1544 2416 pertinentium
1565 2377 1674 2416 aliaest
1693 2377 1851 2416 nutritionis,

1069 2413 1124 2443 alia
1140 2416 1308 2446 acu-etionis.
1325 2413 1361 2442 ut'
1379 2416 1406 2441 in
1425 2415 1550 2449 stirpibus
1566 2413 1693 2440 videlicet.
1712 2413 1773 2439 Alia
1787 2413 1851 2439 ima-

1069 2452 1187 2487 ginatriw
1210 2456 1234 2478 et
1259 2454 1403 2487 appetens,
1431 2454 1459 2476 ut
1472 2448 1480 2487 ξ
1496 2450 1528 2487 in_
1552 2449 1634 2475 brutis
1651 2448 1850 2487 ‘animantibus.

1069 2483 1130 2514 illia
1155 2483 1351 2515 ratiocinatrix,
1375 2490 1399 2511 et
1420 2485 1573 2519 cogitativa,
1597 2490 1625 2510 ut
1648 2484 1673 2510 in
1697 2483 1850 2509 hominibus.

1071 2521 1105 2548 Et
1127 2520 1394 2558 quidemfut‘ultates
1412 2519 1719 2558 superiorumgenerum
1736 2521 1851 2558 pereunt,

1068 2554 1138 2584 tertii
1157 2554 1258 2592 generis
1279 2560 1316 2592 est
1341 2557 1511 2589 sempiterna.
1532 2554 1625 2589 Opifra;
1651 2558 1739 2580 autem
1754 2555 1851 2592 Iliorum

1067 2588 1247 2620 universorum
1288 2591 1358 2617 Deus
1384 2588 1509 2617 naturam
1536 2588 1638 2616 omnem
1663 2588 1853 2622 essentiamquc

1066 2629 1165 2654 excedit
1172 2648 1175 2652 .

1101 2665 1144 2674 ""
1157 2662 1360 2690 Theodoretus.
1383 2660 1467 2687 Habet
1486 2660 1555 2686 enim
1569 2661 1626 2690 ipsa
1640 2657 1753 2692 (anima)
1773 2657 1851 2683 ratio-

1067 2707 1125 2725 nem
1135 2704 1158 2724 et
1169 2697 1277 2725 liberant
1289 2697 1502 2731 suipotcstatem.
1514 2694 1548 2722 Et
1557 2697 1664 2731 generat
1675 2692 1779 2727 quidem
1785 2698 1853 2718 mens

1067 2736 1208 2762 rationem.
1222 2741 1279 2759 cum
1290 2729 1342 2767 qua
1353 2731 1470 2766 procedit
1481 2731 1601 2767 spiritus,
1615 2729 1660 2764 qui
1681 2735 1732 2754 non
1744 2734 1852 2762 genera-

1068 2773 1121 2797 tur.
1133 2773 1162 2795 nt
1172 2769 1258 2800 ratio;
1275 2765 1319 2794 sed
1329 2765 1388 2803 eam
1399 2774 1502 2803 semper
1515 2765 1668 2794 comitatur,
1679 2766 1705 2803 _et
1731 2770 1799 2803 crsu.
1811 2768 1854 2803 g5-

1068 2809 1161 2831 nerata
1177 2797 1303 2838 procedit.
1321 2801 1407 2834 Quam
1427 2797 1460 2827 ob'
1469 2808 1577 2827 causam
1589 2804 1612 2826 et
1632 2799 1700 2825 ratio
1727 2797 1853 2828 subsistit,

1067 2844 1091 2866 et
1099 2840 1216 2874 spiritus.

1104 2869 1154 2885 "'"'
1175 2874 1241 2900 Deus
1265 2872 1477 2907 compositionem
1501 2878 1552 2907 non
1579 2869 1706 2907 admittit,
1729 2872 1852 2907 omneque

1072 2903 1410 2943 quodimmatcriale'est,et
1420 2913 1521 2934 omnem
1531 2905 1726 2939 simplicitatem
1737 2903 1850 2935 superat.
