2032 3156
236 218 293 250 859

234 327 329 354 :cquus
339 327 370 347 ac
382 319 490 353 sapiens
504 320 696 354 pronuntians,
713 322 893 357 cogitationes
924 325 1022 351 melio-

238 373 283 392 res
299 373 314 391 a
329 365 515 393 deterioribus
537 366 652 399 dirimit,
668 371 695 394 et
722 369 781 396 illas
801 369 960 403 admittens,
979 371 1028 398 has

234 409 306 435 foras
315 409 407 443 ejicit;
422 414 503 444 alque
513 415 542 437 ttt
555 411 693 446 inspector
709 413 845 447 indicans,
858 417 1024 443 sententiam

234 455 297 486 fert,
319 463 365 482 seu
396 457 463 490 quid
482 462 579 485 natura
594 459 710 493 justum.
726 469 772 488 seu
790 467 888 496 praeter
903 469 1026 490 naturam

235 500 325 527 fuerit.
336 501 430 534 Metili,
440 503 477 538 τῷ
486 503 533 538 νῷ,
544 510 662 539 quatuor
673 506 816 534 facultates
823 514 933 535 annexre.
941 513 1005 536 stitit
1019 519 1024 536 :

236 547 423 582 intelligentia,
439 549 540 584 ingenii
554 551 716 584 acrimonia,
733 555 957 588 comprehensio,
981 563 1026 582 so-

235 593 324 621 lertia.
347 594 408 621 llaec
430 600 559 630 quatuor,
581 598 704 632 inquam,
722 599 784 626 inde
802 604 929 635 tanquam
945 610 959 629 a
971 609 1028 628 nta-

236 643 277 665 trc
299 640 474 673 prodierunt,
503 646 530 668 et
545 643 621 669 velut
635 651 649 670 a
674 644 761 678 stirpe
786 646 964 680 pullularunt.
980 649 1027 674 Ast

235 684 335 711 animze
374 685 518 719 tripartitar
534 688 655 722 germina
678 697 787 716 rursum
812 690 868 717 ha-e
883 697 956 718 sunt.
974 692 1026 719 Τοῦ

236 728 328 762 λόγου,
344 730 459 757 rationis
488 732 644 766 prudentia.
673 739 700 761 et
726 735 885 770 justitia,ut
916 738 1025 771 sapien-

237 775 358 802 llSSililUS
371 777 499 810 magister
513 778 632 806 Joannes
646 780 832 808 Damascenus
848 782 896 808 ait.
914 783 1025 817 Cupidi-

238 819 301 846 tatis
318 820 500 854 pulcherrima
517 823 626 851 soboles
655 829 696 852 est
719 828 908 861 temperantia.
923 829 944 856 Ε
961 830 1027 856 cali-

238 863 316 891 cibus
345 865 392 892 irze
422 866 554 895 fortitudo
582 870 746 905 prorumpit.
772 872 932 904 Prudentia,
966 882 1026 908 quae

237 910 336 942 prima,
355 916 381 938 et
399 913 584 946 pulcherrima
600 920 652 950 est,
668 917 810 950 peculiare
830 926 929 946 munus
944 919 1026 947 habet

237 956 364 988 scrutari,
381 962 408 984 et
430 966 594 993 pernoscere
611 948 746 995 profunda
773 964 897 998 spiritus.
919 966 1028 992 Justitia
1046 956 1065 983 Β
1079 948 1134 998 inii
1150 953 1186 998 ex.
1201 953 1266 980 quo’

237 1003 420 1036 :cqualitatem
448 1013 567 1039 servare,
585 1013 612 1034 et
632 1009 792 1041 amicitiam,
815 1010 883 1037 bene
896 1011 1029 1048 judicare,

238 1048 307 1076 bene
336 1050 458 1078 rationes
483 1052 646 1086 subducere,
680 1055 870 1082 convenientia
901 1057 1031 1091 utiliaun

237 1094 408 1128 dispensare.
435 1096 587 1131 {Equalitas
612 1099 685 1125 enim
704 1099 736 1126 ad
752 1100 797 1135 jus
821 1101 950 1134 pertinet,
976 1110 1031 1136 quo

237 1140 310 1166 enim
336 1140 390 1167 alio
417 1143 591 1175 pertineret?
614 1143 813 1180 Tcmpcrautis,
829 1147 968 1180 proprium
990 1153 1031 1174 est

238 1186 407 1214 castimonia;
433 1183 570 1222 splendor,
585 1194 611 1216 et
635 1191 764 1224 gaudium
795 1191 918 1226 spiritus,
931 1198 958 1219 ct
978 1193 1029 1220 alia

238 1240 408 1268 quaecunque
422 1234 456 1261 de
480 1243 511 1262 ea
533 1236 703 1263 scribuntur.
726 1238 870 1265 Generosze
888 1239 1028 1266 fortitudi-

238 1278 281 1304 nis
296 1278 396 1305 bellum
414 1284 509 1306 contra
528 1280 605 1313 vitia,
621 1282 693 1315 quod
706 1282 796 1317 gladio
809 1285 925 1315 instans,
936 1291 1029 1310 eorutn

239 1323 357 1358 impetus
370 1329 397 1352 et
409 1325 535 1353 incursus
548 1331 724 1361 praetruncat.
741 1329 950 1364 Perspicuitatis
964 1338 1029 1365 ergo

239 1370 407 1405 cxctuplum,
424 1371 670 1407 brevissimamque
680 1374 821 1401 notionem
835 1375 868 1402 ad
884 1376 1031 1403 dilucidio-

239 1423 297 1442 rem
312 1416 438 1443 notitiam
453 1418 512 1453 ejus
532 1419 604 1453 quod
618 1419 737 1447 diximus
755 1421 962 1456 subjungcmus.
982 1423 1031 1461 Est

239 1461 336 1488 anima:
364 1463 542 1496 conscientia,
556 1465 613 1492 sive
626 1465 669 1492 lex
690 1467 826 1501 qmedam,
843 1476 906 1495 curti
925 1469 1030 1504 legibus

240 1507 437 1541 prmceptisque
465 1509 566 1536 divinis
582 1511 752 1545 conspirans,
778 1513 944 1547 optimortun
963 1523 1028 1548 ope-

241 1559 301 1578 rum
318 1555 488 1587 cooperatrix
505 1560 530 1582 et
555 1556 732 1590 administra;
755 1563 783 1585 et
813 1559 864 1586 ista
885 1561 1029 1587 conscien-

242 1598 277 1623 tia
295 1602 338 1624 cst
362 1599 404 1625 lex
428 1600 551 1633 spiritus.
580 1601 679 1629 Contra
710 1603 753 1630 lex
771 1605 887 1638 peccati,
904 1606 961 1633 sive
987 1607 1029 1634 lex

241 1643 332 1669 carnis
351 1644 500 1677 seductrix,
515 1653 551 1673 ex
564 1646 744 1681 impressione
771 1649 924 1678 d1cmonum
942 1652 1028 1680 inlue-

242 1696 306 1715 rens
336 1690 466 1718 membris
489 1693 602 1725 nostris,
628 1698 697 1720 etut
719 1694 788 1729 ignis
810 1695 989 1729 inﬂammatis,
1003 1702 1030 1724 et

241 1735 417 1762 :estuantium
443 1737 625 1771 cupiditatum
662 1740 833 1770 dulcitudine
861 1732 1028 1776 demulcens,

241 1780 357 1814 paribus
373 1781 455 1809 armis
478 1783 530 1818 legi
547 1785 722 1813 conscientia'
745 1787 917 1821 adversatur,
937 1789 1029 1816 volen-

242 1830 352 1860 temque
383 1835 479 1861 parere
504 1829 609 1864 legibus
635 1829 750 1863 domini,
769 1832 888 1865 lacessit,
913 1833 1031 1868 indeque

241 1870 369 1904 spiritum
399 1880 556 1908 quanquam
589 1876 692 1910 peccati
722 1877 936 1906 fraudulentiam
959 1879 1031 1907 indi-

241 1922 381 1950 gnantem,
401 1919 476 1947 velut
491 1921 629 1955 captivum
647 1923 769 1951 abducit.
786 1924 821 1952 Ut
842 1925 1031 1954 inimicissima

242 1967 333 1990 autem
370 1963 560 1996 blandimento
583 1968 733 2003 voluptatis
758 1976 868 2005 pugnat,
884 1977 965 2006 atque
994 1973 1030 1999 ita

242 2008 357 2041 peccati,
374 2009 446 2043 quod
464 2012 563 2039 servile
577 2017 630 2044 est,
645 2021 754 2040 servum
767 2014 842 2042 facit.
855 2015 907 2043 Sed
921 2016 1031 2045 divinus

243 2054 400 2082 l‘aracleIus
428 2056 561 2085 miserans
587 2058 640 2085 hoc
664 2059 879 2093 incommodum,
900 2062 1032 2090 adversus

243 2099 365 2134 spuriam
392 2105 419 2127 et
444 2101 568 2129 fallacem
581 2105 670 2131 carnis
692 2106 777 2141 legem
804 2107 889 2139 robur
913 2107 1032 2143 desuper

244 2146 431 2180 prmstantiori
452 2147 504 2182 legi
522 2148 725 2178 subministrat.
743 2152 801 2179 Lex
822 2157 913 2180 autem
942 2153 1032 2181 carnis

243 2195 287 2217 est
306 2191 453 2225 cupiditas,
468 2193 637 2222 irrationalis
652 2196 749 2224 anima:
763 2205 836 2232 pars.

278 2250 376 2276 Auum.
393 2249 427 2276 Et
439 2251 586 2286 quomodo,
604 2257 632 2280 et
647 2254 757 2288 quando
774 2256 862 2289 gratia
879 2257 958 2284 nobis
969 2258 1030 2293 opi-

245 2294 368 2322 tulatur?

281 2349 364 2378 Cano.
393 2351 461 2380 Cum
485 2354 547 2388 quis
572 2362 693 2383 amorem
723 2361 751 2384 et
777 2357 902 2386 timorem
923 2360 1032 2388 Domini

243 2397 404 2430 acquisierit
435 2403 464 2426 et
494 2406 629 2436 perpetuo
650 2404 875 2438 novissimorum,
898 2411 930 2433 ut
952 2415 1034 2442 supra

245 2443 411 2476 marmimus,
424 2452 528 2472 memor
541 2446 635 2475 fuerit.
649 2448 718 2476 Cum
731 2457 775 2477 res
787 2450 917 2479 adversas
933 2454 1035 2486 gratias

243 2496 327 2522 agens
343 2490 516 2525 toleraverit;
527 2500 589 2520 cum
599 2501 709 2529 semper
720 2497 850 2529 oraverit,
864 2502 891 2525 et
901 2497 1033 2526 divinitus

245 2532 392 2568 inspiratas
419 2535 576 2572 Scripturas
603 2540 715 2568 assiduo
755 2550 848 2570 secum
879 2549 1030 2579 pertracta-

244 2586 323 2608 γεω.

853 224 1028 255 PHILIPPI
1049 227 1243 257 SOLlTARli

236 273 373 308 inspicit:
403 273 613 308 arbitriumque,
636 277 669 300 ut-
691 274 775 310 judex
802 281 830 303 ct
858 277 1027 312 disceptator
1042 283 1066 310 Α

1816 227 1872 259 EGO

1367 279 1477 307 CAPUT
1518 279 1585 307 XVI.

1079 337 1171 364 Prima
1187 338 1260 372 origo
1272 337 1332 363 belli
1362 337 1429 362 inter
1454 345 1547 370 corpus
1562 342 1585 363 et
1613 338 1744 364 animum.
1765 337 1866 364 Diaboli

1114 373 1319 406 oppugnationes
1333 372 1405 398 nobis
1417 372 1532 397 accidere
1540 371 1682 398 salutares.
1694 372 1792 399 Anima
1804 381 1867 406 quo-

1116 416 1175 433 rum
1205 412 1280 433 extra
1307 415 1400 440 corpus
1426 407 1584 432 recordetur.
1613 406 1749 438 Quomodo
1773 408 1866 440 absque

1114 450 1222 475 corpore
1239 441 1321 468 Deum
1341 441 1439 468 laudet.
1457 441 1513 473 Quo
1531 446 1606 476 pacto
1626 442 1776 476 afﬁciuntur
1791 443 1867 476 spiri-

1113 480 1154 502 tus
1165 478 1242 507 beati,
1256 478 1327 503 exuti
1349 477 1511 510 corporibus,
1525 482 1549 502 et
1571 485 1662 502 sensus
1681 478 1736 503 sine
1753 479 1866 504 sensibus

1114 513 1235 538 habeant
1258 511 1295 537 De
1310 513 1468 538 iurrentcnto
1480 511 1612 545 fclicitatis
1625 513 1779 539 animarum
1791 513 1816 539 in
1825 521 1866 538 εε-

1114 547 1198 572 cunila
1213 547 1310 573 Christi
1322 548 1445 573 aduentu.

1114 615 1246 641 ANIMA.A
1272 614 1408 649 principio
1436 622 1536 649 corpus
1555 619 1584 641 et
1597 615 1687 641 anima
1710 615 1736 641 in
1762 623 1866 642 summa

1081 660 1280 693 tranquillitate
1294 659 1433 692 vivebant,
1443 660 1680 695 com'eniehatque
1692 661 1746 688 illis
1759 666 1866 688 natura'

1079 705 1151 737 liter,
1162 706 1309 740 etvigebat
1323 706 1396 733 inter
1412 714 1444 733 ea
1469 707 1543 733 nulla
1571 706 1724 733 olfensione
1750 707 1868 734 interce-

1077 751 1160 779 dente
1186 753 1344 780 concordia.
1358 752 1436 780 Uode
1462 760 1538 788 ergo,
1556 758 1583 780 et
1599 753 1712 787 quinam
1736 753 1763 780 in
1783 758 1869 780 tantas

1077 798 1269 825 dimicationes
1282 799 1462 825 inciderunt?
1477 804 1504 826 et
1522 807 1584 834 qua:
1607 799 1740 834 utrinque
1765 807 1868 834 pugna-

1078 851 1139 870 rum
1153 843 1268 869 istarqu
1287 843 1398 870 causae?

1112 898 1193 926 Cano.
1210 899 1251 926 Ex
1265 906 1320 933 quo
1336 899 1516 934 transgressio
1528 899 1671 926 hominum
1695 900 1790 934 generi
1807 907 1868 926 eve-

1288 946 1412 980 inquam,
1443 946 1564 973 Adamus
1587 946 1681 980 lapsus
1693 951 1747 975 est.
1765 946 1866 973 bellum

1084 989 1155 1017 inter
1179 989 1237 1017 hmo
1259 990 1375 1025 geritur,
1388 994 1459 1017 etcx
1478 998 1520 1023 eo,
1540 991 1658 1025 abrupto
1673 991 1778 1018 findere
1799 991 1871 1017 intra

1083 1043 1142 1065 nos.
1158 1036 1256 1063 misere
1269 1040 1295 1063 et
1309 1044 1322 1062 a
1338 1036 1395 1063 Deo
1409 1041 1437 1063 et
1448 1036 1482 1063 ab
1497 1036 1580 1063 Edem
1592 1036 1763 1067 exturbatos,
1778 1042 1873 1062 natum

1081 1087 1133 1112 est,
1150 1082 1183 1108 de
1198 1090 1252 1116 quo
1268 1083 1334 1108 satis
1355 1082 1441 1108 multa
1458 1082 1484 1108 in
1503 1082 1724 1116 pra-cedentibus
1737 1082 1871 1108 disserui-

1083 1135 1153 1153 mus.
1173 1128 1265 1154 Restat
1281 1128 1394 1162 proinde
1407 1127 1545 1157 diabolus.
1562 1127 1596 1154 de
1612 1135 1667 1162 quo
1678 1128 1761 1154 etiam
1778 1127 1870 1154 dicen-

1081 1172 1156 1202 dum,
1173 1171 1310 1206 quomodo
1336 1171 1446 1198 tandem
1466 1172 1554 1198 hostis
1578 1171 1736 1199 hominibus
1761 1173 1870 1199 relictus

1080 1221 1131 1246 est,
1151 1215 1282 1250 permissu
1301 1215 1451 1248 Creatoris,
1467 1224 1522 1250 quo
1533 1216 1638 1250 judicio
1657 1217 1714 1250 ipse
1736 1217 1820 1244 novit.
1837 1217 1868 1244 Et

1081 1261 1218 1293 quomodo
1234 1268 1287 1287 non
1303 1260 1416 1295 perierit.
1439 1261 1563 1292 omnino,
1576 1269 1631 1295 quo
1659 1262 1727 1288 nihil
1755 1267 1798 1288 est
1813 1263 1871 1288 exi-

1082 1306 1188 1333 tiosius.
1204 1306 1256 1333 Sed
1273 1314 1332 1341 age,
1350 1307 1432 1341 hujus
1446 1315 1567 1339 causam,
1583 1315 1631 1334 seu
1648 1308 1782 1334 rationem
1797 1316 1870 1334 nunc

1081 1352 1183 1385 accipe.
1203 1351 1261 1378 Vita
1295 1352 1345 1378 ista
1372 1353 1490 1379 stadium
1517 1358 1545 1379 et
1572 1358 1709 1380 certamen
1736 1353 1869 1387 quoddam

1080 1402 1107 1424 ct
1122 1398 1194 1424 lucta
1210 1403 1262 1424 cst.
1278 1397 1305 1425 Si
1324 1398 1410 1425 hostis
1440 1398 1570 1430 defuerit,
1582 1406 1636 1433 quo
1660 1405 1739 1434 pacto
1764 1399 1869 1426 Iaudem

1080 1444 1281 1478 assequemur?
1295 1444 1322 1470 Si
1342 1449 1481 1471 certamen
1514 1445 1618 1471 nullum
1635 1445 1680 1476 sit,
1694 1453 1747 1479 qua
1765 1446 1868 1472 ratione

1081 1488 1136 1514 dux
1147 1489 1283 1523 quispiam
1297 1489 1353 1524 regi
1363 1489 1464 1516 charus
1478 1490 1586 1517 fortiter
1597 1498 1625 1517 se
1635 1491 1731 1525 geret?
1742 1490 1769 1517 Si
1782 1490 1872 1517 absint

1082 1536 1242 1567 certamina,
1253 1537 1391 1571 quomodo
1405 1538 1514 1572 praemia
1529 1539 1724 1570 certaminum,
1741 1544 1769 1566 et
1785 1539 1869 1565 bona

1080 1589 1133 1611 res.
1150 1582 1315 1610 ctdonahis
1329 1583 1375 1617 qui
1400 1583 1520 1618 legitime
1544 1585 1721 1615 certaverint,
1745 1585 1868 1611 tribuen-

1042 1625 1186 1655 Ctur?Si
1216 1629 1343 1655 scandala
1371 1636 1425 1655 non
1455 1629 1577 1660 veniant,
1607 1631 1745 1663 quomodo
1778 1631 1875 1657 firmus

1082 1673 1217 1707 quispiam
1233 1678 1261 1701 et
1291 1679 1422 1701 constans
1454 1675 1620 1709 apparebit?
1645 1675 1672 1703 Si
1693 1684 1774 1710 quem
1800 1677 1872 1703 nulla

1082 1718 1201 1746 incessat
1215 1719 1367 1752 tribulatio,
1382 1721 1520 1755 quomodo
1533 1721 1662 1756 gaudium
1678 1723 1874 1750 nanciscetur?

1083 1765 1111 1791 Si
1125 1765 1222 1800 frigida
1239 1766 1328 1793 hiems
1348 1774 1402 1793 non
1419 1767 1564 1800 praecedat,
1578 1768 1689 1802 quando
1703 1773 1782 1795 testas
1792 1768 1872 1795 elIuI-

1081 1810 1178 1844 30bit?
1190 1810 1290 1845 'Itaque
1303 1815 1330 1838 et
1341 1811 1447 1839 daznton
1459 1812 1492 1839 ad
1509 1813 1609 1840 bellum
1622 1818 1718 1840 contra
1731 1821 1779 1840 nos
1794 1821 1872 1840 exar-

1082 1857 1184 1888 descat,
1204 1861 1234 1883 ut
1249 1857 1313 1884 dum
1332 1862 1448 1893 tyranno
1464 1859 1628 1890 resistimus,
1640 1859 1797 1886 adversario
1811 1867 1872 1894 per-

1082 1908 1163 1929 cusso
1182 1902 1327 1930 victoriam
1346 1904 1499 1932 referamus
1515 1906 1626 1940 (mirum
1646 1913 1708 1932 cum
1732 1906 1767 1932 sit
1784 1906 1874 1932 incor-

1082 1956 1183 1983 porcus
1213 1957 1275 1976 eum
1308 1950 1380 1977 vinci
1397 1951 1432 1977 ab
1450 1951 1620 1985 hominibus)
1643 1952 1824 1986 victoresque.
1845 1956 1874 1978 ut

1082 1995 1187 2022 strenui
1197 1995 1351 2027 bellatores,
1362 1996 1582 2031 honorentttr,fet
1597 1998 1875 2032 coronamjaccipiant

1083 2040 1346 2074 immarcessibilcm,
1359 2050 1497 2077 quemque
1512 2043 1556 2070 ille
1577 2048 1641 2071 ante
1670 2052 1765 2071 casum
1793 2053 1873 2072 suum

1084 2085 1182 2115 tenuit,
1192 2090 1292 2113 statum
1302 2087 1545 2123 conditionemque
1555 2089 1754 2124 adipiscantur.
1764 2091 1786 2117 0
1794 2090 1872 2124 abys-

1083 2137 1143 2156 sum
1158 2130 1344 2166 benignitatis,
1369 2141 1386 2159 o
1403 2133 1738 2167 divitiasmiisericordim,
1764 2136 1870 2165 mlium.

1085 2177 1204 2204 studium
1216 2179 1359 2212 perdendi,
1378 2180 1526 2214 petitiones
1542 2182 1698 2208 setluetoris
1716 2182 1748 2208 ad
1770 2182 1872 2209 utilita-

1084 2226 1138 2249 tem
1154 2224 1303 2258 etgloriam
1310 2232 1422 2252 suorum
1436 2226 1585 2253 amicorum
1597 2228 1742 2257 convertit,
1753 2229 1798 2262 qui
1812 2236 1872 2254 om-

1086 2269 1130 2296 nia
1142 2269 1168 2295 in
1186 2270 1285 2297 melius
1301 2272 1406 2298 mutat!
1425 2272 1456 2298 Et
1470 2272 1498 2298 fit
1513 2273 1642 2307 quiddam
1662 2274 1725 2304 tale,
1745 2274 1822 2308 quale
1848 2273 1872 2300 si

1086 2315 1209 2342 medicus
1235 2317 1371 2351 quispiam
1404 2318 1504 2352 viperis
1531 2322 1579 2345 aut
1615 2319 1676 2346 aliis
1708 2319 1872 2353 quibusdam

1086 2362 1165 2389 tetris
1174 2368 1200 2389 et
1213 2363 1378 2390 nocentibus
1388 2363 1489 2398 alioqui
1510 2364 1717 2392 medicamentis
1741 2364 1775 2391 ad
1789 2372 1873 2398 :egro-

1083 2402 1172 2435 torum
1188 2409 1356 2436 curationem
1372 2414 1496 2436 uteretur
1509 2417 1516 2441 ;
1528 2409 1759 2444 quemadmodum
1774 2414 1801 2436 et
1817 2409 1872 2435 fra-

1082 2458 1189 2481 ternum
1209 2455 1302 2481 odium
1316 2454 1435 2489 Joscpho
1448 2454 1593 2482 utilitatem
1610 2455 1755 2481 maximam
1771 2463 1871 2489 appor-

1083 2499 1159 2531 tavit,
1174 2504 1202 2526 et
1227 2498 1375 2533 singularis
1399 2499 1541 2534 cujusdam
1570 2499 1731 2527 oeconomia:
1758 2499 1875 2526 materia

1081 2547 1141 2580 fuit,
1157 2556 1209 2582 qua
1225 2548 1296 2575 Deus
1307 2546 1389 2574 etiam
1414 2547 1494 2574 vcndi
1516 2549 1640 2582 permisit
1655 2548 1784 2583 juvenem
1810 2547 1871 2582 pul-

1080 2594 1257 2625 eherrimum,
1275 2598 1376 2621 uteum
1392 2593 1499 2629 Egypti
1514 2595 1665 2629 principem
1680 2594 1870 2625 constitueret,

991 2683 1128 2712 Scholia.

247 2778 316 2800 rum,
331 2779 340 2795 ι
356 2769 505 2809 Quiautem
530 2772 654 2809 iactu-ne
673 2779 744 2805 sunt.
771 2774 824 2801 Deo
853 2774 956 2809 placere
976 2785 1027 2802 non

246 2810 352 2838 possunt
369 2805 450 2844 (Ibid.
463 2806 501 2844 8i.
516 2815 525 2832 ν
541 2807 609 2834 Nam
620 2809 740 2844 ipsailla,
758 2811 802 2844 qui
817 2805 870 2836 lucc
889 2811 960 2841 dicit,
980 2819 1029 2837 (m-

247 2847 303 2879 mor
316 2848 430 2879 caruerit
441 2841 550 2879 indutus
566 2847 623 2879 erat
637 2843 649 2869 ?
663 2843 720 2870 Non
735 2841 796 2879 ergo
808 2845 862 2871 Ita’c
871 2846 919 2871 sibi
933 2847 1028 2872 adver-

247 2874 303 2899 δίηεὶ
314 2875 369 2905 ait;
384 2875 440 2915 sed.
456 2876 682 2915 dz‘improbarttm
697 2874 878 2915 botttzrttittque
892 2882 1027 2915 cogitatio-

248 2916 310 2934 num
331 2910 474 2936 t‘crtumine
489 2910 614 2946 loquitur.
629 2913 730 2940 Etenim
747 2913 811 2940 l‘t’lll'
823 2910 845 2940 εἰ
860 2910 938 2946 nolle".
952 2925 1028 2949 penes

1081 2776 1198 2813 animum
1214 2782 1284 2804 81ml.
1311 2778 1395 2813 Atque
1418 2780 1514 2805 idcirco
1533 2778 1581 2810 ait,
1601 2788 1609 2803 ι
1627 2777 1687 2805 "ire
1709 2782 1796 2804 autem
1821 2778 1869 2804 sibi

1081 2812 1191 2838 invicem
1210 2812 1386 2840 adversantur
1398 2814 1502 2847 (Galat.
1515 2822 1541 2844 v,
1554 2814 1608 2844 17).
1628 2823 1637 2837 ι
1653 2813 1688 2840 Et
1713 2817 1741 2839 ut
1761 2813 1867 2842 anitum.

1084 2847 1111 2872 iu
1125 2847 1213 2880 pravis
1229 2848 1415 2888 cupiditatibus
1433 2850 1486 2875 suis
1499 2848 1637 2888 procedere
1652 2856 1683 2888 ire
1695 2849 1865 2888 permitteret,

1082 2885 1209 2918 [ltiti/llam
1237 2884 1395 2917 paulagogus
1412 2889 1435 2910 rt
1452 2886 1576 2918 magister
1598 2885 1624 2910 in
1645 2883 1714 2910 viam
1736 2883 1866 2910 meliorem

1082 2925 1127 2942 nos
1144 2916 1250 2949 (luteus,
1263 2916 1476 2951 Ita't'ipi‘vlm‘ultts
1493 2916 1539 2945 Est.
