2032 3156
183 215 231 246 861

901 215 1080 244 DlOPTRA.

1757 213 1808 246 862

183 269 314 298 Similiter
328 272 362 296 et‘
372 270 500 296 Satanam
521 269 680 296 certaminis
696 269 782 296 nostri
800 277 900 303 pra-ses
918 277 968 295 nos
984 272 1004 298 Α
1021 269 1078 295 sola
1105 268 1185 302 longe
1204 267 1320 302 plurima
1345 272 1373 294 et
1389 268 1459 295 bona
1477 273 1503 296 et
1523 269 1592 296 mala
1620 275 1760 305 operatur,
1782 275 1811 297 ct

183 322 341 350 oppugnare
366 322 419 340 non
437 319 520 346 vetat,
539 318 568 340 ιιι
599 319 699 347 troptca
717 313 751 340 de
770 314 888 340 inimicis
916 320 970 341 sta-

184 361 325 388 tuentibus
337 369 452 388 coronas
464 361 556 395 gloria:
574 365 674 388 nectat.
698 360 805 393 Quanto
819 360 970 386 dilIiciliOra

187 407 348 438 certamina,
362 412 437 434 tanto
450 407 597 434 illustriora
621 407 720 433 decora
736 415 742 438 ;
763 413 817 440 quo
833 405 972 440 graviores

185 452 356 482 amictiones,
375 459 408 478 eo
428 452 629 486 splendidiores
646 458 766 478 coronze.
790 450 971 484 Proporlioue

185 497 257 524 enim
276 506 380 525 merces
397 498 482 525 labori
495 498 680 533 persolvitur;
699 497 724 524 id
736 496 808 531 quod
831 496 886 529 jam
909 499 972 521 ante

186 543 331 577 perspicue
345 543 500 570 docuimus.
521 543 574 570 Sed
592 543 704 577 pelagus
714 541 867 569 clementiae
879 545 906 566 et
922 540 970 567 bo-

186 590 280 616 nitatis
296 590 444 624 perpende.
455 590 576 617 Labores
588 597 619 616 ac
634 589 829 616 triltulatioucs
842 595 894 614 tina
909 593 970 613 cum

185 635 236 662 hac
249 635 305 661 vita
319 635 402 666 ﬁniri,
415 635 575 669 absolvique
589 635 658 665 vult.
670 642 731 668 qua:
741 633 864 667 angustis
881 631 972 658 terrai-

186 681 230 707 nis
254 680 504 712 circumscribitur,
517 684 545 707 et
567 680 593 706 in
613 688 666 714 qua
687 687 748 706 eum
765 682 897 713 perpetua
919 678 973 705 sint

185 734 246 760 quae
262 725 394 760 aﬂligunt,
409 733 546 760 perpauca
562 730 626 752 sunt
640 733 701 760 qua:
712 725 819 752 animos
832 728 970 750 recreant.

185 772 253 804 Quia
269 771 399 797 nimirum
421 771 554 805 quidquid
578 777 619 798 est
634 771 717 805 hujus
733 770 851 806 generis,
881 769 973 796 futuro

185 817 287 844 saecqu
305 822 437 848 reservat,
454 825 504 852 per
533 818 613 852 cujus
639 817 727 852 spatia
755 816 831 843 nullo
853 821 972 849 unquam

187 863 240 889 line
253 863 403 890 claudenda
418 863 536 890 felicitas
547 864 723 890 extendetur.

223 910 319 936 Asius.
335 909 391 942 Ego
403 916 485 943 porro
502 909 568 935 illud
582 909 664 936 etiam
676 914 758 944 atqttc
778 909 872 938 etiam.
888 910 972 936 vehe-

186 959 349 988 menterque
375 954 508 985 admiror,
536 954 675 988 quomodo
700 955 791 982 anima
819 955 972 982 divinarum

187 1000 321 1026 mentium
336 1000 443 1030 similis,
461 999 581 1026 hostium
594 1000 774 1034 intelligentia
786 1000 973 1034 praeditorum,

187 1046 453 1081 atqueideonatura
475 1045 583 1079 parium
608 1046 727 1072 insultus
750 1045 902 1080 praevidere
929 1054 962 1073 ne

187 1097 279 1126 queat.
299 1091 352 1118 Sed
371 1091 396 1118 in
410 1098 491 1118 causa
513 1095 554 1117 est
567 1090 661 1117 carnis
677 1090 826 1120 crassities.
842 1098 902 1125 quae
916 1098 976 1125 pro-

187 1137 273 1164 hibet.
290 1137 382 1171 ltaqne
399 1136 445 1163 tibi
461 1143 576 1170 corpore
587 1135 677 1163 soluta
701 1135 794 1167 fuerit,
814 1140 870 1162 tum
898 1136 975 1163 deni-

188 1190 242 1216 que
263 1181 434 1215 prmvidebit.

225 1227 308 1254 Cano.
324 1227 512 1261 Signiﬁcatum
525 1233 567 1254 est
579 1226 801 1262 praecedentibus
814 1226 977 1262 disputatio-

190 1271 281 1303 nibus,
300 1277 356 1298 tres
387 1272 414 1298 in
438 1273 553 1299 cerebro
577 1273 722 1299 facultates
738 1272 839 1304 inesse,
861 1272 975 1299 remini-

189 1323 322 1348 seentem,
350 1317 553 1352 imaginanlem,
583 1318 749 1352 cogitantem
775 1317 909 1349 videlicet,
927 1325 976 1352 per

187 1370 257 1396 quas
270 1363 405 1393 meminit.
433 1364 533 1397 cogitat
548 1368 576 1390 ct
596 1363 680 1390 videt.
699 1363 750 1390 Sed
771 1363 795 1390 si
811 1363 880 1390 forte
896 1363 976 1390 laeda-

189 1414 234 1435 tur
244 1408 336 1442 aliquo
346 1408 427 1435 ntodo
437 1409 478 1435 vis
495 1409 613 1439 cerebri,
628 1409 681 1435 ictu
695 1409 739 1436 teli
751 1414 797 1435 aut
811 1409 892 1443 gladii
905 1417 977 1435 mor-

189 1454 279 1483 tifero.
294 1454 349 1480 lucc
366 1453 416 1480 tria
432 1461 445 1479 a
458 1461 500 1480 me
513 1454 586 1480 dicta
605 1454 685 1480 simul
701 1454 801 1487 amittit
815 1463 822 1486 ;
838 1454 924 1480 otiosa
934 1459 976 1481 est

188 1501 264 1528 enim
283 1501 424 1531 memoria,
443 1505 470 1527 ct
486 1501 630 1535 phantasia
649 1506 717 1531 tota.
743 1501 830 1527 otiosa
847 1502 910 1527 item
928 1508 975 1528 eo-

187 1545 295 1580 gitatio,
309 1545 466 1579 prudentia,
478 1546 608 1579 cognitio,
627 1545 709 1575 actio.
727 1545 823 1577 motio,
839 1550 866 1572 ct
879 1553 977 1580 opera-

1026 314 1121 345 Demn,
1147 314 1168 340 si
1189 313 1269 340 modo
1288 321 1355 349 pura
1384 314 1429 347 sit,
1451 319 1480 341 et
1511 315 1533 341 si
1553 315 1680 348 voluerit,
1697 316 1812 343 vocibus

1024 360 1115 387 cordis
1140 360 1298 387 intrinsecis
1314 360 1445 392 celebrat,
1470 369 1520 387 ttcc
1537 361 1665 388 alicunde
1679 362 1811 396 prohibe-

1024 411 1079 435 tur.
1101 406 1280 440 quantumvis
1306 406 1396 433 anima
1425 407 1514 434 adhuc
1540 408 1648 441 corpori
1669 407 1808 442 colligata.

1025 453 1042 478 A
1062 459 1117 486 quo
1140 456 1276 486 exempta,
1296 452 1322 478 id
1343 453 1430 486 magis
1445 453 1526 480 etiam
1555 453 1695 487 magisque
1722 453 1809 480 facit:

1023 498 1133 532 quando
1147 498 1201 525 Deo
1222 505 1353 532 prmsens,
1370 498 1479 525 sublato
1501 499 1555 531 jam
1576 499 1688 533 speculo
1707 499 1809 527 clarius

1024 544 1113 578 ipsttm
1127 544 1354 578 manifestiusque
1370 545 1584 579 contemplatur,
1601 549 1629 571 et
1650 553 1701 579 pro
1712 545 1810 574 amicis

1024 589 1082 616 sine
1102 596 1169 616 voce
1192 593 1332 623 precatur,
1361 594 1391 616 ut
1412 597 1473 624 qua:
1493 598 1507 616 a
1531 590 1678 624 semetipsa
1702 597 1810 624 semper

1024 639 1167 661 moveatur
1185 639 1212 661 et
1233 634 1373 661 incitetur.
1400 634 1507 662 Laudes
1522 635 1594 662 enitn
1606 635 1715 662 divinas
1733 635 1810 662 inde-

1024 680 1093 707 fesse
1111 688 1173 707 cum
1198 680 1304 714 angelis
1317 680 1458 707 celebrare
1477 688 1532 706 non
1558 681 1733 711 dormientis.
1762 680 1809 706 sed

1023 726 1161 760 vigilantis
1170 730 1222 752 est.
1235 725 1314 758 Quod
1326 733 1386 752 eam
1398 730 1526 760 pra-stare
1539 725 1588 753 SS.
1599 726 1710 753 Patrum
1723 730 1812 753 cretus

1023 772 1113 798 docet.
1132 771 1249 806 Lingua,
1264 775 1292 798 et
1307 778 1434 798 sermone
1445 771 1510 798 huic
1523 772 1596 802 vitze,
1611 776 1639 798 et
1653 771 1812 798 hominibus

1024 815 1068 842 hic
1088 815 1246 842 viventibus
1262 815 1400 850 itnprimis
1414 824 1484 850 opus
1495 820 1546 847 est,
1567 815 1640 850 quod
1657 815 1808 849 quidquam

1024 861 1066 887 vel
1080 859 1190 891 audire,
1206 860 1248 886 vel
1281 860 1392 891 efferre,
1411 860 1454 887 vel
1489 867 1569 887 svnsa
1592 859 1711 886 aliorum
1734 865 1811 892 qua:-

1025 907 1142 937 stioncs,
1157 907 1257 941 placita
1279 907 1331 934 nisi
1351 914 1402 942 per
1417 913 1571 933 sermonem
1599 913 1646 933 ore
1662 910 1690 932 et
1717 905 1812 939 lingua

1026 954 1173 988 prolatum,
1186 958 1214 980 et
1223 953 1340 988 cogitata
1355 961 1404 988 per
1412 961 1503 980 aerem
1513 952 1633 979 medium
1644 951 1811 979 iudicantem

1025 999 1178 1034 intelligere
1205 1002 1358 1033 nequeunt.
1386 998 1442 1026 Nec
1466 1002 1555 1033 potest
1581 998 1672 1025 anima
1688 997 1811 1031 quandiu

1026 1045 1052 1072 in
1067 1044 1244 1072 tabernaculo
1272 1052 1323 1072 suo
1338 1044 1454 1076 habitat,
1481 1043 1540 1071 sine
1563 1042 1758 1071 instrumentis
1783 1046 1812 1070 et

1025 1098 1091 1117 voce
1118 1090 1282 1117 sententiam
1310 1097 1387 1116 suam
1412 1088 1566 1119 enuntiare,
1583 1093 1609 1115 et
1641 1096 1723 1122 agere
1751 1094 1828 1127 qua.

1026 1135 1093 1166 vult,
1115 1141 1143 1163 et
1166 1135 1208 1170 agi
1223 1139 1265 1162 est
1278 1143 1365 1170 opus;
1391 1141 1442 1161 nec
1459 1138 1532 1160 motu
1551 1137 1666 1160 externo
1681 1133 1714 1160 ad
1729 1139 1813 1167 opera

1026 1183 1141 1213 moveri,
1159 1189 1208 1216 per
1228 1189 1289 1216 qme
1305 1181 1395 1216 qualis
1413 1181 1450 1208 sit
1473 1185 1649 1215 agnoscatur.
1667 1179 1745 1206 Tunc
1761 1179 1811 1206 ab-

1024 1229 1094 1264 jecva
1109 1229 1202 1255 carnis
1215 1228 1298 1259 mole,
1323 1235 1386 1254 cum
1402 1227 1435 1253 ad
1454 1226 1585 1253 mundum
1601 1225 1806 1260 supramunda-

1026 1283 1092 1302 num
1120 1275 1287 1309 pervenerit,
1307 1273 1340 1300 ad
1370 1273 1503 1300 mttndum
1525 1272 1734 1306 inlelligentcm,
1761 1271 1813 1297 im-

1026 1321 1182 1353 mortalem,
1197 1320 1286 1347 omnis
1302 1319 1424 1346 materia:
1433 1323 1573 1353 expertem
1588 1325 1620 1345 ac
1636 1317 1771 1349 divinum,
1784 1320 1814 1343 ut

1027 1366 1140 1393 materia
1160 1372 1272 1395 vacans,
1298 1368 1329 1391 ut
1352 1363 1460 1390 ratione
1488 1367 1579 1393 utens,
1604 1365 1631 1389 et.
1653 1360 1815 1388 substantiae

1026 1411 1099 1439 socia
1112 1418 1166 1438 non
1181 1414 1243 1445 eget
1256 1410 1355 1437 horum
1377 1409 1469 1443 aliquo
1483 1415 1654 1442 quacunque
1668 1409 1813 1440 corporata

1026 1463 1108 1484 sunt:
1128 1464 1184 1483 non
1199 1455 1315 1483 cerebro
1330 1454 1364 1481 ad
1390 1454 1562 1485 memoriam,
1584 1461 1639 1479 non
1664 1451 1757 1482 corde,
1784 1455 1814 1478 et

1026 1502 1189 1530 visceribus.
1209 1500 1430 1529 Prmstantiorem
1458 1507 1523 1526 vero
1541 1502 1681 1533 aspectant
1709 1504 1810 1524 conse-

1026 1551 1120 1586 quitur
1136 1557 1214 1577 mens
1238 1550 1309 1584 (qua:
1337 1557 1399 1576 cum
1432 1547 1523 1575 anima
1551 1551 1614 1574 nata
1641 1550 1670 1573 et
1697 1552 1759 1572 cum
1781 1552 1814 1572 ea

188 1592 239 1618 tio.
263 1591 332 1617 Num
358 1591 442 1625 igitur
463 1591 587 1618 dicemus
614 1592 745 1623 animam.
764 1600 826 1618 cum
848 1592 974 1626 expedita

1027 1607 1112 1625 unum
1128 1603 1155 1625 et
1167 1598 1290 1625 divinum
1305 1596 1358 1632 est)
1375 1595 1513 1624 sermonis
1527 1598 1619 1623 autem
1633 1593 1735 1620 vocalis
1748 1597 1812 1620 tunc

188 1644 307 1670 corpore
323 1636 355 1662 ad
369 1636 522 1667 Christum.
545 1637 674 1664 Ecclesia:
691 1642 784 1671 caput,
800 1643 830 1664 ut
842 1638 974 1672 scriptum

188 1687 232 1708 est
251 1682 283 1712 ιο,
308 1682 454 1709 excesserit
487 1682 567 1709 talem
600 1683 793 1709 excessuram?
826 1683 974 1710 Recordari

189 1733 250 1754 tum
267 1728 368 1762 poterit
381 1734 508 1755 notorum
533 1734 561 1756 et
575 1734 764 1763 cognatorum,
778 1735 806 1756 et
822 1730 975 1756 amicorum

188 1779 218 1799 et
235 1773 350 1799 fratrmn
366 1781 490 1805 suorum,
511 1779 538 1800 et
550 1774 713 1808 liberorum,
727 1779 756 1802 et
773 1781 929 1810 parentum.
945 1783 976 1802 ac

188 1826 242 1853 pro
270 1819 302 1845 iis
325 1819 488 1853 simpliciter
516 1828 595 1846 orare
618 1821 775 1852 Dominum,
800 1822 871 1856 sicut
898 1822 976 1848 tertia

188 1864 378 1898 disputatione
393 1865 626 1897 confirmavimus,
643 1865 726 1900 idque
746 1873 797 1892 nec
819 1865 975 1898 cercbrutu,

188 1918 243 1936 nec
255 1918 313 1939 eor.
335 1917 386 1936 nec
401 1911 475 1937 aliud
493 1911 647 1938 membrum
665 1911 790 1945 corporis
816 1911 930 1942 habens,
951 1912 976 1938 in

188 1955 294 1990 quibus
309 1963 394 1987 locus,
410 1961 438 1982 ut
452 1958 479 1983 in
492 1957 672 1984 scdibussuis
697 1964 817 1987 manere,
830 1961 857 1982 et
869 1957 979 1991 requie-

189 2008 271 2028 scere
291 2001 430 2033 creditur,
449 2010 499 2028 nec
527 2010 660 2036 organum
683 2002 794 2036 aliquod
811 2002 896 2033 vocis,
925 2010 978 2029 tton

188 2047 322 2080 linguam,
344 2055 398 2074 non
420 2048 495 2074 labra
512 2047 643 2081 denique.
709 2062 722 2073 .

227 2093 322 2118 Astus.
353 2092 480 2119 Exoritur
513 2092 581 2119 mihi
617 2093 773 2128 scrupulus.
805 2094 866 2127 Quo
899 2099 978 2129 pacto

188 2138 284 2165 dixisti
303 2143 376 2170 ante,
392 2139 553 2166 memoriam
571 2143 638 2166 tunc
654 2141 805 2167 amicorum
822 2140 895 2167 nulla
912 2140 979 2168 obli-

188 2184 272 2214 vjone
285 2185 402 2211 deletam
422 2185 466 2216 iri,
481 2189 509 2212 et
526 2190 616 2212 tamen
637 2193 696 2213 eam
712 2186 781 2213 citra
797 2194 897 2221 corpus
909 2187 976 2214 nihil

189 2238 272 2264 posse
284 2230 295 2255 ?

227 2275 308 2302 Cano.
326 2276 359 2303 Et
374 2276 426 2304 hoc
449 2276 576 2311 exemplo
592 2276 711 2311 quodam
725 2277 801 2304 brevi
816 2277 974 2304 declarabo.
994 2279 1014 2306 D

189 2321 280 2348 Etiam
298 2322 399 2356 psaltes
425 2322 596 2350 citharmdus
612 2323 671 2350 a'rte
696 2323 801 2350 musica
826 2328 979 2358 temperare

188 2367 279 2394 melos
292 2368 360 2395 citra
375 2368 589 2396 instrumentum
603 2376 656 2395 non
683 2373 783 2403 potest,
802 2376 853 2396 nec
866 2369 978 2401 tibicen,

190 2413 214 2440 si
234 2413 316 2440 tibias
332 2413 434 2441 fractas
455 2414 593 2442 habuerit.
609 2414 716 2449 Corpus
739 2422 800 2441 esse
821 2419 885 2449 puta
902 2423 979 2450 orga-

191 2467 271 2488 nttm.
290 2467 337 2486 seu
357 2459 580 2493 instrumentum,
594 2460 729 2488 artificem
745 2461 831 2495 ipsam
848 2460 978 2487 animant.

230 2505 326 2531 ANNA.
344 2505 382 2531 Ne
407 2506 556 2538 cuncteris,
575 2514 642 2534 neve
666 2506 758 2534 tardes
775 2506 978 2533 dubitationem

194 2551 270 2578 solve
275 2558 302 2577 rc
308 2570 313 2576 .

229 2597 312 2624 Cano.
342 2598 462 2632 Apparet
492 2603 518 2625 te
544 2598 622 2625 valde
645 2599 808 2626 obliviosam
824 2605 853 2626 et
881 2600 980 2627 imme-

196 2651 300 2670 morem
319 2651 379 2670 esse
399 2651 495 2670 eorum
523 2653 583 2678 qum
613 2647 695 2672 tertia
711 2646 901 2681 disputatione
922 2646 980 2673 dis-

194 2689 268 2716 serui
293 2694 320 2716 ct
331 2689 488 2716 memoravi.
502 2690 576 2718 Mens
586 2691 657 2718 enim
670 2692 796 2727 quamvis
811 2693 982 2727 penitissime

233 2748 254 2764 ¹⁰
267 2747 367 2782 Ephes.
380 2755 399 2780 ι,
416 2748 461 2774 22.

1027 1646 1119 1672 nttllus
1135 1645 1189 1671 erit
1204 1646 1294 1672 usus'.

1062 1691 1110 1718 Ast
1125 1691 1274 1723 interioris,
1289 1690 1335 1725 qui
1352 1690 1378 1716 in
1409 1689 1507 1716 affectu
1534 1695 1562 1715 et
1586 1692 1661 1714 motu
1689 1685 1814 1713 rationali

1027 1741 1079 1767 cst,
1099 1742 1130 1763 ut
1145 1742 1251 1772 partus,
1266 1740 1293 1763 et
1307 1736 1393 1767 notio,
1415 1739 1442 1762 ct
1453 1735 1594 1762 munimen
1610 1733 1736 1762 rationis,
1755 1731 1815 1758 sive

1027 1782 1125 1808 animm
1148 1785 1176 1808 et
1194 1781 1294 1808 mentis
1318 1781 1404 1808 divini
1429 1784 1566 1814 aspectus,
1582 1779 1674 1812 hujus,
1692 1778 1814 1811 inquam,

1030 1835 1098 1854 usus
1113 1827 1176 1854 erit.
1193 1827 1253 1854 Non
1267 1831 1309 1854 est
1326 1830 1419 1854 autem
1434 1825 1507 1852 aliud
1526 1825 1560 1851 ab
1587 1825 1651 1852 alio.
1679 1822 1727 1849 sed
1744 1821 1816 1848 idem

1028 1878 1138 1904 natura,
1170 1872 1300 1906 supernis
1319 1877 1347 1899 et
1369 1879 1385 1898 a
1409 1870 1466 1898 Deo
1492 1869 1602 1896 donatis
1621 1866 1818 1901 splendoribus

1028 1918 1192 1947 excitatum,
1212 1917 1281 1944 citra
1298 1925 1405 1947 vocem,
1421 1920 1449 1943 ct
1463 1922 1605 1942 sermones
1615 1913 1662 1948 qui
1689 1911 1817 1940 sentiun-

1030 1968 1084 1990 tur.
1101 1962 1197 1989 Sermo
1221 1967 1313 1989 atttem
1342 1962 1393 1990 iste
1408 1966 1502 1989 noster
1519 1968 1568 1995 per
1582 1958 1813 1989 enuntiationem,

1029 2017 1081 2037 nec
1099 2008 1180 2036 aliter
1205 2008 1356 2043 profertur,
1377 2012 1407 2034 ut
1431 2015 1446 2034 a
1462 2004 1710 2034 circumstantibus
1725 2002 1818 2038 perci-

1030 2055 1132 2089 piatur.
1157 2053 1319 2087 l’aradigma
1344 2061 1411 2080 vero
1448 2053 1526 2088 prius
1552 2052 1585 2079 de
1617 2050 1734 2082 cithara,
1761 2055 1817 2076 non

1030 2109 1230 2137 usquequaque
1247 2109 1310 2128 cum
1337 2100 1439 2132 anima,
1467 2107 1520 2134 qua
1549 2099 1682 2126 rationem
1709 2095 1816 2124 obtinet

1029 2148 1166 2183 congruit.
1181 2147 1277 2174 Anima
1293 2146 1366 2174 enim
1398 2147 1520 2181 seiuncta
1544 2149 1587 2172 est
1601 2152 1617 2172 a
1631 2142 1746 2170 materia
1763 2147 1816 2176 qua

1029 2194 1135 2220 cithara
1147 2196 1268 2221 constat.
1285 2192 1483 2227 lneorporeum
1502 2198 1585 2226 porro
1604 2194 1632 2217 et
1653 2194 1816 2222 corporeum

1031 2239 1102 2266 inter
1114 2247 1143 2266 se
1156 2238 1268 2265 diversa
1288 2242 1363 2268 sunt,
1381 2243 1409 2264 et
1422 2237 1537 2264 nimium
1554 2238 1685 2270 quanttnn
1700 2233 1817 2260 alterum

1029 2285 1063 2311 ab
1076 2285 1163 2311 altero
1185 2283 1279 2315 distat,
1293 2288 1321 2310 et
1336 2286 1484 2317 utrumque
1505 2279 1739 2315 comparationem
1756 2285 1818 2312 pro-

1030 2329 1117 2364 priam
1133 2337 1165 2355 ex
1183 2329 1292 2358 eodem,
1310 2333 1337 2355 et
1359 2327 1391 2354 ad
1409 2327 1491 2357 idem,
1512 2325 1662 2353 secundum
1689 2327 1815 2349 naturam

1030 2375 1156 2402 sortitur.
1185 2374 1254 2401 Cum
1281 2381 1363 2400 sensu
1384 2373 1458 2399 enim
1484 2379 1590 2400 sensus.
1616 2375 1644 2397 et
1668 2367 1818 2395 intellectio

1030 2428 1092 2447 cum
1110 2419 1308 2449 intellectione,
1325 2422 1354 2444 ut
1369 2417 1459 2444 simile
1475 2423 1536 2443 curti
1563 2413 1645 2441 simili
1671 2419 1817 2446 compara-

1032 2471 1086 2493 tur.
1102 2465 1140 2492 Nc
1156 2469 1236 2500 putes
1258 2469 1349 2491 autem
1373 2463 1490 2497 spiritus
1512 2460 1626 2496 perinde
1650 2458 1730 2489 aﬂici,
1755 2465 1816 2484 cum

1032 2512 1101 2539 hinc
1116 2510 1261 2542 evolarint,
1286 2515 1315 2536 ut
1331 2508 1375 2535 hic
1387 2507 1585 2534 aﬂiciehantur.
1603 2505 1664 2532 Alio
1689 2503 1770 2530 modo
1787 2509 1816 2528 se

1030 2558 1114 2585 habet
1133 2557 1236 2591 utique.
1265 2555 1321 2582 Illic
1343 2554 1417 2580 enim
1442 2553 1544 2579 divinis
1574 2549 1726 2585 fulgoribus
1755 2548 1818 2575 illu-

1031 2607 1163 2632 strantur,
1177 2605 1205 2627 ct
1223 2608 1237 2627 a
1250 2601 1330 2627 Patre
1342 2599 1476 2625 luminum
1491 2595 1642 2623 luminibus
1665 2593 1816 2627 replentur,

1036 2653 1119 2684 prout
1146 2648 1263 2682 quisque
1292 2645 1324 2672 ad
1341 2644 1486 2671 fruendum
1509 2643 1599 2669 lumen
1625 2645 1666 2667 est
1691 2638 1816 2666 idoneus.

1033 2693 1110 2720 Sicut
1133 2692 1205 2719 cnint
1234 2690 1306 2726 ignis
1328 2690 1431 2716 ferrum
1455 2691 1591 2723 penetrat,
1610 2689 1638 2712 et
1662 2690 1818 2718 quanquam

937 2797 1075 2828 Scholia.

231 2847 238 2855 ‘
250 2844 375 2872 Basilius.
393 2844 465 2871 Visus
480 2845 596 2877 corporis
612 2850 649 2871 est
672 2846 704 2872 ab
721 2846 808 2879 oculo,
825 2848 894 2873 visus
923 2850 980 2874 nni-

197 2887 271 2915 mteu
287 2885 372 2906 mente
385 2881 434 2906 sibi
447 2881 570 2915 iugenilw
591 2879 726 2913 videlicet;
751 2890 801 2907 non
825 2882 861 2908 ita
879 2887 976 2912 lmm'u,

197 2918 225 2941 ιι
242 2914 355 2942 alterutri
374 2915 484 2942 alterius
496 2919 601 2942 nalurw
618 2916 666 2942 sit:
680 2916 725 2942 sed
754 2917 822 2943 idem
846 2922 883 2943 est
906 2925 976 2943 mens

1035 2854 1058 2874 (ἰ
1073 2849 1174 2874 anima.
1192 2846 1377 2881 Eslsiquideut
1399 2842 1546 2881 naturnlt's_
1559 2836 1818 2881 qumtltirrt_[11c111tqs

1245 2872 1398 2908 ru'liouolis.
1410 2883 1433 2904 et
1446 2887 1499 2917 μου
1512 2872 1672 2915 αάυὲιιιὶιίη..
1683 2873 1716 2900 Et
1727 2872 1820 2917 oculus

1033 2912 1239 2951 quidemanimw
1253 2921 1290 2944 est
1302 2923 1382 2947 utens,
1393 2913 1481 2940 oculus
1492 2917 1578 2939 autem
1590 2912 1686 2937 ruentis
1695 2912 1821 2943 cegmtto.
