2032 3156
254 229 307 260 863

866 226 1037 256 PHILIPPI
1059 225 1255 256 SOLlTARll

1828 224 1878 256 £64

255 283 383 315 densum,
399 287 490 311 tamen
513 281 590 310 facile
604 284 741 315 penetral,
767 283 949 314 naturamque
973 279 1039 307 ferri
1055 279 1236 314 Aspiritihus
1264 284 1292 307 et
1317 279 1461 307 animabus
1490 280 1625 314 concipe:
1641 279 1701 312 has,
1722 286 1785 306 cum
1815 279 1878 307 hinc

255 329 380 364 ignitam,
395 332 422 355 et
439 328 529 362 ignem
545 327 628 355 elIicit
639 335 645 352 :
658 326 732 361 quod
746 333 808 353 cum
820 326 1038 361 alioquinigrum

256 375 303 406 sit,
319 374 452 405 rubescit,
478 377 507 401 et
524 373 673 401 obscurum
689 372 783 407 fulget,
800 376 827 399 et
842 371 971 407 frigidum
994 380 1040 400 ca-

255 420 333 447 lescit
354 423 383 446 ct
411 419 576 448 incenditur,
591 423 620 445 et
646 418 718 445 urit?
735 417 808 452 quod
821 418 894 452 tangi
920 422 1038 452 poterat,

255 469 367 500 propter
381 470 539 500 susceptum
565 465 654 500 ignem
674 464 710 491 sit
730 463 920 495 intractabile;
945 463 982 490 ita
1010 469 1038 491 tu

253 512 287 538 de
303 511 403 541 anima.
421 515 448 538 et
466 511 500 538 de
518 511 578 546 ejus
594 510 740 546 splendore
751 510 831 537 velim
855 510 1036 542 ratiocincris,

253 565 268 583 a
282 564 336 591 quo
356 564 388 583 ex
406 556 564 583 Divinitatis
581 556 813 591 contemplatione
833 556 971 587 clarescit,
990 563 1037 590 p0-

253 605 359 635 testqne
375 601 552 628 intellectuali
565 601 647 628 modo
663 601 767 633 videre,
789 601 875 635 loqui,
889 606 918 628 et
931 601 1037 634 audire,

253 652 281 673 ct
291 647 393 674 sentire
413 648 517 680 lttmen,
533 652 561 674 et
572 655 633 675 cum
649 647 758 682 angelis
770 647 909 674 exsultare
927 647 1036 682 gaudio,

251 696 280 719 ct
293 692 390 720 eadem
400 700 462 720 eum
476 693 530 720 illis
547 693 778 728 contemplatione
791 692 906 727 perfrui,
927 696 955 720 et
973 700 1038 720 cun-

253 738 417 771 tubernalis,
432 742 460 765 et
473 738 657 766 cohabitatrix
669 739 806 773 justorum
819 737 950 772 appellari
962 746 969 764 :
983 745 1038 765 non

254 787 346 810 tamen
362 783 513 811 secundum
534 791 644 811 sensum
660 784 793 819 corporis,
811 783 859 810 sed
883 783 1038 818 intelligen-

254 828 319 855 tiam
330 829 427 856 solam.
443 829 599 857 Suntenim
623 830 682 857 hinc
697 829 834 865 ejusmodi
857 832 956 856 natura
977 837 1036 861 sua,

255 877 286 900 ut
320 879 425 901 tantum
453 874 605 910 intelligant
632 880 660 902 et
694 875 892 910 intelligantur,
919 879 947 902 et
975 875 1038 902 illos

253 918 377 953 quinque
397 919 521 953 corporis
536 927 634 947 sensus
651 927 747 948 omnes
775 919 916 955 ell'ugiant.
946 920 1036 947 Mente

252 964 310 991 sola
322 964 418 996 utitur,
431 972 463 992 ea
481 964 567 997 videt,
582 969 610 992 et
624 965 765 1000 prmvidet,
781 965 842 992 visu
865 965 1034 996 acutissimo,

252 1009 412 1044 angelorum
433 1010 554 1045 proprio,
573 1010 736 1046 divinasquc
757 1015 785 1038 ct
797 1019 938 1046 nunquam
962 1011 1035 1039 visas

251 1054 474 1088 pulchritudines
501 1056 711 1090 contemplatur.
740 1056 817 1089 Quod
845 1057 867 1084 si
888 1065 949 1092 quat
974 1058 1036 1084 dico

252 1099 301 1137 tibi
316 1100 454 1135 paradoxa
481 1101 622 1134 videntur,
651 1101 684 1129 ad
712 1102 792 1130 ﬁdem
820 1103 1035 1130 conﬁrmandam

251 1145 410 1181 panadigma
426 1146 562 1174 adhibebo
574 1148 593 1174 '.

284 1191 312 1219 Si
327 1197 409 1219 noetu
429 1200 478 1227 per
491 1193 611 1226 quietem
628 1193 737 1221 videres
761 1194 891 1230 juvenem
917 1194 1035 1229 aliquem

247 1241 351 1264 statura
375 1236 474 1264 eximia
498 1236 641 1272 formaque
660 1238 890 1272 pulcherrimum,
907 1243 965 1266 arte
992 1239 1032 1266 in-

246 1282 440 1317 superabilem,
462 1290 546 1317 opere
573 1283 776 1316 inimitabilem,
792 1284 883 1318 specie
916 1281 1035 1312 maitimc

247 1327 403 1360 invidenda,
431 1328 526 1363 procul
542 1336 557 1355 a
573 1329 660 1363 patria
687 1336 747 1362 sua,
762 1329 882 1356 externis
906 1330 1036 1357 internis-

248 1381 301 1407 que
326 1373 498 1401 clatitatibus
524 1374 715 1409 conspicuunt,
737 1374 892 1401 incredibili
909 1375 1038 1402 candoris

249 1419 339 1445 nitore
367 1423 506 1451 ornatum,
532 1420 706 1454 capillorum,
734 1427 803 1447 auro
827 1420 911 1455 magis
929 1419 1036 1447 radian-

247 1462 317 1489 tium
332 1463 464 1490 varietate
482 1463 652 1497 distinctum,
667 1465 789 1499 undique
805 1465 1035 1493 circumiusorum

247 1508 382 1535 luminum
404 1508 521 1536 ﬂammis
538 1515 747 1544 coruscantem;
763 1511 878 1545 plausus
891 1515 918 1538 et
938 1511 1036 1538 caroti-

247 1561 282 1581 na
299 1562 314 1581 a
331 1554 521 1582 ministrorutn
539 1555 627 1583 turbis
643 1555 787 1587 terentem,
799 1560 826 1583 et
850 1556 1034 1583 ministerium

1091 326 1295 360 emigraverint,
1317 333 1414 353 sensus
1439 333 1580 353 assumere
1597 325 1630 351 ad
1647 325 1830 360 loquendum,
1850 331 1878 353 et

1090 371 1248 403 vivendum,
1260 376 1288 398 ct
1301 375 1415 399 caeteros
1440 378 1546 398 omnes.
1561 370 1613 398 Sed
1632 378 1774 398 assumere
1797 371 1875 397 ratio~

1090 425 1124 444 ne
1142 417 1259 451 quadam
1277 425 1330 444 non
1349 416 1568 451 corporea,dum
1587 420 1683 443 natura
1697 424 1758 450 quaa
1775 421 1818 443 est
1832 424 1877 443 su-

1090 471 1138 498 pra
1157 469 1283 490 naturam
1312 468 1444 498 operatur
1470 463 1498 490 in
1525 462 1655 489 omnibus
1678 466 1706 488 et
1723 463 1758 488 sit
1787 464 1877 490 omnia

1089 510 1218 537 omnibus
1245 517 1328 544 supra
1351 516 1433 544 quam
1469 508 1665 543 comprehendi
1693 513 1794 542 potest.
1818 508 1875 535 Non

1088 556 1161 582 enim
1178 555 1302 582 divinum
1320 562 1422 582 numen
1440 559 1503 590 eget
1527 562 1586 585 ore.
1609 562 1662 580 non
1678 561 1805 588 corpore,
1820 562 1873 581 non

1088 601 1193 636 lingua.
1210 609 1264 628 non
1280 600 1373 635 aliquo
1388 601 1442 627 alio
1459 600 1494 627 ad
1509 599 1771 628 communicandum
1795 600 1876 635 spiri—

1089 647 1173 678 tibus,
1193 651 1222 674 et
1232 646 1330 673 anima».
1345 646 1470 679 cuilibet,
1486 653 1547 681 quae
1567 645 1697 672 voluerit.
1709 645 1762 672 Sed
1781 653 1877 680 quem-

1088 691 1236 718 admodum
1247 691 1395 718 virtutibus
1411 690 1662 722 administratorlis,
1673 690 1711 717 ita
1726 690 1771 717 his
1781 691 1876 718 eadem

1088 737 1212 772 largitur.
1227 737 1368 765 Sententia
1379 737 1453 765 enim
1470 745 1533 764 cum
1552 736 1737 771 sentientibus
1748 740 1774 762 et
1788 737 1853 762 intel
1866 752 1876 755 —

1087 782 1197 817 ligentia
1223 790 1287 809 eum
1314 781 1540 817 intelligentibus,
1570 780 1715 808 utsimilia
1725 781 1877 808 eumsimi—

1087 828 1160 854 libus
1175 827 1301 855 conferre
1313 828 1418 863 justum
1434 832 1487 855 est.
1506 826 1688 861 lntelligentia
1705 831 1798 853 autent
1814 835 1875 853 cum

1089 874 1274 901 sentientibus
1289 882 1304 902 c
1328 874 1439 901 diverso
1468 881 1628 908 comparare
1654 873 1740 905 nefas,
1765 878 1877 908 propter

1088 923 1249 945 naturarum
1267 918 1413 946 discrimen
1437 918 1542 946 scilicet
1556 927 1563 944 :
1577 917 1624 945 sed
1640 917 1803 951 incorporea
1815 925 1876 943 cum

1088 963 1268 998 incorporeis,
1281 968 1309 990 et
1332 971 1449 998 corpora
1472 963 1592 991 vicissim
1624 970 1686 990 cum
1715 962 1878 996 corporibus

1086 1018 1252 1045 componere
1266 1014 1374 1045 oportet
1385 1011 1416 1037 “.

1123 1058 1189 1091 Quae
1204 1062 1296 1085 autem
1315 1057 1425 1092 superis
1439 1064 1471 1084 ac
1486 1057 1647 1086 cmleslibus
1663 1066 1725 1085 cum
1747 1057 1789 1084 his
1815 1057 1875 1083 inli—

1087 1104 1140 1132 mis
1170 1104 1343 1138 terrenisque
1374 1103 1556 1138 comparatio,
1582 1108 1629 1130 aut
1661 1103 1875 1131 convenientia?

1087 1154 1135 1177 aut
1148 1157 1209 1185 quae
1226 1148 1383 1176 communio
1397 1149 1482 1175 menti
1501 1156 1563 1175 cum
1585 1149 1628 1175 his
1641 1157 1703 1183 qua:
1729 1154 1874 1183 apparent.

1089 1199 1137 1223 aut
1152 1195 1260 1230 corpori
1281 1202 1342 1222 cum
1366 1193 1409 1221 his
1435 1202 1495 1228 quae
1511 1201 1612 1228 corpus
1628 1202 1682 1221 non
1700 1196 1782 1221 sunt?
1797 1194 1873 1227 Quod

1087 1243 1109 1270 si
1127 1241 1187 1276 quis
1203 1246 1259 1268 tota
1274 1248 1336 1268 cum
1351 1240 1416 1267 totis
1443 1240 1601 1272 contulerit,
1621 1249 1675 1267 non
1689 1241 1745 1275 jam
1764 1240 1871 1274 paradi-

1086 1295 1158 1323 gma.
1173 1287 1220 1315 sed
1236 1291 1283 1313 aut
1302 1286 1340 1314 ita
1356 1286 1458 1318 dicam,
1471 1286 1599 1314 identitas
1618 1288 1681 1314 crit.
1695 1286 1764 1314 Cum
1781 1287 1873 1320 itaque

1087 1334 1114 1361 in
1141 1333 1253 1360 materia
1278 1332 1438 1360 vacantibus
1462 1332 1697 1366 comparationem
1717 1341 1771 1359 non
1798 1333 1872 1360 inve-

1087 1379 1171 1411 niam,
1187 1378 1379 1413 paradigmatis
1403 1378 1589 1405 materialibus
1616 1379 1771 1405 necessario
1801 1383 1871 1405 utor.

1086 1425 1176 1457 Quare
1191 1432 1225 1450 ne
1240 1423 1422 1458 reprehendo,
1434 1430 1468 1450 ne
1484 1422 1645 1458 indigneris,
1666 1430 1777 1450 causam
1801 1422 1872 1449 enim

1087 1469 1248 1504 ignorantia:
1267 1475 1334 1495 mem
1351 1468 1428 1503 prius
1445 1467 1597 1495 enuntiari.
1621 1468 1696 1495 Mens
1711 1467 1874 1495 intrinsecus

1087 1523 1147 1549 qum
1162 1514 1298 1549 conoepit,
1311 1521 1358 1540 seu
1370 1514 1488 1548 cogitata
1503 1521 1551 1541 sua
1567 1513 1671 1548 profert
1687 1513 1759 1548 apud
1777 1521 1818 1545 se,
1835 1512 1860 1539 id

1087 1569 1141 1596 que
1159 1568 1276 1594 semper,
1295 1568 1346 1587 nec
1363 1561 1572 1594 patiatur;qna3
1597 1559 1708 1594 quidem
1738 1559 1812 1586 foras
1839 1559 1871 1586 ad

246 1600 560 1636 perpetuumdongeque
574 1601 816 1636 jucundissimum.
829 1601 953 1628 lncidisli
973 1605 1028 1628 lum
1048 1613 1070 1643 ρ
1086 1607 1155 1634 alios
1169 1606 1305 1641 depromi,
1321 1610 1348 1634 ct
1364 1607 1397 1633 ab
1411 1606 1445 1633 iis
1460 1605 1588 1640 cognosci
1611 1613 1665 1632 non
1685 1606 1873 1640 possunt.Nec

245 1653 356 1680 quoque
373 1645 399 1673 in
414 1647 533 1674 amicum
547 1647 625 1674 valde
641 1647 747 1674 clarum
759 1655 841 1681 quem
855 1647 949 1674 vidisti
962 1656 1034 1674 nuu-

248 1699 341 1726 quam,
356 1693 498 1727 quaerebas
515 1697 605 1720 autem
629 1693 762 1728 reperire,
779 1697 809 1720 et
831 1693 926 1722 videre
952 1694 1033 1722 etiant

248 1738 346 1770 oculis,
360 1739 430 1765 sicut
447 1738 661 1774 cogitationibus
673 1738 779 1767 vidisti.
793 1738 941 1767 Absentem
961 1741 1033 1767 enim

246 1791 281 1810 ex
293 1783 363 1811 l‘atna
376 1789 482 1812 tantum
493 1785 637 1818 dilexeras,
648 1788 677 1811 ut
687 1783 804 1812 amicum
818 1785 899 1812 laude
909 1785 1033 1820 dignum,

245 1833 275 1855 et
292 1829 320 1856 in
337 1837 452 1857 numero
466 1829 672 1865 ponendum.Si
692 1829 743 1857 tibi
766 1830 914 1865 contigerit
933 1831 990 1858 haec
1008 1831 1033 1858 in

247 1875 353 1903 somnis
364 1875 467 1908 videre,
479 1883 514 1902 an
533 1880 613 1910 potes
631 1876 735 1909 dicere,
759 1877 897 1911 quomodo
919 1881 975 1905 tum
1000 1878 1033 1905 ad

247 1921 338 1949 locum
353 1921 512 1954 accesseris,
526 1925 555 1949 et
571 1922 712 1956 quomodo
725 1922 753 1950 in
771 1922 874 1950 lectulo
888 1923 993 1958 jaccns,
1007 1929 1034 1952 et

247 1975 371 2000 manens,
390 1971 419 1995 et
435 1967 586 2002 dormiens,
608 1972 637 1995 et
661 1968 770 1996 interno
796 1973 872 1996 motu
898 1969 1033 1997 immobili

246 2018 400 2041 commotus
417 2014 450 2040 ad
473 2021 519 2042 res
536 2014 607 2046 illas,
617 2019 648 2042 ut
664 2014 792 2049 putabas,
808 2015 920 2046 adieris,
933 2015 1034 2049 quibus

246 2059 356 2086 tandem
374 2059 501 2094 pedibus,
515 2067 568 2095 qua
593 2067 677 2088 carne
705 2065 791 2088 totum
812 2068 923 2088 cursum
936 2068 1033 2095 repen-

245 2107 274 2131 te
288 2103 471 2139 celeriterque
491 2105 653 2140 peregeris?
675 2104 782 2138 Quibus
803 2105 891 2133 oculis
917 2104 1034 2133 intuitus

245 2149 284 2176 sis
299 2148 407 2181 faciem.
419 2150 519 2185 quibus
532 2151 646 2178 auribus
662 2151 794 2184 audieris,
807 2158 868 2186 quae
882 2155 907 2178 te
922 2151 1034 2180 audisse

245 2195 345 2228 putas?
358 2196 460 2230 quibus
475 2203 557 2232 porro
574 2197 656 2225 labiis
673 2197 792 2224 amicum
807 2197 966 2225 osculatus?
978 2205 1033 2232 quo

244 2247 304 2271 ore,
316 2248 369 2276 qua
388 2242 480 2278 lingua
493 2251 557 2271 eutn
571 2243 727 2270 allocutus?
744 2243 813 2271 Vere
828 2243 898 2271 mihi
915 2250 1032 2278 respon-

1088 1653 1160 1679 cuim
1180 1657 1270 1687 potest
1287 1653 1369 1679 etiam
1387 1653 1491 1687 lingua,
1508 1657 1535 1679 ct
1553 1651 1587 1678 ad
1610 1651 1756 1679 audientes
1784 1652 1871 1678 notio-

1088 1706 1153 1725 num
1169 1701 1196 1725 et
1215 1697 1457 1733 intelligentiarum
1483 1705 1595 1725 suarum
1625 1697 1711 1724 fetum
1739 1697 1870 1731 proferre.

1088 1742 1279 1770 Verumtamen
1301 1742 1439 1776 quomodo
1456 1750 1510 1769 non
1527 1742 1623 1777 possit,
1643 1742 1736 1769 dicere
1749 1749 1803 1768 non
1828 1741 1874 1768 ha-

1088 1788 1140 1815 beo
1151 1795 1273 1822 prorsus.
1285 1788 1383 1814 Partus
1399 1787 1472 1814 enim
1489 1788 1599 1819 mentis,
1619 1787 1728 1814 tametsi
1746 1794 1871 1814 sermone

1088 1833 1340 1869 sintexplicabiles,
1352 1838 1442 1861 tamen
1465 1833 1612 1868 aliquando
1635 1841 1683 1861 eos
1706 1841 1796 1860 sermo
1826 1840 1871 1859 cx-

1087 1879 1205 1914 primere
1218 1878 1323 1912 nequit.
1338 1877 1366 1905 Si
1383 1878 1458 1904 enim
1473 1885 1567 1912 posses
1588 1877 1680 1908 cdere.
1696 1882 1724 1904 et
1739 1878 1766 1904 in
1787 1877 1871 1904 lucem

1087 1923 1194 1956 eﬂ‘erre,
1208 1928 1273 1957 tunc
1287 1923 1368 1951 etiam
1385 1923 1487 1950 donum
1501 1923 1671 1958 aliquantum
1691 1923 1803 1957 majoris
1828 1929 1871 1949 co-

1087 1970 1229 2005 gnitionis,
1240 1975 1267 1997 et.
1281 1969 1316 1996 ab
1331 1970 1523 1996 universorum
1545 1969 1599 1996 Deo
1617 1968 1754 1996 charisma
1780 1969 1870 2002 quale-

1087 2023 1195 2050 cunque
1209 2015 1322 2042 haberet
1331 2015 1370 2041 ⁵⁴⁸.

1123 2061 1283 2096 Paradigma
1306 2060 1388 2088 breve
1403 2060 1429 2087 in
1445 2060 1515 2087 hanc
1539 2067 1596 2087 rem
1623 2059 1782 2086 achrcmus.
1804 2057 1869 2085 Utsi

1086 2106 1148 2142 quis
1163 2106 1196 2133 ad
1215 2106 1340 2133 homines
1358 2106 1472 2133 diversa:
1484 2105 1586 2140 linguze
1614 2104 1734 2135 venerit,
1750 2108 1780 2131 et
1804 2108 1870 2130 tem-

1087 2159 1152 2187 pore
1184 2156 1317 2187 quantum
1346 2152 1480 2186 placuerit
1519 2151 1592 2186 apud
1616 2158 1664 2178 eos
1693 2152 1864 2183 consumpto.

1087 2205 1169 2225 voces
1183 2196 1294 2233 quidem
1312 2197 1385 2232 ipsas
1405 2197 1549 2232 intelligat,
1562 2204 1609 2224 eas
1633 2201 1723 2223 tamen
1741 2203 1790 2222 ore
1813 2200 1870 2229 pro-

1086 2242 1213 2270 nuntiare
1247 2247 1376 2277 nequeat,
1407 2250 1459 2270 uee
1491 2243 1546 2270 ullo
1584 2241 1666 2269 modo
1715 2241 1868 2271 dialeetum.

244 2286 341 2314 debis:
355 2287 414 2315 Non
434 2289 490 2316 vidi
507 2289 606 2317 faciem
629 2289 716 2317 oculis
732 2289 875 2324 corporis;
890 2289 1029 2324 quomodo
1045 2289 1068 2318 D
1081 2297 1129 2317 seu
1145 2288 1309 2324 peculiarem
1325 2290 1399 2324 genti
1414 2289 1534 2324 linguam
1559 2296 1609 2316 sua
1635 2287 1726 2322 lingua
1750 2292 1868 2313 versare.

244 2331 320 2359 enim
350 2333 513 2368 consopitus
540 2334 743 2362 vidcrem?sed
769 2334 871 2362 mentis
885 2339 914 2362 et
934 2335 1031 2362 anima:

244 2377 369 2412 pupillis,
390 2378 442 2406 hoc
454 2385 560 2408 certum
576 2384 627 2408 est.
644 2380 671 2409 Si
689 2381 748 2408 haec
765 2380 833 2408 mihi
853 2380 1029 2415 respondeas,

243 2421 272 2449 id
296 2423 376 2457 dicis,
405 2425 478 2460 quod
506 2431 643 2453 amantem
669 2426 793 2454 veritatis
825 2425 915 2459 decet,
928 2430 956 2453 et
979 2433 1030 2461 ego

243 2469 432 2498 testimonium
449 2471 498 2499 tibi
514 2471 609 2503 feram,
621 2476 649 2500 et
664 2471 809 2500 assentiar.
823 2471 888 2499 Tale
913 2471 978 2506 quid
995 2471 1030 2498 de

1084 2335 1149 2363 Tale
1162 2334 1245 2370 igitur
1260 2338 1289 2362 et
1303 2334 1372 2362 mihi
1390 2342 1440 2362 usu
1460 2333 1545 2361 venit.
1569 2333 1686 2361 Sensum
1706 2339 1739 2359 ac
1754 2335 1868 2358 mentem

1084 2381 1249 2416 scriptorum
1265 2380 1369 2415 optime
1389 2379 1531 2415 percipio;
1544 2379 1591 2407 sed
1605 2387 1666 2414 qua:
1684 2377 1805 2413 percepi,
1817 2383 1867 2403 non

1084 2425 1167 2453 etiam
1180 2425 1274 2460 lingua
1289 2425 1451 2460 depromere
1468 2432 1590 2459 possum.
1610 2423 1662 2451 Sed
1692 2423 1766 2450 unde
1793 2420 1870 2448 deﬂe-

1085 2472 1184 2503 ximus,
1200 2479 1233 2499 eo
1258 2479 1353 2499 rursus
1376 2470 1558 2501 redeundum,
1573 2475 1600 2498 et
1631 2469 1758 2504 probatio
1787 2467 1868 2501 major

991 2542 1130 2574 Scholia.

277 2605 285 2614 ‘
300 2603 451 2640 Sciendum,
466 2603 539 2631 aliud
561 2612 615 2640 esse
634 2606 804 2640 paradigma.
825 2606 900 2632 aliud
919 2606 1032 2640 parabo-

243 2640 309 2667 lam.
321 2639 486 2673 Paradigma
510 2639 616 2673 quidem
629 2644 676 2671 est,
689 2641 710 2666 si
726 2639 812 2668 simile
832 2640 913 2668 simili
939 2642 1031 2672 confe-

243 2683 314 2705 ram,
329 2677 353 2700 et
368 2682 521 2709 componam
535 2682 544 2700 :
557 2678 586 2700 ut
610 2675 742 2701 rationale
766 2684 825 2702 cum
855 2675 991 2707 rationali,
1006 2680 1029 2702 et

242 2709 354 2736 rationis
374 2717 466 2743 expers
480 2717 539 2735 cum
554 2709 665 2744 rationis
681 2715 796 2744 experte.
816 2710 958 2740 l’arubola,
972 2718 1031 2736 cum

243 2744 445 2779 irtwqxtale,seu
475 2743 600 2779 dissimile
616 2751 673 2769 cum
700 2745 832 2776 dissimili,
843 2749 871 2771 ut
900 2746 1031 2771 hominem

245 2777 308 2805 cunt
323 2778 406 2814 leone,
419 2783 465 2805 aut
480 2777 584 2812 planta,
597 2783 644 2804 aut
661 2779 714 2805 alio
730 2780 889 2814 Itujusmorti.

282 2815 302 2824 “
317 2813 532 2848 Comparationes
557 2814 625 2840 enim
643 2814 671 2840 in
694 2815 733 2840 liis
760 2813 819 2849 qua:
835 2815 951 2847 ejusdem
970 2819 1031 2840 sunt

245 2849 489 2882 generis,adltiberi
512 2853 699 2883 consueuerunt
712 2857 720 2874 :
733 2857 764 2876 ex
786 2849 912 2876 similibus
937 2849 1032 2883 quippe

247 2882 344 2909 similia
372 2883 518 2909 discuntur.
537 2882 576 2909 Ne
592 2883 673 2917 igitur
689 2885 777 2910 omnia
804 2885 829 2910 in
849 2882 1031 2918 poradigmato

251 2918 406 2951 "cspomlere
420 2918 544 2951 postules,
559 2923 603 2944 aut
617 2919 642 2944 in
661 2923 731 2953 typo,
744 2925 788 2946 aut
806 2920 831 2946 in
845 2919 968 2954 imagine.
982 2918 1033 2946 Nec

1086 2607 1157 2632 enim
1182 2605 1238 2637 iam
1263 2606 1433 2639 paradigma,
1454 2609 1501 2631 aut
1528 2608 1614 2639 typus,
1627 2607 1673 2629 aut
1689 2603 1780 2639 imago
1797 2605 1866 2631 esset,

1085 2641 1108 2667 si
1119 2634 1224 2667 haberet
1236 2634 1326 2666 omnia
1338 2634 1466 2669 ulisolutr,
1477 2634 1573 2674 quaz'i'n
1587 2639 1644 2673 ipsa
1661 2645 1688 2664 re
1701 2634 1760 2665 uere
1772 2637 1866 2667 insunt,

1085 2676 1130 2702 sed
1145 2675 1213 2701 idem
1230 2683 1347 2706 prorsus.

1122 2710 1152 2720 “‘
1168 2709 1338 2737 Gennadius.
1354 2709 1399 2736 list
1408 2710 1476 2736 enim
1484 2709 1607 2743 cognitio,
1618 2715 1676 2742 qum
1692 2714 1812 2733 sermone
1825 2713 1866 2732 cx-

1085 2744 1180 2779 plicari
1195 2749 1277 2777 potest
1299 2744 1394 2777 absque
1418 2751 1536 2770 sermone
1552 2748 1595 2770 :et
1614 2747 1651 2768 est
1673 2743 1786 2779 cognitio
1812 2748 1866 2779 cum

1084 2776 1213 2806 sermone.
1231 2779 1296 2805 Sunt
1315 2776 1383 2805 cuiin
1400 2779 1487 2809 multi,
1510 2778 1684 2813 cognitionem
1705 2776 1808 2813 quidem
1823 2776 1867 2801 Ita-

1086 2814 1183 2843 beules,
1195 2822 1341 2840 sermonem
1360 2822 1525 2848 nequaquam
1535 2811 1548 2845 ξ
1558 2818 1584 2839 ut
1606 2812 1704 2843 irtiolrv,
1722 2817 1745 2838 ει
1760 2811 1805 2846 qui
1819 2816 1865 2848 710i!

1088 2853 1195 2882 possunt
1207 2849 1358 2882 signiﬁcare
1373 2847 1403 2876 ac
1418 2849 1509 2875 docere
1521 2847 1665 2883 perspicuo,
1678 2854 1736 2880 qua:
1747 2848 1774 2873 in
1788 2847 1866 2872 mente

1088 2883 1191 2915 littllt’nl,
1202 2889 1224 2910 et
1240 2883 1363 2918 proferre,
1375 2884 1455 2910 iloutrr
1474 2884 1541 2910 Deus
1558 2883 1595 2909 liis
1612 2889 1759 2908 scrmonnn
1776 2883 1863 2908 intuor-

1090 2924 1185 2945 lll‘t‘i‘ll.
