2032 3156
195 209 248 241 865

915 205 1094 237 DIOPTRA.

1762 208 1823 242 866

195 256 321 300 ponenda
340 264 368 291 in
384 270 480 291 eorum
494 262 677 299 gratiam,qui
693 269 737 289 res
757 261 856 289 animat
872 269 888 288 e
901 262 981 289 testi-
997 268 1017 295 Α
1034 269 1115 297 quam
1137 262 1204 297 justi
1224 267 1289 290 sunt
1316 263 1453 298 adepturi,
1479 263 1602 298 quando,
1619 268 1648 291 ut
1669 263 1823 298 docuimus,

194 309 294 337 moniis
310 309 528 344 Seripturarum,
552 313 581 337 et
596 309 721 336 doctrina
750 316 827 336 sacra
844 308 984 343 perdisce-

193 362 222 382 re
239 355 364 389 cupiunt.
375 355 425 382 Per
436 361 498 389 qua:
508 353 749 389 quantumjanimze
761 352 869 379 valeant
878 351 984 387 perspi-

193 401 260 428 cias.
276 400 377 428 Verum
393 407 454 435 age,
467 407 529 434 quae
545 399 589 426 hic
604 399 706 433 scripta
723 401 789 425 sunt
805 397 880 424 audi.

325 455 366 482 Ea:
379 455 480 490 Cyrillo
495 455 649 490 patriarcha
665 453 856 481 Alexandrino.

228 514 354 541 Rationis
370 521 465 548 capax,
478 516 506 540 et
523 502 792 547 intelligens-anima,
804 515 865 545 post
878 510 981 537 disces-

191 568 253 587 sum
270 567 304 587 ex
321 559 373 586 hoc
396 567 513 594 corpore
533 564 560 586 et
583 558 662 589 VlVil,
676 561 704 584 et
720 561 874 592 permanet,
897 560 925 582 et
942 556 984 582 lo-

197 606 294 640 quitur
312 610 507 641 congruenter.
519 610 546 632 et
563 608 694 639 operatur
709 603 847 635 similiter,
863 609 918 629 non
930 601 981 629 sub
1016 627 1022 632 ,

191 651 320 687 imagine,
348 651 396 679 sed
425 659 489 679 vere
516 655 543 678 et
560 648 788 680 substantialiter,
808 655 871 682 erga
895 647 982 674 Deum

191 697 297 724 habens
326 696 466 727 liduciant,
487 704 542 731 quo
564 696 679 731 jubente
710 693 830 720 mittitur
854 692 883 730 in
912 692 983 720 hanc

189 743 286 775 vitam,
303 747 414 777 propter
443 742 560 769 aliorum
576 741 726 767 multorutn
746 737 981 766 commoditatem.

191 787 298 816 Etenim
313 796 375 815 cum
388 796 497 823 semper
513 792 666 819 moveatur,
682 793 822 820 nunquam
846 792 900 812 non
916 784 982 820 agit.

190 835 264 862 Deus
290 835 384 869 utique
406 842 461 861 non
489 837 533 861 est
562 837 746 864 mortuorum,
769 830 819 858 sed
845 830 981 861 vivorum,

190 887 289 918 omnes
314 881 388 907 enim
411 879 450 907 illi
478 879 587 907 vivunt.
603 878 680 912 Quod
702 878 724 905 si
751 884 806 904 non
833 882 984 911 operantur

191 927 288 954 anima:
302 932 344 961 (ut
358 926 451 954 multis
466 926 578 961 placet),
591 932 681 960 neque
695 924 779 952 etiam
797 924 905 951 vivunt.
916 922 984 950 Nam

192 981 246 999 non
265 973 384 1007 operari,
396 979 544 1007 corporum
558 976 601 999 est
616 974 799 1002 mortuorum,
811 973 839 996 et
853 968 984 995 immobi-

195 1019 274 1045 lium.
287 1019 359 1046 Deus
379 1019 536 1054 spirituum,
554 1022 581 1044 et
597 1017 687 1044 omnis
700 1016 801 1044 carnis.
816 1016 888 1043 Deus
902 1015 984 1050 spiri—

199 1069 286 1098 tuum,
298 1065 426 1092 videlicet
439 1065 602 1092 animarum.
615 1064 700 1090 Aiunt
713 1063 805 1097 itaque
817 1066 874 1089 tres
888 1061 982 1096 pueri:

201 1122 210 1137 ι
232 1112 398 1144 Benedicite,
422 1110 535 1145 spiritus
556 1114 584 1137 et
603 1109 701 1136 animae
720 1109 868 1144 justorum,
893 1107 980 1134 Domi-

194 1158 300 1186 no”-“.
308 1157 398 1190 »Ωιιού
407 1156 554 1183 laudantet
563 1155 868 1188 benedicuutjustorum
876 1153 983 1186 animm,

194 1211 248 1230 non
265 1207 307 1230 cst
320 1201 527 1234 dormientium,
549 1207 600 1228 nec
619 1199 782 1227 otiosorum.
798 1199 832 1226 Et
843 1199 892 1234 qui
909 1198 984 1226 videt

195 1248 303 1274 animas
317 1251 488 1279 sanctorum,
501 1245 608 1272 animas
621 1249 779 1272 sanctorum
790 1243 875 1271 videt.
889 1244 923 1271 Et
935 1243 983 1278 qui

195 1293 269 1320 videt
284 1292 441 1327 angelorum
458 1291 603 1322 visionem,
622 1290 733 1325 angelos
759 1289 843 1316 videt.
858 1288 892 1316 Et
914 1288 982 1315 ordo

195 1339 221 1366 iu
238 1339 362 1366 ordinem
377 1346 432 1365 non
449 1341 636 1368 convertetur,
650 1338 746 1370 etquae
763 1339 918 1369 sequuntur
930 1334 981 1369 (α).

228 1385 325 1412 Amm.
351 1384 378 1410 Si
405 1385 488 1419 igitur
514 1382 690 1409 verissimum
709 1386 761 1413 est,
783 1385 813 1407 ut
831 1385 874 1408 est
890 1380 980 1415 plane,

195 1433 300 1458 animas
331 1431 466 1457 bonorum
493 1429 521 1456 in
550 1428 649 1456 curtum
678 1427 807 1459 subvehi,
835 1426 863 1453 in
881 1425 983 1461 quibus

195 1477 262 1505 locis
289 1477 336 1504 Dei
354 1476 451 1508 Filius,
474 1483 556 1510 super
577 1474 689 1506 throno,
708 1473 742 1500 ad
768 1472 909 1500 dexteram
933 1470 982 1498 Dei

195 1524 283 1552 Patris
309 1523 421 1556 residet,
437 1527 466 1550 ut
483 1522 616 1556 scriptum
631 1515 718 1552 est”,
731 1523 759 1546 et
775 1517 982 1546 miuistratorize

195 1571 312 1598 virtutes
335 1578 397 1596 cum
419 1569 516 1596 timore
543 1568 749 1598 circumastant,
772 1569 802 1592 ut
825 1565 882 1601 jam
901 1569 982 1592 antea

195 1616 317 1644 secundo
340 1615 412 1642 libro
430 1614 559 1646 docuisti,
574 1613 730 1640 evehuntur
743 1617 848 1644 autent,
862 1615 893 1638 ut
910 1618 980 1645 praa-
995 1614 1016 1643 ο

196 1662 249 1689 mia
271 1668 434 1688 coronarum
455 1659 601 1694 accipiant,
617 1657 729 1693 quando
749 1657 838 1686 Judex
858 1657 983 1684 omnium

196 1707 229 1734 ad
240 1707 373 1742 judicium
392 1705 578 1733 exercendum
594 1704 712 1735 venerit,
723 1711 789 1730 num
806 1707 878 1730 tanta
896 1703 982 1737 gloria

195 1752 296 1788 poterit
310 1751 469 1787 contingere
480 1751 620 1786 quidpiam
629 1749 796 1786 jucundius?
811 1749 844 1776 Et
858 1756 982 1784 quanam

195 1798 308 1825 omnino
324 1797 411 1833 gloria
427 1797 478 1824 hac
490 1795 664 1832 praestantior
679 1796 837 1830 contingat:
852 1799 900 1821 aut
912 1802 982 1828 quo-

196 1843 277 1871 modo
298 1843 466 1878 gloriﬁcetur
485 1850 569 1878 penes
581 1842 655 1878 quod
681 1846 723 1869 est
749 1841 840 1869 omnis
855 1841 982 1876 gloria,et

195 1889 308 1924 gloriam
341 1896 450 1916 omnetn
477 1895 689 1922 sermonemque
727 1887 881 1921 superans?
903 1885 982 1920 Apud

195 1943 278 1970 quem
294 1941 359 1962 sunt
385 1941 483 1961 omnes
508 1932 609 1961 divina:
632 1931 726 1967 gloria:
757 1931 889 1958 thesauri.
915 1931 983 1958 Nam

196 1981 270 2017 quod
285 1981 394 2016 pieuum
410 1985 463 2014 est,
477 1984 589 2007 externa
604 1978 763 2006 accessione
780 1976 852 2004 haud
866 1976 980 2011 indiget.

196 2028 347 2055 Animabus
364 2031 456 2054 autem
482 2030 588 2052 tantum
607 2023 766 2058 impertitur
781 2022 874 2058 gloriae
887 2027 917 2050 et
929 2022 984 2050 cla-

196 2075 294 2107 ritatis,
309 2073 401 2100 habita
413 2071 519 2099 ratione
532 2071 666 2106 cujusque
679 2069 853 2102 meritorum,
869 2074 899 2097 ut
912 2069 983 2096 mul-

196 2126 252 2147 tum
267 2119 350 2148 etiam
367 2117 495 2153 supersit.
506 2116 579 2144 idem
596 2115 702 2151 angelis
715 2114 745 2141 ﬁt
755 2116 773 2142 '.

227 2167 310 2194 Cano.
327 2166 405 2193 Nunc
422 2172 485 2200 pars
501 2163 609 2190 modica
623 2162 715 2198 gloria;
740 2162 814 2190 illius
835 2163 981 2195 universae,

194 2217 242 2240 aut
257 2212 354 2247 pignus
371 2210 463 2246 potius
488 2208 625 2244 quoddam
645 2207 819 2240 conceditur.
837 2207 908 2234 unde
921 2212 981 2235 tan-

193 2266 275 2295 quam
292 2266 325 2285 ex
345 2264 434 2292 ungue
451 2255 559 2283 leonem
581 2254 722 2290 conjiuias,
736 2253 840 2289 glorize,
855 2254 979 2288 inquam,

230 2324 290 2339 “'”
306 2323 374 2350 Dan.
389 2330 429 2354 ιιι,
447 2321 491 2348 86.
532 2319 553 2335 ⁸³
571 2319 676 2346 Coloss.
690 2326 731 2351 ιιι,
751 2319 776 2345 l.

817 2319 850 2334 ¹¹⁵
862 2318 941 2346 Joan.
956 2327 1003 2354 xx,
1019 2319 1066 2347 21.

1036 306 1064 333 in
1080 307 1167 342 gloria
1182 307 1336 342 iudicatum
1361 309 1481 342 venerit.
1497 314 1523 336 et
1553 316 1670 344 corpora
1700 310 1824 339 rediviva

1035 352 1197 387 prodibant,
1211 358 1242 380 ut
1260 353 1343 381 simul
1372 355 1458 390 gloria
1486 355 1641 382 afﬁciantur
1664 359 1693 383 et
1708 356 1823 391 majore,

1033 403 1061 425 et
1085 398 1246 434 insigniore,
1267 403 1295 427 et
1314 401 1444 435 gaudium
1462 408 1495 428 ex
1518 401 1628 436 gaudio.
1653 401 1767 437 gloriam
1789 409 1824 429 ex

1034 443 1119 477 gloria
1135 444 1300 478 percipiant,
1314 451 1448 480 praesente
1461 446 1516 481 jam
1529 445 1582 473 line
1595 446 1686 473 saeculi
1699 453 1762 473 cum
1774 446 1824 473 Do.

1034 491 1125 518 minus
1133 491 1166 517 ad
1174 491 1256 519 linem
1268 492 1351 519 rebus
1359 492 1545 520 inducendum
1554 494 1673 525 venerit,
1683 497 1713 519 ut
1722 492 1778 519 dixi
1791 490 1825 520 “.'

1067 537 1183 570 Quando
1215 537 1299 572 igitur
1317 538 1455 565 ‘Salvator
1471 546 1633 574 exsurgens
1648 547 1663 566 e
1681 539 1822 574 sepulcro,

1033 583 1200 618 primunrad
1224 583 1374 618 discipulos
1404 584 1479 611 intus
1499 589 1678 619 congregatos
1697 588 1824 617 accessu,

1033 634 1062 657 et
1094 636 1189 664 pacem
1222 629 1300 657 dedit
1315 629 1336 645 “
1348 631 1368 662 ',
1382 634 1411 657 ut
1439 630 1567 664 princeps
1596 630 1672 665 pacis
1684 630 1707 645 ”
1722 637 1826 657 munus

1034 675 1183 702 maximum
1201 675 1326 703 divinum
1344 676 1473 710 spiritum
1487 675 1527 702 eis
1539 676 1666 703 donavit.

1069 722 1166 749 Astu.
1183 723 1254 750 Num
1278 722 1398 758 perfecte
1410 729 1438 750 et
1454 723 1561 758 integre
1588 722 1717 758 spiritum
1744 729 1825 750 acce-

1034 774 1144 804 perunt,
1154 773 1202 795 aut
1216 768 1284 803 quid
1304 768 1431 796 tandem?

1068 813 1150 840 Cano.
1174 813 1213 840 Ne
1231 812 1305 840 istud
1335 812 1449 848 cogites,
1462 819 1532 840 neve
1557 812 1710 845 dieas,non
1725 817 1823 846 totum,

1036 863 1227 899 unum‘autem
1260 862 1326 886 tunc
1353 858 1502 890 charisma,
1516 858 1641 886 solvendi
1667 859 1825 894 ligandiqne

1036 904 1195 931 hominibus
1224 909 1334 939 peccata
1367 909 1541 939 acceperunt.
1569 905 1637 932 Cum
1667 905 1825 932 advenisset

1037 954 1130 977 autem
1158 950 1312 977 destinatus
1342 950 1413 982 dies,
1442 950 1570 985 discipuli
1596 951 1712 986 gratiam
1739 956 1824 978 totam

1036 994 1151 1029 spiritus
1173 1000 1351 1030 acceperunt.
1371 995 1466 1023 Simile
1492 995 1527 1023 de
1553 997 1697 1024 animabus
1723 997 1824 1031 cogita,

1035 1047 1096 1067 cum
1110 1040 1244 1076 judicium
1260 1041 1507 1077 venerit,etrjudex
1517 1041 1670 1074 sedcrit,ut
1686 1042 1714 1069 iu
1730 1050 1759 1069 ιιι
1774 1042 1825 1069 lib.

1035 1086 1140 1113 dictum
1154 1090 1205 1114 est.
1221 1086 1300 1114 Nune
1323 1087 1406 1114 etiam
1429 1095 1514 1122 super
1530 1088 1583 1115 hoc
1601 1088 1758 1124 paradigma
1776 1096 1825 1123 po-

1035 1132 1168 1159 nendum.
1185 1131 1219 1158 Et
1234 1132 1344 1167 plurimi
1365 1137 1393 1160 et
1408 1133 1506 1168 optimi
1521 1133 1574 1160 viri
1596 1134 1622 1160 in
1645 1134 1727 1169 regali
1748 1134 1822 1168 pala-

1036 1177 1074 1204 tio
1102 1178 1216 1211 degunt.
1238 1181 1267 1204 et
1292 1182 1417 1213 tempore
1440 1178 1582 1214 aliquanto
1610 1179 1667 1214 regi
1689 1179 1823 1214 serviunt,

1033 1230 1098 1250 eum
1127 1223 1273 1250 intuentur
1298 1223 1424 1258 quotidie
1461 1229 1489 1252 et
1511 1230 1605 1252 amant
1623 1233 1631 1252 :
1646 1232 1703 1252 non
1732 1230 1825 1254 tamen

1032 1269 1125 1296 statim
1149 1269 1285 1296 honorum
1306 1271 1419 1305 praemia
1443 1275 1661 1305 consequuntur,
1680 1271 1727 1298 sed
1751 1276 1824 1306 post,

1034 1321 1065 1343 ut
1082 1321 1233 1348 merentur,
1247 1316 1282 1343 ita
1298 1317 1339 1344 eis
1359 1317 1447 1352 gratia
1462 1317 1591 1350 refertur,
1606 1322 1634 1344 et
1653 1317 1824 1350 conditione,

1032 1366 1061 1389 et
1077 1363 1237 1395 notuine,et
1250 1363 1396 1395 ordine,et
1408 1363 1484 1390 omni
1496 1363 1660 1398 dignitatum
1676 1363 1824 1398 splendore

1032 1409 1258 1436 cohonestantur.
1269 1409 1329 1436 Non
1346 1409 1495 1437 admodum
1512 1409 1653 1437 dissimilis
1665 1414 1707 1437 est
1718 1410 1824 1437 anima-

1033 1463 1094 1482 rqu
1112 1455 1227 1482 ratio.ln
1241 1455 1317 1482 emlis
1330 1455 1441 1490 quidem
1456 1455 1576 1490 perfecte
1588 1455 1727 1487 habitant,
1743 1454 1826 1482 Crea-

1033 1501 1142 1536 torique
1157 1500 1328 1534 assistentes,
1339 1509 1402 1528 eum
1417 1500 1638 1536 contemplantur
1649 1504 1677 1527 et
1688 1501 1823 1535 gaudent.

1033 1547 1087 1574 Sed
1100 1554 1163 1574 cum
1187 1545 1298 1574 tandem
1321 1554 1423 1582 corpus
1447 1553 1557 1582 quoque
1572 1546 1599 1573 in
1619 1546 1826 1573 resurrectione

1033 1593 1080 1621 illa
1093 1594 1216 1621 omnium
1234 1594 1375 1621 communi
1395 1595 1562 1630 receperint,
1584 1598 1651 1621 tunc
1665 1594 1746 1620 etiam
1763 1600 1827 1628 gra-

1032 1641 1079 1669 tiae
1095 1642 1210 1676 gloriam
1232 1647 1260 1670 et
1281 1642 1406 1670 laborum
1425 1642 1536 1678 praemia
1551 1642 1726 1677 plenissima,
1742 1647 1824 1669 coro-

1035 1692 1139 1723 nasque
1151 1689 1353 1724 adipiscentur.

1332 1753 1446 1782 CAPUT
1464 1753 1547 1780 XVII.

1034 1808 1166 1837 Christum
1181 1818 1240 1836 cum
1258 1811 1361 1837 latrone
1374 1810 1401 1836 in
1415 1809 1570 1844 paradisum
1584 1807 1661 1835 illum
1672 1811 1823 1834 terrestrem

1069 1853 1122 1871 non
1146 1845 1288 1884 introiisse.
1304 1852 1357 1884 nec_
1382 1844 1466 1870 ullam
1493 1845 1646 1883 animarum
1671 1847 1825 1869 sanctorum

1069 1884 1126 1914 post
1139 1880 1196 1913 ejus
1218 1880 1433 1906 resurrectionem
1450 1887 1481 1905 eo
1499 1878 1625 1904 introire.

1067 1935 1178 1963 Christo
1196 1936 1374 1968 crueilixo,et
1386 1931 1418 1962 in.
1436 1935 1521 1962 vitam
1546 1940 1671 1968 reverso,
1683 1940 1757 1961 nunc
1768 1933 1824 1969 jam

1033 1982 1114 2010 nobis
1139 1982 1265 2010 ﬁdelibus
1281 1986 1343 2018 post
1359 1986 1523 2017 praesentem
1540 1981 1625 2009 vitam
1644 1980 1780 2013 terrestri,
1794 1986 1822 2007 ct

1033 2029 1086 2057 sub
1102 2036 1212 2056 sensum
1225 2029 1340 2056 cadente
1354 2028 1482 2064 paradiso
1496 2036 1552 2055 non
1567 2032 1609 2056 est
1622 2035 1703 2062 opus,
1715 2027 1820 2061 ingrcs-

1033 2083 1064 2103 su
1085 2075 1113 2103 in
1139 2075 1239 2102 malum
1275 2074 1405 2101 omnibus
1443 2073 1591 2109 patefacto,
1620 2073 1824 2100 exsultantibus

1032 2129 1142 2157 semper
1157 2121 1228 2156 apud
1242 2121 1387 2156 ipsum,-ut
1401 2126 1430 2149 et
1445 2128 1496 2148 nos
1514 2121 1612 2152 simus,
1627 2120 1674 2147 ubi
1692 2119 1751 2154 ipse
1769 2124 1822 2146 est.

1032 2164 1078 2192 Ait
1106 2165 1192 2198 enim,
1208 2174 1217 2190 ι
1235 2169 1265 2192 ιιι
1290 2164 1336 2192 ubi
1357 2172 1408 2200 ego
1429 2172 1500 2197 sum,
1513 2169 1541 2192 et
1558 2172 1611 2191 vos
1631 2164 1732 2191 sitis”.
1745 2164 1822 2196 Quod

1033 2218 1116 2246 porro
1132 2211 1316 2239 Damascenus
1336 2211 1385 2244 ait,
1415 2211 1442 2238 in
1467 2212 1595 2246 sepulcro
1609 2218 1735 2245 corpore,
1751 2210 1822 2244 apud

1033 2256 1137 2295 inferos
1146 2257 1248 2290 anima,
1260 2258 1370 2286 utDeus
1379 2259 1406 2285 in
1418 2258 1544 2293 paradiso
1560 2265 1623 2285 cum
1639 2257 1776 2292 latrone(l
1785 2257 1824 2291 7),

1106 2321 1193 2348 1‘Isa.
1211 2329 1247 2354 Ix,
1260 2321 1286 2348 ϐ.
1327 2321 1349 2337 ⁸⁵
1363 2320 1442 2348 Joan.
1457 2328 1514 2352 xlv,
1533 2320 1558 2346 5.

808 2377 918 2407 Jacobi
933 2377 1071 2408 Gretscri
1095 2383 1188 2409 notae.

231 2445 284 2481 (l7)
300 2443 384 2481 Docet
399 2446 494 2469 auctor
511 2441 646 2481 latronem
664 2439 699 2481 'in
717 2438 874 2481 paradisum
890 2444 979 2481 terre-

193 2473 282 2510 strem
304 2478 445 2504 inductum
463 2484 496 2503 ex
519 2476 565 2502 illo
583 2473 720 2509 promisso
745 2474 870 2510 Christi:
893 2473 979 2500 Hodie

195 2509 297 2543 mecum
313 2514 363 2539 eris
377 2513 405 2538 in
426 2511 561 2545 paradiso.
583 2511 635 2538 Sed
648 2509 802 2536 communis
814 2513 920 2545 etivera
935 2517 983 2536 ex-

195 2549 297 2586 positio
313 2551 356 2586 est
370 2544 508 2586 Clirislum
530 2546 630 2572 latroni
646 2545 699 2571 illis
711 2544 804 2586 verbis
821 2544 983 2586 promisisse

196 2579 329 2612 insinuem
346 2581 510 2610 beatilicam.
523 2587 637 2613 eamque
651 2580 769 2613 paradisi
780 2579 891 2606 nomine
908 2579 983 2606 desi-

194 2627 303 2656 gnasse.
323 2617 399 2656 Vide
418 2615 736 2656 Franciscum"suarm,
765 2619 831 2654 tom.
844 2614 871 2656 Ill
890 2615 936 2641 5-5
955 2622 981 2648 p.

239 2655 352 2682 TilOllliB
368 2652 402 2679 ad
425 2654 478 2677 art.
495 2658 524 2683 ιι,
539 2658 565 2685 q.
584 2649 627 2676 46.
644 2649 672 2676 ln
692 2650 799 2677 ueteris
825 2650 905 2683 plane
922 2658 978 2675 non

1032 2440 1105 2467 favet
1125 2440 1237 2476 Dioptra
1251 2440 1338 2468 errori
1357 2437 1822 2476 recentiorttm_l}r:ccoruni,asse-

1034 2477 1165 2507 rentium,
1177 2470 1297 2503 'animam
1310 2476 1448 2510 justorum
1461 2479 1524 2500 ante
1535 2473 1608 2510 diem
1621 2470 1717 2506 judicii
1734 2471 1823 2497 beati-

1034 2511 1129 2538 tudine
1154 2519 1206 2537 non
1227 2507 1341 2545 perluit.
1362 2510 1420 2536 lmo
1444 2510 1577 2545 adversus
1602 2507 1676 2545 hunc
1700 2513 1821 2532 erronem

1033 2546 1124 2572 omnia
1143 2541 1234 2572 veer
1251 2546 1367 2580 bioptrw
1392 2545 1443 2571 hoc
1462 2544 1559 2580 eodem
1584 2541 1674 2580 capite
1698 2548 1820 2580 pugnare

1034 2581 1175 2607 videntur.
1192 2581 1228 2607 De
1246 2575 1306 2614 quo.
1320 2579 1403 2606 multa
1418 2580 1499 2605 etiam
1515 2575 1673 2614 Gennadius
1688 2575 1821 2614 adversus

1033 2617 1179 2650 populares
1197 2610 1262 2642 suos
1284 2615 1394 2642 Grazcos
1422 2614 1450 2641 in
1474 2613 1630 2648 Defensione
1646 2618 1694 2646 pro
1709 2610 1820 2637 concilio

1034 2651 1200 2678 Florentino.

959 2698 1095 2729 Scholia.

231 2751 409 2783 ‘Dionysins.
437 2750 541 2776 Etenim
566 2749 604 2775 ita
625 2749 798 2783 intelligentes
824 2748 979 2782 angelorum

195 2794 305 2816 naturus
321 2782 439 2813 novimus
452 2785 536 2811 adhuc
550 2791 690 2814 assumere,
712 2782 869 2818 scritpet’qite
887 2792 903 2809 a
921 2783 978 2817 glu-

195 2826 234 2850 ritt
252 2825 278 2850 in
304 2823 429 2858 gloriam,
444 2825 474 2858 ret
489 2829 504 2845 ιι
520 2819 665 2858 cognitione
686 2819 712 2844 in
731 2819 949 2853 cognitiunent,el
963 2827 979 2844 a

194 2853 320 2885 churitutve
334 2859 361 2884 in
375 2857 531 2883 charitulem
545 2853 680 2889 proﬁcere.

1069 2752 1088 2759 "
1106 2750 1173 2776 Pars
1192 2758 1312 2784 quamth
1332 2749 1393 2775 doni
1410 2753 1446 2775 est
1466 2748 1627 2784 urr/mbo,_cl
1642 2754 1727 2784 ⁸ρίιιςινᾳ
1745 2750 1820 2784 gutta

1032 2784 1064 2810 de
1081 2786 1168 2818 gratia
1182 2780 1240 2811 illa.
1253 2785 1323 2811 'Iunc
1343 2785 1463 2810 universa
1479 2783 1566 2818 gratia
1582 2782 1647 2818 doni
1662 2780 1758 2818 Christi
1769 2784 1820 2806 tta-

1033 2816 1102 2845 bitur
1113 2820 1271 2851 Itominibus,
1286 2825 1309 2844 ιιι
1326 2820 1432 2845 tristitia
1447 2816 1527 2854 qnam
1543 2817 1637 2854 habent
1654 2816 1750 2854 animi:
1761 2822 1820 2854 nec-

1032 2859 1162 2887 catorum,
1175 2855 1314 2889 infernalis
1325 2851 1528 2888 sunnlicii'pars
1546 2858 1593 2880 cst.
1614 2852 1641 2879 Si
1656 2852 1713 2878 sola
1729 2851 1821 2877 anima

230 2919 267 2952 la)
282 2917 370 2944 Locus
394 2915 501 2950 longior
517 2918 560 2952 est
583 2912 717 2952 fortassis,
732 2912 765 2939 .in
782 2911 861 2939 libris
895 2916 990 2940 contra
1009 2911 1147 2941 Iulianum
1169 2922 1176 2941 :
1192 2917 1219 2941 et
1236 2913 1292 2948 ipsa
1308 2913 1409 2948 scripta
1438 2913 1467 2941 Β.
1481 2913 1574 2948 Cyl-illi
1605 2916 1723 2942 exstant,
1747 2908 1822 2937 unde

195 2954 246 2981 sibi
259 2948 367 2987 reliqua
381 2948 474 2987 petere
491 2951 553 2985 quis
573 2948 844 2984 poterit.-PesT.txus.
