2032 3156
233 204 286 238 867

864 198 1037 231 I’HlLil’Pl
1057 197 1253 231 SOLlTARlI

1800 197 1850 227 868

233 263 262 286 et
287 264 348 292 qua
376 260 541 290 sequuntur,
555 255 589 282 ad
614 255 773 289 opinionem
798 255 1013 283 conﬁrmandam
1028 259 1054 288 Α
1066 263 1215 290 corporum
1247 255 1392 282 exsistant.
1419 261 1481 281 cum
1510 253 1610 287 quibus
1647 257 1808 285 nascuntur,
1825 257 1852 279 et

233 303 303 331 mihi
317 302 398 330 valet.
423 300 528 328 Etenim
547 301 573 327 in
599 301 641 328 his
658 301 787 328 onmibus
802 301 942 328 Christum
957 310 1017 329 esse

233 349 310 381 dicit,
324 349 370 375 sed
385 347 486 374 deitatc
515 346 584 379 sola,
600 354 655 381 qua
681 347 777 382 implet
795 348 896 374 omnia.
911 348 1018 374 Nostrm

232 398 324 421 autem
344 391 433 419 carnis
458 398 546 418 massa
571 390 652 425 plene
681 391 844 421 subsistens,
862 391 889 417 in
919 391 1017 418 ctelum

233 438 365 469 ascendit,
386 442 414 463 et
437 437 508 463 viam
534 437 614 463 nobis
629 437 726 464 eodem
753 437 860 471 aperuit
877 436 1019 467 denuo,ut

233 485 383 512 secundum
397 483 521 510 divinum
538 482 716 517 promissum,
738 482 785 509 ubi
809 482 936 509 Christus
961 483 1019 516 ipse

233 535 274 558 est
288 537 315 558 et
328 538 378 557 nos
401 530 496 557 simus.
519 529 565 555 Ait
590 529 663 555 enim
684 537 690 554 :
709 537 718 554 ι
738 528 797 561 Quo
811 536 862 562 ego
877 528 946 554 vado
973 536 1020 555 vos

232 577 319 608 scitis,
334 580 362 603 et
377 576 448 603 viam
464 575 551 606 scitis,
568 580 599 602 ut
613 575 658 601 ubi
672 582 723 609 ego
734 582 806 607 sum,
828 580 856 601 et
869 581 918 600 vos
929 574 1016 600 sitis,»

232 623 262 649 ln
278 623 350 649 hunc
368 622 441 649 enim
456 627 551 657 raptus
568 621 678 652 Paulus,
698 625 726 647 et
744 621 896 655 ingressus,
911 620 1017 646 audivit

233 677 333 696 arcana
350 668 444 695 verba.
460 669 488 695 In
517 667 685 702 paradisum,
709 675 789 701 quem
807 672 834 693 tu
853 667 931 699 juxta
948 665 1021 692 aﬂir—

233 715 383 742 Inationem
399 714 554 741 divinarum
586 714 752 740 Litterarum
779 713 937 748 cognitione
966 720 1020 739 non

233 761 400 794 assequeris.
413 759 464 786 Sed
483 759 596 786 Paulum
613 759 679 785 mihi
694 759 728 786 de
749 759 801 785 hoc
814 758 847 785 ad
863 758 1021 785 Corinthios

235 807 272 832 ita
298 806 480 832 disserentem
508 804 653 831 considera
675 813 680 830 :
704 813 712 829 ‹
741 804 804 831 Scio
827 804 965 830 hominem
994 804 1020 830 in

234 850 346 876 Christo
362 853 424 876 ante
440 857 527 876 annos
546 849 767 884 quatuordecim,
780 850 910 884 quoniam
929 855 1022 884 raptus

234 900 277 923 est
290 895 317 922 in
328 895 496 929 paradisum,
509 900 536 921 et
552 895 657 921 audivit
667 902 765 921 arcana
777 895 898 922 verba”.
916 905 923 919 ι
945 895 1021 922 Hunc

235 941 392 975 paradisum
419 945 446 967 et
473 949 598 975 magnum
627 941 758 967 Basiliam
783 942 913 975 adeptum
939 942 1019 973 scito,
1039 934 1058 959 Β

235 995 319 1021 super
334 987 433 1014 coslum
450 989 594 1019 caelorum,
608 988 653 1014 ubi
670 987 748 1014 sedet
764 987 849 1014 Filius
872 988 970 1014 Patris.
985 989 1022 1015 De

234 1032 287 1059 hoe
296 1037 399 1064 autem,
411 1038 439 1059 et
451 1041 506 1059 non
518 1033 552 1060 de
569 1033 693 1060 terrestri
709 1033 846 1067 paradiso,
864 1036 946 1060 verba
964 1034 1022 1061 ﬁcri

236 1078 380 1105 conﬁrmat
409 1078 466 1113 ipse
493 1078 603 1111 Paulus,
626 1087 674 1113 per
694 1086 726 1106 ea
742 1086 801 1112 qua:
826 1079 1021 1114 subjiciuntur.

235 1124 382 1158 Postquam
401 1125 475 1151 enim
494 1124 562 1151 dixit
580 1134 586 1151 :
609 1134 618 1150 ‹
637 1125 700 1152 Scio
718 1125 858 1151 hominem
888 1133 975 1160 usque
989 1126 1022 1152 ad

236 1171 346 1197 tertium
368 1171 467 1197 coelum
492 1176 610 1205 raptum,
635 1181 643 1197 ι
658 1171 783 1206 adjungit
797 1172 874 1198 haec:
890 1181 898 1197 ε
914 1172 947 1198 Ει
966 1172 1023 1199 seio

237 1216 394 1252 hujusmodi
417 1217 566 1249 hominem,
582 1217 712 1252 quoniam
728 1222 822 1252 raptus
837 1221 879 1245 est
901 1218 928 1244 in
945 1226 1024 1252 para-

236 1262 336 1290 disum.
350 1272 359 1289 ›
376 1262 447 1295 Quin
463 1263 545 1290 etiam
562 1263 709 1298 signiﬁcat,
731 1272 760 1291 se
784 1265 866 1291 tertio
891 1265 960 1292 coelo
976 1272 1023 1299 pe-

239 1312 348 1335 netrato
372 1308 462 1335 adhuc
490 1309 517 1335 in
546 1317 672 1344 magnam
696 1309 892 1336 sublimitatem
917 1314 1023 1344 raptum

236 1361 307 1386 csse,
325 1354 353 1381 in
364 1362 418 1389 qua
433 1359 475 1382 est
492 1356 550 1389 ipse
577 1356 660 1382 Deus.
676 1355 726 1382 llic
750 1360 793 1382 cst
821 1355 976 1389 paradisus,
997 1355 1024 1382 in

236 1408 318 1435 quem
336 1405 429 1435 raptus
446 1405 489 1427 est
513 1401 626 1432 Paulus,
658 1401 685 1427 in
712 1408 794 1435 quem
821 1401 979 1435 Gregorius,
998 1406 1026 1427 et

237 1454 351 1481 magnus
367 1454 430 1474 cum
448 1446 509 1473 aliis
537 1446 678 1481 ingressus
696 1451 738 1474 est
767 1447 894 1480 Basilius,
918 1447 944 1473 in
964 1447 1024 1474 illii-

237 1492 305 1524 nita,
327 1497 356 1519 et
374 1491 479 1525 divina,
496 1496 525 1519 et
552 1497 654 1520 aeterna
680 1493 752 1520 bona
774 1493 830 1526 illa,
840 1500 901 1527 qua:
929 1493 1027 1520 oculus

237 1536 415 1563 aﬁ'ectionum
445 1537 579 1563 malarum
603 1544 683 1564 emno
707 1537 833 1564 turbidus
866 1545 920 1563 non
945 1537 1024 1569 vidit,

237 1583 310 1609 auris
326 1582 517 1608 incredulitate
533 1582 668 1609 obdurata
684 1591 739 1609 non
757 1583 872 1616 audivit,
886 1588 914 1610 et
928 1584 956 1610 in
977 1591 1024 1610 cor

237 1626 389 1658 sordidum,
402 1627 531 1661 quodque
547 1635 579 1654 ex
595 1632 673 1662 parte
697 1633 804 1655 terrena
824 1629 875 1656 ista
899 1629 1025 1664 degusta-

238 1673 286 1703 vit,
302 1680 356 1699 non
381 1673 573 1700 ascenderunt.
604 1673 699 1701 Totam
721 1675 910 1703 tractationem
936 1676 1024 1703 disse-

238 1718 322 1744 rendo
334 1717 448 1746 absolvi.
458 1726 489 1745 ac
502 1726 552 1752 pro
575 1727 608 1746 co
625 1723 654 1746 ut
668 1720 734 1747 mihi
750 1728 859 1755 quoque
881 1721 1024 1748 scientiam

238 1763 324 1796 dedit,
342 1764 388 1798 qui
421 1765 563 1792 scientiam
584 1766 674 1798 docet,
698 1767 863 1801 qumstiones
884 1769 1024 1803 proposui,

238 1808 446 1843 propositasque
465 1809 581 1837 absolvi.

521 1868 633 1896 CAPUT
649 1869 743 1897 XVIII.

238 1921 333 1949 Rerum
347 1928 442 1958 quarto
459 1924 525 1951 libro
547 1929 772 1960 prrirﬁctatarum
788 1929 1022 1963 anacepltalceosis.

273 1980 357 2008 Docui
384 1987 483 2016 quarto
514 1983 596 2014 libro.
621 1985 760 2017 quomodo
797 1986 879 2012 semel
913 1986 1023 2020 quidem

239 2025 310 2053 Deus
324 2031 429 2054 mentes
440 2028 467 2054 in
483 2029 553 2055 caelo
565 2030 735 2062 produxerit,
745 2035 772 2057 et
793 2032 933 2065 quomodo
954 2033 1024 2059 infra

238 2072 314 2098 omni
333 2072 384 2099 hoc
416 2078 538 2108 tempore
566 2082 705 2109 operetur.
735 2077 878 2108 Quomodo
900 2079 1024 2105 omnium

238 2117 380 2144 hominum
397 2121 494 2148 anitna:
506 2121 624 2155 aequales
644 2122 699 2148 sint
713 2121 785 2149 inter
797 2130 836 2154 se,
845 2123 1024 2158 ejusdemque

237 2163 407 2191 substantiae.
432 2166 607 2193 Coriditorem
636 2175 691 2194 non
723 2168 855 2196 formasse
885 2169 920 2196 ab
945 2170 1024 2198 initio

239 2208 312 2235 hunc
340 2210 450 2243 quidem
475 2211 637 2246 sapientem,
664 2213 740 2240 illum
766 2214 952 2249 insipientem,
973 2225 1024 2244 nec

1068 309 1193 336 quaenam
1208 301 1246 328 rei
1265 308 1358 328 causa.
1372 299 1517 333 Quomodo
1542 299 1702 333 inexplebili
1722 299 1853 334 pneditus

1069 347 1170 374 invidia
1188 347 1272 374 Satan
1286 347 1468 382 cogitationes
1480 346 1564 373 malas
1579 346 1606 372 in
1621 346 1704 373 corde
1719 346 1853 375 seminet;

1069 401 1121 426 qua
1138 392 1244 420 ratione
1266 399 1315 419 nos
1338 400 1397 424 eas,
1414 392 1436 419 si
1454 392 1579 423 velimus,
1599 391 1732 419 radicitus
1757 392 1854 418 exstir-

1070 446 1176 473 pemus.
1191 438 1334 470 Quomodo
1349 437 1476 464 homines
1489 438 1545 464 Deo
1575 437 1740 465 conniventc
1766 444 1855 471 oppu-

1069 489 1143 519 gnet.
1160 484 1275 517 Quando
1291 484 1389 511 anima:
1414 488 1476 518 post
1504 483 1575 510 hanc
1594 484 1678 510 vitam
1692 483 1853 514 amicorum,

1069 530 1343 564 propinquorumque
1372 529 1595 561 reminiscantur,
1613 537 1644 556 ac
1675 529 1788 555 domum
1806 536 1855 563 pro

1070 575 1136 609 ipsis
1162 579 1320 608 precentur,
1343 582 1499 609 quanquam
1527 575 1601 602 solm.
1620 580 1647 601 et
1663 581 1676 600 a
1693 575 1858 609 cerporibus

1069 625 1212 654 separatas.
1226 620 1368 652 Quomodo
1380 621 1493 655 spiritus
1504 620 1616 647 omnino
1631 621 1709 647 vacui
1722 628 1777 646 non
1790 621 1856 646 sint.

1070 667 1118 694 sed
1134 672 1283 702 operentur
1297 667 1400 701 potius,
1414 671 1443 693 ut
1457 666 1725 699 demonstravimus;
1740 667 1791 693 etsi
1807 667 1858 693 hoc

1071 712 1130 739 solo
1144 711 1256 746 praemio
1273 717 1384 739 careant
1398 711 1580 747 (beatitudine
1596 713 1730 747 corporis)
1748 711 1858 746 praeclu-

1073 766 1165 784 rerum
1184 758 1309 785 laborum
1324 762 1450 789 suorum,
1465 758 1530 785 licet
1555 758 1637 784 modo
1663 765 1726 784 cum
1748 757 1858 784 Christo

1073 802 1165 829 vivant
1506 835 1508 838 π

1363 839 1475 868 CAPUT
1490 840 1562 868 XIX.

1074 883 1130 910 Non
1144 893 1202 915 sua,
1212 888 1256 911 sed
1269 886 1355 913 aliena
1369 888 1503 913 voluntate
1522 892 1546 913 et
1558 889 1714 915 auctoritate
1737 889 1772 914 ad
1794 888 1858 914 scrib

1107 920 1218 946 bendum
1246 929 1272 947 se
1302 923 1449 949 accessisse.
1464 922 1559 949 Omnes
1585 925 1698 950 actiones
1727 927 1859 949 nostrasa

1108 955 1163 981 Deo
1178 958 1299 991 pendere.
1321 956 1392 983 Libri
1411 960 1547 991 utriusque
1564 958 1731 985 Testumcuti.
1753 959 1859 984 Diversa

1109 991 1207 1027 scripta
1228 990 1278 1017 SS.
1293 991 1416 1018 Patrum.
1436 990 1571 1024 Quomodo
1586 994 1755 1027 scriptoribus
1775 994 1860 1019 dirum

1110 1025 1209 1051 auxilio
1222 1027 1255 1051 sit
1271 1034 1345 1060 opus.
1366 1026 1439 1053 Unde
1451 1027 1600 1061 profecerit.
1624 1025 1819 1055 Nounutlorum
1830 1035 1860 1054 ex

1110 1061 1215 1086 medicis
1227 1067 1391 1095 sumptorum
1404 1070 1519 1088 summa.

1109 1117 1256 1150 Cteterum,
1287 1119 1381 1146 Patres
1406 1119 1433 1146 in
1460 1119 1582 1151 Christo,
1604 1120 1704 1148 fratres
1726 1127 1753 1148 ct
1770 1121 1859 1153 ami-i,

1074 1171 1155 1190 nemo
1180 1171 1276 1191 eorum
1311 1165 1357 1199 qui
1381 1165 1484 1192 librum
1512 1167 1585 1193 hunc
1616 1168 1781 1200 evolvcrint,
1820 1176 1860 1194 me

1074 1211 1268 1238 ostentationis
1286 1220 1367 1239 causa
1386 1213 1443 1240 hac
1461 1214 1603 1248 scripsisse
1620 1219 1707 1249 putet,
1722 1220 1752 1242 ut
1775 1215 1861 1242 inanis

1075 1257 1167 1291 gloria:
1182 1258 1324 1292 cupidum,
1340 1263 1368 1286 et
1383 1267 1432 1286 sua
1444 1260 1574 1295 opinione
1590 1261 1753 1295 sapientem.
1773 1267 1801 1288 et
1816 1270 1858 1288 ar-

1077 1304 1318 1337 rogantia,morbo
1327 1306 1456 1340 pessimo,
1477 1306 1659 1339 laborantem,
1672 1313 1699 1334 et
1718 1313 1860 1342 propterea

1075 1349 1177 1375 frustra
1190 1349 1265 1377 hunc
1281 1350 1382 1378 librum
1401 1352 1561 1380 confecisse.
1583 1353 1642 1380 Non
1677 1359 1775 1388 sponte
1803 1363 1859 1381 mea

1077 1394 1129 1421 huc
1145 1395 1326 1429 prosilui,scd
1345 1404 1359 1423 a
1378 1397 1513 1432 spirituali
1527 1399 1585 1425 viro
1597 1398 1729 1426 Callinico
1740 1399 1859 1429 nomine.

1077 1439 1103 1465 in
1121 1440 1261 1468 montibus
1276 1441 1463 1476 Moglenorum
1479 1443 1631 1475 habitante,
1648 1445 1714 1471 mihi
1735 1445 1862 1471 commis~

1077 1493 1138 1512 sum
1158 1494 1260 1514 munus
1272 1488 1391 1522 suscepi.
1409 1489 1521 1516 Patrum
1550 1490 1633 1524 igitur
1659 1490 1860 1517 hortatiouibus

1077 1537 1105 1560 et
1118 1534 1262 1568 praeceptis
1280 1534 1391 1566 cedens,
1404 1543 1474 1570 opus
1491 1536 1544 1563 hoc
1559 1544 1607 1570 pro
1623 1536 1730 1563 viribus
1756 1544 1862 1571 Compo—

1077 1581 1131 1613 sui,
1144 1580 1212 1606 nihil
1231 1580 1286 1608 fere
1301 1589 1316 1609 e
1338 1585 1454 1610 cerebro
1471 1591 1542 1615 meo,
1553 1580 1646 1611 verum
1665 1592 1725 1618 qua:
1741 1585 1804 1611 hinc
1820 1585 1860 1610 in-

1077 1629 1111 1655 de
1125 1628 1222 1663 collegi
1235 1634 1262 1655 et
1285 1629 1438 1663 corrogavi,
1449 1629 1502 1656 hoc
1518 1629 1655 1656 volumine
1669 1638 1729 1657 smn
1746 1631 1861 1665 complc-

1076 1680 1137 1705 xus,
1164 1673 1249 1708 ﬁgura
1270 1673 1405 1700 orationis
1429 1674 1456 1700 in
1472 1675 1551 1701 metri
1576 1675 1671 1702 facient
1685 1681 1860 1706 Commutato,

1077 1718 1149 1752 quod
1167 1726 1182 1744 a
1200 1718 1288 1745 doctis
1305 1718 1447 1753 politicum
1461 1723 1587 1750 vocatur,
1607 1719 1715 1745 tametsi
1736 1720 1859 1754 simplex,

1077 1764 1226 1790 barbarum
1250 1769 1278 1791 et
1306 1765 1439 1791 soloecum
1455 1765 1580 1800 insuper,
1596 1769 1626 1791 ut
1645 1765 1679 1792 ab
1698 1765 1809 1792 indocto
1835 1771 1861 1792 et

1077 1808 1156 1842 plane
1169 1808 1296 1843 imperito
1306 1816 1431 1837 sermone
1442 1809 1603 1842 artiﬁcioso,
1618 1811 1664 1838 sed
1676 1818 1729 1838 n0n
1738 1811 1860 1841 scientia,

1076 1854 1260 1887 compositum
1275 1856 1293 1880 '.

1111 1899 1196 1926 Nemo
1210 1899 1292 1934 igitur
1313 1907 1356 1926 me
1374 1899 1496 1934 irrideat,
1517 1908 1586 1928 neve
1608 1910 1674 1930 naso
1701 1903 1858 1937 suspendat-

1075 1944 1142 1971 Nam
1156 1952 1219 1972 cum
1244 1945 1436 1979 obtemperare
1451 1950 1479 1973 et
1502 1946 1600 1974 cedere
1625 1949 1781 1975 statuissent
1806 1956 1861 1976 esse

1076 1990 1221 2024 optimum,
1253 1991 1451 2017 venerabilium
1477 1992 1599 2019 virorum
1637 1994 1794 2020 auctoritati
1822 2003 1861 2020 me

1077 2036 1202 2066 submisi,
1232 2036 1322 2064 sciens
1350 2038 1458 2071 penitus
1489 2038 1612 2065 damnari
1639 2039 1860 2067 inobedientiam.

1076 2081 1236 2108 Obedicntia
1254 2082 1320 2115 vita,
1343 2083 1530 2110 inobedientia
1559 2092 1633 2111 mors
1659 2090 1711 2113 est.
1742 2086 1820 2119 Quod
1840 2086 1860 2113 si

1076 2129 1138 2162 quis
1151 2129 1263 2156 mordax
1278 2134 1306 2156 et
1320 2130 1490 2157 conviciator
1513 2131 1649 2158 incessere
1677 2140 1720 2159 me
1739 2133 1807 2164 vult,
1835 2138 1861 2159 et

1077 2175 1205 2209 probrum
1218 2175 1284 2201 mihi
1300 2175 1420 2207 inurere,
1447 2182 1475 2203 ut
1500 2176 1648 2208 fastuosns,
1677 2182 1706 2204 ut
1722 2185 1861 2213 arrogans,

1075 2224 1103 2246 et
1118 2220 1206 2250 dicax.
1219 2220 1292 2247 dicat
1306 2227 1334 2248 et
1350 2221 1432 2249 faciat
1450 2222 1522 2256 quod
1538 2223 1604 2250 libet

238 2254 322 2281 alium
339 2257 477 2290 pudicum,
493 2258 575 2296 alium
589 2264 779 2288 scortatorem.
802 2261 965 2290 Hominibus
979 2263 1022 2290 di-
1037 2270 1064 2300 ι)
1112 2263 1168 2299 Ego
1188 2272 1263 2297 sane,
1278 2270 1306 2292 ut
1319 2266 1402 2297 volui,
1422 2274 1471 2300 pro
1484 2275 1516 2293 ea
1542 2275 1594 2301 qua
1620 2276 1680 2295 sum
1700 2268 1862 2296 eruditionis

238 2306 332 2326 versas
361 2307 421 2328 esse
450 2309 531 2329 voces
559 2310 591 2330 ac
618 2305 884 2338 pronuntiationem.
917 2307 1023 2340 Quibus

238 2344 311 2371 Deus
327 2345 395 2373 bene
413 2347 487 2379 velit,
500 2356 594 2376 eorum
613 2350 767 2378 voluntates
778 2352 812 2379 ad
828 2353 914 2380 bonas
930 2359 1022 2388 partes

238 2399 252 2417 a
277 2392 459 2421 deterioribus
488 2397 628 2429 converti;
656 2398 804 2431 prfesertim
837 2399 882 2426 ubi
913 2401 1021 2428 illormn

237 2444 345 2472 quoque
358 2439 476 2467 stadium
492 2442 649 2469 accesserit.
663 2442 806 2475 Quomodo
821 2450 848 2472 et
867 2446 937 2473 unde
954 2447 1020 2473 vilia

273 2495 293 2510 ”
306 2495 326 2522 Il
339 2495 401 2524 Cor.
417 2506 465 2531 xu,
483 2499 527 2526 40.
567 2500 587 2515 ‘7
605 2500 668 2536 Sap.
685 2509 743 2534 vin,
767 2503 793 2529 7.

1076 2310 1314 2343 medioeritatc,et
1325 2313 1352 2339 in
1364 2313 1468 2346 primis,
1487 2314 1540 2340 Deo
1556 2314 1714 2348 adjuvante,
1729 2317 1781 2343 hoc
1796 2325 1862 2352 opus

1075 2357 1190 2384 absolvi.
1203 2357 1349 2391 Sapientia:
1364 2359 1437 2386 enim
1453 2361 1654 2394 suppeditator,
1677 2367 1705 2389 et
1731 2363 1861 2398 insipien-

1076 2408 1132 2429 tum
1148 2405 1317 2437 emendator,
1333 2407 1379 2440 qui
1394 2407 1474 2433 docet
1489 2408 1628 2436 hominem
1651 2410 1824 2444 prudentiam
1837 2416 1861 2437 et

1077 2449 1219 2477 scientiam
1235 2452 1255 2467 ¹⁷
1270 2459 1278 2485 ;
1293 2453 1340 2486 qui
1361 2453 1407 2480 dat
1435 2453 1561 2482 virtutem
1580 2457 1715 2483 sermonis
1733 2458 1760 2483 in
1785 2465 1861 2491 aper-

1003 2552 1140 2582 Scholia.

238 2611 305 2648 recte
323 2607 431 2641 fecisset,
445 2612 529 2637 solam
541 2620 646 2648 quoque
661 2615 783 2640 coronari
797 2614 945 2648 oportebat.
956 2615 1024 2647 Quia

236 2646 322 2682 autem
339 2651 397 2669 eum
414 2652 521 2684 corpore
537 2646 604 2673 bona
618 2648 679 2681 egit,
692 2656 749 2674 cum
762 2646 817 2682 ipso
826 2649 898 2675 debet
913 2646 1024 2684 prtvinia

237 2679 395 2715 accipere,“
411 2680 522 2715 gloriam
539 2684 564 2706 in
584 2679 683 2715 laturo.

274 2712 419 2751 ‘lsntorns:
439 2714 539 2741 Veritus
556 2712 661 2750 sapiens
678 2717 803 2750 quiddam
815 2725 863 2751 est,
874 2722 989 2747 maxime
1002 2722 1024 2747 si

235 2747 346 2788 simple;
358 2753 380 2788 et
397 2749 479 2775 breuis
492 2755 529 2776 ost
546 2758 553 2776 :
570 2747 661 2777 contra
675 2747 785 2778 stultum
798 2759 846 2785 est,
856 2747 924 2788 quod
936 2757 1024 2781 varie-

236 2785 289 2806 tate
307 2783 458 2825 distiurt‘um
481 2790 528 2815 est,
542 2787 659 2819 quamvis
681 2788 783 2813 dicendi
801 2789 824 2814 vi
840 2783 873 2814 ἐἰ
892 2790 1024 2825 elegantia

237 2820 359 2842 Jruatum
375 2818 503 2845 videatur.

250 2884 255 2889 .
274 2851 441 2894 "Chrysost.
457 2854 524 2894 Quid
535 2855 603 2881 enim
620 2858 1020 2894 noettntentisermouisimperi-

236 2886 273 2910 tia
287 2886 378 2919 aﬂ'ernt
390 2888 402 2912 1’
413 2890 481 2920 Quid
494 2895 584 2916 contra
597 2891 720 2917 utilitatis
731 2893 868 2919 verborum
884 2886 1021 2927 fastiditae,

1074 2618 1095 2643 si
1110 2620 1239 2657 tmittentia
1258 2619 1424 2657 ipsa‘dit'inis
1436 2621 1554 2648 sensibus
1576 2623 1687 2649 careat?
1703 2622 1736 2649 Ut
1758 2624 1860 2657 gladius

1074 2654 1155 2684 enim,
1170 2655 1194 2691 si
1205 2663 1297 2691 ausam
1320 2655 1411 2681 habeat
1429 2661 1594 2689 argenteam,
1612 2658 1710 2690 [eri-run
1727 2654 1815 2684 autem
1827 2659 1863 2691 ip-

1073 2695 1131 2712 sum
1149 2688 1251 2721 plumbo
1267 2690 1418 2723 [texi/ullus,
1438 2688 1504 2716 nihil
1521 2688 1633 2724 prodest.
1657 2693 1724 2719 Nam
1740 2688 1863 2720 orationis

1074 2724 1224 2762 compositio
1248 2729 1271 2750 et
1295 2725 1426 2751 distinctio
1446 2734 1461 2751 a
1478 2728 1600 2753 studiosis
1625 2728 1827 2762 Moguntiarum,
1840 2731 1862 2754 et

1075 2757 1216 2791 plausuum
1234 2761 1422 2793 captatoribus,
1439 2762 1602 2788 ornunmltis
1616 2757 1674 2788 ἰείὶὲ
1690 2764 1860 2789 ιπίνὶιιίὶιηιηδ-

1075 2793 1201 2832 (armatu,
1227 2795 1420 2832 quodaminodo
1431 2799 1589 2832 corrumpit,
1613 2798 1681 2831 quod
1701 2799 1860 2832 propositum

1076 2832 1111 2867 est
1129 2828 1162 2867 ad
1177 2829 1407 2867 considerandam,
1427 2828 1670 2858 Ιίιιιηιιοιοήοιιιὲιιιιι
1685 2828 1827 2867 suffit-rans,
1839 2837 1859 2858 et

1076 2863 1101 2888 in
1121 2863 1156 2888 rei
1167 2864 1288 2898 subjectw
1304 2865 1474 2900 intellig/cutio
1493 2866 1629 2893 luctoribu;
1643 2863 1757 2894 obstuiis.
