2032 3156
149 219 207 254 869

881 215 1056 247 ΒΙΟΡΤΒΑ.

1729 219 1780 251 870

154 280 228 306 tione
245 277 302 304 oris
315 276 356 308 ‘5;
376 281 404 302 ct
426 276 539 302 verbum
554 275 659 310 praebet
682 274 898 309 praedicantibus
919 274 948 300 in
964 275 985 301 Α
1001 272 1048 299 Dei
1066 272 1232 306 publicando
1262 278 1456 307 peragrarunt.
1480 273 1576 301 Postea
1606 282 1671 302 vero
1696 276 1791 304 Patres

154 328 267 355 Virtute,
286 327 315 349 ιιι
329 322 399 349 liber
414 322 586 348 Psalmorum
607 321 633 348 in
650 321 750 355 spiritu
773 321 864 354 docet,
890 320 947 355 ipse

151 369 236 396 etiam
250 369 301 395 hoc
315 375 362 395 seu
383 367 532 401 abjcctum,
548 375 595 394 seu
619 374 746 401 magnum
765 366 910 401 inspiravit
928 369 946 392 ‘.

190 415 245 441 Nisi
271 414 344 441 enim
365 413 467 440 donuin
497 412 643 440 desursum
669 413 862 443 descenderet,
889 412 948 439 sine

155 460 252 494 plaste,
269 459 334 494 quid
350 459 453 493 plasma
471 458 688 490 faceret?Quam
704 458 778 485 enim
794 458 855 492 quis
870 457 983 483 iutel-v

153 506 306 540 ligentitun,
326 510 356 532 ut
375 506 477 532 donttnt
495 513 510 532 a
527 505 676 532 Conditore
695 504 802 535 habuit,
827 504 871 530 illa
890 504 948 537 ipsa

155 552 275 579 \icissim
292 552 326 578 ab
338 559 371 578 eo
388 552 498 578 tandem
525 555 674 585 repetetur.
698 551 765 586 Ligo
781 550 865 581 enim,
883 549 947 582 falx,

154 603 285 629 rastrum,
298 605 386 629 serra,
407 597 531 628 dolabra,
549 596 667 627 terebra,
685 597 801 631 gladius,
821 595 909 626 hasta,
921 599 949 622 et

154 644 289 679 quidquid
317 644 380 671 vita:
400 644 526 670 humana:
566 643 691 674 inservit,
732 641 949 676 unumquodque

155 691 254 717 horum
273 691 395 717 ontttiunt
408 690 442 716 ad
467 697 536 723 opus
558 694 599 716 est
618 689 770 719 inventum,
789 695 841 714 non
859 693 949 714 tantcn

156 737 242 763 uilntn
260 743 372 770 prorsus
387 743 435 770 per
445 743 474 762 se
487 739 591 761 tuotunt
605 734 687 760 habet
704 742 710 759 :
726 733 773 760 sed
790 733 860 759 alius
875 732 949 759 aliud

155 781 271 812 ittvcuit,
289 786 317 808 ut
331 789 378 815 per
395 780 421 807 id
437 784 527 815 posset
541 779 614 813 qttod
626 779 725 805 liberet
739 778 856 805 eﬂiccrc.
874 777 949 805 Velle

156 833 261 858 autem,
277 831 304 853 et
329 834 408 861 posse
433 834 448 853 a
468 826 521 852 Deo
541 825 657 860 accepit,
675 830 752 852 extra
769 832 851 859 quem
868 831 949 850 nemo

155 872 307 906 quidquam
324 876 425 906 potest,
442 879 496 898 ttott
516 879 606 906 agere,
626 879 680 897 tton
704 870 784 901 velle,
809 878 862 896 non
886 877 948 903 par-

155 926 231 950 vum,
248 926 301 944 non
315 926 442 953 magnum
459 918 577 952 denique
597 926 603 943 :
620 917 693 944 sicut
708 917 814 943 nullum
833 916 948 942 istorum

155 965 403 991 instrumentorum
418 963 558 998 quidpiam
579 964 668 998 ipstttu
696 970 711 988 a
740 970 779 993 se,
802 967 830 989 et
856 969 904 996 per
919 969 948 988 se

156 1013 273 1040 utotunt,
286 1009 374 1036 facere
392 1017 443 1035 nec
465 1014 562 1043 sponte
578 1008 610 1034 ad
628 1016 697 1042 opus
711 1007 777 1034 cieri
796 1012 898 1041 potest,
927 1007 949 1033 si

155 1054 265 1086 artifex,
280 1060 308 1081 et
328 1062 425 1081 manus
439 1054 565 1086 artiticis,
582 1062 643 1088 qua:
656 1059 731 1080 tnottt
748 1053 780 1080 ad
795 1054 887 1087 operis
901 1053 951 1080 ali-

155 1102 236 1135 cujus
245 1109 323 1127 usum
339 1104 441 1131 utatur,
456 1108 509 1126 non
521 1100 652 1127 adfuerit.
665 1100 719 1127 Nec
729 1100 784 1126 ullo
796 1099 876 1126 tnodo
887 1099 950 1126 abst

155 1155 209 1180 que
221 1147 310 1173 divina
328 1154 378 1180 ope
408 1146 542 1180 quispiam
562 1147 602 1172 vel
627 1151 698 1181 agat,
719 1147 760 1173 vel
779 1147 891 1180 cogitet.
909 1146 950 1173 vel

155 1193 298 1227 loquatur.
319 1192 390 1219 Deus
415 1193 489 1218 eniut
511 1192 645 1224 condidit,
669 1193 740 1219 Deus
766 1193 839 1218 enim
866 1193 950 1219 vitam

155 1238 283 1272 largitur.
302 1237 342 1263 Ab
357 1237 404 1264 illo
418 1245 509 1271 posse,
525 1244 551 1264 ct
570 1238 685 1272 spirare,
699 1243 727 1264 et
740 1239 809 1265 velle
823 1239 950 1265 sumitur.

155 1285 192 1311 Et
210 1284 349 1319 quomodo
368 1284 435 1310 citra
451 1284 601 1318 potentiam
619 1284 783 1312 sustinentis
797 1286 900 1317 omnia,
925 1290 953 1312 et

155 1329 312 1362 scientiam,
333 1333 361 1356 et
379 1337 475 1356 matttts
501 1329 567 1356 ntilti
598 1334 626 1356 et
644 1330 727 1365 pedes
758 1331 952 1365 intpertientis,

156 1376 216 1410 ipse
231 1383 281 1410 per
301 1382 345 1402 me
369 1374 520 1409 quidquam
540 1375 693 1410 intelligere
710 1380 737 1403 et
760 1385 841 1411 agere
861 1378 953 1404 divina

155 1422 278 1456 desuper
297 1425 431 1455 potestate
446 1419 608 1448 adversante
622 1423 750 1456 possent?
762 1422 895 1457 Exemplo
910 1431 954 1450 res

156 1467 258 1494 clarior
284 1467 340 1493 flet.
371 1466 499 1498 Fcrrarii,
525 1474 644 1501 qttorunt
665 1474 736 1502 opus
757 1467 783 1494 itt
804 1467 878 1495 ferro
900 1474 953 1501 est,

156 1512 261 1538 ferrum
276 1515 393 1538 tractant
420 1515 503 1546 atque
522 1512 554 1538 ad
576 1511 734 1546 largitorem
751 1513 830 1545 ferri,
846 1518 874 1540 et
895 1515 954 1548 opi-

154 1556 236 1583 licent
246 1556 368 1582 ontniuttt
385 1555 545 1590 respiciunt.
560 1555 589 1582 ln
603 1563 718 1583 massam
730 1560 822 1583 autent
835 1557 953 1591 prituunt

1001 317 1168 351 complures,
1184 318 1343 344 humanaac
1355 318 1448 344 divina
1464 319 1598 352 sapientia
1611 320 1749 351 instructi,
1764 326 1792 348 et

1000 368 1139 388 sacrarum
1166 371 1258 389 rerum
1284 363 1473 395 scientissimi,
1502 364 1580 391 libris
1614 365 1690 392 hisce
1718 367 1794 393 velut

1000 407 1186 436 fundamentis
1193 409 1356 443 quibusdaut
1368 410 1434 441 nixi,
1442 418 1504 436 cum
1517 412 1682 446 martyribus
1691 420 1789 446 super-

999 454 1182 486 tedificarunt,
1208 459 1236 481 et
1253 455 1390 489 primaeva:
1415 455 1547 482 doctrina:
1574 465 1607 482 ex
1624 457 1698 484 otmti
1715 463 1793 492 parte

1000 500 1183 532 adhaerentes,
1199 499 1308 533 scriptis
1326 501 1382 526 su‘s
1402 500 1551 528 Ecclesium
1575 502 1674 528 mirum
1691 503 1717 529 in
1736 511 1795 530 mo-

1000 544 1065 572 dum
1074 549 1252 572 exornarunt.
1266 545 1343 572 Alius
1360 547 1434 572 enirn
1450 547 1517 574 odas
1530 549 1700 582 composuit;
1712 549 1792 582 alius,

1001 592 1106 619 cantica
1122 599 1191 626 quos
1208 592 1323 626 εἱρμοὺς
1339 599 1437 620 vocant
1452 601 1459 625 ;
1482 592 1562 625 alios,
1581 602 1677 622 versus
1691 604 1697 627 ;
1713 595 1793 629 alius,

1000 637 1091 672 lepida
1105 637 1223 672 στιχηρᾶι
1237 637 1347 668 triodia,
1363 639 1495 673 troparia,
1521 641 1684 674 προσόμοια,
1708 650 1794 669 cano.

1001 692 1061 716 nas,
1087 683 1277 718 ἀναϐαθμοὺς,
1302 684 1471 720 καθίσματα,
1488 687 1626 719 contacia;
1643 687 1722 720 alius,
1739 689 1795 724 spi-

1002 730 1142 756 ritualiutn
1159 730 1285 757 modulos
1297 730 1483 764 Psaltuorum;
1495 732 1551 764 alii,
1566 734 1699 766 profunda
1714 733 1795 768 spiti-

1003 780 1047 802 tus
1069 781 1095 801 et
1106 775 1236 802 Ecclesiae
1245 775 1370 810 dogmata
1384 780 1587 809 tractaverunt;
1602 778 1647 804 alii
1660 778 1692 805 de
1704 779 1794 806 incar-

1002 820 1114 847 natione
1126 820 1207 847 Verbi
1222 821 1406 855 disputantes,
1425 822 1548 848 ontttiuut
1567 823 1793 856 blasphentoxttnt

1002 873 1188 900 pcrvcrseqtte
1211 866 1384 900 opinantium
1407 874 1455 893 ora
1482 868 1697 898 obstruxerunt;
1725 871 1796 896 alius

1002 911 1159 945 eloquentia
1174 911 1436 944 excellentissimus;
1453 912 1523 939 alius
1536 913 1692 947 disputator
1707 923 1770 941 acer
1780 929 1795 937 -

1004 957 1109 989 rimus;
1138 957 1208 983 alius
1231 959 1442 985 commentarios
1469 959 1580 993 reliquit
1603 959 1636 986 de
1656 960 1744 986 anima
1769 966 1795 987 et

1002 1003 1062 1038 ejus
1090 1003 1278 1035 tabernaculo,
1296 1003 1330 1030 de
1356 1003 1564 1037 pulchritudine
1583 1005 1693 1032 virtutis
1717 1011 1744 1032 et
1762 1007 1796 1033 de

1004 1050 1174 1084 turpitudine
1191 1050 1331 1081 vitiortttn,
1349 1050 1382 1076 ad
1406 1051 1580 1078 connnodum
1599 1057 1626 1078 et
1649 1053 1794 1080 utilitatem

1002 1095 1109 1121 litteras
1124 1096 1354 1123 consectantiunt.
1374 1096 1424 1123 Cui
1443 1097 1536 1131 igitur,
1556 1102 1585 1123 ut
1598 1097 1735 1128 dicebant,
1755 1098 1796 1124 fa-

1003 1142 1091 1168 cultas
1105 1143 1239 1169 orationis
1256 1150 1386 1169 concessa
1403 1147 1453 1174 est,
1470 1143 1514 1170 ltic
1534 1143 1615 1170 etiant
1630 1151 1663 1170 ex
1684 1150 1743 1171 arte
1761 1145 1797 1171 li-

1004 1187 1068 1213 Intts
1082 1192 1172 1222 potest
1199 1195 1387 1221 componere:
1413 1188 1486 1222 quod
1508 1188 1580 1215 idem
1599 1189 1742 1223 itnperitus
1770 1195 1797 1216 ct

1004 1233 1140 1260 barbartts
1170 1233 1287 1260 barbare
1317 1234 1466 1268 prie-stabit.
1486 1235 1539 1262 Sed
1567 1237 1797 1270 quentadmodunt

1003 1278 1081 1305 faber
1092 1279 1224 1305 ferrarius
1236 1286 1339 1306 massas
1351 1279 1416 1306 ferri
1431 1285 1538 1311 tractat,
1554 1282 1695 1308 materiaut
1713 1282 1798 1308 infor-

1004 1333 1075 1351 ntem
1097 1330 1229 1360 paratam,
1254 1326 1410 1360 futurisque
1433 1326 1575 1354 laboribus
1603 1327 1729 1354 ferrariis
1746 1328 1796 1354 oh-

1004 1373 1076 1399 viatn
1092 1373 1207 1402 habens,
1222 1373 1329 1400 laborat
1343 1378 1434 1400 autem
1450 1373 1477 1400 itt
1496 1381 1528 1400 ea
1546 1378 1576 1400 ut
1594 1374 1661 1406 vult,
1678 1379 1706 1401 et
1721 1374 1800 1400 adhi-

1005 1419 1064 1446 bito
1077 1419 1150 1454 igne,
1163 1419 1190 1446 iit
1199 1419 1313 1446 fortnam
1323 1427 1404 1454 quam
1421 1420 1549 1447 voluntas
1559 1420 1612 1447 fert
1625 1420 1724 1455 redigit
1736 1421 1799 1454 (nec

1005 1466 1079 1492 enittt
1096 1466 1163 1492 citra
1177 1465 1266 1500 ignem
1276 1465 1433 1497 fabricabit,
1446 1466 1509 1493 lic‘et
1520 1471 1578 1493 arte
1593 1466 1799 1494 malieatoribus

1007 1512 1321 1546 univcrsisantcccllat),
1342 1512 1378 1538 ita
1389 1511 1509 1539 divinant
1522 1512 1692 1546 Seriplurant
1711 1520 1739 1539 se
1751 1520 1785 1547 pe

1006 1558 1083 1585 nitus
1111 1557 1212 1584 ltabere
1237 1557 1374 1584 existima.
1408 1558 1531 1592 Apostoli
1552 1558 1715 1592 praedicant,
1732 1566 1798 1593 pro-

154 1606 283 1629 coactutn
298 1601 452 1633 ferrunt,ad
467 1601 558 1628 varios
566 1610 631 1628 usus
643 1603 953 1636 potestaccommodari.
970 1618 991 1646 ο
1009 1604 1098 1639 pheta:
1112 1604 1306 1638 praenuntiant,
1329 1603 1354 1631 S.
1366 1604 1452 1639 riptor
1467 1611 1563 1631 eorum
1589 1603 1671 1631 dictis
1690 1608 1717 1631 et
1730 1603 1799 1631 locis

156 1650 230 1677 Emit
248 1650 321 1676 enim
335 1649 527 1684 hujuscemodi
539 1657 642 1677 massas
652 1650 729 1677 faber
748 1650 889 1681 ferrarius,
903 1656 950 1677 attt

155 1695 288 1728 serarius,
306 1699 333 1722 et
347 1696 504 1730 quicunque
527 1696 703 1723 meehanicus
720 1696 847 1728 voluerit,
862 1704 950 1730 eoque

155 1742 187 1767 ad
199 1749 282 1768 suum
299 1749 368 1776 opus
382 1746 409 1768 et
422 1742 561 1776 negotium
585 1742 681 1768 utitttr.
711 1742 855 1769 Fabrittattt
876 1743 949 1770 enim

154 1788 256 1819 aseias,
275 1787 367 1819 falces,
387 1782 506 1822 scalpra,
521 1787 704 1822 rhontpha-as,
722 1789 864 1823 pugiones,
894 1790 949 1823 gla-

155 1836 226 1864 dios.
245 1835 406 1868 machaeras,
430 1842 568 1862 arntorunt
584 1843 664 1862 otnnc
681 1843 777 1870 genus,
794 1835 894 1870 quibus
916 1835 949 1862 ad

155 1883 216 1908 vita:
237 1889 315 1907 usuttt
331 1885 357 1908 ct
379 1881 601 1908 commoditatem
629 1889 726 1908 omnes
747 1889 869 1915 egemus.
896 1881 948 1908 Sed

154 1928 227 1955 alius
246 1931 276 1953 ut
291 1927 423 1961 probatus
438 1926 541 1954 ferrum
561 1927 666 1954 emollit
683 1935 717 1954 ac
738 1927 842 1959 domat,
860 1935 892 1954 ac
908 1926 950 1954 fa-

156 1973 263 2000 bricant
284 1979 360 1998 suant
377 1971 522 1998 artiﬁciose
531 1976 652 2004 exercet,
669 1975 697 1998 et
710 1971 845 2006 quidquid
858 1973 951 2006 operis

154 2018 288 2048 efﬁcitur,
302 2017 329 2044 id
350 2024 445 2044 omnes
462 2017 652 2051 spectantibus
667 2017 877 2044 admirationem
891 2026 950 2044 tito-

154 2069 208 2095 vct,
228 2069 259 2090 ut
278 2063 400 2098 elegans.
426 2063 492 2089 utile
520 2067 548 2089 et
580 2062 716 2089 laudabile
743 2063 881 2090 videlicet.
898 2063 948 2096 Qui

156 2115 250 2137 autettt
273 2109 341 2136 artis
365 2114 407 2135 est
432 2108 520 2138 rudis,
538 2113 585 2135 aut
605 2116 664 2135 eam
682 2110 751 2135 male
767 2109 872 2141 didicit,
896 2118 949 2136 ttott

154 2157 246 2183 solum
276 2154 427 2182 secuttdttttt
455 2160 542 2182 artem
570 2155 716 2187 fabricare,
745 2159 772 2181 et
802 2163 886 2189 ogera
916 2156 949 2182 de

156 2202 304 2234 industria,
320 2206 391 2229 etut
405 2202 474 2229 ratio
487 2201 607 2236 postulat
618 2201 753 2228 conficere
770 2202 865 2236 nequit
879 2210 885 2228 :
901 2201 948 2228 sed

156 2250 262 2276 ferrum
274 2256 383 2283 quoque
396 2248 495 2275 frustra
512 2248 658 2274 consumit.
674 2248 733 2275 .lant
745 2247 778 2274 de
792 2248 947 2283 Scriptura,

1007 1658 1096 1685 utens,
1115 1653 1138 1679 si
1166 1661 1220 1680 non
1242 1654 1324 1680 etiaut
1359 1653 1404 1680 Dei
1425 1654 1541 1688 gratiam
1569 1661 1599 1681 sc
1621 1654 1796 1688 adjuvantem

1004 1699 1113 1731 habeat,
1137 1699 1203 1726 nihil
1220 1704 1295 1727 recte
1310 1700 1473 1734 intelligere,
1493 1708 1543 1727 nec
1571 1705 1644 1727 recte
1662 1701 1798 1727 disserere

1005 1745 1115 1780 poterit.
1136 1746 1223 1772 Fabro
1236 1746 1367 1772 auxilium
1390 1746 1469 1780 ignis,
1489 1746 1616 1780 scriptori
1641 1747 1727 1781 gratia
1757 1746 1799 1773 di-

1005 1791 1068 1818 vina
1086 1796 1206 1825 prwstat.
1236 1792 1309 1818 Citra
1332 1792 1389 1818 haec
1412 1792 1513 1818 auxilia
1543 1801 1603 1826 quat
1627 1793 1654 1819 in
1673 1793 1798 1819 manibus

1006 1841 1080 1867 sunt.
1096 1845 1179 1872 opera
1196 1837 1332 1864 conﬂcere
1348 1842 1447 1864 neuter
1468 1843 1568 1872 potest.
1591 1838 1618 1865 Si
1635 1838 1707 1864 enim
1729 1838 1799 1865 alter

1006 1882 1121 1908 alterum
1140 1882 1238 1908 horum
1264 1889 1318 1908 noti
1336 1882 1528 1916 assumpserit,
1549 1881 1610 1916 ejus
1635 1889 1705 1914 opus
1727 1881 1799 1916 inju-

1004 1928 1137 1959 cundum,
1153 1927 1258 1959 inutile,
1284 1927 1415 1954 vitiosum
1440 1926 1548 1958 evadet,
1573 1926 1747 1960 incautisque
1770 1931 1799 1953 et

1004 1973 1176 2007 simplicibus
1203 1972 1351 2006 plurintuttt
1373 1971 1632 1999 ittcontmodabitur.
1664 1971 1797 2004 Quocirca

1005 2018 1110 2047 tttottui.
1128 2023 1155 2045 et
1171 2026 1279 2045 rttrsunt
1296 2027 1367 2045 nunc
1385 2026 1494 2049 moneo,
1507 2015 1554 2045 'ntc
1569 2018 1596 2044 in
1611 2018 1683 2044 ltuttc
1695 2018 1796 2044 librum

1004 2065 1071 2091 nihil
1088 2073 1102 2091 a
1121 2065 1261 2099 Scriptura
1279 2065 1399 2091 alienum
1425 2064 1585 2096 inseruisse,
1615 2064 1663 2090 sed
1689 2064 1742 2090 alia
1765 2072 1798 2090 ex

1005 2111 1106 2142 Veteri,
1121 2111 1173 2138 alia
1190 2118 1223 2137 ex
1240 2111 1316 2137 Novo
1341 2110 1530 2143 Testamento,
1548 2111 1600 2137 alia
1618 2118 1651 2137 cx
1681 2115 1798 2144 utroqttc

1003 2157 1138 2189 hausisse,
1157 2158 1210 2184 alia
1225 2166 1240 2184 e
1257 2157 1395 2192 magistris
1412 2161 1439 2184 et
1463 2157 1625 2184 doctoribus
1649 2156 1737 2183 sacris
1751 2163 1799 2182 cx‘

1003 2204 1155 2238 cerpsissc,
1173 2212 1346 2239 quaecunque
1358 2204 1488 2231 nimirunt
1505 2203 1538 2230 ad
1560 2203 1712 2231 institutam
1727 2202 1796 2229 scri-

1003 2251 1125 2284 plioncm
1143 2251 1285 2285 profutura
1302 2251 1408 2277 censui.
1424 2251 1505 2278 Plura
1524 2256 1615 2278 autem
1633 2256 1661 2278 et
1683 2250 1797 2276 meliora

156 2300 183 2322 et
198 2300 258 2322 arte
274 2295 423 2329 Scriptura“:
440 2294 541 2321 similia
559 2294 658 2329 cogita.
691 2293 810 2328 Spiritus
838 2300 950 2322 sanctus
968 2297 988 2323 lt
1003 2304 1018 2323 e
1036 2295 1168 2330 Gregorio
1181 2296 1315 2331 Nysseno.
1330 2297 1381 2329 Qui
1396 2305 1461 2332 ergo
1483 2296 1795 2324 hunccotttmcntarium

157 2341 308 2376 prophetas
324 2341 461 2376 purgavit,
495 2341 626 2372 erudivit,
645 2342 730 2376 gratia
749 2345 777 2368 et
794 2341 950 2376 cognitione

156 2387 293 2421 implevit.
310 2386 397 2413 Etiam
416 2386 572 2414 illitteratos
598 2386 760 2421 sapientiam
782 2386 885 2414 docuit.
912 2387 951 2414 ita

156 2441 207 2468 per
221 2433 335 2468 gratiam
353 2434 486 2461 docefaeti
502 2439 530 2460 et
544 2434 663 2469 purgati,
675 2438 704 2461 et
727 2434 825 2468 spiritu
856 2442 951 2461 corro—

158 2479 262 2510 borati,
276 2486 417 2506 sermones
437 2480 547 2506 divinos
562 2480 721 2512 ediderunt,
738 2484 766 2507 et
789 2481 875 2508 libros
896 2488 954 2506 ont-

159 2531 222 2556 nes,
239 2531 354 2550 nuutero
369 2525 509 2558 sexaginta
521 2530 757 2560 composuerunt:
773 2533 818 2552 SCX
840 2530 866 2552 Cl
879 2532 948 2560 (ιυᾶ-

160 2569 287 2604 draginta
313 2569 483 2596 Testatuenti
510 2571 634 2603 Veteris,
663 2577 768 2606 scptettt
796 2577 824 2598 et
851 2570 949 2606 viginti

159 2614 328 2642 Tcstantenti
342 2614 410 2641 Novi
423 2619 450 2641 et
468 2615 656 2643 Reccntioris:
675 2624 778 2652 eosque
794 2624 842 2651 per
854 2616 950 2643 orbettt

161 2664 298 2687 terrarutn
315 2659 368 2686 late
385 2659 609 2694 disseminarunt,
623 2670 705 2696 quem
722 2663 805 2689 etiam
832 2662 949 2698 gratiam

199 2719 220 2734 ιδ
233 2718 334 2753 Ephcs.
348 2726 385 2751 vr,
400 2717 443 2745 19.

1000 2342 1174 2376 perlecturus
1192 2347 1243 2373 est,
1258 2343 1280 2370 si
1293 2343 1357 2377 quid
1376 2344 1402 2369 in
1415 2351 1448 2369 eo
1474 2351 1573 2370 novum
1604 2342 1751 2373 invenerit,
1770 2342 1797 2368 id

1001 2387 1094 2422 gratia:
1106 2387 1153 2414 Dei
1176 2388 1306 2415 ascribat.
1325 2388 1351 2415 Si
1374 2389 1447 2416 enini
1464 2394 1506 2416 est
1530 2389 1683 2415 industrius
1699 2387 1731 2413 ad
1756 2387 1797 2413 di-

1001 2433 1144 2464 scendum,
1162 2433 1264 2468 aliquid
1281 2434 1356 2466 novi,
1375 2439 1403 2460 ct
1421 2434 1493 2460 unde
1507 2434 1570 2465 ltoc,
1583 2439 1610 2460 et
1625 2441 1640 2460 e
1652 2441 1705 2468 qua
1729 2433 1797 2460 scri—

1002 2483 1082 2513 ptttra
1100 2483 1252 2513 sutnptuttt,
1269 2487 1426 2515 cognoscet.
1446 2480 1524 2512 Quod
1542 2481 1563 2506 si
1589 2479 1651 2513 quis
1680 2479 1755 2505 rudis
1770 2484 1796 2504 et

1004 2524 1079 2552 iners
1099 2525 1192 2556 fuerit,
1207 2534 1240 2552 ne
1255 2534 1375 2560 uttquant
1394 2526 1575 2560 impossibilia
1594 2531 1700 2552 tentare
1718 2525 1795 2551 velit.

1004 2571 1043 2598 Ex
1054 2571 1151 2598 alienis
1160 2572 1224 2598 item
1236 2580 1250 2598 a
1264 2571 1316 2599 [ide
1325 2571 1493 2603 Christiana,
1503 2577 1530 2599 ct
1543 2572 1681 2599 veteribus
1695 2571 1747 2598 illis
1755 2578 1797 2598 sa-

1004 2617 1143 2652 pientibus
1159 2617 1263 2644 Galerio
1291 2623 1319 2644 et
1346 2618 1511 2652 Hippocrate
1529 2618 1641 2653 physica
1666 2617 1797 2644 nonnulla

1005 2668 1159 2698 opportune
1174 2664 1291 2699 mutuati
1303 2672 1410 2696 suutus,
1430 2664 1476 2691 tibi
1493 2664 1665 2699 potissimum
1681 2664 1715 2691 de
1741 2670 1798 2690 ma—

922 2771 1064 2802 Scholia.

196 2827 204 2836 '
225 2827 337 2866 Psellus.
354 2827 581 2866 Splcndensrenim
609 2830 776 2865 pulchritudo
802 2833 950 2866 verborum,

161 2868 188 2900 ut
202 2863 413 2889 tuba-insonans
436 2865 542 2891 auribus
566 2863 661 2900 easque
688 2867 845 2898 concutiens,
875 2872 899 2894 et
918 2863 949 2894 iis

161 2898 296 2936 oberrans.
311 2907 361 2936 non
379 2900 467 2936 ﬂuens
497 2904 585 2936 autem
603 2898 629 2926 in
654 2901 784 2933 ani/nam,
805 2910 886 2936 neque
905 2911 950 2929 cor

161 2931 299 2960 delmt'ens.
314 2931 406 2966 Qualis
425 2935 552 2962 mentibus
573 2937 619 2962 θεῖ
642 2931 792 2963 amantibus
812 2931 934 2964 in'attici

1005 2843 1061 2861 smo
1075 2834 1199 2861 utilitas?
1214 2835 1313 2862 Divina;
1325 2835 1428 2869 quidem
1441 2834 1580 2869 sapientia:
1591 2834 1669 2860 dictio
1678 2833 1796 2865 humilis,

1004 2870 1134 2896 sententia
1147 2871 1263 2897 sublimis
1279 2879 1310 2897 ac
1327 2870 1445 2897 caelestis.
1463 2870 1641 2896 Externorum
1658 2869 1721 2896 nitet
1739 2869 1796 2904 qui-

1004 2906 1062 2932 dem
1079 2905 1199 2935 elocutio,
1221 2907 1351 2932 sententia
1371 2907 1427 2940 ipsa
1439 2906 1511 2932 ltumi
1529 2906 1604 2940 repit.
