2032 3156
248 219 303 254 8Ί1

869 212 1042 244 PHILIPPI
1063 211 1258 242 SOLlTARli

1835 208 1886 241 8'72

246 275 326 307 teria,
337 278 366 302 et
380 273 415 300 de
434 271 590 303 elementis,
608 269 781 305 simplicibus
797 273 918 304 quatuor
936 273 965 296 et
982 268 1040 303 pri-
1056 275 1077 300 Α
1093 272 1169 293 tuum
1198 265 1329 301 piorabis,
1358 269 1385 292 et
1411 265 1574 300 suppliciter
1590 272 1639 292 eos
1655 264 1757 296 orabis,
1776 265 1805 292 iu
1831 266 1888 293 hzec

245 322 297 350 mis
312 319 474 356 corporibus
488 318 646 349 disserunt,
663 320 691 343 et
708 315 848 350 quomodo
865 322 899 342 ex
912 315 956 341 his
974 322 1042 348 qua-

245 373 310 396 tuor
328 367 475 393 humerum
491 370 603 399 genera,
623 362 748 398 sanguis,
772 361 911 397 phlegma,
937 366 996 387 atra
1014 363 1043 387 et

244 413 315 440 flava
332 411 396 438 bilis
412 413 590 445 generentur,
606 415 639 434 ex
658 407 761 442 quibus
787 406 906 433 humana
926 412 1042 439 corpora

244 460 434 493 coagmentata
452 459 527 487 sunt,
546 459 575 481 et
588 454 622 481 de
635 457 756 488 quatuor
771 452 899 479 aetati-bus
916 450 1044 477 totidem-

245 513 298 542 que
321 504 385 532 anni
414 502 596 538 temporibus,
621 509 682 536 quae
708 504 774 528 sunt
797 507 856 532 ver,
883 503 1042 529 autumnus,

245 557 336 584 aestas,
349 551 450 578 hiems.
472 549 511 576 De
527 553 606 576 utero
630 554 741 582 quoque
756 550 784 574 et
809 545 935 573 crasibus
955 544 1044 571 int‘au-

248 597 314 624 tium
333 597 360 624 in
376 604 410 624 eo
424 595 483 623 fieri
496 594 586 622 solitis
602 595 719 629 egimus.
740 593 856 627 insuper
878 591 952 619 unde
970 599 1043 626 sym-

246 647 380 679 ptomata,
406 648 435 669 et
465 641 622 676 pathemata
648 639 693 666 illa
713 639 847 674 probrosa
866 638 1042 669 exsisterent,

247 696 358 716 causam
375 687 518 723 physicam
531 690 658 714 accurate
668 685 868 721 indagavimus,
881 692 913 711 ac
927 684 960 712 de
975 688 1044 711 tem-

247 735 441 771 perationibus
456 733 632 769 qualitatum,
646 739 798 766 earumque
811 730 975 763 rationibus,
985 738 1045 757 mo~

249 789 311 809 rum
328 789 359 808 ac
375 785 529 816 temporum
547 778 839 812 vicissitudinibus,'et
856 778 946 814 qualis
962 785 1044 805 causa

249 827 465 863 unumquodque
496 827 683 859 antecederet,
703 825 762 853 haec
791 826 895 857 omnia,
920 824 1044 859 inquam,

251 874 321 901 libro
338 877 437 908 quarto
458 872 646 907 exposuimus.
669 871 747 904 Quod
764 871 787 899 si
809 871 838 899 in
852 870 1016 906 quibusdam
1029 877 1044 896 a

250 920 352 947 decoro
366 919 502 950 aberravi,
516 919 544 946 id
560 918 707 953 imperitiae
726 921 755 944 et
777 917 894 944 inscitiae
911 924 979 944 mea:
994 916 1044 943 tri-

1093 311 1177 339 verba
1195 320 1201 338 :
1218 311 1284 338 Date
1301 310 1368 337 mihi
1387 310 1507 344 spatium
1527 310 1561 337 ad
1586 309 1788 344 paenitendum,
1814 315 1842 337 et
1856 311 1887 337 ad

1093 356 1283 384 lamentandas
1297 360 1379 391 atque
1399 355 1551 383 abluendas
1566 361 1744 390 peccatorum
1762 363 1886 382 meorum

1093 403 1226 430 maculas.
1245 402 1394 429 Concedite
1420 401 1498 433 tuihi,
1528 402 1656 435 obsecro,
1678 401 1721 428 vel
1752 401 1888 429 tantillum

1096 452 1214 483 tempus,
1240 452 1269 475 ut
1294 455 1346 483 ego
1371 448 1455 475 vitam
1481 448 1508 475 in
1530 447 1640 475 Christo
1660 447 1754 474 vivere
1777 455 1887 482 queam,

1093 498 1121 520 et
1138 494 1263 521 miserias
1280 498 1388 521 nostras
1404 493 1581 520 miserantem
1607 492 1693 528 magis
1709 492 1885 520 miserantem

1094 539 1223 567 efficiam.
1240 541 1273 567 Et
1287 545 1352 568 tunc
1367 547 1410 567 me
1427 540 1462 566 ab
1478 540 1522 566 his
1533 539 1645 566 caducis
1665 538 1785 571 auferte,
1807 544 1888 573 atque

1095 587 1234 614 abducite.
1253 587 1293 614 illi
1309 586 1379 614 dure
1393 586 1516 621 quidem,
1532 586 1604 621 justc
1626 588 1717 612 tamen
1740 585 1889 619 responde-

1094 633 1164 660 bunt
1180 641 1186 659 :
1205 633 1327 668 Tempus
1342 633 1404 659 vita:
1418 636 1471 659 tua;
1485 636 1710 659 consummatum
1726 635 1787 664 est;
1814 639 1889 666 egre-

1095 679 1173 712 dere,
1188 678 1275 707 Judex
1288 678 1421 711 decrevit,
1442 677 1504 705 linis
1516 677 1598 704 ﬁnem
1611 677 1704 704 habet.
1718 677 1838 704 Necesse
1850 683 1890 705 est

1095 729 1122 752 te
1149 725 1290 752 transire:
1312 732 1346 752 ne
1374 723 1524 756 cuncteris,
1556 731 1590 750 ne
1615 723 1745 758 pigreris.
1771 723 1888 751 ditatem

1095 775 1170 798 tuam
1191 771 1219 798 in
1236 771 1310 798 omni
1327 770 1493 798 remissione
1519 769 1703 804 socordiaque
1723 770 1888 802 contrivisti_

1096 816 1184 845 Vitam
1203 815 1364 851 prodegisti,
1376 822 1465 842 annos
1479 819 1540 842 tuos
1564 814 1666 842 frustra
1697 814 1887 849 absumpsisti.

1094 862 1197 890 Nones
1216 861 1360 889 recordata
1382 860 1445 888 linis
1459 861 1509 892 tui,
1532 867 1588 888 non
1620 860 1696 887 hora:
1720 860 1836 887 ultimas.
1861 860 1890 887 Et

1096 916 1181 941 nunc,
1198 913 1227 935 ut
1245 909 1295 940 ais,
1311 912 1337 935 te
1349 908 1460 939 horum,
1475 911 1504 934 et
1520 907 1565 934 vix
1581 907 1676 939 etiam,
1690 907 1818 941 poenitet.
1839 907 1889 933 An-

248 966 361 994 buatur.
379 965 414 993 Et
432 973 528 993 omnes
552 969 646 992 oratos
668 964 742 996 volo,
761 963 872 991 utmihi
891 964 1043 999 ignoscant,

1099 963 1150 983 non
1168 955 1290 990 quotidie
1306 960 1397 990 patres
1419 954 1570 982 clamantes
1591 953 1735 984 audiebas,
1762 953 1854 988 qualia
1867 958 1891 980 et

248 1015 277 1038 et
296 1016 407 1046 peccata
420 1010 448 1037 in
462 1010 514 1037 hac
532 1002 681 1044 scriptione
702 1008 848 1036 commissa
863 1008 1020 1035 condonent
1035 1016 1042 1035 :

249 1055 425 1083 attendentes
438 1055 472 1082 ad
487 1062 602 1090 scopum
619 1054 687 1081 mihi
705 1054 878 1089 propositum
895 1053 1043 1089 przecipue;

249 1109 305 1129 non
320 1101 354 1129 ad
365 1109 397 1129 ea
410 1109 471 1137 quae
485 1101 526 1128 vel
543 1101 630 1128 risum
646 1105 817 1132 mereantur,
832 1099 856 1128 si
875 1099 958 1127 modo
984 1099 1045 1127 ani-

250 1155 356 1175 marum
373 1154 486 1175 suarutu
499 1146 620 1174 fructum
634 1147 841 1181 concupiscant.

552 1204 668 1232 CAPUT
684 1204 743 1232 XX.

252 1261 357 1288 Flebilis
371 1262 526 1288 lamentatio
543 1265 566 1288 et
578 1261 745 1296 querimonia
774 1262 900 1289 adversus
915 1262 1045 1289 animum.

288 1296 376 1323 Multa
391 1297 422 1323 dc
436 1297 528 1323 "tuadi
552 1296 725 1325 uam'tatibus.
751 1296 787 1323 De
806 1301 922 1324 extremo
946 1297 1047 1331 judicio

289 1336 313 1357 et
332 1331 427 1358 ultima
447 1332 506 1358 vita:
518 1332 595 1358 hora;
615 1332 651 1358 De
661 1331 758 1358 ctelesti
774 1333 900 1366 paradiso
917 1337 941 1359 et
955 1333 1047 1366 inferis

291 1366 515 1394 considerationes
532 1367 649 1401 tropica.

287 1420 359 1454 Quid
373 1421 411 1448 ita
426 1420 526 1448 sedes?
545 1421 610 1456 quid
624 1421 698 1449 omni
710 1429 777 1449 cura
793 1421 894 1449 vacas?
912 1421 979 1457 quid
1005 1427 1047 1450 tc-

253 1471 309 1494 met
321 1467 358 1493 ita
375 1467 499 1502 negligis,
516 1467 606 1494 anima
619 1467 699 1495 mea?
711 1468 850 1503 quomodo
875 1476 971 1496 eorum
988 1475 1049 1503 qua:

254 1513 418 1547 insipienter
447 1513 539 1548 egisti,
562 1514 759 1549 cogitationem
776 1514 1050 1549 omncmabjecisti?

253 1556 393 1589 quomodo
408 1554 532 1584 amabilis
545 1557 716 1592 paenitentiae
734 1559 869 1586 rationem
883 1559 985 1586 nullam
1000 1559 1049 1586 ha-

255 1601 356 1628 buisti?
382 1601 525 1634 Quomodo
552 1611 608 1630 non
633 1611 764 1638 properas
792 1610 924 1639 quantum
953 1611 1047 1640 potes,

256 1646 379 1682 quandiu
396 1647 423 1674 in
440 1647 492 1674 hac
501 1648 556 1675 vita
573 1656 678 1681 manes,
696 1649 729 1676 ad
741 1650 835 1677 Patres
852 1651 1010 1686 spirituales
1019 1657 1047 1680 et

258 1691 365 1719 divinos
381 1693 525 1727 magistros
538 1702 545 1727 ;
558 1702 659 1729 eosque
671 1702 743 1728 oras,
758 1695 898 1728 obsecras,
925 1698 1047 1725 obtesta-

256 1737 295 1765 ris
314 1738 434 1770 assidue,
451 1742 480 1765 et
497 1747 560 1766 cum
576 1740 725 1774 gemitibus
745 1744 827 1775 atque
840 1741 970 1777 lacrymis
984 1751 1047 1778 per-

257 1783 404 1814 cunctaris,
419 1791 474 1818 quo
500 1789 580 1818 pacto
596 1784 761 1812 delictorum
775 1786 966 1814 remissionem
985 1796 1048 1822 pos-

256 1827 296 1854 sis
315 1828 453 1862 invenire,
480 1833 507 1855 et
522 1836 576 1863 qua
604 1829 710 1857 ratione
729 1834 770 1857 tot
793 1834 936 1866 tantasque
953 1832 1049 1860 sordes

255 1872 350 1899 eluas‘.’
362 1871 507 1905 Quomodo
521 1873 597 1900 hora:
617 1874 719 1902 ultimm
736 1874 786 1902 tibi
807 1875 834 1902 in
858 1881 977 1904 mentem
995 1885 1049 1904 non

256 1918 342 1951 venit,
366 1923 396 1945 et
418 1919 651 1953 quemadmodum
670 1920 761 1947 Judici
789 1921 913 1949 omnium
933 1930 1048 1957 respon-

255 1963 338 1991 deas?
348 1964 491 1997 Quomodo
508 1965 593 1993 oblita
606 1974 636 1994 es
649 1967 772 1995 studiose
784 1969 944 1996 meminisse
954 1970 1048 1997 novis-

255 2011 390 2038 simorum
410 2016 531 2043 tuorum,
552 2017 580 2039 et
596 2020 651 2047 quo
666 2018 745 2047 pacto
761 2014 871 2041 tandem
890 2023 922 2042 ex
939 2015 991 2043 hoc
1007 2021 1046 2043 ta-

255 2056 407 2084 bernaculo
423 2057 582 2084 abeuntium
599 2058 655 2085 sit?
676 2058 770 2091 Multa,
783 2063 811 2086 et
833 2060 949 2087 nimium
964 2062 1049 2089 multa

257 2102 353 2135 habes,
371 2110 432 2136 qua:
453 2103 480 2129 in
500 2107 525 2130 te
541 2103 682 2137 observes,
704 2108 732 2131 ct
749 2104 889 2139 inspicias.
913 2105 1049 2141 Polluisti,

256 2149 501 2182 contaminasti,et
515 2149 641 2177 inutilem
656 2151 740 2177 vitam
758 2155 831 2178 tuam
849 2153 1005 2181 reddidisti.
1022 2155 1050 2182 Si

259 2194 343 2228 Igitur
358 2193 498 2222 Creatoris
513 2195 591 2230 jussu
610 2196 739 2223 verterint
750 2198 850 2232 angeli,
863 2203 894 2225 ut
905 2202 930 2226 te
949 2199 983 2226 ab
995 2199 1052 2227 his-

257 2246 287 2266 ce
301 2240 435 2274 perituris
452 2240 571 2268 educant
587 2246 614 2269 et
631 2249 745 2277 corpore
757 2244 908 2276 exsolvant,
926 2244 996 2273 heu!
1012 2254 1052 2274 va:

258 2284 308 2311 tibi
329 2284 436 2317 infelix,
449 2285 470 2312 si
489 2291 545 2312 tum
563 2287 624 2314 talis
641 2289 790 2322 reperiare,
812 2290 901 2324 qualis
912 2298 986 2318 nunc
1009 2299 1048 2324 es,
1067 2309 1089 2337 ο

257 2329 326 2357 adeo
343 2329 413 2357 nihil
429 2331 560 2363 sollicita,
577 2332 646 2359 adeo
660 2333 735 2361 vitiis
749 2333 852 2366 dedita,
868 2334 937 2362 adeo
953 2337 1049 2370 piacu-

257 2376 292 2406 lis
305 2376 404 2403 obruta
419 2377 426 2403 l
443 2376 540 2404 Gravis
555 2379 739 2414 estjahruptio
752 2380 860 2414 animm,
885 2382 975 2416 gravis
990 2387 1055 2410 tunc

258 2423 393 2450 sentietur
407 2424 541 2451 tumultus
556 2433 563 2451 :
579 2425 667 2452 multo
683 2426 793 2460 gravius
805 2426 859 2453 erit
872 2427 969 2454 audire
982 2435 1056 2455 acer-

258 2467 310 2495 bos
330 2468 392 2495 illos
408 2470 540 2504 gemitus,
562 2471 674 2504 quando
691 2471 820 2498 lectulum
838 2476 915 2499 tut-tm
938 2472 1056 2500 circum-

256 2518 362 2541 stantes
376 2522 472 2543 omnes
493 2515 531 2542 tui
559 2516 668 2550 fratres,
688 2518 808 2552 cognati,
826 2523 929 2553 patres,
951 2519 1053 2546 contri-

257 2560 347 2594 buies,
357 2561 474 2595 ﬂebunt,
493 2563 644 2598 cjuiabunt,
659 2564 802 2599 lugebant,
815 2565 1050 2599 iamcntabuutur,

257 2612 404 2635 cernentes
433 2608 497 2635 hinc
527 2610 602 2636 nulla
625 2617 672 2644 spe
710 2610 816 2637 reditus
853 2611 1051 2639 discedendum

257 2662 328 2681 esse.
352 2655 387 2683 Et
415 2657 505 2683 omnia
534 2657 591 2684 hu-c
611 2658 718 2684 videbis
734 2659 858 2693 quidem,
874 2648 1051 2694 et‘ploratus

257 2701 364 2735 audies,
381 2703 469 2731 oculis
486 2706 619 2739 corporis,
636 2709 664 2732 et
677 2706 768 2733 cordis
783 2706 909 2734 fortasse.
932 2707 992 2734 Non
1009 2712 1050 2734 ta—

258 2753 320 2773 tuen
334 2747 426 2782 lingua
439 2749 558 2776 arefacta
576 2750 664 2785 loqui,
683 2758 734 2778 nec
751 2751 940 2784 familiarium,
959 2758 988 2779 et
1005 2761 1052 2780 nc-

258 2793 439 2820 cessariorum
450 2795 554 2822 luctum
568 2796 705 2823 consolari
720 2798 843 2831 poteris:
863 2797 910 2825 sed
924 2797 1050 2825 obtutum

261 2837 287 2863 in
303 2839 369 2865 solis
389 2840 493 2874 angelis
512 2841 632 2870 defixum
648 2841 774 2876 habebis,
798 2848 826 2870 et
840 2843 912 2878 apud
929 2844 1052 2872 animum

299 2936 322 2951 ¹²
339 2936 411 2963 l’sal.
428 2943 504 2971 cxtv,
522 2940 549 2966 ἆ.

1097 1006 1198 1037 quanta
1212 1005 1273 1036 post
1291 1005 1406 1027 mortem
1422 999 1587 1027 evenirent?
1599 998 1660 1026 Non
1679 999 1805 1030 videbas,
1824 1007 1890 1032 quo-

1097 1047 1164 1075 tidie
1178 1047 1243 1073 hinc
1252 1045 1429 1081 emigrantes,
1445 1045 1564 1078 adultos,
1592 1045 1795 1077 adolescentes,
1817 1054 1830 1070 ςι
1842 1049 1890 1071 tate

1097 1094 1238 1125 ﬂorentes,
1259 1099 1356 1120 omnes
1383 1091 1522 1126 denique?
1548 1092 1582 1119 Et
1605 1091 1746 1126 quomodo
1772 1095 1888 1117 utentem

1097 1148 1153 1168 non
1165 1138 1296 1166 mutasti?
1307 1138 1445 1173 quomodo
1461 1138 1604 1165 recordata
1613 1144 1669 1164 non
1679 1137 1731 1165 es?
1746 1137 1890 1169 \‘adamus,

1097 1187 1199 1215 cursim
1213 1187 1354 1218 abeamus,
1377 1185 1453 1212 nulla
1481 1185 1563 1212 datur
1583 1184 1808 1220 procrastinatio.
1835 1183 1890 1211 Cito

1098 1241 1226 1268 sequere,
1239 1240 1321 1268 perge
1334 1231 1369 1259 ad
1382 1231 1553 1258 Creatorem.

1135 1279 1205 1306 Tum
1221 1279 1314 1306 carnis
1328 1278 1422 1313 hujus,
1435 1281 1463 1304 et
1474 1277 1663 1305 membrorum
1692 1282 1720 1304 et
1747 1285 1888 1308 venarum,

1099 1324 1278 1358 omniuntque
1288 1330 1451 1358 compagum
1460 1322 1577 1350 nexibus
1588 1322 1725 1350 violenter
1733 1323 1889 1356 exsolveris,

1099 1375 1131 1395 ac
1142 1375 1251 1394 summo
1262 1374 1324 1394 cum
1345 1368 1458 1394 horrore
1478 1366 1633 1394 abduccris.
1649 1366 1717 1400 Quis
1747 1370 1815 1394 tunc
1841 1367 1890 1394 erit

1100 1421 1198 1441 sensus
1214 1413 1298 1440 tuus?
1313 1421 1375 1448 qua:
1391 1413 1544 1448 cogitatio?
1559 1412 1619 1440 Non
1633 1417 1700 1439 tunc
1718 1413 1826 1445 uxoris,
1840 1420 1890 1440 non

1101 1461 1220 1487 filiorum
1230 1460 1284 1487 ulla
1294 1459 1399 1487 subibit
1409 1460 1551 1492 memoria,
1561 1467 1623 1486 cum
1631 1459 1777 1494 perierint,
1792 1464 1821 1486 ut
1829 1458 1891 1486 dicit

1101 1505 1288 1541 Scriptura",
1307 1511 1335 1533 et
1352 1506 1534 1541 cogitationes
1552 1511 1626 1533 totas.
1644 1505 1784 1533 iudicium
1805 1506 1889 1534 solum

1104 1551 1284 1584 horrendum,
1296 1552 1433 1586 judicium
1448 1550 1719 1586 tremendum,quod
1732 1555 1830 1578 contra
1840 1557 1864 1578 te
1877 1558 1890 1577 a

1102 1598 1199 1625 Judice
1208 1597 1371 1634 proferetur.
1382 1596 1498 1625 Ubinam
1509 1602 1573 1623 tunc
1582 1596 1783 1631 possessiones,
1794 1597 1838 1624 ubi
1849 1604 1891 1631 pe-

1100 1645 1189 1673 cunia:
1203 1650 1232 1672 et
1241 1644 1353 1677 divitiae,
1383 1643 1429 1671 ubi
1445 1651 1542 1678 genus,
1554 1643 1602 1670 ubi
1615 1643 1726 1675 fratres,
1741 1643 1790 1670 ubi
1803 1643 1850 1670 [iiii
1868 1649 1892 1670 et

1099 1692 1303 1728 patres?Nemo
1314 1697 1379 1719 tunc
1389 1695 1532 1726 patronus,
1546 1698 1661 1726 prorsus
1670 1698 1752 1718 nemo
1763 1690 1781 1718 li
1788 1691 1892 1718 berator

1099 1740 1253 1775 apparebit.
1268 1739 1328 1767 Non
1341 1739 1397 1766 illic
1407 1746 1534 1766 escarum
1544 1738 1745 1773 potionumquc
1757 1738 1873 1765 varietas
1884 1747 1890 1764 :

1100 1793 1155 1812 non
1169 1785 1307 1820 exquisita
1324 1784 1511 1816 condimenta,
1528 1791 1582 1811 non
1598 1783 1668 1815 coci,
1681 1791 1892 1818 mensarumque

1099 1830 1253 1863 luxus,non
1262 1829 1427 1864 voluptates,
1437 1837 1491 1856 non
1502 1829 1557 1855 vita
1566 1828 1801 1862 mollisetsoluta,
1810 1829 1893 1856 otiosa

1099 1875 1273 1908 etdelicata;
1289 1883 1344 1902 non
1359 1874 1560 1902 eiaboratiores
1577 1879 1687 1907 cantus,
1698 1878 1725 1901 et
1736 1874 1839 1902 choros
1849 1873 1893 1900 du-

1100 1922 1221 1949 eentiutu
1235 1922 1357 1956 plausus,
1372 1929 1421 1956 per
1434 1929 1496 1956 quae
1514 1921 1607 1948 omnia
1626 1920 1721 1948 mundi
1746 1920 1830 1956 hujus
1848 1928 1892 1946 va-

1100 1967 1200 1994 nitates
1214 1975 1388 1994 exercemus.
1418 1966 1515 1994 Omnia
1532 1974 1607 1994 mera
1632 1971 1697 1993 sunt
1718 1966 1852 1998 ludibria,
1867 1973 1892 1993 et

1101 2019 1130 2041 ιιι
1146 2013 1284 2040 somnium
1300 2018 1480 2044 evanescunt,
1510 2018 1593 2047 atque
1617 2013 1705 2040 instar
1731 2013 1855 2048 pulveris
1879 2020 1893 2038 a

1103 2059 1212 2086 turbine
1244 2064 1358 2094 repente
1386 2059 1566 2093 dissipantur.
1585 2059 1657 2091 Quid
1682 2064 1739 2086 tum
1764 2058 1894 2093 profucrit

1103 2106 1151 2132 tibi
1168 2106 1283 2139 corpus?
1298 2105 1364 2140 quid
1382 2113 1460 2132 amor
1477 2110 1506 2132 et
1518 2113 1584 2132 cura
1607 2105 1719 2133 carnis?
1737 2106 1825 2138 Quam
1845 2105 1892 2131 etsi

1102 2152 1193 2179 studio
1207 2151 1339 2186 singulari
1362 2151 1532 2184 confuveris,
1554 2150 1736 2179 nihilominus
1759 2152 1786 2178 iu
1803 2151 1892 2186 sepul-

1103 2206 1151 2226 cro
1166 2203 1309 2234 putrescet
1321 2202 1349 2225 et
1376 2202 1583 2233 corrumpetur,
1597 2203 1626 2225 et
1646 2198 1673 2225 in
1688 2198 1830 2233 pulverem
1854 2197 1893 2224 ni-

1103 2245 1141 2272 hil
1153 2245 1321 2272 scnticutem
1340 2245 1495 2280 redigetur,
1514 2249 1539 2272 te
1551 2251 1618 2271 vero
1633 2243 1714 2271 dolor
1738 2252 1794 2271 non
1821 2245 1895 2271 desc-

1103 2296 1155 2319 ret.
1171 2292 1310 2326 impudice
1325 2292 1465 2326 aspexisti,
1478 2291 1579 2319 coloris
1595 2291 1730 2318 suavitate
1745 2297 1842 2325 captus
1856 2298 1892 2317 es.

1105 2337 1211 2372 Lingua
1228 2342 1255 2364 et
1283 2345 1314 2364 os
1332 2342 1409 2364 tuum
1426 2337 1602 2364 contumeliis
1617 2341 1768 2368 vacarunt;
1786 2337 1894 2364 auriam

1104 2383 1231 2411 fenestra:
1260 2383 1376 2418 impuris
1402 2383 1594 2410 auditionibus
1619 2387 1779 2418 patuerunt.
1804 2383 1896 2409 Manus

1106 2433 1159 2456 tum
1173 2430 1207 2457 ad
1235 2430 1288 2456 vim
1314 2435 1342 2457 ct
1370 2430 1507 2464 rapinam,
1536 2429 1570 2457 ad
1596 2429 1807 2464 proximumque
1839 2430 1895 2454 sine

1105 2483 1188 2503 causa
1212 2477 1375 2512 pulsandum
1402 2481 1520 2503 extenta:
1549 2476 1670 2503 fuerunt.
1693 2475 1832 2502 Pedestui
1863 2474 1894 2500 ad

1107 2529 1191 2556 opera
1205 2521 1319 2554 nefaria,
1336 2522 1369 2548 ad
1389 2521 1534 2548 inhonesta
1548 2521 1716 2555 spectacula,
1742 2520 1776 2547 ad
1793 2527 1895 2555 pugnas

1106 2574 1134 2595 ct
1146 2569 1283 2603 nequitias
1299 2573 1512 2596 concurrerunt.
1528 2568 1607 2600 Nunc
1621 2573 1647 2595 te
1658 2567 1770 2602 quidem
1795 2565 1895 2602 premit

1107 2614 1289 2649 lacrymarum
1308 2614 1388 2648 plena
1422 2615 1583 2645 necessitas,
1604 2618 1632 2641 et
1652 2620 1753 2648 corpus
1778 2612 1895 2647 putrefa-

1107 2666 1181 2688 ctum
1199 2660 1341 2688 vermibus
1358 2665 1454 2687 scatet.

1136 2707 1203 2740 Quis
1217 2707 1258 2734 vel
1278 2715 1371 2734 sermo
1388 2707 1535 2741 exprimet,
1558 2706 1600 2734 vel
1616 2706 1772 2734 intellectus
1787 2703 1894 2732 tandem

1101 2755 1201 2789 capiet,
1226 2762 1307 2790 quam
1323 2755 1505 2782 calamitatem
1521 2755 1678 2782 necessario
1699 2753 1842 2781 subiturus
1854 2759 1893 2781 es,

1102 2801 1212 2835 quando
1239 2801 1355 2829 instabit
1385 2809 1400 2828 a
1429 2808 1547 2836 corpore
1574 2800 1734 2836 separatio?
1756 2799 1894 2826 Daemones

1103 2846 1174 2873 tuaie
1189 2845 1280 2872 feriati
1294 2853 1357 2872 cum
1370 2846 1488 2873 tumultu
1502 2845 1661 2877 advenient,
1676 2843 1856 2878 chirographa
1868 2844 1892 2866 cl
