2032 3156
165 203 219 234 873

885 200 1062 232 DlUl’TRL

1736 199 1792 236 ‘874

159 264 336 294 peccatorum
353 265 466 285 acervos
481 260 668 292 apportantcs.
683 256 777 291 Angeli
792 256 950 283 humaniter
963 258 987 287 Λ
1001 263 1081 291 quant
1109 255 1264 282 mansiones
1293 256 1352 283 illas
1376 264 1471 284 otttnes
1497 259 1708 292 pertransivcris
1718 280 1725 292 ,
1749 270 1795 288 ex-

160 314 192 333 ea
220 313 269 340 per
288 304 418 332 trutinam
447 303 656 336 examinabuttt,
681 304 784 338 quibus
813 303 951 330 datmones

160 351 287 387 graviora
303 355 346 378 tua
359 351 475 377 crintitta
491 350 633 384 adjieicnt.
651 350 678 377 Si
692 349 802 384 jurasli,
813 349 836 376 si
848 349 949 376 furtum

161 398 262 431 fecisti,
290 398 313 425 si
331 397 508 431 calumniam.
524 396 661 427 struxisti,
689 396 710 423 si
728 395 910 423 seortationes
923 400 951 422 ct

160 445 295 472 adulteria
307 443 482 479 perpetrasti,
498 443 519 469 si
537 450 649 470 aversus
661 442 816 477 intpudicus
829 441 914 471 fuisti,
928 440 950 467 si

160 496 187 518 te
199 499 280 526 supra
295 490 394 517 fratres
406 489 539 521 extulisti,
555 490 576 516 si
592 494 687 516 contra
699 489 802 515 anticus
819 487 950 514 mentitus

139 533 144 538 ”
159 545 200 564 es.
213 537 312 564 Totunt
323 537 442 571 denique
451 541 478 563 ct
487 534 649 570 simpliciter
658 539 831 569 peecatomm
840 539 949 560 tuorum

159 583 314 618 catalogum
324 590 370 610 seu
385 583 475 609 sciens
495 589 543 608 seu
560 581 695 613 nesciens,
710 588 758 607 seu
772 579 892 607 sentiens
903 587 950 606 seu

162 637 218 656 non
232 629 355 656 sentiens
369 628 413 655 illa
427 628 610 655 commiseris.
624 627 652 654 ιιι
663 627 785 654 humeris
793 625 949 661 gestabuut,

161 680 190 702 et
207 673 392 708 apportabunt
405 672 496 700 ontuia
519 672 652 704 malelice,
668 671 902 705 festinabuntquc,
921 675 951 696 ut

159 722 304 748 hominum
321 719 405 747 exitio
420 720 554 750 lzetantes,
574 723 602 745 et
618 725 684 744 num
700 721 874 752 peccatorum
888 717 948 742 lanx

160 768 291 794 deorsuttt
308 770 412 801 vergal,
429 765 628 792 obscrvabuut.
646 763 713 790 Boni
729 771 795 790 vero
809 762 897 797 angeli
923 762 950 789 itt

159 814 274 840 alteram
292 812 398 839 lancem
412 811 518 838 decenti
537 810 628 845 specie
650 809 735 836 bottas
757 808 880 835 actiones
901 808 951 834 int-

158 864 273 892 ponent.
290 858 393 892 Nempe
406 858 427 884 si
444 857 602 884 misericors
615 855 690 883 fuisti
703 864 710 887 ;
724 855 745 882 si
760 854 890 881 fratribus
904 862 951 889 pet

158 905 269 940 perciin
283 913 289 936 ;
302 905 324 932 si
341 905 403 931 cibo
415 903 583 931 esurientetn
597 902 736 933 refecisti;
751 901 772 928 si
785 901 888 928 sitienti
903 908 949 936 po-

158 939 218 979 tum
231 951 380 987 pra-buisti;
393 951 414 978 si
431 950 534 977 nttdunt
547 949 648 984 quibus
659 947 772 983 potuisti
788 947 952 982 tegumentis
971 939 988 965 Β

157 999 292 1034 operuisti
306 1007 313 1031 ;
332 997 354 1025 si
370 996 473 1024 carceri
487 995 631 1023 mandatos
646 999 674 1021 et
687 999 805 1029 wgrotos
820 993 949 1024 invisisti;

157 1047 181 1074 si
202 1045 361 1081 peregrinos
376 1050 403 1071 ct
420 1043 540 1078 hospitio
557 1046 683 1069 carentes
701 1041 728 1067 itt
745 1039 817 1067 :edes
834 1044 894 1066 tuas
910 1040 948 1066 in.

157 1092 279 1124 dusisti;
297 1091 320 1118 si
339 1089 506 1125 pauperibus
530 1093 558 1115 et
581 1087 727 1122 egentibus
751 1093 830 1121 opeut
858 1086 951 1112 attuli-

157 1138 210 1171 sti;
228 1138 250 1164 si
273 1136 348 1164 aliud
374 1133 555 1162 humanitatis
570 1133 691 1160 officiunt
717 1131 874 1158 humaniter
891 1130 950 1158 cui-

157 1184 231 1218 piant
243 1181 404 1217 praestitisti.
419 1179 481 1207 llaec
495 1183 521 1207 te
534 1179 561 1206 in
575 1178 644 1205 hora
654 1182 776 1205 extrema
789 1176 949 1203 tuebuntur.

155 1228 273 1262 Quando
288 1227 371 1261 igitur
389 1226 512 1253 actiones
528 1230 588 1252 tuas
603 1225 630 1251 in
646 1223 768 1250 medium
785 1221 951 1258 protulerint

158 1273 290 1308 profanas
306 1273 418 1307 quidem
433 1271 582 1304 dattttones,
593 1270 681 1306 angeli
695 1274 786 1296 autem
799 1269 894 1302 bonas,
910 1269 951 1296 lu-

157 1320 214 1346 eidi
242 1319 358 1352 lucidas,
382 1318 520 1346 tenebrosi
541 1317 728 1348 tenebrarum,
749 1320 777 1343 et
803 1315 838 1343 iis
858 1316 951 1342 lances

155 1365 345 1397 oneraveriut,
376 1370 503 1391 utrorum
530 1371 593 1398 pars
613 1361 872 1398 praponderavcrit,
891 1361 951 1387 illus

155 1413 284 1447 voluptas
296 1415 323 1438 et
336 1410 464 1446 gaudium
483 1410 610 1439 incessct.
625 1413 754 1443 tanquam
767 1408 887 1434 victores
897 1407 950 1434 sei-

155 1459 234 1490 licet,
257 1462 286 1484 et
301 1457 367 1484 victi
383 1456 622 1484 contristabuntur
650 1453 903 1483 vehementissime,
922 1459 950 1480 ut

156 1510 294 1532 testantur
307 1503 458 1538 Gregorius
478 1503 619 1530 Romanus
638 1501 666 1528 in
678 1500 808 1536 Dialogis,
823 1508 950 1536 magnus-

155 1559 211 1586 que
238 1556 266 1578 et
282 1550 449 1577 omnimodis
467 1557 592 1584 magnus,
609 1552 638 1576 ct
665 1547 776 1575 divinus
803 1547 947 1578 Antonius,

155 1597 349 1632 magistrorum
367 1595 616 1624 revereudissimus
640 1599 668 1622 et
679 1599 836 1622 sanctorum
852 1594 945 1621 decus.
963 1611 982 1638 α

191 1645 223 1672 Si
240 1644 325 1680 igitur
340 1643 474 1679 benignus
491 1648 518 1670 et
548 1642 705 1670 misericors
735 1642 807 1670 Deus
827 1646 902 1674 tunc,
933 1650 948 1667 o

154 1691 260 1722 anima,
279 1690 461 1717 humilitatem
489 1694 561 1716 luant
584 1688 696 1720 viderit,
724 1688 869 1715 vincentur
894 1688 948 1714 che-

155 1744 264 1768 mones,
281 1736 456 1768 erubescent,
474 1735 633 1766 abscedent,
662 1735 807 1770 angelique
831 1735 950 1761 victores

154 1781 341 1809 libentissitue
358 1784 385 1807 te
401 1780 548 1815 accipient,
564 1784 592 1806 et
611 1779 773 1814 gaudentes,
789 1787 839 1814 pro
875 1786 949 1804 more

156 1829 183 1856 in
201 1828 280 1855 sedes
301 1827 434 1854 aethereas
459 1826 588 1853 inferent.
608 1825 732 1852 htvenies
755 1830 783 1851 et
812 1824 950 1858 principes

156 1875 371 1910 publicanorum
398 1873 426 1900 in
449 1873 552 1904 medio,
585 1876 734 1902 tentantes,
764 1870 948 1900 retraltentes,

155 1921 257 1949 acerbe
279 1920 427 1956 exigentes,
447 1919 667 1950 manifestorum,
681 1917 908 1951 occultoruutquc
923 1921 950 1942 ct

155 1967 282 1994 omnittnt
299 1966 410 1993 ultores.
421 1964 451 1992 Hi
466 1969 530 1992 sunt
541 1963 652 1999 sttperbi
672 1970 773 1994 ntores,
789 1961 893 1994 odium,
909 1961 950 1987 in-

155 2013 242 2040 vidia.
261 2013 404 2040 Rationem
419 2016 564 2046 reposcent
581 2010 684 2042 miseri,
716 2013 744 2036 ct
770 2008 803 2035 ad
830 2008 950 2036 calculos

155 2059 297 2086 vocabunt
312 2057 415 2088 omnia,
431 2057 512 2092 idque
529 2056 616 2083 donec
630 2055 664 2082 ad
680 2059 773 2090 portas
782 2054 843 2080 cteli
854 2061 950 2088 perve-

159 2105 245 2133 neris.
262 2105 409 2138 Postquam
425 2103 534 2130 turbam
543 2102 640 2129 ltoruttt
651 2098 950 2128 adversariorutncmt-

156 2151 241 2188 geris,
271 2155 299 2179 et
322 2149 354 2177 ad
382 2150 573 2184 incorruptum
592 2147 717 2174 .ludicem
748 2146 948 2180 hominumque

158 2203 236 2225 tuum
252 2196 412 2229 accesseris,
429 2195 585 2230 prccidens,
612 2193 733 2228 legitime
752 2193 827 2219 illum
849 2192 948 2218 adora-

158 2244 212 2271 bis.
232 2243 297 2270 lmle
311 2243 404 2270 divino
430 2241 575 2268 accedente
593 2240 732 2271 mandato,
761 2243 906 2273 postquam
920 2243 949 2264 et

1004 302 1140 334 saltabis,
1166 302 1334 337 voluptatem
1363 303 1500 338 iustorum
1530 304 1659 340 intuens,
1683 312 1710 334 et
1747 316 1794 335 co-

1004 357 1063 374 runt
1091 349 1297 376 contubernalis
1322 350 1452 384 appellari
1483 351 1665 385 desiderabis,
1701 363 1795 388 prcca-

1004 395 1131 427 horisque
1149 395 1233 423 duces
1250 396 1370 431 angelos,
1387 397 1480 424 omnia
1506 398 1553 424 tibi
1577 406 1795 428 commonstran-

1004 447 1054 472 tes,
1071 446 1098 468 et
1114 449 1159 475 per
1178 441 1236 468 loca
1249 441 1350 474 lucida,
1364 447 1391 469 ct
1404 443 1561 475 viridantia,
1574 449 1602 471 et
1614 444 1794 474 felicitatibus

1002 487 1135 513 scatentia
1151 487 1402 520 circumducentcs,
1417 494 1444 515 et
1467 489 1566 516 timore
1582 490 1682 518 latitia:
1713 493 1794 520 misto

1003 532 1097 560 dices:
1118 532 1205 560 Sinite.
1221 541 1275 565 me,
1295 534 1414 567 domini,
1429 542 1491 562 cum
1507 537 1549 564 Itis
1560 544 1681 569 manere,
1700 539 1793 570 sinite,

1002 586 1106 612 qumso,
1124 582 1152 606 et
1174 580 1286 614 gratiam
1301 588 1349 615 pro
1365 582 1451 616 gratia
1469 582 1586 610 debebo.
1603 583 1651 610 Ast
1668 584 1792 620 iilijuxta

1004 625 1162 651 mandatum
1182 623 1276 657 Verbi,
1290 631 1318 652 et
1330 626 1491 659 SalvatOris,
1511 628 1532 655 si
1547 627 1656 660 idonea,
1673 635 1701 657 et
1713 638 1791 665 pura,

1003 670 1124 705 ctdigna
1137 671 1231 703 fueris,
1250 677 1406 699 censortem
1419 679 1447 700 ct
1468 675 1690 703 contubernalem
1712 682 1737 703 te
1750 677 1795 712 ju-

1004 725 1110 744 sorum
1143 717 1253 750 facient,
1270 723 1295 745 et
1321 719 1393 754 quod
1418 720 1466 747 tibi
1483 721 1646 750 confirmare
1670 731 1793 758 possunt,

1004 771 1066 790 curn
1095 764 1149 791 illis
1182 765 1265 800 de.ch
1285 771 1312 792 et
1326 766 1470 794 lzctaberis.
1490 767 1523 794 Et
1551 768 1607 795 lucc
1631 769 1741 804 quidem
1772 770 1795 797 si

1005 810 1119 838 meliora
1135 811 1255 846 pondere
1270 812 1397 839 vicerint.
1421 812 1449 840 Si
1467 818 1558 841 autem
1584 815 1706 850 gravitas
1725 815 1796 843 deli-

1006 862 1114 885 ctorum
1136 858 1243 885 lancem
1271 859 1401 887 deorsum
1433 861 1555 891 traxerit.
1573 866 1629 889 tum
1655 862 1795 898 principes

1005 903 1194 936 tenebrarum,
1224 910 1252 932 ct
1278 906 1357 934 tonis
1388 906 1543 935 invidentes
1562 908 1737 943 impudenter
1768 914 1794 936 tc

1004 950 1152 985 abripient,
1169 956 1197 978 et
1219 952 1352 979 audacter
1368 953 1402 980 ad
1433 953 1537 981 ittferos
1565 954 1738 982 abstraltent.
1757 955 1794 982 Ac

1003 996 1122 1030 primum
1137 996 1249 1032 quident
1269 1003 1469 1026 torntentorunt
1486 999 1558 1029 loca.
1575 1000 1705 1027 tenebras
1716 1005 1796 1027 cxte-

1004 1041 1099 1074 riores,
1115 1046 1143 1069 et
1158 1043 1264 1078 pejores
1290 1043 1419 1071 omnibus
1435 1045 1565 1076 tenebris,
1593 1053 1714 1072 vermem
1728 1046 1798 1072 irrc-

1002 1088 1139 1122 quietum,
1168 1088 1290 1116 dolerent
1320 1098 1462 1124 nunquam
1491 1091 1654 1124 finiendum,
1679 1092 1794 1119 fluvium

1003 1133 1124 1167 igneum,
1136 1134 1299 1168 sttppliciuttt
1312 1134 1453 1169 gehennae,
1464 1136 1610 1171 strepitum
1633 1137 1796 1164 stridorem-

1003 1186 1056 1214 que
1081 1179 1206 1207 dcntiunt
1231 1180 1389 1208 ostendettt.
1421 1181 1518 1209 Omnia
1547 1182 1626 1218 plena
1663 1184 1794 1215 ululatus,

1003 1224 1082 1259 plena
1096 1225 1246 1254 cruciatus.

1038 1271 1103 1305 Qua:
1115 1272 1215 1305 oratio,
1230 1281 1290 1308 qua:
1302 1273 1412 1300 dicendi
1428 1273 1543 1301 facultas
1563 1274 1704 1302 declarare
1719 1281 1797 1310 pote-

1004 1318 1048 1349 rit,
1065 1327 1125 1353 qua:
1151 1319 1183 1345 ad
1208 1319 1340 1353 supplicia
1357 1324 1535 1354 peccatorum
1559 1321 1707 1354 pertinent,
1721 1329 1796 1355 qoze.

1002 1372 1053 1398 quo
1067 1364 1100 1390 :td
1127 1371 1220 1398 ptenas
1235 1369 1263 1391 et
1288 1365 1453 1392 alllictiones
1468 1373 1564 1392 corutn
1595 1370 1689 1400 parata
1707 1367 1796 1394 sunt?

1002 1410 1040 1437 lbi
1052 1410 1174 1445 ploratus
1189 1411 1385 1445 sempiternus,
1399 1411 1436 1438 ibi
1449 1412 1544 1446 ingens
1560 1413 1730 1441 lamentatio.
1743 1413 1795 1440 La-

1002 1456 1202 1484 mentabutttur
1226 1457 1375 1489 incassum,
1391 1457 1616 1485 voeiferabuntur
1647 1458 1792 1486 ittutilitcr.

1002 1503 1100 1530 l‘ercat
1125 1503 1194 1534 dies,
1213 1502 1370 1529 ctamabutst
1391 1503 1424 1533 '°,
1452 1503 1549 1538 quain
1578 1503 1661 1530 vitam
1691 1504 1794 1532 frustra

1002 1549 1116 1583 ingressi
1131 1556 1238 1576 smnus.
1252 1548 1425 1576 l‘atnitudine
1440 1548 1558 1584 capieris
1587 1554 1615 1576 tu
1632 1557 1753 1585 quoque,
1766 1555 1795 1578 ct

999 1594 1098 1621 acerbe
1111 1594 1253 1627 clantabis,
1270 1594 1326 1621 lleu
1341 1594 1392 1622 heu
1408 1595 1414 1621 !
1431 1595 1529 1622 misera
1542 1600 1569 1622 et
1585 1595 1679 1623 infcliv
1702 1596 1793 1624 anima

1002 1649 1060 1668 mea
1071 1641 1078 1668 l

1037 1688 1087 1715 Ubi
1111 1688 1309 1717 fclicitatemet
1334 1690 1519 1717 cruciamenta
1533 1690 1749 1725 suppliciorum,
1765 1695 1794 1718 ct

1001 1735 1092 1761 omnia
1103 1742 1161 1767 qum
1172 1739 1237 1762 sunt
1247 1735 1370 1767 luminis,
1383 1739 1412 1762 et
1421 1743 1480 1770 quae
1493 1735 1667 1762 tenebrarum
1679 1736 1791 1768 videris,

1002 1781 1110 1808 tandem
1125 1781 1152 1807 itt
1170 1780 1230 1808 loco
1244 1789 1258 1808 a
1270 1781 1343 1816 justo
1365 1780 1461 1808 Judicc
1478 1781 1526 1808 tibi
1545 1781 1658 1808 definito
1673 1786 1698 1808 te
1725 1789 1793 1809 con-

1001 1828 1129 1860 stituent,
1146 1828 1172 1854 itt
1185 1835 1239 1862 quo
1254 1827 1380 1854 ttltimum
1398 1828 1521 1854 omniunt
1535 1835 1661 1860 examen,
1677 1833 1705 1854 et
1718 1836 1795 1855 cont-

1002 1881 1112 1899 nuutent
1125 1873 1248 1900 omnium
1267 1873 1508 1904 resurrectionem,
1525 1873 1663 1908 vitamque
1680 1874 1792 1908 etjudi-

1002 1918 1074 1944 ciuttt
1087 1917 1270 1952 exspectabis.
1285 1918 1362 1944 Tune
1381 1918 1444 1944 tuba
1467 1918 1618 1946 clarissime
1644 1924 1736 1951 canet,
1763 1925 1794 1947 ιιι

1001 1964 1165 1990 exaudiatur
1179 1964 1213 1991 ab
1238 1964 1376 1995 omnibus,
1406 1965 1470 1991 tuba
1486 1964 1635 1997 insonabit,
1652 1969 1679 1992 et
1696 1973 1793 1993 omnes

1002 2009 1085 2037 voluti
1100 2010 1225 2037 concussi
1242 2010 1323 2037 simul
1350 2015 1502 2044 resurgcnt.
1521 2009 1647 2037 Rcddent
1663 2015 1736 2038 terra
1764 2016 1792 2038 et

1002 2062 1076 2081 mare
1090 2055 1223 2090 quidquid
1234 2055 1337 2082 habent
1348 2055 1381 2086 “,
1394 2055 1590 2090 quotquotjam
1602 2055 1664 2083 itide
1677 2056 1711 2082 ab
1723 2056 1791 2083 orbe

1001 2101 1113 2128 condito
1130 2101 1254 2128 homines
1267 2105 1445 2134 acceperunt,
1475 2109 1523 2128 seu
1541 2101 1584 2127 leo
1599 2101 1661 2128 illos
1677 2101 1792 2128 devora-

1002 2147 1049 2177 vit,
1063 2155 1111 2174 seu
1129 2147 1260 2182 pardalis,
1274 2155 1323 2174 sctt
1339 2152 1428 2178 cetus,
1448 2155 1494 2174 seu
1513 2146 1607 2181 draco,
1624 2155 1672 2174 seu
1696 2148 1788 2182 lupus,

1000 2202 1048 2221 seu
1066 2195 1152 2226 canis,
1166 2202 1214 2221 seu
1235 2194 1309 2222 aliud
1327 2194 1463 2221 marinum
1492 2198 1657 2221 terrestreve
1671 2194 1786 2222 animal.

999 2241 1094 2273 Quivis
1109 2241 1190 2267 homo
1211 2241 1367 2273 reviviscet,
1385 2241 1488 2268 domini
1507 2246 1535 2268 et
1550 2241 1654 2273 famuli,
1669 2241 1790 2273 nobiles,

158 2288 336 2323 voluptatem,
354 2292 382 2314 et
408 2287 547 2314 cruciatus
561 2285 733 2320 cognoveris,
751 2290 891 2319 acceptam
920 2289 945 2310 te
963 2291 984 2317 ῐ)
1000 2285 1136 2316 ltonorati,
1149 2293 1245 2313 ontnes
1258 2286 1379 2321 ulyuastie
1393 2291 1421 2311 ct
1438 2286 1586 2320 principes,
1610 2287 1747 2321 toparchze
1762 2293 1791 2314 ct

157 2331 306 2366 adducent,
324 2339 350 2362 et
370 2333 476 2361 videbis
492 2341 552 2368 quae
568 2332 684 2362 videbis.
717 2332 807 2358 locum
825 2331 946 2365 splendi-

158 2381 314 2414 dissimum,
330 2381 441 2408 ordines
457 2385 628 2412 sanctorum,
651 2379 800 2409 Abraham,
819 2378 893 2405 Isaac
920 2382 948 2404 et

157 2427 253 2457 Jacob,
269 2427 397 2454 sedentes
414 2427 440 2453 in
465 2426 549 2462 gloria
565 2433 672 2458 otnnes,
699 2425 803 2457 Patres,
827 2428 855 2451 et
883 2428 948 2449 autc

159 2474 246 2508 tegent
263 2476 292 2499 et
306 2477 366 2506 post
377 2472 475 2506 legent,
491 2478 518 2499 et
535 2476 670 2507 quotquot
688 2470 829 2506 prophetze
853 2469 947 2497 Salva-

160 2523 247 2546 toretn
262 2519 490 2553 pratrtuntiarurtt,
500 2519 715 2546 incarnationem
730 2517 858 2544 videlicet
875 2517 944 2550 ejus,

160 2569 277 2592 mortem
292 2567 320 2590 et
342 2563 490 2594 cruciatus,
517 2568 544 2590 et
561 2571 731 2598 quzecunque
749 2562 890 2597 plasmatis
904 2561 946 2589 sui

159 2610 282 2639 salt’andi
295 2617 376 2637 causa
393 2610 531 2636 sustinuit.
541 2609 622 2637 Verbi
645 2614 824 2644 spectatores.
838 2609 946 2643 agmina

161 2656 283 2687 Patrum,
297 2655 332 2683 ob
344 2655 494 2682 certantina
510 2660 712 2687 coronatorum,
739 2654 946 2685 venerabiliutn,

158 2704 294 2737 justorum
321 2708 349 2729 et
365 2705 533 2729 sanctorum.
559 2701 628 2728 Autc
656 2709 752 2728 omnes
778 2701 944 2728 Genitriccm

162 2749 240 2777 Verbi
252 2749 331 2776 οεανθ
337 2748 438 2783 ρώπου,
459 2749 588 2782 gaudium
597 2748 662 2774 illud
675 2748 813 2775 iuctlabilc
828 2753 855 2774 et
868 2748 929 2775 inex
936 2763 944 2767 -

162 2794 285 2828 plicabile
301 2797 433 2829 quantum
448 2793 493 2824 sit,
514 2801 564 2820 nec
581 2792 647 2825 dici,
669 2801 721 2820 nec
747 2794 886 2820 intellectu
903 2793 944 2820 \‘cl

163 2841 279 2868 humano
309 2841 351 2868 vel
377 2840 500 2875 angelico
518 2839 712 2875 comprehendi
735 2844 837 2874 potest.
864 2838 945 2867 Post~

196 2930 217 2945 ²⁰
231 2931 291 2957 Job.
309 2938 349 2961 In.
364 2934 390 2958 3.
432 2932 452 2945 "
469 2934 553 2964 Apoc.
573 2938 616 2960 xv,
633 2929 675 2958 15.
715 2931 736 2944 ’⁵
751 2929 803 2955 l.a.
821 2935 881 2961 va,
903 2927 944 2952 Π.

248 2977 400 3026 Ῥλτιιυιιη
415 2978 473 3009 Gn.
498 2977 644 3008 CXXV“.

1000 2331 1166 2366 pltylareltze,
1186 2332 1312 2358 monachi
1332 2335 1359 2358 et
1381 2332 1459 2366 justi,
1477 2339 1606 2359 convena:
1619 2337 1647 2359 ct
1662 2338 1790 2366 peccato-

999 2385 1052 2403 ['05.

1032 2422 1098 2454 Quis
1112 2422 1202 2449 verbis
1229 2427 1424 2458 consequatur,
1443 2431 1503 2458 qua:
1516 2428 1581 2450 tunc
1603 2423 1788 2450 eritomniunt

999 2476 1091 2494 reruni
1107 2469 1250 2495 turbatio?
1266 2470 1330 2502 Qum
1359 2470 1458 2501 oratio,
1487 2479 1547 2505 quae
1573 2469 1714 2505 cogitatio,
1728 2478 1789 2504 qme

998 2515 1101 2549 lingua,
1118 2522 1178 2550 qua:
1195 2516 1288 2542 meus?
1303 2524 1356 2542 non
1371 2515 1467 2543 fundet
1483 2517 1573 2544 lumett
1584 2517 1634 2548 sol,
1650 2524 1703 2542 tton
1715 2516 1790 2544 luce-

999 2563 1039 2589 bit
1052 2563 1126 2594 luna,
1142 2563 1226 2590 stellze
1239 2563 1272 2590 dc
1286 2564 1356 2590 ctelo
1370 2563 1479 2591 cadent.
1496 2563 1579 2591 Terra
1600 2569 1627 2591 ct
1641 2557 1741 2591 eteluui
1760 2564 1787 2591 in

1000 2609 1097 2637 melius
1109 2610 1300 2637 mutabuntur.
1321 2609 1512 2645 Maguiloquus
1532 2611 1615 2637 Isaias
1631 2611 1664 2641 ²¹,
1681 2610 1788 2637 instau-

999 2654 1132 2681 rationem
1145 2659 1278 2682 creatura:
1293 2655 1445 2689 prazvidens
1463 2655 1655 2691 in'posterum,
1687 2663 1788 2682 novum

999 2701 1110 2732 malum,
1126 2705 1154 2727 et
1170 2705 1268 2726 terram
1288 2709 1396 2732 novam,
1416 2709 1525 2727 oontctn
1547 2701 1685 2734 decorem,
1698 2703 1788 2736 qualis

999 2747 1122 2773 outniuttt
1142 2747 1246 2780 pritnus
1263 2751 1332 2778 erat,
1361 2748 1518 2774 restitutum
1548 2747 1581 2774 iri
1609 2747 1786 2780 vaticinatur,

999 2793 1113 2827 ahjectis
1130 2792 1306 2827 purgatisque
1317 2792 1445 2820 sordibus
1459 2797 1486 2820 et
1498 2793 1612 2820 maculis
1623 2794 1758 2820 universis
1777 2802 1784 2820 :

1000 2843 1027 2864 rt
1041 2838 1133 2866 omnia
1149 2846 1209 2873 qua:
1231 2839 1301 2866 intra
1328 2839 1418 2874 poluttt
1434 2843 1462 2866 et
1475 2844 1554 2867 terra:
1570 2844 1694 2867 centrum
1711 2844 1787 2874 sunt,

1594 2972 1632 3002 28
