2032 3156
240 191 295 223 8ἷ5

856 181 1029 212 FIllLll’Pl
1052 179 1249 210 SOLITARII

1819 177 1869 208 Siti

241 253 313 277 nutu
332 251 360 275 et
374 246 514 274 voluntate
532 242 638 270 Domini
655 241 803 269 novitalem
820 239 944 267 iudueut.
969 238 1033 265 Sce-
1048 240 1070 268 Α
1086 241 1114 263 et
1133 236 1273 268 viriditas,
1291 234 1387 262 fidem.
1408 234 1466 260 Non
1502 239 1592 260 tamen
1621 234 1698 260 locus
1723 233 1820 266 Edcm,
1843 234 1869 260 in

245 302 336 331 ptrum
351 294 468 329 regium,
485 297 583 324 nempe
599 296 677 321 crux,
706 292 800 322 postea
836 291 865 314 ut
881 286 908 313 in
934 293 1032 320 pompa

245 339 436 375 triumphabit.
466 340 603 364 ostentata
621 334 649 361 in
682 333 805 365 sublimi,
829 337 859 360 ut
889 332 1032 359 Matthacus

242 386 339 415 scribit
355 386 389 416 ³³,
415 381 649 411 intellectualibus
680 379 825 408 Ordinibus
852 378 1030 414 Angelorum,

243 430 489 465 Archangelorum,
508 427 727 461 Principatuum,
743 425 924 456 Potestatum,
939 423 1032 451 V'irtu-

243 485 312 510 tum,
329 475 565 504 Dominatiouum,
581 472 769 504 Thronorum,
798 469 1031 501 Cberubinorum,

242 523 458 559 Seraphinorum
476 519 623 554 conspicue
639 516 858 553 praecedentibus
868 525 874 542 :
884 515 1032 543 etveuien-

243 577 297 598 tem
315 570 342 596 in
359 568 445 604 gloria
457 566 598 594 Christum
622 563 855 600 praecurrentibus
880 562 908 590 in
930 563 1032 594 locum,

243 617 270 643 in
287 623 342 650 quo
356 614 390 641 ad
402 613 538 649 judicium
552 610 738 639 exercendum
764 608 916 637 consedere
932 611 1035 635 statue-

243 660 287 687 rit.
302 658 401 686 Positis
416 658 509 691 itaque
534 655 652 688 tbronis,
668 659 696 693 et
719 654 822 689 paratis
845 653 931 685 libris,
948 652 1035 680 Judex

241 711 270 732 et
291 694 424 731 Dominus
443 702 536 739 gloriae
551 701 658 729 sedebit
675 701 748 736 juste
764 699 939 735 judicaturus
953 698 1036 726 simul

243 752 322 778 vivos
333 754 360 777 et
373 752 508 776 mortuos.
527 748 614 782 Reges
635 746 816 779 adducentur,
833 745 955 781 dynasta:
970 752 1035 772 con-

243 797 442 832 gregabantur.
458 795 597 830 Paupcrcs
609 798 638 821 et
649 793 749 820 divites
760 800 822 820 cum
839 797 958 819 tremore
967 795 1037 818 asta-

245 846 324 876 hunt,
350 842 495 878 agentibus
518 839 744 875 rapicntibusque
770 838 884 874 angelis,
910 842 938 864 ut
954 836 1037 863 ratio-

244 898 307 917 nem
318 889 454 916 factorum
469 887 598 919 reddant,
612 891 641 914 et
655 885 791 920 operibus
812 884 931 919 pretium
942 883 1038 910 condi-

244 944 328 971 gnum
342 934 488 969 accipiant.
504 933 579 960 Libri
594 932 768 967 aperientur,
793 935 821 958 et
831 929 1036 958 exhibebantur
1054 921 1074 948 Β

243 982 336 1010 omnia
346 981 379 1008 ἰ.
392 981 432 1008 lbi
446 985 503 1007 tum
515 978 728 1007 eonsistentium
740 977 884 1004 hominum
897 974 1036 1010 separatio

244 1029 402 1060 inducetur,
416 1034 478 1054 cum
492 1033 569 1057 oves,
587 1031 616 1052 ut
633 1023 792 1054 fructiferae,
807 1030 821 1049 a
835 1021 948 1054 dextris,
961 1021 1036 1049 hmdi

242 1079 346 1106 autem,
364 1078 392 1101 et
405 1079 502 1100 omnes
528 1070 683 1106 iufrugiferi
697 1073 725 1097 et
737 1068 850 1096 inutiles
867 1068 939 1095 servi
954 1071 1036 1101 atque

242 1124 386 1152 creaturae,
401 1122 431 1145 ut
445 1125 506 1152 ego,
521 1116 554 1144 ad
575 1116 716 1144 sinistram
731 1114 952 1142 collocabantur.
962 1112 1036 1140 Nudi

243 1174 326 1202 porro
342 1170 370 1193 et
387 1163 526 1192 manifesti
547 1163 636 1198 palam
653 1166 822 1193 statuentur,
840 1159 1035 1192 lamentantes,

243 1213 291 1240 sed
307 1212 438 1243 inaniter,
456 1211 617 1241 clamantes,
635 1207 682 1235 sed
709 1207 821 1234 frustra.
837 1205 959 1233 Audient
969 1212 1036 1232 oves

243 1267 339 1286 vocem
357 1256 530 1285 bcnedictam
548 1265 554 1282 :
570 1264 579 1281 ι
607 1254 715 1286 Venite,
732 1253 824 1284 amici,
850 1251 967 1286 accipite
991 1258 1036 1278 re-

243 1312 338 1340 gnum,
353 1303 426 1338 quod
444 1303 523 1330 vobis
539 1305 664 1336 paratum
676 1303 718 1326 est
731 1303 795 1326 ante
809 1297 1036 1325 constitutionem

245 1350 340 1377 mundi
356 1350 389 1375 ’⁵.
411 1358 420 1374 t
436 1349 612 1376 Esurientcm
625 1346 698 1373 enim
712 1353 743 1372 ac
761 1344 900 1371 sitientem
915 1351 968 1375 me,
983 1351 1035 1369 nu-

244 1397 320 1428 dum,
338 1403 452 1431 aegrum,
477 1394 618 1421 sedentem
637 1392 664 1419 in
694 1397 816 1423 carcere,
843 1389 987 1421 advenam,
1009 1393 1037 1416 et

244 1443 380 1477 hospitem
397 1440 528 1475 hospitio,
544 1439 606 1466 cibo
623 1442 651 1465 et
667 1441 824 1472 legumento
839 1435 943 1471 dignati
959 1435 1036 1462 estis.

245 1489 347 1516 Etlizec
358 1487 471 1522 quidem
499 1493 575 1513 oves.
594 1484 643 1512 Ast
668 1484 768 1514 hcedis,
794 1490 875 1517 quam
903 1490 985 1514 smva,
1009 1486 1037 1509 et

243 1535 326 1565 dura.
343 1538 371 1561 et
388 1531 559 1560 intoleranda
575 1530 742 1557 omnimodis
762 1529 891 1556 dicentur
905 1529 911 1554 !
932 1537 940 1553 ι
956 1527 1036 1555 Abite

243 1586 260 1606 a
277 1586 319 1605 me
335 1578 444 1612 procul,
472 1577 564 1610 longe,
587 1574 738 1605 maledicti,
754 1574 781 1600 in
799 1574 887 1608 ignem
916 1573 1037 1600 exterio-

246 1632 315 1656 rem,
331 1623 377 1657 qui
390 1625 559 1656 praeparatus
568 1626 610 1647 cst
622 1620 731 1647 diabolo
745 1624 773 1647 et
786 1619 889 1654 angelis
901 1620 960 1655 ejus
970 1620 1003 1652 ",
1024 1629 1032 1645 ι

244 1673 273 1696 et
286 1667 417 1696 onmibus
434 1666 482 1702 qui
517 1666 676 1694 servierunt
699 1665 829 1701 operibus
847 1665 1033 1698 infructuosis,

243 1718 272 1741 et
287 1717 350 1749 post
365 1713 521 1740 voluntates
538 1719 602 1739 suas
629 1711 853 1743 ambulaverunt,
867 1711 914 1746 qui
932 1711 1002 1738 male
1020 1719 1034 1737 a

245 1760 301 1786 Deo
317 1758 407 1787 aversi
423 1762 497 1790 sunt,
510 1762 538 1785 et
562 1764 705 1784 sermones
733 1763 820 1788 meos,
848 1760 878 1782 ut
907 1755 1034 1782 mandata

244 1812 304 1832 mea
318 1808 543 1839 aspernarentur,
557 1808 585 1831 et
599 1803 690 1830 omnia
706 1801 834 1837 baptismi
857 1801 960 1829 fmdera
977 1801 1034 1828 dis-

243 1852 399 1884 solverent;
432 1851 523 1878 omnia
554 1851 781 1886 promittentibus
796 1855 823 1877 et
848 1849 915 1876 mihi
945 1854 1034 1877 tamen

243 1897 453 1925 mentientibus.
480 1898 564 1925 Satan
580 1902 672 1925 autem
689 1897 835 1930 malevolo,
852 1901 879 1924 et
895 1904 956 1931 quae
970 1902 1034 1924 sunt

243 1943 351 1972 Satanae
364 1944 578 1972 adhaerentibus.
589 1944 628 1972 Ite
643 1943 725 1979 igitur
734 1943 767 1971 ad
779 1947 884 1978 patrem
898 1947 1032 1970 vestrum.

243 1989 321 2023 Quod
338 1989 361 2016 si
372 1989 479 2024 possint
492 1988 594 2020 emori,
609 1996 775 2023 rursumque
805 1995 960 2023 resurgere,
977 1992 1031 2015 tam

243 2034 372 2062 horribili
387 2034 471 2061 verbo
491 2034 665 2068 exspirarent
695 2041 802 2066 omnes,
833 2037 887 2060 tam
905 2032 1033 2060 acerbum

243 2080 387 2107 arbitrium
403 2087 458 2106 non
471 2079 651 2107 sustinentes.
708 2091 729 2116 «7

279 2126 377 2153 Anima
395 2133 455 2152 mea
471 2130 540 2157 atra,
559 2124 724 2156 miserrima,
741 2124 837 2156 stulta,
851 2132 892 2151 vae
909 2123 958 2151 tibi
971 2131 1032 2158 pro-

236 2178 305 2207 pter
318 2171 536 2203 damnationem,
553 2178 592 2197 va:
611 2174 724 2205 propter
738 2169 882 2204 judicium.
913 2168 1033 2196 Conver-

234 2223 286 2245 tes
301 2221 326 2244 te
336 2215 472 2246 crebrius,
485 2215 538 2243 huc
549 2215 614 2243 illuc
627 2215 776 2250 respiciens
792 2214 859 2247 ;sed
876 2222 1031 2250 propugna-

247 2268 333 2290 torem
348 2266 376 2289 et
390 2261 564 2289 defensorem
579 2261 685 2288 nullum
698 2266 811 2295 propter
824 2268 920 2296 opera,
931 2261 1033 2295 cogita-
1050 2279 1072 2306 υ

246 2310 335 2336 tiones
351 2313 378 2335 et
391 2307 586 2335 conscientiam
603 2307 736 2340 invenies,
748 2315 808 2342 qua:
823 2312 888 2334 tunc
904 2306 1032 2340 aderunt,

243 2359 273 2382 et
293 2354 481 2382 testimonium
498 2358 593 2381 contra
609 2358 634 2381 te
650 2354 751 2386 ferent,
763 2358 791 2381 et
805 2358 877 2380 recta
891 2352 918 2379 in
943 2354 1034 2388 ignem

243 2405 272 2428 et
281 2400 418 2428 flammam
432 2405 457 2428 te
477 2400 626 2432 deducent,
640 2399 687 2426 ubi
705 2400 845 2427 cruciatus
865 2399 1037 2426 inenarrabi~

244 2444 292 2479 lis,
308 2446 419 2473 afﬂictio
432 2446 577 2478 immensa,
594 2453 674 2480 ptena
700 2445 883 2478 intoleranda,
899 2445 1038 2479 negotium

243 2492 320 2519 omni
348 2492 481 2526 patientia
514 2491 613 2526 majus.
643 2490 764 2525 Tempus
791 2490 1039 2517 animadversionis

244 2537 326 2565 finem
340 2537 446 2564 nullum
457 2537 552 2564 habet.
574 2536 735 2563 Avellcntur
749 2535 783 2562 ab
799 2535 896 2562 amicis
911 2539 939 2562 et
953 2534 1032 2561 fami-

243 2584 370 2616 liaribus,
383 2591 398 2611 a
417 2583 491 2617 filiis,
506 2587 533 2610 et
546 2583 688 2613 uxoribus.
710 2591 724 2609 a
741 2582 865 2617 cognatis
877 2581 1033 2608 amantissi-

245 2630 308 2656 mis.
326 2630 455 2664 Episeopi
473 2634 654 2656 sccerncntur
679 2637 694 2655 a
712 2629 894 2663 coepiscopis.
912 2627 1033 2655 Sacrifiri

241 2682 271 2702 et
289 2675 442 2710 presbyteri
459 2683 474 2701 a
495 2675 638 2709 dignitatis
654 2681 710 2701 suae
727 2673 819 2700 sociis.
849 2673 883 2700 Et
899 2673 956 2699 haec
971 2673 1034 2707 qui-

243 2721 304 2747 dem
319 2720 502 2747 intolerabilia
518 2721 543 2746 in
557 2719 667 2746 s:nistra
684 2723 760 2753 parte
775 2717 849 2744 fient.
977 2724 990 2751 ι

278 2767 329 2800 Qui
346 2774 438 2794 autem
456 2775 519 2793 cum
530 2766 628 2793 ovibus
641 2774 655 2792 ιι
671 2765 776 2792 dextris
799 2764 922 2794 stabunt,
941 2763 1036 2790 laetan-

245 2816 286 2838 tes
300 2813 331 2839 ad
348 2817 452 2840 sortem
469 2820 546 2838 suam
563 2811 690 2839 abibunt.
718 2810 806 2837 Locus
820 2809 864 2836 hic
877 2813 918 2836 est
931 2809 1035 2844 gaudii,

280 2871 302 2886 "
317 2870 411 2897 Matth.
428 2879 499 2903 xxxv,
514 2871 549 2896 99
565 2878 641 2904 seqq.
695 2869 717 2884 “
734 2869 818 2903 Apoc.
834 2876 876 2900 xx,
896 2868 939 2894 l2.

244 2906 267 2920 "
285 2904 438 2937 Joanﬁxrv,
454 2907 480 2933 ti.
520 2907 540 2920 ’ν’
560 2905 639 2932 Rom.
658 2913 705 2936 xu,
724 2905 767 2930 to.

993 2869 1014 2883 "
1032 2867 1128 2895 Matth.
1151 2876 1210 2901 xxv,
1228 2868 1272 2895 5-4.

1086 290 1141 317 quo
1156 282 1241 309 Adam
1254 286 1296 308 est
1310 281 1455 308 formalus.
1475 279 1527 307 Sed
1543 280 1686 314 paradisus
1708 279 1871 314 ipsiss‘imus,

1087 329 1112 355 in
1127 336 1207 363 quem
1229 332 1323 362 raptus
1334 333 1376 354 est
1391 327 1501 358 Paulus,
1515 327 1581 353 etin
1595 326 1667 353 hunc
1681 325 1872 354 multitudines

1083 372 1221 407 justorutn
1250 371 1429 406 recipientur,
1445 370 1543 402 Adam,
1557 370 1637 402 Abel,
1662 370 1740 402 Seth,
1769 370 1871 404 Εηορίι⁵

1090 418 1136 453 qui
1150 419 1227 453 prius
1238 418 1354 445 Domino
1370 425 1402 445 ex
1410 417 1723 452 operibusplaeuerunt.
1737 416 1873 443 Abraham

1087 465 1244 499 hospitalis,
1261 464 1323 496 Lot,
1339 464 1449 499 reliqui,
1462 464 1576 499 Moyses,
1591 465 1693 496 Aaron,
1710 469 1798 490 ccetus
1813 471 1874 497 pro-

1086 512 1286 547 phetarum,ct
1307 513 1392 546 magis
1419 512 1467 546 qui
1501 511 1553 538 sub
1583 511 1671 546 gratia
1704 510 1828 541 fuerunt,
1848 516 1872 537 et

1086 563 1256 594 spectatores
1283 558 1358 586 verbi
1391 558 1521 593 apostoli,
1552 563 1669 586 caterva:
1698 561 1725 584 et
1753 557 1874 592 legiones

1087 605 1201 632 Patrum
1218 612 1250 632 ac
1273 609 1436 640 martyrum,
1457 604 1504 632 Dei
1535 603 1661 631 Genitrix
1677 603 1774 634 Maria,
1793 603 1839 637 qui
1860 610 1874 629 a

1086 650 1173 685 gratia
1193 650 1357 685 appellatur,
1374 650 1493 678 Joannes
1505 650 1670 677 Praacursor.
1689 649 1792 676 Omnes
1811 649 1873 674 viri-

1087 697 1146 729 tim,
1165 703 1192 724 et
1205 697 1358 724 secundum
1373 697 1470 724 faciem
1500 696 1572 722 inter
1596 703 1625 723 se
1644 699 1771 726 noscent,
1800 694 1876 720 habi-

1089 745 1310 778 labuutquecum
1324 742 1471 770 Conditore
1484 742 1617 769 omnium.
1629 742 1770 776 Quotquot
1784 745 1874 767 autem

1088 789 1190 816 fuerint
1219 789 1303 824 partis
1327 788 1483 820 hcedorum,
1502 792 1600 822 printer
1624 794 1765 814 carcerem
1795 786 1868 813 illum

1089 840 1238 862 tartaream
1255 843 1338 870 quem
1358 835 1545 866 sustinebunt,
1563 834 1646 862 etiam
1661 842 1715 860 non
1733 833 1872 863 videbunt,

1089 890 1139 909 nec
1162 887 1312 917 agnoscent
1327 886 1465 908 mutuum.
1481 881 1532 908 Ubi
1563 881 1635 908 enitn
1659 880 1780 907 tenebrat
1802 884 1873 908 sunt.

1089 929 1145 956 illic
1162 929 1234 956 oculi
1261 928 1350 956 ollieio
1378 935 1428 956 suo
1460 935 1514 954 non
1541 927 1706 962 funguntur.
1734 926 1874 959 Quomodo

1089 975 1173 1010 igitur
1185 975 1258 1002 inter
1273 983 1303 1003 se
1325 975 1419 1002 videre
1443 979 1471 1002 et
1490 982 1640 1010 agnoscere
1663 974 1783 1008 queant?
1797 972 1876 1000 Com-

1089 1029 1173 1049 mune
1191 1025 1282 1049 autem
1307 1021 1410 1048 malum
1437 1021 1501 1053 erit,
1522 1028 1633 1048 carcere
1660 1019 1821 1047 conclusum
1837 1023 1874 1045 ιι-

1088 1063 1160 1098 ne'ri,
1174 1066 1317 1094 lamentari
1333 1071 1447 1102 propter
1464 1067 1616 1098 cruciatus,
1633 1066 1728 1101 lugere
1749 1071 1777 1093 et
1803 1066 1874 1100 iugc-

1088 1111 1216 1140 miscere.
1231 1112 1290 1140 Non
1304 1112 1378 1140 enim
1389 1112 1471 1139 datur
1479 1120 1594 1147 superas
1608 1112 1729 1139 evadere
1739 1112 1773 1139 ad
1785 1120 1872 1143 auras,

1067 1171 1074 1179 ι
1087 1167 1138 1187 nec
1160 1159 1245 1186 ullum
1264 1162 1403 1185 tantorum
1416 1158 1553 1186 malorum
1568 1158 1700 1194 eﬂugium
1721 1163 1806 1194 patet.

1125 1205 1275 1239 ltesipisce,
1303 1212 1417 1241 resurge
1437 1214 1443 1232 :
1462 1205 1510 1240 qui
1536 1207 1574 1233 ita
1604 1209 1738 1240 perpetuo
1753 1205 1872 1232 dormis?

1088 1251 1204 1286 Evigila,
1224 1251 1420 1286 cogitationem
1437 1251 1538 1278 seriam
1568 1251 1688 1286 suscipe,
1711 1259 1768 1278 rem
1782 1259 1873 1286 aggre-

1088 1298 1163 1330 dere,
1181 1297 1316 1332 ignaviam
1329 1297 1427 1333 abjice,
1442 1297 1633 1333 expergiscere
1645 1301 1672 1324 et
1683 1297 1795 1331 festina,
1809 1306 1875 1325 som-

1090 1351 1155 1371 num
1172 1347 1283 1376 excute,
1309 1344 1449 1379 pigritiam
1479 1344 1598 1379 depone,
1626 1352 1688 1379 qua:
1717 1344 1817 1376 fecisti,
1843 1346 1873 1370 nl)

1090 1392 1168 1419 initio
1198 1399 1286 1426 usque
1314 1392 1348 1419 ad
1364 1392 1446 1419 ﬁnem
1460 1391 1604 1424 confitere,
1630 1398 1726 1427 pectus
1752 1397 1872 1428 percute.

1089 1439 1176 1473 plora,
1188 1446 1221 1466 ex
1235 1440 1288 1466 imo
1299 1442 1411 1474 pectore
1422 1439 1571 1466 clamorem
1585 1439 1660 1472 tolle,
1678 1439 1874 1475 eleemosynam

1089 1484 1257 1518 pauperibus
1272 1484 1424 1516 distribue,
1444 1485 1570 1520 disperti,
1589 1485 1630 1512 ale
1655 1486 1729 1513 illos.
1746 1485 1874 1512 Nuntium

1090 1531 1167 1558 mitte
1183 1530 1314 1564 peccatis,
1331 1537 1446 1565 operare
1460 1530 1543 1564 bona,
1566 1531 1670 1558 exitum
1693 1531 1756 1558 vita:
1771 1539 1876 1566 semper

1089 1582 1229 1610 exspecta.
1249 1576 1321 1603 Mors
1343 1576 1503 1611 supervenit
1519 1577 1591 1604 sicut
1603 1576 1646 1603 leo
1664 1584 1757 1611 rapax,
1787 1577 1875 1611 inspe-

1090 1626 1158 1654 rata,
1182 1623 1342 1657 improvisa,
1369 1630 1424 1650 non
1442 1627 1612 1658 exspectata,
1632 1623 1729 1655 utfur,
1743 1628 1772 1650 et
1785 1624 1877 1651 timeu-

1090 1669 1155 1695 dum
1171 1677 1204 1696 ne
1218 1673 1244 1697 te
1271 1669 1502 1704 comprehensum
1519 1669 1611 1698 subito
1635 1670 1752 1696 auferat.
1770 1669 1876 1696 Dimitte

1089 1714 1262 1742 debitoribus
1283 1715 1336 1742 tuis
1351 1714 1486 1742 debitum.
1505 1715 1633 1742 Proximo
1648 1715 1768 1750 ignosce,
1797 1720 1826 1742 ut
1838 1715 1877 1742 lex

1089 1760 1231 1787 charitatis
1248 1761 1374 1795 requirit.
1391 1759 1539 1788 Prosterne
1556 1765 1581 1788 te
1604 1761 1738 1796 Deiparae,
1755 1761 1877 1796 supplicat

1088 1811 1218 1840 quantum
1229 1811 1329 1840 potest.
1341 1805 1480 1838 UtMater,
1491 1806 1640 1841 plurimum
1653 1811 1754 1841 potest,
1771 1807 1794 1834 si
1807 1807 1877 1834 velit.

1087 1852 1140 1879 Ora
1165 1856 1349 1886 etmartyres,
1364 1859 1412 1878 ora
1443 1857 1564 1884 sanctos,
1584 1858 1615 1879 ut
1638 1852 1712 1887 apud
1736 1853 1877 1879 Dominum

1088 1905 1198 1924 causam
1215 1901 1288 1924 luant
1304 1901 1395 1932 agant.
1406 1896 1434 1924 Si
1448 1897 1506 1924 haec
1521 1902 1547 1925 te
1562 1902 1660 1932 agente
1675 1905 1749 1925 mors
1762 1899 1877 1929 venerit,

1088 1943 1143 1970 noli
1161 1943 1269 1971 timere.
1287 1943 1369 1975 Mors,
1386 1944 1408 1971 si
1420 1951 1573 1979 menspura
1591 1943 1684 1978 fuerit,
1696 1945 1806 1979 requies
1817 1945 1876 1976 erit,

1088 1994 1115 2017 et
1133 1990 1254 2016 scrvanli
1275 1997 1419 2017 sermones
1440 1990 1511 2024 ejus,
1543 1997 1605 2016 vere
1629 1997 1685 2016 non
1711 1997 1797 2022 mors,
1825 1998 1877 2016 non

1088 2042 1168 2069 poma
1180 2034 1326 2069 contingit,
1343 2034 1493 2062 utJudteos
1509 2034 1603 2061 docuit
1616 2035 1677 2069 ipse
1703 2035 1874 2065 Dominus";

1088 2079 1135 2108 sed
1146 2084 1189 2106 est
1203 2080 1299 2114 potius
1312 2080 1425 2114 quidam
1439 2081 1572 2107 transitus
1587 2080 1620 2106 ad
1633 2081 1715 2107 vitam
1726 2081 1874 2110 etelesteun,

1087 2126 1166 2160 cujus
1192 2125 1254 2152 finis
1276 2126 1368 2153 nullus
1392 2126 1457 2158 erit,
1485 2131 1512 2152 et
1536 2126 1622 2160 gloria
1643 2134 1698 2153 non
1726 2127 1876 2153 intercidet.

1088 2170 1148 2197 Vita
1162 2175 1204 2198 est
1225 2170 1364 2203 Christus,
1377 2175 1405 2198 et
1418 2172 1533 2205 ipsemet
1549 2172 1610 2198 vita:
1632 2171 1823 2206 suppeditator
1844 2172 1876 2201 ’³.

1087 2216 1138 2245 En.
1151 2217 1242 2244 omnia
1257 2216 1303 2243 tibi
1313 2217 1452 2252 proposui,
1462 2218 1553 2244 omnia
1565 2217 1711 2250 edisserui,
1722 2223 1750 2244 et
1768 2218 1878 2253 insuper

1088 2262 1250 2297 conscripsi,
1268 2263 1340 2290 sicut
1358 2263 1446 2297 potui,
1469 2268 1496 2290 et
1525 2263 1662 2290 bonorum
1688 2264 1877 2298 malorumque

1087 2311 1111 2333 te
1127 2306 1267 2338 admonui,
1281 2311 1310 2334 ut
1337 2311 1362 2334 te
1385 2308 1457 2342 quod
1472 2308 1506 2335 ad
1521 2308 1637 2335 salutem
1665 2308 1777 2340 attinet,
1805 2309 1877 2336 nullo

1087 2358 1220 2388 praetextu
1236 2361 1370 2381 excursare
1382 2362 1481 2388 pOSSIS.

1124 2399 1176 2426 Vos
1191 2405 1281 2426 autem
1294 2407 1389 2426 omnes
1403 2401 1429 2426 in
1441 2399 1552 2426 Christo
1567 2400 1663 2427 Patres
1678 2404 1707 2427 et
1724 2401 1819 2435 amici,
1831 2401 1875 2435 qui

1088 2444 1140 2471 hoc
1154 2445 1318 2477 opusculum
1329 2445 1427 2472 lecturi
1442 2445 1521 2479 estis,
1535 2445 1597 2473 ﬂete
1607 2451 1634 2473 et
1644 2446 1751 2480 plorate
1759 2455 1875 2477 mecum,

1089 2490 1240 2518 secundum
1257 2491 1415 2518 mandatum
1430 2491 1569 2518 Creatoris
1583 2500 1589 2523 ;
1605 2491 1725 2520 charitas
1737 2493 1813 2520 enim
1827 2500 1878 2520 ma-

1088 2536 1187 2564 nifesta
1198 2542 1250 2567 est,
1266 2537 1331 2564 ﬂere
1347 2545 1409 2563 cum
1425 2537 1564 2571 flentibus,
1579 2543 1607 2565 et
1621 2539 1752 2573 gaudere,
1767 2544 1797 2566 ut
1808 2539 1874 2566 scri-

1090 2586 1165 2616 ptum
1178 2587 1221 2610 est
1236 2583 1268 2614 ’9,
1286 2591 1347 2609 (:ulll
1364 2584 1558 2617 gaudentibus.
1575 2584 1662 2611 Etiam
1676 2593 1751 2620 rogo,
1771 2593 1875 2613 mecum

1090 2627 1162 2659 flete,
1177 2633 1205 2655 et
1217 2636 1267 2663 pro
1288 2636 1330 2655 me
1346 2637 1377 2655 ac
1392 2630 1511 2663 peccatis
1524 2631 1591 2657 meis
1615 2630 1758 2658 Conditori
1784 2639 1877 2666 preces

1092 2675 1207 2703 fundite.
1222 2675 1286 2702 lude
1308 2675 1380 2702 enim
1407 2676 1514 2703 veniam
1539 2677 1605 2704 mihi
1637 2683 1665 2704 et
1688 2678 1876 2705 remixionem

1091 2719 1274 2746 coneiliabitis
1289 2720 1323 2746 ab
1350 2728 1382 2747 eo
1405 2721 1452 2755 qui
1467 2721 1551 2756 lapsis
1568 2722 1687 2756 perfecte
1702 2723 1830 2757 ignoscit.
1845 2723 1878 2750 Et

1091 2772 1202 2790 manum
1219 2766 1284 2791 mihi
1297 2771 1324 2793 et
1339 2766 1472 2792 auxilium
1488 2767 1618 2801 praebete.
1638 2768 1748 2794 l'Iasten
1767 2775 1877 2794 exacer-

1093 2809 1334 2841 bavi,Creatorem
1359 2811 1476 2844 irritavi,
1508 2813 1612 2845 verbis,
1639 2813 1777 2847 cogitatis,
1790 2812 1875 2839 actio-

1325 2870 1347 2885 “
1365 2870 1432 2896 Ibid.
1451 2870 1495 2897 41.
1547 2872 1568 2886 ²⁷
1585 2872 1663 2898 Joan.
1677 2880 1734 2903 \m,
1751 2873 1780 2898 5|
1800 2878 1875 2906 seqq-
