2032 3156
136 192 183 224 877

850 175 1027 220 mortua.

1700 190 1752 220 8‘8

135 250 212 276 nibus
238 251 266 274 et
288 246 376 274 factis.
396 245 548 274 At‘t‘ectibus
563 247 662 274 servivi
686 250 714 274 et
730 245 845 273 subntisi
870 253 911 272 me
929 249 949 274 Α
965 243 1075 278 largire.
1089 243 1185 271 Dixisti
1197 243 1283 275 enint,
1297 250 1351 270 non
1364 250 1457 275 sanos,
1472 243 1519 271 sed
1530 250 1616 279 πει-οε
1637 250 1757 279 Intllgert’

135 293 249 329 penitus.
263 292 375 319 indutus
385 299 446 319 sutn
457 292 526 320 viles
536 300 642 326 pannos
653 292 686 320 ad
697 292 817 319 dedecus
830 299 919 318 meum

135 343 247 365 tantum.
274 338 468 372 Voluptatibus
483 337 579 365 aﬂixus
594 346 666 368 sunt,
694 338 722 365 itt
739 337 922 364 immunditiis

134 385 230 417 ltrereo,
243 385 432 419 paenitentiam
446 392 499 412 non
510 384 609 415 habeo,
622 388 738 411 mortem
752 392 807 410 non
820 388 921 414 tremo,

133 435 226 464 stupor
238 437 281 458 me
295 431 444 466 oppressit,
459 437 548 458 crecus
575 438 634 457 sutn
652 430 755 463 animo,
782 429 856 456 ltorze
880 428 922 455 ul-

134 475 203 502 lima:
227 483 280 503 non
306 477 429 504 utemini.
455 477 607 512 ltnparatus
631 484 702 504 sunt.
719 475 854 511 Segnities
879 481 921 502 nte

133 521 248 549 obsidet.
270 522 398 550 Exseindi
429 529 534 556 metuo,
565 522 753 556 maledictum,
776 525 802 548 et
834 521 921 548 minas

133 568 210 603 ignis,
225 574 252 596 et
265 569 396 596 ultionem
413 570 439 596 in
455 569 564 597 inferno
583 574 775 597 consternatus
790 568 917 596 formido.

167 613 231 647 Sed,
255 615 335 642 Pater
358 615 578 647 miserationum,
593 616 668 643 solus
687 616 856 646 misericors,
872 613 918 648 qui

132 667 271 694 nunquam
289 661 330 688 vis
347 667 463 688 mortem
481 663 644 697 peccatOris.
662 661 709 689 sed
726 665 756 688 ut
780 660 917 696 paeniten-

133 706 196 732 tiam
211 711 283 740 agat,
304 712 332 734 et
354 707 440 740 vivat,
458 712 487 735 et
505 708 628 735 salvetur
643 707 676 740 ’°,
701 712 784 742 atque
805 706 876 734 istud
891 706 918 732 itt

132 751 338 786 longanimitate
374 758 528 788 exspectas,
544 753 677 788 gemitum
701 752 764 780 boni
779 751 919 786 publicani

134 797 200 824 tnihi
218 797 302 825 dona.
319 798 466 834 Lacrymas
483 799 567 832 Petri,
580 804 607 827 et
634 798 790 826 meretricis
806 798 839 825 ad
854 806 918 833 pur-

133 843 219 878 ganda
237 848 266 871 et
276 845 393 872 eluenda
409 845 527 880 plurima
552 845 759 880 inquinamenta
774 852 834 872 mea
851 843 918 871 ntilti

167 910 189 926 ³⁸
203 911 304 939 Ezeeh.
322 921 402 944 xvttt,
417 914 447 939 9|
464 921 541 948 seqq.
580 913 601 928 ³ι
618 913 712 940 Matth.
730 921 766 944 ιχ,
784 913 825 939 l2.

866 913 887 927 θ’
906 911 976 939 Psal.
992 920 1051 944 (txv.
1067 913 1111 939 12.

971 289 1108 317 medicina
1122 289 1156 316 ³¹.
1174 289 1208 318 Ut
1221 289 1306 325 igitur
1326 297 1442 325 corpore
1457 295 1485 316 et
1505 290 1596 318 anima
1613 297 1757 326 aegrotum,

970 336 1050 364 visita
1065 344 1118 367 me,
1136 337 1261 368 Domine,
1277 337 1405 370 obsecro,
1430 341 1458 364 et
1482 345 1544 364 rore
1562 338 1758 367 misericordia:

971 387 1024 410 tua:
1036 390 1079 409 nte
1090 390 1212 418 asperge.
1229 383 1300 410 Sane
1314 383 1360 418 qui
1373 383 1448 411 solus
1469 383 1548 411 facile
1560 385 1759 416 reconciliatis,

970 433 999 456 et
1013 429 1088 456 solus
1106 436 1137 456 es
1172 429 1341 463 misericors,
1365 437 1414 464 per
1444 429 1661 456 misericordiam
1685 435 1758 457 luant

971 474 1083 510 dignare
1098 483 1141 502 tne
1150 475 1351 502 misericordia.
1368 475 1425 510 Ego
1441 483 1502 502 sum
1528 476 1572 503 illa
1589 477 1648 504 ovis
1662 485 1722 511 qtne
1745 485 1759 503 a

969 521 1064 549 divino
1076 521 1141 549 ovili
1155 521 1235 556 longe
1247 521 1393 548 aberravit.
1409 521 1505 554 Quaere
1514 523 1632 549 etsalva.
1644 522 1697 549 Seu
1712 531 1760 549 γυ-

968 567 1027 599 lim,
1036 567 1177 599 salva,scu
1186 567 1378 600 ttonwlim,ut
1387 575 1448 594 eum
1459 567 1673 602 magnitudinem
1684 567 1724 594 bet
1737 576 1752 593 ιι

970 613 1096 641 licienlia:
1106 618 1158 640 tua:
1166 613 1272 645 videro,
1283 621 1314 640 os
1323 620 1412 640 meum
1426 613 1459 640 ad
1470 613 1618 647 gratiarum
1628 613 1762 640 actionem

968 658 1101 694 aperiam.
1123 658 1191 692 Quid
1212 663 1303 685 autent
1325 659 1461 686 retribuat
1478 658 1540 693 quis
1554 659 1695 686 Conditori
1713 667 1762 693 pro

969 706 1096 732 omnibus
1111 713 1171 740 quat
1186 705 1314 732 retribuit
1329 705 1407 733 nobis
1417 705 1457 732 "i
1472 705 1558 732 David
1575 713 1690 740 magnus
1713 706 1761 732 ait.

970 751 1022 779 Sed
1034 751 1106 779 Deus
1113 759 1190 779 uteus
1198 759 1228 779 es
1237 756 1276 784 tu,
1285 751 1408 783 Domitte,
1418 751 1577 787 gloriﬁcabo
1585 756 1611 779 te
1617 751 1763 778 vehemen-

971 803 1012 826 ter
1022 799 1055 831 ³³,
1068 803 1095 825 et
1116 807 1215 826 nomen
1227 804 1353 826 sanctum
1364 804 1441 826 tuttttt
1452 807 1513 826 cum
1523 799 1658 834 Propheta
1668 798 1764 826 lauda-

970 845 1022 872 bo?
1037 844 1171 873 Mirabilia
1184 847 1258 873 enint
1270 850 1298 874 et
1315 845 1432 880 plurinta
1453 845 1480 872 itt
1498 853 1540 872 me
1553 853 1583 873 es
1595 849 1732 880 operatus.

1148 913 1172 928 ⁸³
1186 913 1255 940 Ibid.
1276 914 1318 939 15.

167 1056 363 1093 Fragmentum
386 1065 515 1092 sequens,
535 1057 609 1093 quod
624 1058 726 1085 [rustra
740 1065 848 1093 quartas
864 1059 892 1085 in
906 1058 1035 1086 versione
1051 1058 1108 1086 Jac.
1122 1058 1250 1091 Pontani,
1268 1058 1355 1086 edidit
1369 1056 1449 1086 Joan.
1467 1058 1545 1094 Bapt.
1565 1057 1721 1086 Cotelerius
1737 1059 1765 1086 in

131 1105 207 1133 notis
234 1105 269 1132 ad
295 1105 515 1133 Constitutiones
546 1105 722 1140 apostolicae,
751 1106 799 1132 lib.
818 1113 876 1138 vui,
905 1113 968 1141 cap.
985 1106 1036 1138 73;
1064 1106 1113 1134 sed
1133 1106 1167 1133 ad
1191 1113 1272 1141 quem
1300 1106 1391 1134 locum
1410 1105 1527 1142 Dioptra:
1539 1111 1655 1142 spectet,
1672 1106 1767 1134 dicere

131 1152 240 1179 omisit.

128 1214 202 1248 Περὶ
230 1213 284 1239 τοῦ
307 1212 370 1245 πῶς
396 1212 593 1247 ἐπιτελοῦμεν
611 1213 704 1247 τρίτα,
724 1212 835 1239 errata
848 1234 855 1245 ,
875 1214 922 1240 καὶ

997 1214 1034 1241 De
1051 1215 1126 1241 modo
1142 1223 1192 1248 quo
1214 1215 1373 1242 celebramus
1394 1215 1448 1242 dies
1468 1216 1585 1247 tertium,
1605 1221 1750 1247 nonum,et

408 1248 648 1282 τεσσαρακοστά.

167 1307 232 1342 Χρὴ
248 1306 386 1333 καὶτοῦτο
401 1306 558 1341 γινώσκειν,
578 1307 618 1334 ὅτι
640 1308 692 1340 τὰς
717 1310 924 1344 τεςσειράκοντει

130 1351 244 1387 ἡμέρας
270 1352 318 1378 τοῦ
346 1352 463 1379 παλαιοῦ
492 1352 607 1384 πένθους
640 1355 720 1389 τριχῇ
747 1355 878 1386 διελόντες
900 1355 924 1381 οἱ

130 1398 291 1433 auderet/let,
312 1399 353 1429 εἰς
367 1398 459 1432 τρίτα,
474 1398 522 1424 καὶ
548 1398 659 1430 ἔννατα,
683 1401 730 1427 καὶ
754 1409 925 1435 τεσσαρακο-

131 1443 195 1471 στά.
213 1443 293 1471 Οὕτω
306 1444 360 1479 γὰρ
382 1445 430 1471 καὶ
454 1444 536 1476 αὐτὸς
553 1445 568 1471 ὸ
584 1445 685 1480 Κύριος
700 1446 771 1479 μετὰ
784 1446 832 1481 τὴν
866 1454 924 1480 τρι-

133 1491 242 1525 ἡμερον
256 1489 366 1525 ἔγερσιν
384 1490 559 1526 ἐφανέρωσεν
585 1491 681 1519 ἑαυτὸν
701 1493 757 1524 τοῖς
779 1493 925 1528 μαθηταῖς,

131 1536 186 1562 τῶν
201 1536 293 1570 θυρῶν
323 1536 537 1571 κεκλεισμένων,
563 1537 612 1564 καὶ
639 1538 808 1573 ἐνεφύσησεν
833 1539 926 1570 αὐτοῖς

130 1580 234 1614 λέγων·
260 1580 372 1607 Λάϐετε
395 1581 518 1616 Πνεῦμα
537 1582 632 1616 ἅγιον.
662 1583 716 1609 Καὶ
732 1583 792 1618 μεθ’
819 1584 925 1618 ἡμέρας

129 1626 216 1659 ὀκτὼ,
231 1626 317 1653 πάλιν
329 1626 384 1653 ἰδοὺ
397 1627 467 1661 μετὰ
483 1629 531 1663 τὴν
546 1628 777 1661 ἀνάστασινὲντδς
791 1630 844 1656 τῶν
853 1629 926 1655 ὀκτὼ

131 1672 258 1709 ἡμερῶν,
281 1673 409 1710 δεύτερον
423 1674 510 1709 ἐφάνη
530 1676 632 1708 αὐτοῖς.
650 1675 741 1703 Εἰπὼν
757 1677 803 1704 οὖν
819 1679 833 1704 ὁ
846 1678 928 1712 εὐαγ-

131 1718 274 1755 γελισῖὴς,
290 1719 359 1746 Μεθ’
372 1720 482 1754 ἡμέρας
492 1720 578 1756 ὀκτὼ,
595 1722 644 1757 τὴν
657 1722 842 1758 ἀναστάσιμον
857 1723 927 1758 ὴμέ-

133 1773 185 1799 ραν
199 1765 232 1792 οὺ
245 1765 446 1801 συνηρίθμησε.
458 1767 524 1793 Μετ’
534 1767 641 1803 ἐκείνης
667 1768 733 1802 γοῦν
765 1769 843 1795 ἐννέα
860 1777 927 1795 κατ-

130 1810 328 1846 αριθμοῦνται.
340 1811 417 1838 Κατά
427 1812 492 1846 γοῦν
507 1812 552 1840 τὸν
571 1813 654 1840 τύπον
663 1813 767 1846 τοῦτον,
781 1814 860 1849 ἡμεῖς
875 1814 928 1840 ἀπὸ

130 1857 182 1892 τῆς
197 1858 292 1892 ταφῆς
314 1857 367 1889 ἕως
394 1858 449 1884 τῶν
479 1859 598 1886 ὲννὰτων
614 1860 742 1895 δεύτερον
757 1861 806 1891 τὰς
832 1860 927 1895 μνείας

132 1902 188 1928 τῶν
213 1902 300 1934 ὁσίως
319 1903 531 1938 κεκοιμημένων
555 1905 744 1940 ἐπιτελοῦμεν.
764 1905 880 1940 Ὁμοίως
897 1905 925 1932 δὲ

133 1949 181 1974 καὶ
203 1949 241 1976 τὰ
263 1951 485 1985 τεσσαρακοστὰ,
507 1951 601 1986 ἐπειδὴ
638 1953 672 1986 τῇ
719 1952 926 1986 τεσσαρακοστῇ

133 1995 230 2031 ἡμέρᾳ
253 1995 397 2031 ἀνελήφθη
427 1997 441 2022 ὁ
462 1997 577 2031 Κύριος.

1258 1250 1501 1285 quadragesimum.

1013 1307 1047 1335 Et
1069 1307 1122 1335 ltoc
1143 1307 1286 1335 sciendum
1319 1313 1372 1340 est,
1393 1307 1467 1342 qttod
1492 1307 1673 1343 quadraginta
1709 1309 1770 1336 dies

976 1353 1180 1381 veterisluctus
1200 1354 1227 1380 in
1258 1353 1309 1380 tria
1342 1354 1633 1388 diviserintapostoli;
1665 1354 1692 1381 in
1714 1359 1770 1381 ter-

977 1399 1045 1426 tiutn
1059 1399 1141 1432 diem,
1155 1404 1183 1427 et
1195 1407 1309 1433 nonum,
1323 1406 1352 1427 et
1371 1399 1670 1435 quadragesitnumJta
1694 1401 1770 1428 enim

978 1445 1036 1480 ipse
1062 1445 1193 1473 Dominus
1215 1450 1276 1480 post
1307 1446 1535 1473 resurrectionem
1570 1446 1650 1474 tertia
1667 1446 1710 1473 die
1736 1448 1771 1473 l'a-

977 1495 1047 1518 ctant
1060 1511 1066 1523 ,
1087 1492 1207 1526 seipsum
1237 1491 1358 1519 ostendit
1392 1492 1534 1527 discipulis
1551 1512 1559 1525 ,
1577 1492 1671 1528 januis
1693 1493 1771 1520 clan-

978 1539 1026 1570 sis,
1058 1543 1086 1564 et
1110 1538 1256 1565 insulllarit
1279 1538 1320 1566 eis
1336 1538 1454 1567 dicens:
1486 1539 1602 1574 Accipite
1640 1538 1770 1573 Spiritum

976 1589 1108 1611 sanciunt.
1146 1583 1179 1610 Et
1198 1589 1260 1618 post
1292 1583 1352 1611 dies
1372 1589 1446 1616 octo,
1459 1585 1630 1612 iterumeece
1657 1590 1715 1620 post
1726 1593 1770 1612 re-

978 1633 1179 1658 surrectionem
1211 1631 1283 1658 itttra
1313 1635 1375 1658 octo
1396 1631 1465 1662 dies,
1482 1630 1604 1658 secundo
1627 1631 1693 1665 ipsis
1720 1638 1770 1663 ap-

978 1677 1080 1712 paruit.
1099 1677 1194 1712 Itaque
1215 1678 1385 1712 evangelista
1405 1678 1512 1709 dieens,
1540 1677 1602 1704 Post
1634 1678 1688 1703 dies
1701 1681 1770 1707 octo,

979 1725 1052 1752 diem
1072 1724 1282 1752 resurrectionis
1300 1732 1354 1751 non
1375 1723 1532 1751 numeravit
1547 1730 1609 1750 eum
1637 1723 1698 1750 aliis
1713 1722 1772 1748 dic-

978 1770 1040 1798 bus.
1084 1770 1175 1803 Quare
1217 1777 1278 1796 cum
1311 1770 1357 1797 illo
1378 1777 1478 1796 norem
1511 1773 1703 1796 numerantur.
1729 1768 1770 1795 Ad

980 1817 1052 1844 hanc
1074 1823 1140 1850 ergo
1175 1815 1302 1847 formam,
1324 1823 1374 1843 nos
1395 1823 1410 1842 a
1440 1815 1582 1849 sepultura
1609 1814 1642 1841 ad
1668 1821 1771 1841 nouunt

981 1863 1053 1889 diem
1069 1861 1193 1889 secundo
1229 1861 1376 1888 memorias
1394 1867 1490 1888 eorum
1516 1859 1691 1886 celebramus
1719 1859 1768 1892 qui

980 1912 1074 1935 sancte
1089 1907 1309 1935 obdorntieruttt.
1322 1907 1356 1933 Et
1375 1913 1440 1934 vero
1452 1905 1512 1941 pari
1536 1905 1641 1932 ratione
1655 1903 1773 1940 quadra-

982 1952 1116 1988 gesimum
1125 1951 1359 1987 peragimns,quia
1379 1951 1423 1979 die
1450 1951 1661 1986 quadragesimo
1670 1957 1773 1977 assum-

986 2002 1049 2032 ptus
1064 2002 1106 2025 est
1123 1997 1264 2025 Dominus.

800 2191 1112 2237 MONITUM.

170 2370 257 2404 Quod
276 2369 326 2396 sub
350 2369 462 2396 nomine
483 2367 601 2402 Philippi
620 2366 755 2399 Solitarii,
772 2366 966 2393 aucloritatent
985 2366 1070 2392 secuti
1089 2365 1205 2391 Andreae
1224 2364 1370 2395 Gallandii,
1395 2364 1441 2398 qui
1473 2371 1506 2390 eo
1524 2364 1636 2391 nomine
1654 2364 1682 2391 in
1712 2366 1772 2391 suis

132 2415 311 2444 adversariis
326 2415 491 2448 opusculum
507 2414 726 2449 praescripserat,
743 2413 863 2445 edimus,
888 2412 1032 2446 ἀνονύμως
1048 2411 1101 2438 Cra
1111 2419 1141 2438 ce
1158 2417 1185 2438 et
1202 2411 1298 2438 Latine
1315 2410 1452 2438 extulerat
1481 2410 1560 2444 prius
1584 2410 1773 2438 Conthelisius

132 2463 162 2490 in
180 2461 261 2489 Nouo
274 2459 410 2492 Aut-tario,
423 2464 490 2487 tom.
506 2461 539 2493 ll,
556 2468 614 2495 pag.
630 2460 693 2487 26L
711 2460 765 2487 Sed
779 2460 822 2487 vir
839 2458 966 2486 eruditus
979 2458 1006 2485 in
1024 2458 1095 2485 notis
1111 2466 1144 2485 ex
1165 2466 1214 2485 ms.
1231 2458 1327 2485 codice
1339 2457 1463 2484 Palatino
1482 2456 1619 2483 Demetrio
1635 2456 1771 2491 Cyziceno

133 2506 317 2537 restituit,et
331 2505 382 2533 sub
395 2513 428 2533 eo
444 2506 508 2533 item
525 2507 635 2534 nomine
647 2507 767 2534 habetur
783 2507 810 2534 in
825 2505 993 2534 Scorialensi
1008 2505 1187 2535 bibliotheca,
1214 2508 1282 2531 teste
1293 2503 1443 2531 Posscrino
1457 2503 1484 2530 in
1500 2503 1649 2538 Apperatu,
1664 2511 1691 2538 p.
1707 2503 1771 2534 100:

133 2553 246 2588 quibus
259 2551 486 2578 succenturiatur
501 2552 584 2578 etiam
607 2553 726 2585 Cereus,
749 2553 860 2580 Disrcrt.
882 2560 909 2587 p.
932 2552 991 2578 170.
1011 2551 1089 2579 Unde
1103 2550 1408 2581 liauseritGallandius,
1424 2551 1559 2584 scriptum
1577 2550 1644 2577 illud
1659 2550 1692 2576 ad
1711 2549 1775 2577 Phi-

132 2599 248 2634 lippum
264 2597 424 2624 Solitarium
439 2597 589 2631 pertinerel
605 2606 660 2625 non
676 2604 795 2626 constat.
807 2598 907 2625 Confer
919 2597 953 2624 de
963 2597 1103 2624 Demetrio
1115 2596 1283 2628 Fabricium,
1298 2595 1422 2622 Btblioth.
1438 2596 1484 2624 Gr.
1500 2601 1567 2623 tom.
1579 2595 1624 2627 Vl,
1637 2595 1771 2630 pag.‘58$.

134 2645 261 2674 Videtur
277 2649 385 2675 auctor.
403 2644 530 2679 quisquis
547 2644 592 2670 ille
609 2644 702 2676 fuerit,
718 2645 819 2671 vixisse
835 2644 887 2671 sub
905 2644 1100 2670 Armeniorum
1118 2650 1180 2677 rege
1196 2642 1371 2669 Paneratune
1397 2641 1559 2676 Sympatlto,
1579 2646 1606 2668 et
1625 2641 1771 2668 Catltolico

136 2691 217 2719 lsaae
231 2699 247 2717 a
266 2690 439 2718 Bazacaslro.
459 2690 515 2717 llos
533 2690 635 2725 quippe
649 2690 745 2718 ultimo
763 2691 823 2718 loco
848 2694 1047 2718 commemorat
1074 2689 1101 2716 in
1122 2688 1174 2715 [itte
1196 2688 1280 2715 libelli
1305 2688 1358 2720 sui,
1381 2688 1457 2722 regni
1470 2693 1497 2715 et
1512 2688 1774 2723 archiepiscopatus

135 2738 221 2766 annis
236 2737 350 2765 silentio
363 2736 566 2772 praetermissis.
588 2753 620 2758 —
640 2737 764 2764 Bibliotlt.
780 2737 921 2769 Gallund.,
938 2741 1005 2764 tom.
1025 2735 1094 2762 XIV.
