2032 3156
602 163 611 177 1

147 195 195 224 881

148 352 203 376 σμα
225 343 336 377 γέγονεν
354 344 467 380 ὕστερον
486 346 515 371 ἐν
537 346 591 376 τοῖς
606 345 714 380 Σύροις,
732 346 779 373 καὶ
794 347 817 373 οἱ
835 347 885 382 μὲν
898 349 931 383 τῇ

148 389 278 424 ὀρθνδόξῳ
291 391 395 422 πίστει,
408 393 440 426 τῇ
458 391 560 427 συνόδῳ
572 400 612 424 τε,
628 393 675 418 καὶ
690 392 727 427 τῷ
741 392 846 427 βασιλεί
854 395 933 429 Μαρ-

149 435 231 469 κιανῴ
246 435 489 470 ἀκολουθήσαντες,
509 437 664 472 ἐκλήθησαν
681 439 823 473 Μελχίται,
850 440 934 476 ἤγουν

149 480 291 514 βασιλικοί,
310 482 405 515 Με,1χὶ
422 483 476 518 γὰρ
497 483 558 509 καθ’
576 483 719 519 Ἑϐραίους
734 485 781 511 καὶ
794 485 897 521 Σύρους
921 487 935 513 ό

149 526 274 559 βασιλεὺς
285 527 403 561 λέγεται.
419 529 450 554 Οἰ
471 529 510 560 σὲ,
540 529 730 565 Ἀποσχισταὶ,
745 531 770 557 οί
785 531 832 558 καὶ
846 532 934 558 Μονο-

147 572 258 607 omam
275 572 429 608 κληθέντες.
443 575 474 601 Ol
485 574 524 608 τῷ
537 576 646 612 μοναχῷ
667 577 790 612 Ἰακώϐῳ
805 577 843 612 τῷ
856 577 936 613 Σύρῳ

148 618 315 652 πεισθέντες,
331 620 533 656 ὠνομάσθησαν
550 621 716 655 Ίιικωῆϊται,
734 624 782 650 καὶ
795 624 827 650 ἐκ
839 624 936 651 τούτου

149 663 229 698 μέχρι
244 664 292 690 τοῦ
305 664 362 697 νῦν,
379 664 466 697 οὕτως
483 667 531 693 ἀπ’
544 667 651 694 ἐκείνου
668 667 827 696 καλοῦνται.
846 669 877 695 Οἱ
890 668 937 695 καὶ

147 709 323 741 πιστεύοντες
354 711 404 744 μὲν
428 713 469 742 είς
489 712 600 746 Πατέρα
626 716 673 740 καὶ
699 714 763 741 Υίδν
789 715 838 741 καὶ
861 715 938 748 ἆγιον

149 754 262 789 Πνεῦμα
275 756 399 784 δοκοῦσιν
415 756 486 785 εἶναι
511 759 657 793 ὀρθόδοξοι,
674 761 721 787 καὶ
737 761 780 795 δὴ,
799 761 844 788 διὰ
859 759 939 787 τοῦτο

148 801 272 828 πλανῶσι
292 803 355 835 τοὺς
371 804 605 839 ἐντυγχάνοντας·
626 806 693 833 καθὸ
715 806 743 833 δὲ
761 807 807 833 ἐπὶ
827 807 878 842 τῆς
893 809 938 833 ἐν-

149 847 253 882 σάρκου
266 849 435 884 οἰκονομίας,
449 851 501 887 πρὸ
527 852 577 887 μὲν
600 853 650 888 τῆς
666 853 800 886 ἐνώσεως,
817 855 876 890 ἦτοι
889 854 939 889 τῆς

148 893 395 929 ἐνσινθρωπήσεως,
416 897 593 932 προείρηται,
607 899 647 925 ὅτι
670 899 718 926 δύο
732 899 827 934 φύσεις
842 900 939 935 ὁμολο-

147 939 259 972 γοῦσιν
280 943 349 974 μετὰ
373 941 402 968 δὲ
419 943 468 978 τὴν
481 943 590 977 ἕνωσιν,
615 945 645 970 οὐ
670 945 717 972 δύο
743 945 850 980 φύσεις,
873 945 940 972 ἀλλὰ

149 984 217 1018 μίαν
237 985 285 1012 καὶ
309 987 436 1014 ἐντεῦθεν
463 988 596 1025 σύγχυσιν
622 992 668 1017 καὶ
686 992 794 1027 φυρμὸν
818 992 873 1018 τῶν
894 991 941 1019 δύο

148 1030 260 1063 φύσεων
274 1032 440 1066 εἰσάγουσιν.
475 1035 734 1071 ’Δναθεματίζονται
758 1037 795 1069 ὡς
815 1038 941 1073 Μονοφυ-

148 1078 225 1104 σῖται
255 1079 302 1106 καὶ
325 1079 524 1116 Θεοπασχῖται·
554 1082 638 1116 μόνας
664 1083 692 1109 δὲ
725 1083 778 1114 τὰς
803 1084 942 1119 προτέρας

146 1125 224 1158 τρεῖς
242 1125 368 1157 συνόδους
384 1127 517 1162 δέχονται,
534 1128 617 1162 ἤγουν
628 1128 677 1164 τὴν
689 1129 718 1155 ἐν
729 1129 841 1165 Νικαίᾳ,
854 1130 903 1165 τὴν
914 1132 943 1157 ὲν

147 1170 451 1205 Κωνσταντινουπόλει,
467 1174 515 1200 καὶ
531 1174 579 1209 τὴν
606 1175 634 1201 ἐν
660 1176 766 1211 Ἐφέσῳ
777 1185 783 1192 ·
801 1176 850 1212 τὴν
870 1177 898 1204 δὲ
915 1178 944 1204 ὲν

147 1214 318 1251 Χαλκηδόνι,
334 1218 380 1244 καὶ
396 1218 445 1250 τὰς
460 1220 520 1254 μετ’
535 1220 631 1255 αὐτὴν,
645 1221 788 1248 ἀθετοῦσιν
812 1223 859 1249 καὶ
880 1224 944 1255 τοὺς

145 1261 258 1288 τοὺτων
283 1263 408 1298 Πατέρας
423 1264 464 1300 τῷ
481 1265 634 1300 ἁναθέματι
651 1267 860 1302 καθυπάγουσιν
873 1277 879 1283 ·
896 1269 944 1295 καὶ

145 1307 179 1332 τὸ
194 1306 229 1341 δὴ
245 1308 445 1344 χαλεπώτερον,
472 1311 518 1337 καὶ
532 1312 619 1343 πάθος
637 1312 825 1347 προσάπτουσι
836 1315 868 1349 τῇ
884 1314 943 1340 θεό-

146 1360 224 1386 τητι,
242 1352 340 1380 παθεῖν
354 1356 400 1382 καὶ
416 1355 501 1390 αὐτὴν
528 1357 598 1391 μετὰ
615 1358 664 1392 τῆς
679 1359 781 1393 σαρκὸς
797 1360 826 1386 ὲν
842 1360 881 1395 τῷ
896 1360 943 1387 τοῦ

149 1398 258 1430 πάθους
275 1401 363 1435 καιρῷ
373 1401 594 1436 δογματίζοντες.
625 1404 680 1431 Καὶ
691 1405 762 1440 αὕτη
779 1405 829 1440 μὲν
843 1407 859 1442 ἡ
872 1407 944 1442 ἁρχὴ

147 1445 201 1480 τῆς
218 1446 352 1481 αἱρέσεως
364 1447 418 1475 τῶν
432 1449 520 1477 ἀθέων
541 1450 721 1479 Ίακωδιτῶν.

186 1535 226 1562 A'.
250 1535 385 1572 ’Ὕστερον
411 1538 439 1565 δὲ
454 1539 581 1575 ἐφεῦρον,
602 1539 650 1567 καὶ
664 1541 694 1567 τὸ
709 1540 749 1566 ἑνὶ
766 1540 890 1576 δακτύλῳ
906 1540 944 1576 (4)

671 198 786 228 LIBER
806 199 854 228 DE
879 199 1003 229 REBUS
1019 196 1217 227 ARMENIE.

179 251 214 278 l".
234 251 285 277 Τοῦ
303 251 391 278 τοίνυν
404 251 569 286 δηλωθέντος
591 252 720 280 ’ἰακώῆου
740 249 832 280 ’ποτοῦ
848 255 932 281 Εὐτυα
947 258 967 286 Ᾱ

147 298 209 332 χοῦς
223 297 311 330 δόγμα
335 299 626 334 πεπαῤῥησιαςμὲνως
653 299 846 334 κηρύττοντος,
873 301 932 336 σχί-
958 306 960 309 “

1711 195 1764 225 882

1018 254 1062 281 Ill.
1081 253 1198 281 Przefato
1215 252 1307 287 itaque
1326 250 1429 279 Jacobo
1444 249 1602 285 Eutychetis
1615 249 1769 278 doctrinam

984 300 1071 327 libere
1086 300 1262 334 przedicante,
1278 298 1380 325 factum
1396 300 1438 324 est
1451 299 1546 331 postea
1562 296 1684 324 schisma
1697 298 1770 331 apud

984 347 1077 381 Syros.
1095 346 1184 380 Atque
1200 345 1244 372 alii
1258 344 1381 379 quidem,
1393 345 1439 380 qui
1452 352 1550 380 nempe
1576 349 1679 372 rectam
1689 343 1770 370 tidem

985 393 1186 429 synodumque,
1209 399 1241 419 ac
1266 391 1434 419 Marcianum
1460 391 1656 426 imperatorem
1685 389 1772 417 secuti

986 441 1089 469 essent,
1111 437 1240 472 appellati
1257 440 1321 463 sunt
1337 437 1481 467 Mclebitaz.
1506 436 1533 463 id
1557 441 1610 467 est,
1625 435 1702 470 Regii
1723 443 1772 462 seu

986 483 1182 519 lmperialistae.
1199 482 1293 509 Mela/ii
1308 483 1382 510 enim
1395 482 1573 510 Hebraeorum
1592 490 1623 509 ac
1643 481 1775 516 Syrorum

986 529 1090 564 lingua,
1107 529 1209 556 dicitur
1232 537 1288 556 rex.
1306 528 1358 556 Alii
1381 532 1472 556 autem
1496 528 1592 560 Scissi,
1619 532 1666 555 aut
1692 527 1775 554 etiam

988 575 1174 603 Monothelitm
1199 575 1328 610 appellati
1354 578 1429 607 sunt,
1448 575 1496 610 qui
1523 574 1653 601 nimirum
1673 573 1777 601 Jacobo

988 621 1057 657 Syro
1072 621 1206 648 monacho
1232 621 1313 648 [idem
1331 621 1497 656 pra2bcntes,
1521 620 1708 648 Jacobitarum
1727 628 1776 646 no-

988 674 1050 694 men
1066 666 1266 699 obtinuerunt;
1283 666 1378 700 sicque
1406 665 1544 693 hactenus
1560 666 1594 693 ab
1620 673 1654 693 eo
1682 667 1777 701 appel-

988 712 1092 738 lantur.
1111 711 1150 738 Ae
1165 711 1289 746 quidem,
1306 711 1379 746 quod
1401 710 1428 738 in
1444 711 1552 739 Patrem
1578 716 1607 739 et
1633 711 1731 739 Filium
1750 715 1779 739 et

990 757 1122 792 Spiritum
1148 761 1274 785 sanctum
1303 757 1428 789 credant,
1457 757 1603 785 orthodoxi
1636 757 1777 789 videntur,

990 811 1078 837 caque
1091 803 1198 830 ratione
1216 811 1264 830 eos
1281 803 1435 838 decipiunt,
1452 803 1498 839 qui
1515 811 1579 831 cum
1605 803 1645 830 eis
1662 810 1779 838 congre-

990 849 1116 876 diuntur.
1136 849 1238 876 Verum
1256 849 1330 884 quod
1348 855 1454 884 spectat
1477 850 1510 877 ad
1527 849 1630 877 Christi
1646 849 1673 876 in
1695 856 1779 876 carne

991 893 1248 928 dispensationem,
1275 899 1338 922 ante
1357 895 1468 929 quidem
1500 895 1643 928 unionem,
1672 895 1699 922 id
1724 899 1777 926 est,

992 939 1151 974 priusquam
1171 940 1216 967 ille
1241 940 1323 968 homo
1340 940 1428 972 fieret,
1441 941 1496 973 jam
1513 940 1618 968 dictum
1636 945 1678 968 est
1701 940 1781 967 fateri

992 993 1040 1012 eos
1058 985 1128 1013 duas
1144 991 1258 1014 naturas
1277 994 1284 1013 :
1311 991 1374 1021 post
1395 994 1461 1014 vero
1477 995 1549 1019 eam,
1568 995 1623 1014 non
1639 986 1708 1013 duas
1732 993 1782 1013 na-

994 1037 1083 1062 turas,
1096 1031 1142 1059 sed
1162 1039 1244 1059 unam
1271 1038 1433 1067 agnoscunt,
1451 1033 1572 1068 indeque
1590 1033 1781 1060 confusionem

995 1086 1026 1105 ac
1046 1079 1272 1106 commixtionem
1303 1079 1437 1106 invehunt
1464 1079 1580 1106 duarum
1608 1084 1781 1106 naturarum.

994 1125 1168 1153 Devoventur
1179 1130 1369 1153 utassertores
1381 1125 1462 1152 unius
1477 1130 1593 1156 naturxe.
1609 1129 1636 1152 et
1650 1129 1681 1152 ut
1693 1124 1784 1152 Theo-

995 1171 1137 1206 paschitie.
1164 1171 1284 1198 Tantum
1319 1178 1386 1198 vero
1414 1171 1565 1198 admittunt
1592 1175 1649 1198 tres
1675 1170 1784 1205 priores

995 1217 1124 1252 synodos,
1152 1224 1262 1251 nempe,
1280 1217 1428 1250 Nicaznam,
1448 1216 1781 1252 Constantiuopolitanam

995 1263 1211 1297 etEphesinam.
1227 1262 1481 1290 Chalcedonensem
1506 1267 1610 1296 autem,
1636 1271 1668 1290 ac
1692 1271 1722 1290 ea
1737 1271 1785 1297 po-

997 1309 1127 1336 steriores
1156 1309 1248 1336 irritas
1276 1309 1442 1346 decernunt,
1467 1317 1498 1337 ac
1525 1317 1620 1337 earum
1646 1309 1783 1336 devovent

996 1354 1111 1382 Patres:
1135 1355 1263 1390 quodque
1287 1356 1399 1390 gravius
1428 1359 1481 1388 est,
1511 1355 1596 1383 etiam
1628 1354 1784 1390 passionem

997 1401 1096 1428 Deitati
1112 1400 1254 1436 alIingunt,
1270 1401 1426 1436 docentque
1440 1403 1527 1436 ipsam
1539 1409 1649 1436 quoque
1676 1409 1784 1436 passam

997 1454 1051 1473 una
1063 1454 1125 1473 eum
1145 1454 1229 1474 carne
1251 1451 1374 1482 tempore
1387 1447 1535 1483 passionis.
1553 1447 1642 1482 Atque
1657 1447 1702 1474 his
1730 1447 1784 1474 ini—

997 1491 1054 1524 tiis,
1070 1491 1217 1527 impiorum
1228 1492 1415 1521 Jacohitarum
1429 1493 1513 1528 cmpit
1530 1493 1654 1520 hzeresis.

1033 1539 1076 1566 lV.
1089 1539 1186 1567 Postea
1200 1547 1267 1566 vero
1279 1538 1331 1566 hoc
1355 1547 1465 1574 quoque
1489 1539 1668 1571 invenerunt,
1687 1543 1717 1566 ut
1730 1547 1785 1565 uno

150 1580 182 1606 τὸ
199 1582 359 1617 πρόσωπον,
372 1583 409 1615 ὡς
425 1583 475 1621 τὴν¹
489 1585 554 1620 μίαν
579 1586 608 1612 ὲν
625 1585 736 1620 Χριστῷ
754 1585 834 1620 φύσιν
858 1595 944 1622 πρεσ-

999 1585 1085 1620 digito
1097 1585 1291 1620 eonsignarent
1306 1585 1416 1619 faciem,
1431 1586 1507 1614 velut
1529 1594 1610 1614 unam
1629 1586 1654 1613 in
1672 1586 1785 1613 Christo

148 1627 284 1660 ῦεύοντες
295 1638 301 1644 ·
316 1630 363 1656 καὶ
390 1630 429 1663 τὸ,
454 1631 503 1657 οὐκ
517 1631 571 1658 ἀπὸ
586 1631 681 1665 δεξιῶν
697 1632 744 1658 ἐπὶ
765 1632 799 1658 τὰ
815 1632 946 1667 ἀριστερὰ

148 1674 201 1709 τὴν
225 1676 308 1709 χεῖρα
322 1676 468 1707 κινεῖν.ὡς
489 1677 580 1711 ἡμεῖς,
610 1677 680 1704 ἀλλὰ
705 1677 775 1713 πρὸς
801 1678 946 1711 ἀνάπαλιν,

148 1720 207 1747 ἀπὺ
227 1720 285 1748 τῶν
303 1721 454 1756 ἀριστερῶν
470 1722 516 1749 ἐπὶ
538 1723 573 1749 τὰ
596 1723 690 1756 δεξιά·
711 1724 758 1750 κα)⁸
777 1724 829 1759 τὴν
842 1725 948 1751 ἑαυτῶν

152 1766 319 1802 προσφορὰν
333 1767 416 1802 ἐλαίῳ
431 1768 644 1803 ἀναμιγνύουσιν
658 1777 664 1783 ·
681 1770 729 1796 καὶ
739 1770 789 1805 τὴν
800 1769 868 1806 παρ’
883 1771 948 1806 ἡμῖν

149 1811 239 1845 ἁγίαν
256 1813 399 1839 κοινωνίαν
413 1813 450 1845 ὡς
465 1814 542 1840 οὐδὲν
560 1814 700 1849 ἡγοῦνται,
724 1816 751 1842 εἴ
762 1823 793 1842 τε
806 1815 948 1852 μεταλαμ-

149 1857 288 1890 ϐάνοντες
301 1859 413 1895 ταύτης,
436 1861 463 1887 εῐ
473 1869 502 1887 τε
520 1861 566 1888 καὶ
592 1862 641 1896 μή.
664 1862 734 1889 Ἀλλ’
749 1863 810 1890 οὐδὲ
829 1863 902 1898 ὕδωρ
920 1864 949 1890 ἐν

147 1905 183 1940 τῇ
204 1904 381 1941 ἐνώσει.τῆς
396 1906 485 1933 αὐτῶν
511 1908 683 1942 λειτουργίαις
710 1908 887 1943 ἐμϐάλλουσι.
913 1908 950 1935 Τὸ

150 1950 224 1976 αὐτὸ
254 1949 285 1976 δὲ
311 1951 356 1977 καὶ
384 1952 448 1986 περὶ
467 1953 521 1978 τῶν
539 1953 625 1987 ἁγίων
642 1953 754 1980 είκόνων
775 1954 901 1989 ἔχουσιν·
921 1956 950 1982 ἐν

149 1995 215 2031 ἴσῳ,
232 1996 285 2024 καὶ
298 1998 328 2023 τὺ
343 1999 506 2032 προσκυνεῖν
521 1999 615 2032 αὑτὰς,
629 2000 675 2027 md.
690 2000 720 2027 τὸ
736 2001 774 2037 μὴ
787 2003 950 2035 προσκυνεῖν

151 2042 329 2076 ποιούμενοι.
351 2043 381 2069 ΕΞ
397 2043 426 2069 δέ
443 2052 508 2070 ποτε
524 2045 570 2070 ni.
583 2045 772 2081 προσκυνῆσαι
789 2047 878 2083 συμϐῇ
887 2048 950 2074 τού-

150 2095 224 2119 τοις,
241 2087 330 2122 αὐτὴν
356 2088 406 2122 μὲν
420 2087 470 2114 οὐκ
487 2089 668 2122 ἀσπάζονται,
697 2091 770 2126 μόνῳ
784 2091 813 2118 δὲ
826 2091 951 2127 δακτύλῳ

152 2133 378 2167 προσψαύοντες,
402 2134 448 2160 τὸν
461 2134 593 2162 δάκτυλον
610 2135 667 2162 ἀντ’
688 2135 796 2171 ἐκείνης
809 2136 950 2168 ἀσπάζον-

149 2187 209 2206 ται.
232 2179 318 2206 Ἀλλὰ
332 2180 378 2205 καὶ
394 2179 442 2206 τὸν
458 2180 549 2215 τίμιον
564 2181 692 2216 σταυρὸν,
716 2183 750 2217 τῇ
767 2181 873 2218 μεγάλῃ
897 2191 950 2209 πα-

152 2226 284 2260 ρεισκευῇ
299 2225 528 2261 κατορύττοντες,
547 2227 628 2263 μέχρι
647 2229 694 2263 τῆς
711 2228 792 2262 ἁγίας
809 2229 950 2264 Κυριακῆς

999 1635 1123 1657 naturam
1136 1631 1314 1666 proﬁtentes;
1332 1637 1417 1666 utque
1434 1639 1544 1659 manum
1572 1640 1625 1659 non
1642 1641 1657 1659 a
1683 1632 1787 1659 dextris

986 1676 1033 1716 ad
1049 1676 1187 1704 sinistram
1202 1672 1348 1710 ducerent,
1375 1677 1414 1704 uti
1442 1685 1491 1705 nos
1510 1686 1516 1704 2
1535 1677 1584 1705 sed
1611 1685 1626 1704 e
1642 1682 1749 1708 contra,
1771 1686 1786 1703 ει

999 1721 1118 1749 sinistris
1141 1722 1174 1748 ad
1196 1721 1347 1750 dextram:
1376 1730 1453 1749 suam
1482 1730 1593 1757 quoque
1617 1722 1786 1750 oblationem

1001 1767 1117 1794 miscent
1133 1767 1210 1801 oleo;
1224 1776 1256 1796 ac
1281 1776 1399 1801 sacram,
1415 1775 1476 1802 quae
1488 1768 1560 1803 apud
1575 1776 1626 1795 nos
1642 1772 1695 1799 est,
1709 1776 1785 1795 eom-

1001 1813 1169 1846 munionem,
1188 1821 1239 1848 pro
1255 1814 1341 1840 nihilo
1366 1813 1480 1846 habent,
1495 1815 1552 1841 sive
1567 1813 1786 1846 communicent,

1000 1859 1059 1886 sive
1079 1867 1145 1886 non.
1171 1859 1206 1887 At
1230 1868 1319 1894 neque
1333 1868 1432 1894 aquam
1450 1860 1477 1886 in
1501 1868 1558 1887 sua:
1577 1861 1669 1887 missae
1686 1861 1789 1887 unione

1001 1905 1124 1933 mittunt.
1141 1905 1244 1932 Eodem
1273 1905 1354 1932 modo
1374 1913 1403 1932 se
1422 1905 1525 1933 habent
1549 1906 1581 1932 ad
1599 1913 1693 1932 sacras
1719 1906 1789 1933 ima-

1001 1950 1094 1985 gines;
1123 1959 1172 1985 pro
1192 1951 1288 1978 eodem
1312 1951 1448 1979 habentes
1465 1955 1494 1978 ut
1521 1951 1648 1984 adorent,
1666 1951 1708 1978 vel
1735 1959 1790 1978 non

1001 1995 1128 2022 adorent.
1147 1996 1224 2029 Quod
1239 1997 1261 2023 si
1279 1996 1389 2031 quando
1399 1997 1481 2024 etiam
1498 1997 1639 2032 contingat
1650 1997 1766 2024 adorare
1778 2017 1786 2028 ,

1003 2041 1087 2076 ipsam
1110 2042 1222 2076 quidem
1240 2042 1385 2077 imaginem
1407 2049 1461 2068 non
1478 2042 1650 2074 osculantur,
1666 2041 1713 2068 sed
1731 2041 1792 2068 solo

1002 2087 1088 2122 digito
1106 2089 1284 2124 attingentcs,
1309 2089 1370 2124 ejus
1394 2088 1454 2116 loco
1474 2089 1637 2116 osculantur
1657 2088 1786 2122 digitum.

1003 2133 1058 2160 Sed
1075 2139 1102 2161 et
1119 2135 1267 2170 pretiosam
1291 2142 1402 2162 crucem
1419 2143 1516 2170 magna
1538 2136 1688 2162 Parasceve
1706 2133 1791 2161 Suffov

1003 2179 1121 2212 dientes,
1136 2188 1223 2215 usque
1241 2180 1274 2207 ad
1291 2188 1400 2208 sacrum
1414 2181 1486 2208 diem
1511 2181 1685 2209 Dominicum
1700 2180 1791 2208 occul-

1005 2229 1058 2251 tam
1077 2230 1190 2252 tenent:
1214 2229 1327 2260 tumque
1346 2227 1433 2260 prima
1450 2227 1510 2253 luce
1529 2233 1578 2260 per
1593 2226 1669 2253 vicos
1692 2230 1719 2252 et
1735 2226 1791 2260 pla-

152 2272 356 2307 κεκρυμμένον
370 2272 477 2307 ἔχουσιν
489 2281 496 2288 ·
519 2271 577 2300 εἶτα
593 2273 651 2309 ἅμα
676 2273 747 2309 φωτὶ
761 2274 945 2310 διατρέχουσιν

1005 2274 1062 2297 teas
1081 2270 1283 2302 discurrentes,
1315 2272 1386 2298 sitne
1416 2271 1461 2298 hic
1488 2272 1629 2304 Christus,
1665 2280 1698 2299 an
1724 2272 1791 2303 illic,

151 2318 206 2349 τὰς
223 2326 258 2345 τε
277 2318 367 2353 ῥύμας
379 2319 427 2345 καὶ
446 2319 510 2351 τοὺς
534 2318 680 2354 ρεγιῶνσις,
697 2319 890 2355 ἐπιζητοῦντες
913 2321 955 2347 ὅτι

151 2362 281 2391 ἐνταῦθά
295 2364 368 2390 ἐστιν
383 2365 397 2391 ὸ
410 2365 537 2399 Χριστὸς,
553 2366 711 2401 ἢένταῦθα·
730 2366 778 2393 καὶ
797 2366 858 2394 τότε
873 2375 955 2400 φανε-

152 2409 260 2443 ροῦσιν
276 2408 367 2435 αὐτόν.
375 2409 506 2444 Λέγουσιν
524 2411 551 2437 δὲ
564 2411 610 2438 καὶ
620 2411 742 2443 ἐκθέσεις
750 2412 824 2447 ἔχειν
835 2412 955 2447 λειτουρ-

150 2453 231 2490 γιῶν
250 2452 407 2488 διαφόρους,
434 2456 510 2491 παρὰ
536 2458 584 2488 τὰς
611 2457 845 2493 ἑκκλησιιστικὰς
864 2467 955 2493 παρα-

151 2501 264 2529 δόσεις.
277 2499 484 2534 Κρεοφαγοῦσιν
495 2501 523 2528 δὲ
532 2504 580 2528 καὶ
589 2502 638 2538 τὴν
655 2503 791 2538 ἑϐδομάδα
808 2503 858 2537 τῆς
867 2504 954 2539 Τυρο-

153 2547 266 2582 φάγου.
281 2545 439 2580 Παρέλαὸον
450 2547 477 2573 δὲ
493 2548 541 2574 καὶ
557 2548 611 2574 ἀπὸ
630 2549 734 2584 Πέτρου
749 2549 795 2575 τοῦ
812 2549 953 2583 Κναφέως,

154 2593 344 2630 προστιθέναι
355 2593 384 2619 ἐν
395 2594 528 2628 τρισειγίῳ
542 2594 619 2630 ὕμνῳ
633 2595 725 2630 λέγειν
739 2595 770 2622 τό
783 2603 789 2609 ·
816 2595 842 2621 '0
863 2604 955 2623 σταυι

153 2640 323 2675 ρωθεὶςδί
337 2639 428 2674 ἡμᾶς,
443 2640 574 2674 ἐλέησον
597 2641 686 2676 ἡμᾶς.
712 2643 767 2670 Καὶ
792 2644 877 2670 ταῦτα
905 2644 954 2678 μὲν

155 2688 230 2722 περὶ
245 2686 301 2712 τῶν
323 2686 497 2713 Ἰακωϐιτῶν.

197 2733 241 2760 Ε’.
261 2733 292 2759 Οἱ
304 2732 332 2759 δὲ
347 2733 541 2768 Χατζιτζάριοι
553 2733 752 2769 ὠνομάσθησαν
774 2736 828 2762 ἀπὸ
842 2736 892 2770 τῆς
905 2736 953 2763 τοῦ

158 2779 289 2813 σταυροῦ
317 2778 484 2814 ὀνομασίας·
512 2780 558 2806 τὸν
586 2780 614 2806 δὲ
640 2782 755 2815 σταυρὸν
770 2782 954 2816 προσκυνοῦσι

158 2826 212 2854 καὶ
234 2825 370 2852 σέϐονται.
396 2825 482 2856 Χατζῖ
501 2826 528 2852 δὲ
545 2825 609 2860 παρ’
627 2827 729 2859 αὐτοῖς,
745 2828 758 2853 ὁ
788 2827 955 2861 σταυρωθεὶς

204 2914 247 2949 (εἰ)
267 2914 345 2942 Deest
358 2916 526 2952 σιξρσιγίζειν.

1005 2317 1167 2352 inquirunt;
1184 2317 1281 2351 sicque
1296 2317 1407 2344 demum
1421 2316 1563 2351 detegunt.
1592 2317 1691 2344 Dicunt
1708 2317 1791 2344 etiam

1003 2370 1034 2390 se
1066 2361 1168 2390 habere
1199 2363 1322 2389 diversas
1342 2362 1489 2389 missarum
1519 2361 1669 2394 editiones,
1697 2367 1792 2388 contra

1010 2408 1173 2436 traditiones
1187 2408 1401 2436 ecclesiasticas.
1415 2408 1571 2435 Vescuntur
1587 2408 1719 2435 carnibus
1736 2408 1791 2442 ipsa

1008 2462 1120 2490 quoque
1131 2454 1303 2482 hebdomada
1314 2454 1504 2489 Carnisprivii.
1532 2453 1661 2482 Omnium
1682 2455 1794 2482 cumulo

1005 2505 1172 2535 acceperunt
1198 2509 1212 2527 a
1232 2501 1313 2527 Petro
1342 2500 1457 2526 Fullone
1480 2503 1509 2526 ut
1534 2499 1636 2535 hymno
1669 2499 1795 2534 Trisagio

1005 2546 1150 2578 adderent,
1162 2546 1213 2578 Qui
1223 2546 1364 2578 cruciﬁxus
1377 2554 1402 2572 es
1415 2553 1462 2580 pro
1477 2546 1561 2578 nobis,
1574 2545 1697 2573 miserere
1709 2545 1789 2573 nobis.

1006 2591 1144 2619 [lactentis
1161 2592 1195 2619 de
1205 2592 1349 2619 Jaeoliilis.

1046 2735 1077 2763 V.
1093 2734 1269 2763 Chatzilzarii
1287 2740 1378 2762 autem
1391 2733 1519 2769 appellati
1537 2737 1612 2765 sunt,
1625 2738 1792 2767 cognomen-

1011 2787 1038 2809 to
1058 2790 1071 2808 a
1086 2789 1179 2809 cruce.
1208 2782 1227 2808 li
1257 2789 1340 2816 porro
1356 2781 1472 2808 adorant
1488 2788 1520 2807 ac
1548 2779 1642 2806 colunt
1669 2785 1792 2806 crucem.

1010 2828 1077 2855 Nam
1093 2827 1164 2863 apud
1182 2834 1240 2859 eos,
1267 2826 1414 2855 crucifixus
1437 2826 1530 2853 Cluuzi
1545 2825 1710 2861 appellatur.
1730 2823 1793 2851 Sin-
