2032 3156
774 325 862 351 ANNO
888 324 1000 349 DOMISI
1028 324 1136 350 MCXVII

313 480 744 575 PETRUS
809 475 1469 572 CHRYSOLAN
1475 477 1609 571 US

620 694 931 730 ‘MEDIOLANENSIS
957 693 1293 728 ARCHIEPISCOPUS.

147 920 418 975 NOTITIA
458 917 803 974 HISTORICA
854 919 920 973 IN
968 910 1235 974 PETRUM
1281 918 1768 977 CHRYSOLANUM

634 1062 755 1098 (Fumc.
770 1061 894 1091 Biblioth.
911 1062 980 1091 med.
994 1066 1019 1089 et
1032 1061 1081 1098 inf.
1096 1061 1157 1091 Lat.
1172 1061 1194 1095 ι,
1210 1060 1284 1096 456).

186 1295 373 1328 σνίσοΙαηαε
400 1295 574 1327 Trithemio
600 1303 670 1335 cap.
701 1294 756 1325 397
779 1296 822 1326 De
854 1296 885 1325 S.
908 1296 942 1326 Ε.
974 1297 1122 1336 (Baronio
1153 1297 1336 1338 Cangioque
1368 1297 1607 1339 Chrysolanus),
1640 1298 1776 1338 Ughello

141 1360 235 1392 tomo
250 1361 302 1398 ΙΗ,
312 1370 384 1401 pag.
397 1360 465 1398 126,
483 1364 515 1392 et
528 1361 639 1392 Allatio
653 1361 765 1391 Petrus
774 1360 978 1398 Growlanm,
993 1361 1062 1392 aliis
1076 1361 1279 1401 Arisolamu,
1293 1361 1501 1401 Grynolanm,
1517 1362 1565 1393 vel
1580 1362 1777 1393 Proculamu

142 1422 241 1454 etiam
257 1431 265 1453 :
284 1431 323 1455 ex
341 1423 515 1454 Savonensi
530 1422 683 1464 episcopo
698 1422 959 1463 archiepisc0pus
973 1423 1218 1455 Mediolanensis
1232 1423 1270 1455 ab
1289 1432 1375 1455 anno
1397 1423 1484 1462 1102,
1506 1423 1560 1456 sed
1577 1423 1617 1456 ob
1630 1423 1776 1455 simonim

141 1484 307 1526 objectum
323 1484 443 1519 crimen
460 1483 624 1524 depositus
642 1485 677 1515 Δ.
697 1481 785 1515 1112.
810 1483 956 1515 Exsulem
977 1483 1134 1516 Paschalis
1156 1484 1184 1515 ll
1208 1492 1290 1524 papa
1313 1483 1399 1517 misit
1422 1483 1534 1524 Cpolin
1566 1484 1606 1516 ad
1633 1483 1776 1515 Alexium

140 1551 358 1587 Comnenum,
379 1553 413 1581 ut
427 1550 554 1581 Graecos
569 1549 608 1580 ad
627 1550 768 1580 Romana
794 1557 881 1580 sacra
905 1549 1128 1589 amplectenda
1154 1550 1333 1587 reduceret,
1355 1549 1412 1581 ubi
1425 1549 1551 1590 scripsit
1579 1550 1620 1580 De
1636 1550 1777 1590 Spiritus

140 1615 249 1646 nancti
262 1613 460 1654 processione
474 1612 513 1645 ad
530 1611 675 1643 Alexium
698 1611 945 1652 imperatorem;
968 1615 999 1642 et
1024 1620 1096 1645 cum
1117 1611 1359 1653 respondissent
1382 1611 1428 1644 illi
1458 1619 1476 1643 e
1498 1611 1617 1644 Gmcis
1637 1612 1777 1644 Joannes

139 1680 308 1716 thnus,
328 1677 444 1708 Montis
461 1676 542 1707 Gani
558 1675 738 1715 primarius,
754 1674 906 1707 Nicolaus
928 1675 1142 1707 Methonensis
1160 1678 1192 1707 et
1212 1675 1386 1707 Eustratius
1402 1675 1603 1716 metropolita
1616 1676 1777 1714 Nicasnus.

138 1742 234 1774 idem
248 1740 364 1772 Ioanni
377 1739 506 1771 Phurno
522 1738 672 1779 Opposuit
692 1738 943 1778 disputationem
958 1737 995 1769 de
1015 1738 1120 1770 eodem
1133 1743 1327 1780 argumento.
1346 1740 1505 1773 Incertum
1524 1742 1570 1771 est
1584 1740 1692 1771 Graece
1708 1740 1778 1780 ipso

136 1804 312 1845 scripserit
325 1813 366 1837 an
379 1804 487 1836 Latine
503 1804 622 1844 potius,
641 1804 697 1836 sed
717 1805 825 1837 Grazce
840 1806 963 1837 exstant
979 1812 997 1836 e
1012 1805 1129 1836 Latinis
1144 1807 1178 1836 ut
1200 1805 1323 1837 videtur
1336 1813 1426 1836 versa
1441 1810 1516 1837 mss.
1534 1806 1567 1836 in
1582 1805 1777 1838 bibliotheca

138 1867 233 1908 regis
247 1865 514 1898 Christianissimi.
533 1865 612 1897 Vide
629 1865 774 1897 Allatium
792 1866 835 1897 De
850 1874 1011 1897 consensu
1027 1866 1195 1905 utriusque
1209 1865 1371 1902 Ecclesia,
1393 1866 1432 1903 ΙΙ,
1455 1865 1489 1898 10
1512 1874 1582 1906 pag.
1596 1865 1653 1897 626
1668 1874 1748 1907 seqq
1765 1891 1775 1905 ,

136 1933 169 1962 et
184 1928 364 1960 Baronium
387 1928 425 1962 ad
451 1937 569 1960 annum
590 1928 679 1966 1116,
703 1937 791 1962 num.
819 1929 835 1959 7
863 1938 966 1969 seqq..
990 1930 1045 1962 ubi
1058 1929 1309 1970 Disputationem
1323 1930 1362 1961 ad
1377 1929 1519 1961 Alexium
1536 1930 1775 1970 imperatorem,

135 1990 204 2023 sive
228 1989 454 2027 compendium
469 1989 554 2020 illius
568 1993 664 2029 atque
679 1992 901 2028 argumentum
916 1989 1012 2021 refert
1026 1998 1066 2021 ex
1078 1989 1185 2021 Latina
1197 1989 1344 2022 versione
1362 1990 1504 2023 Federici
1518 1991 1616 2029 Metii,
1631 1991 1776 2032 episc0pi

133 2055 400 2088 Thermularum.
420 2054 612 2086 Trithemius
626 2054 713 2087 hunc
726 2055 956 2094 Chrysolanum
984 2064 1113 2097 quoque
1133 2055 1250 2087 librum
1264 2056 1309 2087 De
1325 2057 1359 2088 S.
1377 2057 1549 2095 Trinitate,
1568 2060 1599 2090 et
1616 2057 1780 2098 Epistolas

136 2131 175 2154 ac
190 2122 365 2154 Sermones
381 2124 412 2152 et
431 2121 512 2152 alios
533 2120 673 2153 diversos
700 2123 862 2159 tractatus,
891 2120 945 2152 sed
965 2130 1030 2154 non
1051 2122 1136 2154 visos
1156 2130 1174 2154 δ
1195 2130 1229 2154 se
1244 2121 1411 2163 scripsisse
1432 2121 1571 2156 adnotat.
1594 2122 1683 2154 Diem
1700 2122 1779 2155 obiit

140 2183 361 2226 Chrysolanus
376 2184 486 2215 Romae
505 2186 540 2215 A.
563 2184 648 2216 1117.
