2032 3156
272 207 327 238 923

917 207 1050 237 ALEXII
1070 207 1243 238 COMNENI

1836 207 1886 237 ἓξὲξ

271 263 298 289 in
316 269 449 289 summam
472 269 564 289 rerum
581 262 733 297 angustiam
751 261 865 294 inducti,
888 261 974 296 iisque
993 271 1049 288 om-

1102 264 1155 294 τοῖς
1170 261 1354 298 συμπεσοῦσιν
1371 261 1442 297 ἔχειν
1457 261 1497 287 ὅτι
1517 261 1562 288 καὶ
1578 262 1718 296 χρήσαιτο,
1735 261 1790 287 τῶν
1807 261 1886 296 ίερών

268 307 351 333 nibtls
371 307 458 337 exuti,
476 314 536 340 qum
555 306 639 340 lapsis
664 306 766 340 alioqui
790 307 977 341 atljnmentnm
1003 307 1051 332 ali-

267 353 340 387 quod
357 352 454 378 aﬂ'erre
472 356 615 386 poterant;
629 351 737 378 tandem
757 352 802 378 vel.
815 359 890 378 sacra
904 352 1050 384 divinaque

267 397 373 424 cimolia
395 396 552 430 contingere
570 396 659 430 iisque
683 402 804 422 nostram
826 396 909 422 solari
931 396 1050 430 inopiam

267 442 456 469 statuerimus.
477 441 555 474 Quod
574 447 649 468 certe
666 441 782 471 facinus.
799 441 825 467 in
852 441 989 475 plerisque
1007 449 1051 467 sa-

267 489 323 514 cris
336 487 491 521 divinisque
508 487 636 514 Eeclesiis
648 487 797 513 admissum
814 490 873 518 est;
890 494 939 513 nec
955 494 1051 513 sacro-

270 542 330 559 rum
346 533 524 559 donariornrn
537 540 622 566 pauca
640 532 667 558 in
683 531 808 566 publicos
819 536 962 558 cesserunt
974 539 1050 558 usus.

268 581 363 615 Neque
383 588 416 607 eo
435 581 545 614 quidem
565 579 653 606 adacti
673 586 768 606 sumus
786 583 814 604 ut
829 577 977 612 quidquam
993 584 1048 603 mo-

268 626 382 653 lll't‘llllll'
400 625 439 652 vel
461 625 489 651 in
511 624 558 651 Dei
581 623 775 650 contumeliam
797 627 826 649 et
849 626 1050 656 contemptum,

269 672 311 698 vel
334 671 360 697 in
377 678 472 697 eorutn
495 670 664 703 despectum,
681 676 741 702 qtne
757 668 794 694 illi
817 668 860 702 pia
882 665 1051 701 consecravit

267 716 418 750 antiquitas
434 715 518 749 (quod
533 722 612 741 omen
635 714 706 740 Deus
720 713 754 739 ab
770 713 843 739 omni
859 705 951 738 animo
971 711 1050 738 Chri-

267 762 350 788 stiani
379 761 497 787 nominis
521 759 708 786 amantissimo
723 757 849 792 avertat),
872 757 919 784 sed
939 762 1052 792 urgente

269 812 423 841 temporum
441 806 604 833 necessitate
619 809 701 839 atque
712 805 794 831 etiam
813 803 928 831 consilio
945 808 1050 835 nostro,

269 852 342 886 quod
364 851 452 878 medio
475 858 504 877 se
527 850 604 885 operi
629 850 748 876 miscuit.
773 848 957 882 Imperatoriae
977 848 1050 874 enim

270 896 419 932 majestatis
431 901 530 923 nostra:
547 895 640 921 animo
651 895 740 921 visum
755 898 809 925 est,
822 894 896 920 nulla
908 894 992 920 Deum
1010 893 1050 920 ira

1102 308 1173 342 ἔγνω
1189 310 1235 334 καὶ
1259 308 1338 334 θείων
1364 308 1484 342 ἅψασθαι
1506 307 1655 341 κειμηλίων
1678 308 1723 333 καὶ
1739 307 1843 338 τούτοις
1857 308 1886 332 τὸ

1101 354 1151 388 τῆς
1170 353 1264 388 χρείας
1288 353 1376 379 ἐνδέον
1398 353 1658 387 παραμυθήσασθαι.
1682 352 1765 378 Τουτὶ
1788 352 1837 386 μὲν
1857 351 1887 377 τὸ

1102 399 1181 434 ἔργον
1195 401 1224 426 ἐν
1242 399 1350 430 πολλαῖς
1367 399 1421 424 τῶν
1444 399 1531 432 ἁγίων
1546 398 1698 432 ἐκκλησιῶν
1712 398 1887 432 διεπράξατο,

1102 446 1148 471 καὶ
1169 445 1255 471 πολλὰ
1274 445 1330 471 τῶν
1351 445 1535 479 ἀναθημάτων
1561 444 1599 474 sl;
1623 443 1753 478 δημοσίας
1773 443 1886 478 ἔστρεψε

1101 490 1206 524 χρείας,
1225 490 1274 524 οὐχ
1291 489 1368 524 ὕϐρει
1385 490 1433 516 καὶ
1456 489 1649 524 περιφρονήσει
1667 488 1745 521 Θεοῦ,
1762 488 1818 514 οὐδ’
1833 488 1888 514 ἁλι.

1101 535 1192 570 γωρίᾳ
1212 535 1265 561 τῶν
1288 535 1393 568 εὑαγῶς
1419 534 1493 569 αὐτῷ
1518 534 1703 560 ἀνατεθέντων
1720 533 1812 567 (ἀπείη
1834 525 1887 567 γᾶρ

1101 580 1179 606 τοῦτο
1194 580 1284 614 πάσης
1297 579 1559 614 χριστιανικωτάτης
1574 578 1686 613 ψυχῆς),
1709 578 1777 604 ἀλλὰ
1791 577 1887 612 καιροῦ

1102 625 1272 660 περιστάσει,
1289 625 1336 650 καὶ
1353 623 1475 658 λογισμῷ
1491 623 1636 657 ἁπτομένῳ
1654 623 1743 657 μέσως
1754 621 1801 647 τοῦ
1816 621 1886 655 πρά-

1102 679 1215 705 γματος.
1237 670 1319 705 ᾨήθη
1344 671 1398 704 γὰρ
1424 671 1440 704 ἡ
1459 669 1559 704 καρδία
1584 669 1633 702 τῆς
1660 667 1799 702 βασιλείας
1825 676 1884 700 μου.

1103 715 1186 749 μηδὲν
1213 724 1240 740 τι
1261 715 1384 741 ἐντεῦθεν
1405 714 1562 749 ὀργίζεσθαι
1591 713 1635 739 τον
1649 713 1734 744 Θεὸν,
1755 712 1821 738 ὅπου
1850 711 1885 745 μὴ

1101 761 1208 794 πονηρὰ
1236 760 1386 795 συνείδησις
1413 759 1626 795 προκατακρίνει
1651 758 1696 784 τδν
1724 757 1885 792 πρὰῑτοντα.

1108 806 1183 832 Ἐπεὶ
1197 806 1225 832 δὲ
1244 807 1290 831 καὶ
1306 806 1332 832 εί
1346 807 1372 832 τί
1389 814 1440 831 που
1462 807 1491 831 ἐν
1505 807 1560 835 τοῖς
1578 804 1721 839 βασιλείοις
1742 802 1886 829 ὑπόλοιπον

1100 848 1144 884 ἦν,
1161 850 1345 884 κατειργάσθη
1362 849 1412 884 μὲν
1429 851 1539 876 κάκεῖνο
1551 849 1597 876 καὶ
1611 848 1748 884 ἀνηλώθη,
1765 847 1885 882 ἐχώρησε

1101 896 1129 922 δὲ
1144 896 1183 926 εἰς
1206 895 1289 930 μηδὲν
1311 895 1371 922 δέον
1392 895 1426 922 τὰ
1452 895 1506 921 ἀπὸ
1531 895 1585 920 τῶν
1601 894 1686 928 ἁγίων
1711 892 1886 928 περιελθόντα

270 944 334 971 inde
351 943 486 979 percitum
501 943 547 974 iri,
565 943 611 969 ubi
636 950 712 969 mens
736 941 806 968 male
821 940 930 968 conscia
948 939 1051 967 nullius

1102 942 1264 976 ἐκκλησιῶν,
1281 942 1327 968 καὶ
1342 942 1416 968 πᾶσα
1435 941 1484 976 μὲν
1499 941 1514 976 ἡ
1530 941 1650 975 προτέρα
1671 940 1753 975 βουλὴ
1768 939 1815 965 ἐπὶ
1829 939 1885 969 ταῖς

269 990 395 1017 criminis
417 993 542 1024 agentem
567 997 645 1016 reum
673 992 844 1023 coarguerct.
870 986 938 1014 Cum
958 990 1050 1014 autem

268 1035 404 1070 quidquid
421 1036 448 1062 iu
467 1034 651 1069 imperatoriis
667 1034 770 1060 aerariis
786 1038 931 1067 supererat
945 1032 1051 1059 exhau-

269 1086 341 1109 stum
358 1084 386 1107 et
398 1081 566 1115 insumptum
579 1083 662 1110 esset,
677 1080 727 1106 nec
744 1079 770 1105 in
790 1079 858 1104 ullos
874 1085 940 1104 usus
955 1085 1051 1104 neces‘

269 1128 358 1156 sarios
382 1135 415 1155 ea
437 1127 588 1154 cessissent
610 1134 671 1160 qua:
694 1132 709 1152 a
725 1126 828 1152 sanctis
849 1128 1052 1150 extorseramus

268 1174 405 1206 ecclesiis,
419 1179 475 1201 tum
503 1180 569 1199 vero
591 1171 736 1199 consilium
761 1178 842 1198 omne
864 1174 989 1197 nostrum
1013 1173 1054 1196 tot

269 1219 392 1253 undique
426 1217 556 1252 periculis
585 1215 747 1243 Romaniam
782 1215 1053 1242 circumvallantibus

270 1266 410 1290 inversqu
427 1267 456 1288 et
475 1261 669 1288 labefactatum
690 1264 743 1286 est.
764 1259 898 1291 Quocirca
914 1259 1053 1294 plerisque

271 1310 299 1336 in
315 1309 382 1335 locis
398 1307 517 1334 hostium
539 1312 697 1333 nostrorum
716 1312 803 1332 cornu
826 1305 976 1331 exaltatum
995 1309 1054 1335 est;

270 1353 413 1387 nostrique
424 1352 493 1379 adeo
510 1351 619 1385 imperii
636 1350 768 1377 navicula:
778 1350 950 1384 naufragium
965 1349 1054 1375 immi-

271 1403 330 1432 net,
346 1399 399 1426 nisi
423 1402 578 1432 prtepotcns
604 1396 651 1423 Dei
671 1396 760 1423 virtus
775 1395 820 1428 iis,
833 1395 934 1430 quibus
954 1394 1055 1422 assolet

269 1445 393 1481 iudiciis,
417 1444 490 1471 illam
519 1443 656 1474 vindicet,
683 1441 884 1476 procellamqne
912 1441 998 1476 ipsam
1026 1441 1053 1467 in

271 1498 365 1517 auram
402 1493 553 1517 convertat.
581 1488 674 1523 Itaque
704 1488 887 1522 imperatoriae
918 1486 1053 1520 maiestati

270 1542 371 1564 nostra:
382 1537 484 1572 majore
497 1543 562 1562 cura
574 1534 783 1569 disquirendum
794 1538 823 1560 et
835 1531 1053 1566 investigandum

271 1590 333 1610 esse
350 1583 438 1609 visum
451 1585 503 1613 est,
517 1581 582 1615 quid
600 1580 708 1607 tandem
726 1579 762 1606 sit
777 1578 843 1605 illud
857 1577 930 1612 quod
951 1581 1053 1605 tantam

271 1627 318 1655 Dei
332 1627 400 1654 iram
416 1626 574 1658 coucitarit,
589 1625 798 1658 violentumquc
815 1624 875 1658 ejus
888 1622 1010 1649 furorem
1024 1622 1052 1649 in

273 1682 324 1700 nos
341 1672 461 1699 exacuit.
490 1672 624 1698 Praeterea
646 1677 709 1697 cum
733 1669 800 1695 viris
825 1668 919 1695 divino
935 1668 1053 1695 maxime

271 1720 368 1754 spiritu
384 1717 481 1745 amatis
501 1717 536 1744 de
560 1725 589 1744 re
613 1717 672 1751 ipsa
690 1715 836 1742 consilium
859 1714 940 1740 iniit:
959 1717 988 1740 et
1004 1721 1054 1748 po-

271 1771 413 1799 stcaquam
432 1763 534 1791 certior
548 1763 582 1790 ab
597 1762 650 1789 illis
665 1761 735 1788 facta
750 1765 801 1793 est,
812 1759 878 1786 satis
890 1767 949 1786 esse
965 1766 1055 1785 causae

271 1818 321 1837 cur
335 1810 362 1836 in
381 1817 431 1836 nos
456 1810 495 1836 ira
516 1809 609 1835 divina
623 1806 825 1838 excanduisset,
841 1805 914 1839 quod
932 1804 1055 1839 profanis

271 1856 398 1883 manibus
419 1863 496 1883 sacra
516 1854 728 1888 venerandaque
754 1857 909 1880 sanctarum
924 1851 1055 1878 ecclesia-

269 1909 330 1928 rum
357 1908 420 1927 vasa
445 1903 697 1927 contrectassemus
715 1898 834 1932 (etiamsi
855 1897 878 1923 si
904 1896 978 1923 nulla
1003 1902 1054 1922 nos

269 1945 430 1980 improbitas
446 1945 550 1971 maleve
574 1943 683 1971 conscia
707 1950 784 1970 ruens
807 1950 840 1969 eo
858 1940 1051 1976 permovisset)

268 1991 334 2026 quia
350 1990 483 2017 nimirum
499 1997 588 2023 neque
611 1996 655 2016 res
671 1988 771 2015 divina:
792 1987 966 2022 profanandaa
986 1987 1051 2020 sint,

268 2044 319 2063 nec
331 2044 346 2063 a
361 2036 407 2063 Dei
426 2036 553 2062 manibus
568 2034 727 2068 repetenda,
742 2033 769 2060 in
785 2033 887 2060 aliosve
903 2040 969 2060 usus
985 2041 1052 2060 con-

1102 987 1296 1022 περισχούσαις
1317 987 1368 1021 τὴν
1389 986 1544 1021 Ῥωμανίαν
1563 985 1755 1020 στενοχωρίαις
1770 986 1810 1016 είς
1826 985 1886 1010 τού-

1101 1032 1207 1058 ναντίον
1224 1031 1399 1066 περιηνέχθη,
1417 1030 1582 1064 πολλαχόθεν
1603 1030 1630 1056 δὲ
1648 1031 1680 1056 τὺ
1695 1030 1779 1064 κέρας
1794 1029 1885 1063 ὑψώθη

1102 1077 1156 1103 τῶν
1173 1077 1395 1112 ἐπανισταμένων
1411 1077 1490 1111 ἡμῖν,
1508 1077 1556 1102 καὶ
1579 1076 1606 1102 τὸ
1623 1075 1672 1110 τῆς
1689 1075 1827 1110 βασιλείας
1838 1074 1885 1110 ἤδη

1104 1122 1207 1156 σκάφος
1222 1123 1316 1148 πεσεῖν
1330 1122 1495 1157 ὑποϐρύχιον
1510 1121 1670 1154 κινδυνεύει,
1689 1122 1713 1147 εἰ
1729 1122 1767 1156 μὴ
1785 1122 1802 1156 ἡ
1821 1129 1886 1147 παν-

1102 1167 1188 1202 αλχὴς
1211 1167 1325 1202 δύναμις
1348 1167 1396 1194 τοῦ
1419 1167 1486 1194 Θεοῦ
1514 1164 1554 1198 οἷς
1578 1166 1632 1193 οἶδε
1654 1166 1786 1201 κρίμασιν
1806 1166 1885 1192 αὐτοῦ

1103 1213 1279 1248 ἀντιλήψεται
1302 1213 1350 1239 καὶ
1371 1213 1411 1244 εἰς
1434 1212 1520 1248 αὒραν
1538 1213 1630 1246 στήσει
1657 1212 1706 1245 τὴν
1731 1212 1885 1245 καταιγίδα,

1106 1257 1198 1289 Ἔδοξε
1219 1259 1252 1293 τῇ
1276 1258 1401 1292 βασιλείᾳ
1426 1258 1504 1293 ημῶν
1528 1257 1740 1292 ἐπιμελέστερον
1763 1257 1886 1292 ἀνιχνεύ-

1105 1304 1203 1330 σασθαι
1219 1304 1266 1330 καὶ
1283 1303 1556 1338 πολυπραγμονῆσαι,
1573 1303 1599 1328 τί
1622 1303 1653 1337 δή
1673 1311 1738 1328 ποτε
1759 1303 1813 1337 ἄρα
1831 1303 1888 1329 ἐστὶ

1103 1351 1134 1376 τὸ
1145 1350 1191 1377 ἐπὶ
1206 1351 1332 1377 τοσοῦτον
1348 1351 1463 1385 κινῆσαν
1479 1351 1529 1387 τὴν
1547 1351 1632 1386 ὀργὴν
1652 1351 1697 1377 τοῦ
1713 1351 1781 1377 Θεοῦ
1795 1352 1842 1378 καὶ
1858 1352 1887 1378 τὸ

1104 1397 1240 1432 ἀπότομον
1259 1397 1306 1423 τοῦ
1325 1397 1411 1432 θυμοῦ
1434 1397 1509 1433 αὐτῷ
1535 1397 1596 1424 καθ’
1621 1397 1701 1432 ἡμῶν
1724 1397 1886 1432 παροξῦναν.

1110 1442 1220 1476 Ἀμέλει
1245 1443 1293 1469 καὶ
1316 1443 1500 1477 συνεσκέψατο
1523 1444 1721 1478 πνευματικοῖς
1743 1445 1789 1470 καὶ
1808 1444 1889 1475 θείοις

1104 1487 1217 1522 ἀνδράσι
1233 1487 1297 1522 περὶ
1317 1487 1365 1514 τοῦ
1382 1489 1544 1523 πράγματος
1556 1496 1563 1504 ·
1584 1489 1631 1515 καὶ
1646 1489 1708 1515 ἐπεὶ
1723 1489 1808 1523 ἔμαθε
1824 1488 1888 1524 παρ’

1105 1532 1203 1564 αὐτῶν,
1217 1533 1247 1558 οὺ
1263 1532 1364 1566 φαῦλον
1377 1531 1447 1559 εἶναι
1462 1533 1605 1568 παραίτιον
1621 1533 1669 1559 τοῦ
1681 1532 1753 1559 θείου
1769 1542 1888 1569 μηνιμι-

1104 1586 1160 1610 τος,
1181 1578 1302 1612 ἅψασθαι
1316 1579 1385 1610 ὅλως
1399 1580 1472 1614 ἡμᾶς
1491 1579 1544 1605 τῶν
1556 1579 1663 1613 εὐαγῶν
1686 1582 1731 1606 καὶ
1748 1579 1830 1606 θείων
1844 1580 1888 1606 τοῦ

1067 1614 1088 1643 C
1105 1623 1172 1650 Θεοῦ
1189 1623 1337 1659 κειμηλίων
1352 1624 1415 1657 (κᾶν
1433 1624 1470 1659 μὴ
1485 1624 1539 1651 ἀπὸ
1552 1625 1674 1660 πονηρᾶς
1688 1625 1767 1651 τοῦτο
1779 1625 1889 1661 καρδίας

1105 1669 1262 1704 πέπρακταί
1281 1678 1310 1696 τε
1334 1672 1380 1696 καὶ
1403 1670 1679 1706 τετελεσιούργηται),
1704 1671 1746 1697 ὅτι
1768 1671 1837 1706 μηδλ
1856 1671 1889 1696 τὶ

1106 1715 1165 1741 θεῖα
1179 1715 1334 1742 κοινοῦσθαι
1359 1715 1413 1742 τῶν
1440 1716 1622 1751 ἐνδεχομένων
1638 1716 1705 1748 ὅλως
1725 1718 1796 1749 ἐστὶ,
1822 1717 1889 1751 μηδὲ

1105 1761 1139 1787 τὰ
1155 1762 1194 1792 είς
1210 1762 1304 1796 χεῖρας
1325 1761 1514 1795 παρατεθέντα
1539 1761 1605 1788 Θεοῦ
1628 1761 1658 1793 ἐξ
1680 1762 1793 1788 ἐκείνων
1813 1760 1889 1793 αὖθις

1106 1806 1331 1841 ἀνταφαιρείσθαι
1347 1807 1394 1833 καὶ
1419 1807 1459 1838 εἰς
1482 1807 1576 1843 ἐτέρας
1592 1808 1686 1842 χρείας
1707 1808 1889 1840 καταϐιϐάζε-

1106 1853 1169 1879 σοαί
1183 1861 1212 1878 τε
1231 1853 1278 1879 καὶ
1301 1853 1483 1887 στρέφεσθαι·
1512 1853 1566 1880 δεῖν
1593 1854 1664 1887 ἔγνω
1688 1853 1746 1887 ἅμα
1765 1854 1817 1888 μὲν
1842 1854 1890 1888 τὴν

1105 1899 1255 1932 μέλλουσαν
1271 1899 1358 1934 ὁρμὴν
1375 1899 1531 1925 ἀναστεῖλαι
1545 1899 1593 1926 τοῦ
1611 1899 1711 1931 κακοῦ,
1730 1900 1774 1927 ἴνα
1792 1901 1889 1935 μηκέτι

1102 1945 1134 1971 τὸ
1157 1945 1210 1971 ἀπὸ
1225 1944 1301 1971 τοῦδε
1319 1945 1395 1980 παρὰ
1418 1945 1592 1979 Χριπιανοίς
1615 1944 1754 1979 βασιλεῦσι
1774 1946 1888 1980 πάροδον

1103 1989 1171 2025 εὕρῃ
1197 1990 1272 2022 ποτε,
1290 1990 1348 2025 ἃμα
1372 1990 1402 2017 δὲ
1426 1991 1474 2017 καὶ
1495 1991 1530 2017 τὰ
1557 1991 1750 2026 προδιελθόντα
1776 1992 1888 2018 καθόσον

1106 2035 1198 2066 σθένος
1215 2035 1352 2062 ἰάσασθαι.

269 2081 411 2112 vertenda,
431 2088 463 2108 ea
481 2087 542 2114 qua:
562 2080 646 2107 semel
669 2079 708 2105 illi
737 2083 896 2106 consecrata
920 2079 1022 2106 fuerint
1040 2088 1047 2106 :
1067 2087 1158 2114 operte
1176 2081 1294 2115 pretium
1325 2081 1364 2109 illi
1381 2081 1440 2109 fore
1474 2081 1562 2109 visum
1581 2087 1633 2114 est,
1646 2087 1675 2110 et
1687 2082 1810 2110 futurum
1824 2081 1886 2112 mali

269 2130 402 2163 impetum
425 2127 587 2161 reprimere,
601 2133 635 2153 ne
657 2125 713 2152 ullo
735 2126 911 2160 imposterum
930 2130 1053 2160 tempore
1073 2127 1145 2154 inter
1161 2126 1312 2155 Christiani
1346 2128 1468 2156 nominis
1500 2129 1639 2164 principes
1654 2129 1767 2164 irrepat,
1777 2133 1805 2155 et
1821 2136 1888 2163 pm:-

269 2175 359 2203 tcritis
374 2173 463 2208 quoad
485 2174 544 2208 ejus
557 2172 616 2200 ﬁeri
633 2178 736 2206 posset,
754 2178 875 2206 prtesens
894 2171 994 2199 afferre
1009 2173 1172 2200 remedium.

302 2221 496 2254 Quamobrem.
515 2225 545 2247 ut
565 2220 600 2247 sit
614 2219 717 2247 erranti
741 2218 876 2246 medicina
900 2219 1048 2251 confessio,

1139 2220 1245 2248 Οὐκοῦν
1259 2221 1307 2248 καὶ
1319 2221 1551 2258 ἐξομολογουμένη
1567 2222 1681 2249 ἐνώπιον
1698 2222 1764 2249 Θεοῦ
1781 2223 1828 2250 καὶ
1841 2223 1887 2250 ἀν-

267 2276 361 2297 coram
381 2269 435 2295 Deo
457 2273 485 2295 et
500 2267 659 2294 hominibus
684 2266 860 2301 imperatoria
878 2274 908 2294 se
924 2268 1051 2302 majestas

1104 2266 1220 2302 θρώπων
1234 2268 1249 2302 ἡ
1265 2267 1388 2302 βασιλεία
1406 2276 1457 2302 μου
1480 2267 1527 2294 καὶ
1551 2267 1599 2302 τὴν
1619 2267 1792 2303 συγχώρησιν
1806 2269 1835 2294 ἐν
1848 2265 1886 2299 οἶς

267 2315 420 2349 prolapsam
443 2313 545 2339 fatetur
563 2312 725 2346 veniamque
740 2311 848 2338 delictis
863 2318 924 2346 qua:
947 2316 1049 2339 temere

267 2360 377 2387 admisit
399 2367 432 2386 ex
457 2359 562 2385 intimis
584 2357 674 2393 animi
695 2356 784 2392 adytis
804 2357 940 2391 postulat;
966 2364 1050 2392 seque

267 2406 359 2433 omnia
375 2413 436 2439 quae
452 2404 494 2431 sui
511 2407 575 2430 sunt
588 2402 706 2437 imperii,
719 2402 815 2429 divino
825 2402 932 2429 numini
948 2402 1050 2429 manci-

268 2457 407 2488 paturum,
425 2459 512 2485 eaque
530 2449 637 2477 viribus
658 2449 844 2484 imperatoriis
858 2448 950 2476 denuo
970 2449 1050 2475 resti-

268 2503 391 2525 tuturum
410 2496 565 2531 pollicetur,
581 2501 642 2529 quae
654 2495 680 2521 in
698 2494 861 2521 hodiernum
875 2501 960 2528 usque
977 2494 1048 2520 diem

266 2545 300 2570 ab
321 2541 445 2570 ecclesiis
459 2541 514 2568 Deo
528 2541 614 2567 sacris
629 2540 718 2566 ablata
738 2540 764 2566 in
784 2540 964 2574 publicasque
983 2546 1050 2566 usus

265 2589 335 2617 male
353 2595 430 2615 versa
452 2593 528 2618 sunt,
551 2587 573 2612 si
598 2586 687 2617 modo,
704 2594 765 2620 qua:
778 2586 871 2612 orbem
889 2585 1049 2612 universum

263 2634 402 2669 exagitat,
425 2632 545 2667 procella
570 2631 738 2659 desmvierit.
763 2631 934 2665 imperioque
960 2636 1049 2658 status

265 2681 362 2708 melior
377 2679 519 2706 restitutus
534 2678 628 2704 fuerit.
644 2677 705 2704 llst'c
723 2677 796 2704 enim
811 2677 991 2711 persolvenda
1007 2677 1049 2704 ni-

264 2727 320 2755 hilo
341 2727 432 2754 secius
446 2733 527 2760 quam
542 2725 678 2759 privatum
694 2724 805 2758 aliquod
829 2723 952 2750 debitum
969 2723 996 2749 in
1019 2731 1049 2750 se

263 2774 378 2808 recipit;
395 2780 445 2799 nec
461 2781 489 2800 se
513 2771 616 2799 sanctis
629 2771 781 2798 obturatum
803 2771 927 2797 ecclesiis
949 2770 1049 2796 infitia-

264 2825 317 2845 tur.
338 2819 427 2851 Quare
446 2819 473 2844 in
494 2823 632 2852 posterutu
651 2821 707 2843 tum
729 2816 792 2848 sibi,
811 2821 869 2843 tum
886 2822 946 2850 post
963 2824 990 2842 sc
1007 2816 1049 2842 l'u-

263 2868 332 2891 turis
357 2863 507 2890 Christiani
525 2864 659 2898 dogmatis
685 2863 868 2898 principibus,
892 2870 973 2890 aurea
998 2863 1048 2890 hac

262 2909 336 2938 bulla
363 2911 449 2946 legem
478 2919 533 2938 non
559 2911 650 2938 rnintrs
681 2910 880 2938 observandam
910 2910 1045 2944 imponit,

1105 2313 1216 2348 ἔδρασεν
1229 2313 1386 2349 ἁσιυλήτως
1407 2315 1440 2340 ὲκ
1461 2314 1547 2349 μέσης
1568 2314 1776 2350 ἀνακαλουμένη
1790 2314 1886 2349 ψυχῆς,

1104 2360 1295 2395 παρεγγυᾶται
1307 2360 1354 2386 καὶ
1367 2361 1395 2386 ἐν
1405 2361 1516 2395 ἐπηκόῳ
1527 2359 1593 2386 Θεοῦ
1607 2360 1792 2390 κατατίθεται,
1802 2361 1885 2386 πάνυ

1103 2406 1137 2432 τὰ
1151 2406 1205 2432 ἀπὸ
1219 2407 1267 2441 τῆς
1284 2406 1496 2441 αὐτοκρατορίας
1509 2407 1593 2441 αὐτῆς
1607 2407 1654 2432 καὶ
1668 2407 1732 2441 ἄχρι
1746 2406 1797 2441 τῆς
1810 2406 1887 2440 δεῦρο

1104 2453 1158 2478 τεῖιν
1175 2452 1254 2486 ιερῶν
1267 2453 1419 2488 ἐκκλησιῶν
1443 2452 1627 2487 ἀφαιρεθέντα
1659 2453 1707 2479 καὶ
1724 2454 1763 2484 εἰς
1778 2453 1826 2484 τας
1841 2451 1886 2478 τοῦ

1103 2499 1232 2533 δημοσίου
1247 2500 1341 2535 χρείας
1359 2500 1512 2535 στραφέντᾳ
1526 2501 1800 2534 ἀποκαταστήσεσθαι
1814 2499 1886 2530 αὖθις

1104 2543 1178 2577 παρὰ
1194 2543 1240 2569 τοῦ
1257 2545 1373 2579 κράτους
1395 2545 1480 2578 αὐτῆς
1501 2545 1559 2575 ταῖς
1575 2543 1734 2578 ἐκκλησίαις
1748 2544 1795 2570 τοῦ
1811 2543 1886 2574 θεοῦ,

1105 2590 1174 2624 μετὰ.
1187 2589 1235 2624 τὴν
1252 2590 1302 2623 τῆς
1316 2590 1451 2624 κοσμικῆς
1473 2589 1628 2622 καταιγίδος
1652 2589 1828 2615 κατάπτωσιν
1843 2589 1887 2614 καὶ

1103 2637 1151 2669 τὴν
1164 2636 1213 2670 τῆς
1236 2635 1372 2670 βασιλείας
1395 2637 1436 2667 εἰς
1460 2635 1490 2662 τὸ
1510 2637 1633 2670 κρεῖττον
1655 2636 1886 2662 ἀποκατάστασιν.

1109 2681 1152 2712 Ὦς
1169 2682 1222 2715 γὰρ
1240 2681 1304 2707 ἴδιον
1318 2683 1397 2716 χρέος
1410 2681 1480 2708 αὐτὰ
1501 2681 1669 2716 ἀναδέχεται,
1687 2681 1734 2707 καὶ
1747 2681 1886 2715 ὀφειλέτης

1103 2725 1172 2752 εἶναι
1185 2729 1245 2757 ταῖς
1262 2728 1353 2761 ἁγίαις
1377 2728 1536 2762 ἐκκλησίαις
1558 2729 1608 2754 οὐκ
1633 2727 1826 2754 ἀπαναίνεται.
1843 2727 1886 2757 Εἰς

1102 2773 1129 2799 δέ
1147 2782 1178 2807 γε
1193 2774 1238 2800 τὸν
1254 2774 1381 2809 ἐσόμενον
1396 2773 1450 2800 ἀπὸ
1470 2773 1547 2800 τοῦδε
1572 2774 1666 2809 χρόνον
1686 2774 1769 2808 ἑαυτῇ
1794 2782 1822 2799 τε
1841 2773 1886 2799 καὶ

1104 2820 1170 2845 πᾶσι
1185 2821 1241 2850 τοῖς
1256 2819 1314 2854 μετ’
1330 2819 1415 2854 αὐτὴν
1428 2820 1602 2854 Χριστιανοῐς
1621 2819 1761 2854 βασιλεῦσι
1778 2818 1821 2844 διὰ
1838 2817 1885 2851 τῆς

1103 2865 1242 2898 παρούσης
1255 2865 1452 2900 χρυσοϐοὑλλου
1464 2867 1574 2900 γραφῆς
1586 2865 1631 2891 τὸν
1640 2865 1694 2891 ἀπὺ
1710 2863 1776 2890 θεοῦ
1789 2863 1884 2896 δεσμὸν

1103 2912 1255 2947 ἐπιτίθησι,
1284 2913 1381 2947 μηκέτι
1408 2910 1541 2946 τολμῆσαι
1567 2910 1685 2944 ἆψισθαι
1714 2909 1811 2943 ἱερῶν,
1835 2907 1884 2934 κᾶν
