2032 3156
163 200 217 229 933

707 199 889 228 NOVELLAS
911 198 980 228 CON
986 198 1189 227 S'l‘l'l‘U'l‘lON
1194 198 1248 228 ES.

1731 205 1786 234 931-

164 259 206 288 λὲς
219 256 264 282 καὶ
280 255 329 289 τῆς
341 254 417 286 θείας
433 254 562 289 ἐχόμενον
581 253 702 289 ἐντολῆς,
718 256 775 285 τοῖς
792 254 820 280 δέ
837 263 868 288 γε
887 254 945 280 κατ¹

996 259 1109 287 ceptmn
1126 259 1168 280 est
1179 254 1200 280 si
1215 254 1296 281 iidem
1310 254 1459 282 virtutibus
1477 255 1596 291 insignes
1606 262 1688 290 sunt;
1703 258 1786 293 idque

163 303 261 338 ἀρετὴν
276 302 443 336 διαφέρουσι,
463 301 509 326 καὶ
535 300 603 330 ὅλως
622 300 665 326 διὰ
681 300 739 335 βέου
756 301 947 334 ἀνακειμένοις

164 349 230 383 Θεῷ,
249 347 338 382 πολλῴ
357 346 457 380 μᾶλλον
471 346 499 372 δὲ
516 346 651 380 θειότερον
675 345 721 372 καὶ
737 346 889 379 κρείττονος
905 345 948 371 λό-

164 404 209 429 γου
220 394 341 426 ἐπάξιον.
359 393 395 418 Τὸ
417 393 471 426 γὰρ
487 390 662 426 συναίρεσθαι
677 393 780 422 τούτοις
803 391 850 417 καὶ
868 392 948 426 χεῖρα

163 438 266 473 ὀρέγειν
282 436 419 470 βοηθείας,
434 437 462 461 ἐν
482 432 522 466 οἷς
541 435 595 470 ἄρα
615 435 661 461 καὶ
682 435 794 467 δέοιντο,
818 435 885 462 Θεοῦ
902 436 949 462 ἄν·

162 491 255 518 τικρυς
272 482 427 517 συνεργείᾳ,
453 482 523 508 κατὰ
538 481 584 507 τὸν
601 481 686 516 μέγαν
703 482 751 508 καὶ
776 481 848 508 θεῖον
867 482 948 508 Ἀπό-

163 529 264 560 στολον,
280 529 327 554 καὶ
351 528 400 562 τῆς
418 527 548 562 ἐναρέτου
575 527 714 559 πολιτείας
738 528 784 554 καὶ
807 527 947 562 διαγωγῆς

162 575 336 608 συντήρηαις.
367 573 416 600 Διά
439 581 480 599 τοι
503 572 584 599 τοῦτο
598 574 645 599 καὶ
660 574 676 607 ὴ
692 573 816 607 βασιλεία
831 582 882 608 μου
900 574 947 600 καὶ

161 621 226 646 πᾶσι
243 620 293 654 μὲν
308 619 363 650 τοῖς
380 618 471 650 ἀλλοις
490 619 596 645 δίκαιον
618 620 725 654 ἡγεῖται
752 618 946 653 συμπαθέστε-

161 675 206 701 ρον
235 665 422 691 ἑπικλίνεσθαι
452 664 563 695 καὶτὰς
589 665 638 691 τοῦ
652 664 746 696 ἐλέους
771 664 945 699 ὲποχετεὺειν

161 709 252 743 πηγὰς
271 702 402 743 δαψιλεῖς,
421 708 539 744 μάλιστα
559 709 588 736 δὲ
603 709 657 735 τῶν
670 710 799 736 ἁπάντων
817 708 857 740 οἷς
876 709 946 735 κατὰ

161 756 244 790 μονὰς
258 757 273 781 ό
293 755 350 790 βίος
366 755 426 782 ἐστὶ
446 755 494 782 καὶ
513 756 560 789 τῆς
576 756 713 790 κοσμικῆς
726 755 945 791 ἀποδιῃρημένος

160 803 312 837 περιφορᾶς
328 801 374 828 καὶ
399 801 567 835 συγχύσεως.
584 801 679 828 Ἔνθεν
694 809 735 827 τοι
751 802 798 827 καὶ
816 802 854 835 τῷ
867 802 945 828 εὐλα-

160 848 284 882 ϐεστάτῳ
301 847 412 882 μοναχῷ
440 846 630 882 Χριστοδούλῳ
656 847 704 873 καὶ
727 848 881 883 ἡσυχαστῇ,
907 847 946 882 τῷ

160 893 223 927 πρὶν
238 894 267 918 ἐν
281 892 320 927 τῷ
333 891 391 926 ὄρει
401 891 448 918 τοῦ
462 892 584 926 Λάτρους
600 892 633 918 τὰ
648 891 720 918 κατὰ
731 891 796 918 Θεὸν
817 892 946 926 ποιουμέ-

159 947 196 972 νῳ
209 938 349 972 διατριϐὰς
373 939 419 963 καὶ
436 938 482 963 τὸν
497 938 646 972 ἀσκητικὸν
661 937 799 964 διανύοντι
824 938 943 970 δίαυλον,

158 984 273 1018 ἡσυχίας
298 983 458 1017 τυγχάνοντι
467 983 590 1018 διαπύρῳ
601 985 703 1018 ἐραστῇ
720 984 767 1009 καὶ
780 983 860 1018 ἔργον
871 983 943 1010 τιθε-

159 1029 233 1063 μένῳ
245 1028 368 1062 διηνεκὲς
379 1029 408 1054 tv
419 1029 475 1059 τοῖς
491 1027 538 1054 τοῦ
549 1028 617 1054 Θεοῦ
630 1027 796 1062 δικαιώμασι
813 1029 883 1054 κατὰ
898 1036 944 1063 μο-

158 1074 206 1105 vi;
220 1074 386 1108 ἁδιλεσχείν,
403 1073 511 1107 αἴτησιν
534 1074 739 1109 προτειναμένῳ
759 1074 832 1108 μάλα
847 1074 943 1108 θεάρε-

157 1119 221 1145 om
235 1127 264 1145 τε
280 1119 328 1144 καὶ
343 1119 464 1152 εὐλογον,
480 1119 581 1153 ὑπέσχε
597 1119 647 1150 τὰς
663 1120 774 1154 ἀκοὰςή
791 1119 944 1154 γαληνότης

156 1163 236 1198 ἡμῶν
252 1163 402 1197 συμπαθῶς
420 1164 468 1190 καὶ
491 1163 541 1198 τὴν
557 1164 667 1198 αἴτησιν
693 1163 884 1199 ἐξεπλήρωπεν
898 1165 944 1190 εὑ-

155 1209 255 1243 χερῶς.
280 1209 357 1235 Ἐπεὶ
372 1210 426 1244 γὰρ
442 1211 456 1236 ὁ
481 1209 608 1244 θεοφιλὴς
624 1207 701 1241 οὗτος
718 1210 786 1245 ἀνὴρ
806 1210 840 1237 δι’
856 1211 945 1245 ἔρωτα

155 1255 272 1289 ἡσυχίας
291 1256 338 1280 aut
363 1255 446 1281 πόθον
465 1255 521 1290 βίου
551 1256 683 1290 ὲρημικοῦ
701 1256 873 1290 καταγώγιον
893 1258 944 1282 ἑπ-

156 1301 250 1335 εζήτει
265 1302 355 1336 εὑρεῖν
367 1301 405 1336 τῷ
425 1303 517 1337 οίκείῳ
536 1302 628 1337 τρόπῳ
642 1304 688 1329 καὶ
704 1303 754 1337 βίῳ
766 1303 941 1338 κατάλληλον,

153 1347 255 1379 διέγνω
268 1347 297 1372 δὲ
314 1347 362 1382 τὴν
378 1347 487 1381 ιιάτμον
502 1348 592 1382 νῆσον,
609 1348 695 1379 ἄλλως
711 1348 761 1382 μὲν
779 1347 860 1374 οὖσαν
876 1357 943 1383 τρα-

153 1392 232 1426 χεῖάν
249 1400 278 1417 τε
295 1394 341 1418 καὶ
368 1393 483 1428 λυπρὰν,
506 1393 614 1427 πίειραν
628 1393 656 1418 δὲ
679 1394 726 1419 καὶ
742 1394 809 1427 πρὸς
828 1393 943 1428 καρπῶν

154 1436 379 1470 ἐπιτηδειοτάτην
395 1438 589 1471 πνευματικῶν
611 1437 706 1472 φορὰν,
723 1438 749 1463 εἴ
767 1446 808 1468 τις
832 1439 860 1464 ἐν
875 1440 941 1473 αὐτῇ

154 1482 318 1508 καταϐαλεῖν
332 1482 418 1508 ἐθέλοι
429 1483 463 1508 τὰ
477 1483 587 1517 θεοφιλῆ
600 1483 654 1508 τῶν
666 1483 770 1518 ἀρετῶν
785 1484 941 1518 σπέρματα,

154 1528 202 1555 καὶ
230 1528 342 1563 ἀρετῆς,
368 1529 406 1560 ὡς
433 1529 531 1560 είπείν,
559 1529 734 1564 ὑπάρχουσαν
760 1530 942 1564 ἐργαστήριον

152 1575 282 1609 (πρώτως
291 1574 345 1608 γὰρ
358 1575 400 1600 διὰ
422 1575 453 1600 τὸ
476 1574 600 1608 καθάπερ
615 1575 675 1601 τινὰ
683 1575 787 1610 ,κλῆρον
801 1576 941 1610 εἰληφέναι
955 1583 978 1612 ο

149 1622 199 1651 τὰς
214 1621 250 1646 ἐν
265 1621 332 1655 αὐτῇ
355 1619 401 1646 τοῦ
421 1620 470 1654 τῆς
495 1619 609 1654 βροντῆς
623 1621 682 1647 υἱοῦ
705 1621 752 1647 καὶ
777 1621 815 1656 τῷ
833 1621 942 1656 Χριστῷ

149 1667 338 1701 διαφερόντως
360 1667 539 1700 ἠγαπημένοι)
568 1667 719 1701 διατριϐὰς,
743 1668 838 1694 ἔπειτα
852 1667 879 1694 δὲ
895 1668 942 1694 καὶ⁵

151 1712 196 1738 διὰ
209 1712 237 1738 τὸ
251 1712 301 1746 τῆς
313 1712 413 1742 θέσεως
430 1712 477 1737 τοῦ
491 1712 572 1738 τόπου
596 1713 728 1747 ὲρημικῆν
749 1713 795 1739 καὶ
816 1713 941 1747 μονώτα-

150 1766 208 1791 τον,
222 1758 272 1785 καὶ
287 1759 324 1793 μή
339 1765 413 1789 τινας
428 1757 498 1793 ἔχειν
511 1759 574 1788 τοὺς
590 1759 647 1784 ἐκεῖ
663 1758 887 1794 παραϐάλλοντας
896 1759 941 1786 διὰ

149 1803 181 1829 τὸ
194 1803 245 1837 τῆς
276 1803 392 1838 ἠπείρου
409 1803 572 1838 ἀπῳκῆσθαι
588 1803 720 1838 μακρὰν),
745 1803 881 1838 προσῆλθε
906 1805 940 1838 τῇ

150 1848 279 1884 βασιλείᾳ
298 1857 360 1884 μου,
385 1848 541 1883 ὲκλιπαρῶν
559 1848 629 1883 μάλα
656 1848 818 1883 περιπαθῶς
845 1849 942 1884 ουλλή⁹

150 1903 239 1931 πτορα
258 1895 361 1930 ταύτην
373 1895 500 1929 ὲφευρεῑν
514 1893 580 1928 πρδ;
599 1894 648 1929 τὴν
662 1893 707 1920 τοῦ
720 1894 821 1920 οἰκείου
838 1894 941 1928 ἐκπλή-

998 306 1013 325 a
1035 299 1152 331 fortiori,
1175 299 1198 326 si
1226 305 1307 326 totum
1322 300 1405 326 vitam
1422 301 1477 327 Deo
1490 308 1660 330 consecrant.
1683 304 1787 332 ldeirt-o

995 343 1133 378 ejusmodi
1183 345 1311 371 omnibus
1357 350 1454 379 praeter
1484 354 1564 380 quam
1602 349 1674 382 quod
1715 349 1786 377 licus

998 388 1158 421 auxiliatur,
1176 396 1226 416 nos
1251 397 1360 425 quoque
1384 399 1432 425 pro
1449 392 1556 419 viribus
1580 401 1784 428 succurramus,

998 434 1053 461 divi
1085 443 1220 462 memores
1250 436 1374 470 Apostoli
1402 437 1448 470 qui
1479 437 1545 464 dicit
1572 446 1620 472 per
1652 440 1785 474 ejusmodi

999 481 1226 515 operajustitiam
1240 489 1271 508 ac
1283 482 1371 515 legem
1384 483 1538 517 adimpleri.
1554 485 1660 512 Idcirco
1686 487 1785 521 majes-

998 530 1039 553 tas
1057 534 1117 553 mea
1129 527 1258 554 omnibus
1274 528 1386 562 quidem
1401 536 1430 556 se
1446 536 1551 564 :equam
1568 536 1706 565 praestare,
1725 540 1786 559 om-

997 579 1046 599 nes
1063 572 1145 599 etiam
1158 572 1302 601 beneﬁciis
1320 582 1380 608 qua:
1404 582 1419 602 e
1437 575 1520 602 corde
1534 581 1627 604 nostro
1638 578 1716 611 quasi
1730 579 1785 605 lar-

996 617 1089 652 gitatis
1116 618 1197 644 rivali
1228 619 1394 650 scaturiuut.
1439 620 1580 648 devincire
1617 623 1785 657 propositum

996 669 1105 696 semper
1121 663 1228 694 habuit,
1241 663 1291 690 sed
1307 671 1356 690 eos
1377 665 1528 699 praesertim
1544 665 1603 700 qui,
1619 667 1702 694 vitam
1726 675 1784 694 mo-

996 707 1129 734 nasticam
1153 713 1268 742 agentes
1283 708 1366 735 rebus
1382 709 1530 737 mundanis
1545 711 1784 739 abrenuntiarunt.

998 751 1072 778 Hauc
1085 751 1244 779 ob-causam
1257 760 1367 787 quoque
1384 753 1571 786 Christodulo,
1586 756 1720 783 monacho
1742 763 1785 783 at-

995 804 1049 831 que
1067 798 1190 825 eremita:
1205 798 1422 833 religiosissime,
1439 799 1486 834 qui
1506 800 1623 827 antehac
1639 801 1720 827 vitam
1735 803 1783 827 de-

998 848 1089 871 votam
1122 844 1229 879 piisque
1253 844 1395 871 exercitiis
1423 845 1529 879 plenam
1548 845 1574 872 ih
1601 851 1693 873 monte
1708 846 1781 874 Latri

998 888 1141 921 habuerat,
1163 890 1296 924 operibus
1324 890 1512 921 humanitatis,
1544 891 1600 918 Deo
1628 892 1784 927 instigante.

996 934 1214 965 uniceintentus,
1228 942 1321 961 aurem
1338 935 1504 969 praebuimus
1518 936 1637 970 facilem,
1650 944 1682 963 ea
1700 938 1786 972 siqui-

994 979 1056 1006 dem
1071 980 1232 1015 suppliciter
1253 981 1368 1015 petenti,
1393 988 1453 1015 quae
1475 989 1536 1008 cum
1548 983 1654 1009 ratione
1665 983 1785 1018 itemque

995 1026 1042 1052 Dei
1061 1026 1198 1054 voluntate
1221 1027 1289 1053 mire
1314 1032 1489 1061 congruunt;
1515 1028 1570 1055 into
1598 1033 1785 1063 pet-gratanter

994 1071 1154 1099 annuimus.
1171 1072 1240 1099 Cum
1270 1073 1344 1099 cniut
1374 1073 1416 1099 vir
1442 1081 1553 1100 sanctus
1579 1075 1679 1108 quietis
1694 1075 1785 1102 studio

995 1118 1114 1152 vitaeque
1131 1118 1260 1145 solitaria!
1276 1126 1371 1146 amore
1399 1119 1498 1146 ductus
1514 1120 1696 1147 diversorium
1723 1123 1786 1148 vita:

995 1163 1081 1197 ipsius
1104 1164 1280 1199 tuoribusque
1308 1167 1474 1192 conveniens
1486 1166 1637 1200 quaesisset,
1652 1167 1784 1194 insularu-

995 1217 1049 1243 que
1067 1209 1216 1244 delegisset
1228 1211 1351 1243 l’altnou,
1363 1218 1489 1246 asperam
1502 1212 1611 1247 quidem
1627 1217 1652 1239 et
1671 1214 1786 1240 luamus--

995 1261 1069 1284 nam,
1083 1255 1130 1280 sed
1144 1255 1271 1286 fertilem,
1286 1255 1308 1282 si
1333 1255 1439 1282 fructus
1454 1261 1562 1290 spectes
1574 1258 1741 1291 spirituales,
1759 1258 1783 1285 si

994 1299 1057 1333 quis
1075 1300 1179 1326 semina
1193 1300 1247 1326 Deo
1261 1305 1337 1334 grata
1359 1301 1508 1328 recondere
1521 1302 1584 1329 velit
1602 1302 1629 1328 in
1644 1303 1693 1329 hac
1705 1303 1783 1337 quasi

994 1345 1127 1371 virtutum
1145 1345 1250 1372 olliciua
1266 1346 1291 1379 (ιι
1309 1346 1447 1380 principio
1462 1347 1536 1373 cttitu
1564 1347 1704 1382 privilegii
1722 1356 1784 1382 par-

996 1391 1080 1424 ticeps
1095 1391 1178 1418 fuisse
1196 1391 1336 1424 cuiusdam
1351 1392 1469 1425 videtur,
1482 1393 1555 1427 quod
1575 1393 1612 1420 ibi
1628 1394 1699 1421 lilius
1714 1395 1784 1421 toni-

995 1441 1038 1462 tru
1050 1444 1064 1462 ιι
1076 1435 1187 1463 Christo
1205 1437 1393 1471 maximopere
1408 1437 1523 1464 dilectus
1538 1438 1699 1470 habitasset;
1719 1439 1783 1466 sita-

993 1488 1046 1516 que
1065 1481 1129 1508 dein
1142 1486 1185 1508 est
1200 1481 1237 1508 ita
1253 1486 1283 1508 ut
1296 1486 1408 1516 propter
1431 1483 1587 1509 distantiam
1601 1490 1616 1509 a
1633 1483 1782 1511 continenti

994 1534 1008 1552 a
1024 1526 1196 1561 paucissimis
1226 1527 1437 1561 frequentetur),
1460 1528 1574 1562 supplex
1593 1535 1637 1554 me
1665 1528 1732 1554 adiit
1754 1534 1784 1556 ut

994 1572 1020 1599 vi
1036 1572 1156 1599 mandati
1172 1580 1204 1599 ea
1220 1580 1281 1607 qua:
1297 1573 1325 1599 in
1358 1573 1446 1599 insula
1473 1573 1512 1600 Co
1540 1573 1691 1608 possideret
1718 1573 1781 1600 inde

994 1623 1208 1652 separarentur;
1226 1624 1255 1645 ut
1269 1618 1370 1645 dictam
1389 1619 1507 1646 insulam
1541 1624 1626 1646 totam
1638 1619 1702 1646 doni
1719 1620 1779 1646 ina-

994 1662 1132 1690 lienabilis
1147 1663 1226 1690 titulo
1243 1671 1277 1691 ac
1293 1664 1355 1699 jure
1375 1665 1521 1699 reciperet,
1546 1665 1655 1692 abolitis
1678 1665 1780 1691 ibidem

994 1711 1183 1745 cujuscunque
1216 1711 1324 1745 generis
1346 1711 1526 1745 vectigalibus
1549 1716 1576 1738 et
1592 1711 1714 1738 rescissis
1726 1711 1781 1738 dis-

994 1755 1168 1782 cussiouibus
1192 1756 1418 1790 quibuscunque;
1437 1757 1633 1783 monasterium
1656 1757 1693 1783 ibi
1714 1757 1782 1783 τιάὶ-

995 1800 1131 1828 fteandum
1141 1808 1211 1832 esse,
1227 1801 1339 1835 ejusque
1354 1801 1461 1828 sodales
1474 1806 1500 1828 ct
1515 1802 1639 1836 discipuli
1657 1803 1782 1829 asceticaa

995 1847 1022 1874 in
1060 1848 1114 1874 Deo
1144 1847 1206 1873 vine
1233 1854 1343 1881 operata
1377 1847 1474 1874 dantes
1505 1855 1554 1882 pro
1586 1847 1662 1882 regni
1695 1848 1780 1875 nostri

995 1894 1067 1921 bono
1084 1899 1180 1926 preces
1193 1892 1293 1927 jugiter
1308 1893 1430 1920 facturos
1439 1900 1510 1920 esse.

151 1953 235 1980 ρωσιν
247 1944 358 1978 ἐφετοῦ,
370 1945 413 1970 καὶ
428 1943 617 1977 ἐξαιτούμενος
631 1941 813 1976 ἀφορισθῆναι
830 1943 879 1976 μὲν
890 1943 938 1969 ἀπ’
956 1941 1081 1970 ἐντεῦθεν
1097 1940 1136 1975 τῷ
1155 1940 1276 1975 δημοσίῳ
1299 1941 1333 1966 τὰ
1347 1942 1376 1967 ὲν
1405 1943 1437 1977 τῇ
1453 1943 1527 1978 νήσῳ
1558 1941 1605 1977 Κῷ
1622 1941 1781 1976 ὀθενῢήποτσ
1804 1975 1809 1978 _

149 1993 224 2028 αὐτῷ
240 1992 449 2026 προσκτηθέντα
464 1991 514 2018 ὅσα
530 1991 577 2017 καὶ
601 1988 646 2016 οἷά
664 1990 729 2022 εἰσι,
743 1990 898 2017 ἀντιλαϐεῖν
914 1991 942 2017 δὲ
978 1991 1028 2026 τὴν
1052 1989 1201 2025 εἰρημένην
1229 1988 1339 2014 ἃπασαν
1373 1989 1453 2022 νῆσον
1479 1989 1564 2024 δῶρον
1589 1989 1779 2025 ἀναφαίρετον,

150 2042 197 2069 καὶ
223 2042 379 2074 ἐκκοπῆναι
407 2040 456 2074 μὲν
489 2039 525 2065 τὰ
549 2039 709 2072 ἐπικείμενα
730 2038 816 2074 ταύτῃ
837 2038 956 2073 δημόσια
986 2038 1051 2072 τέλη
1068 2038 1118 2064 ὅσα
1140 2037 1188 2063 καὶ
1214 2034 1259 2063 οἶά
1279 2037 1343 2068 εισι,
1362 2036 1505 2072 ἐλευθέραν
1529 2037 1556 2064 δὲ
1582 2039 1630 2074 τὴν
1655 2040 1781 2076 τοιαύτην

150 2089 231 2124 νῆσον
249 2087 406 2121 δωρηθῆναι
431 2085 505 2120 αὐτῷ
529 2087 575 2112 καὶ
603 2086 694 2120 πάσης
724 2085 939 2121 ἀπηλλαγμένην
957 2084 1121 2120 σεκρετικῆς
1156 2083 1345 2118 συζητήσεως,
1371 2085 1407 2116 ὼς
1424 2083 1459 2110 ἂν
1474 2086 1680 2121 φροντιστήριον
1711 2097 1736 2114 τι
1751 2089 1780 2114 ὲν

150 2137 218 2170 αὐτῇ
250 2133 398 2168 ἁνεγείροι,
422 2133 485 2164 τοὺς
510 2133 626 2163 οἰκείους
651 2141 681 2159 τε
715 2133 841 2168 μαθητὰς
860 2133 906 2160 ἐπὶ
927 2133 957 2159 τὸ
977 2133 1043 2160 αὐτὸ
1071 2131 1230 2166 συναγάγοι,
1249 2132 1296 2158 καὶ
1320 2132 1406 2164 οὕτως
1423 2133 1633 2168 ἀπερισπάστως
1649 2144 1779 2171 προσομι-

150 2182 209 2217 λοὲη
227 2181 289 2214 Θεῷ
303 2182 348 2206 καὶ
361 2180 410 2210 τὰς
424 2179 494 2213 ὑπὲρ
516 2179 563 2205 τοῦ
577 2179 693 2214 κράτους
712 2180 791 2214 ἡμῶν
807 2180 975 2215 θερμοτέρας
987 2180 1090 2205 ποιοῖτο
1105 2179 1197 2213 εὑχὰε.

188 2229 276 2256 Ὅθεν
295 2227 344 2262 τῆς
365 2226 462 2253 τούτου
492 2226 669 2254 ὲπακούσασα
696 2227 895 2263 παρακλήσεως
923 2228 939 2262 ἡ

151 2276 231 2309 ἡμῶν
244 2274 386 2301 θεοσέϐεια
400 2272 596 2308 διορίζεταιδιὰ
611 2272 656 2299 τοῦ
666 2274 798 2308 παρόντος
811 2273 940 2304 εὐσεϐοῦς

1030 2226 1131 2253 Audita
1148 2225 1228 2260 hujus
1239 2224 1288 2251 viri
1302 2225 1515 2260 supplicatione,
1534 2235 1583 2261 pro
1600 2227 1699 2262 pietate
1730 2237 1779 2255 no-

994 2271 1081 2297 stravi
1092 2270 1299 2305 auremhnjuscc
1313 2271 1392 2297 bullm
1402 2271 1618 2304 decernimusmt
1629 2274 1779 2300 secundum

152 2319 353 2356 χρυσοϐούλλου
365 2320 457 2354 λόγου,
476 2320 727 2354 προσαφορισθῆναι
742 2320 791 2354 μὲν
802 2320 840 2354 τῷ
854 2320 940 2354 δημο-

995 2317 1068 2351 quod
1096 2324 1179 2343 senex
1197 2316 1418 2351 religiosissimus
1435 2318 1546 2352 expetit,
1566 2326 1735 2353 quaecunque
1752 2321 1777 2346 in

154 2368 203 2400 σίῳ
222 2367 294 2392 κατὰ
310 2367 359 2401 τὴν
384 2366 492 2401 αἴτησιν
515 2366 561 2392 τοῦ
590 2365 789 2392 εὑλαϐεστάτου
815 2366 941 2400 γέροντος

151 2413 204 2437 ὅσα
224 2411 271 2435 καὶ
287 2408 329 2436 οἶα
346 2413 373 2436 ὲν
388 2413 421 2446 τῇ
435 2411 508 2445 νήσῳ
523 2410 570 2445 Κῷ
590 2410 751 2444 ὀθενδήποτε
770 2409 844 2443 αὑτῴ
861 2418 943 2443 προσ-

153 2455 461 2489 εκτήίιησαν,ζδωρεῖται
475 2456 503 2481 δὲ
518 2457 594 2491 αὐτῷ
609 2456 657 2490 τὴν
671 2455 837 2490 δηλωθεῖσαν
861 2455 942 2489 νῆσον

155 2501 229 2537 μετὰ
244 2499 333 2533 πάσης
349 2500 432 2534 αὐτῆς
454 2502 582 2536 περιοχῆς
597 2501 645 2528 καὶ
670 2501 886 2536 διακρατήσεως,
912 2501 941 2526 οὐ

153 2545 294 2581 καιρικῶς
307 2545 368 2571 οὐδὲ
383 2546 487 2579 χρόνοις
509 2547 680 2582 ἀριθμητοῖς,
697 2548 755 2574 ἀλλ’
769 2547 813 2573 ἐπ’
829 2547 943 2580 ἀναφαι-

154 2592 228 2627 ρέτῳ
245 2591 294 2616 καὶ
310 2590 425 2625 διηνεκεῖ
436 2590 578 2626 δεσποτεία
591 2592 638 2618 καὶ
649 2593 789 2628 κυριότητι
802 2592 850 2617 καὶ
864 2591 944 2626 ἄχρις

153 2639 188 2664 ἂν
203 2638 218 2663 ὁ
233 2635 332 2671 παρὼν
345 2635 468 2670 διαρκοίη
491 2634 569 2668 αἰὼν,
591 2636 768 2672 διορισαμένη
793 2637 944 2671 ἐκκοπῆναι

152 2693 183 2710 τε
209 2683 260 2709 καὶ
277 2682 434 2717 λογισθῆναι
461 2682 508 2708 καὶ
531 2682 564 2708 τὰ
578 2682 680 2717 ταύτης
707 2683 814 2710 ἅπαντα
828 2683 945 2718 δημόσια

153 2729 220 2762 τέλη
240 2730 288 2754 καὶ
312 2727 394 2762 βάρη.
421 2725 465 2754 οἶα
480 2727 527 2753 καὶ
550 2728 601 2754 ὅσα
617 2729 791 2762 τυγχάνουσι,
809 2730 857 2763 τῆς
879 2737 945 2763 προ-

154 2774 269 2808 γραφῆς
283 2773 328 2798 τοῦ
340 2772 470 2807 λογισμοῦ
488 2773 653 2807 γιγνομένης
667 2775 695 2798 ὲν
708 2775 764 2804 τοῖς
775 2776 943 2809 σεκρετικοῖς

156 2819 270 2854 χάρτοις
278 2819 321 2845 διὰ
329 2819 514 2853 κινναϐάρεως
523 2819 594 2853 χειρὶ
603 2818 649 2844 τοῦ
658 2820 882 2853 πρωτοπροέδρου
889 2820 897 2852 (
905 2820 911 2845 I
918 2819 945 2853 ‘2)

993 2362 1032 2389 Co
1045 2361 1132 2389 insula
1147 2362 1266 2396 possidet
1278 2363 1341 2389 lisco
1357 2364 1577 2398 incorport-ntur.
1593 2365 1668 2392 Dono
1679 2367 1778 2394 deinde

993 2408 1082 2435 eidem
1093 2409 1269 2435 concedimus
1281 2415 1457 2437 memoratam
1470 2411 1586 2437 insulam
1598 2413 1778 2447 qualisqnan-

996 2459 1076 2488 taque
1093 2458 1145 2483 est,
1159 2461 1213 2480 nou
1239 2454 1273 2480 ad
1292 2459 1398 2489 tempus
1417 2461 1463 2482 aut
1491 2456 1611 2488 interim,
1632 2457 1678 2484 sed
1694 2458 1719 2484 iu
1737 2458 1779 2485 di-

998 2499 1102 2525 tionem
1129 2503 1288 2533 perpetuam
1305 2503 1332 2526 et
1348 2500 1518 2527 dominatum
1534 2509 1582 2536 per
1598 2510 1678 2529 onme
1696 2510 1778 2530 saecu-

995 2544 1063 2575 lum,
1097 2545 1178 2579 idque
1208 2545 1334 2571 rescissis
1364 2546 1574 2580 quibuscuuque
1606 2547 1716 2573 tribtttis
1751 2552 1778 2574 et

993 2591 1206 2625 vectigalibusin
1220 2592 1354 2617 rationum
1364 2592 1563 2618 reddendarum
1577 2593 1777 2619 rcdditarutnve

995 2637 1095 2663 tabulis
1121 2637 1262 2671 inscriptis
1283 2642 1310 2664 ct
1344 2645 1426 2664 manu
1451 2638 1624 2666 Constantini
1655 2639 1778 2673 pncsidis

994 2686 1021 2708 et
1039 2681 1248 2716 Chmrospbacti
1264 2682 1362 2709 dotnus
1377 2687 1475 2710 nostrae
1492 2683 1632 2710 einuabari
1643 2683 1777 2718 sigillatis.

994 2728 1100 2755 Etenim
1130 2729 1255 2762 majestas
1290 2735 1348 2754 mea
1371 2733 1401 2760 ut
1430 2729 1594 2755 sacriﬁcium
1608 2729 1736 2756 eximium
1751 2733 1778 2755 et

994 2774 1104 2808 optimis
1119 2774 1391 2809 auspiciispcractum
1403 2775 1473 2801 illam
1482 2775 1597 2802 insulam
1608 2775 1662 2802 Deo
1675 2782 1778 2802 sacrant

995 2820 1109 2851 statuit;
1127 2828 1187 2854 qua:
1216 2820 1314 2847 deinde
1340 2828 1387 2855 per
1408 2821 1499 2848 omnia
1532 2826 1655 2855 tempora
1686 2825 1778 2848 nostra

196 2899 254 2931 (l2)
270 2900 347 2927 Ross.
364 2899 595 2932 πρωτοπαρέδρου
615 2898 712 2926 edidit.
723 2898 803 2925 Z.tctt.
822 2908 837 2926 Α
851 2899 995 2926 Ltscesm.
