  <div class='ocr_page' id='page_1' title='image "/cluster/home/n/w/nwhite01/storage/ocr_20150623/127/njp.32101077773040/581.png"; bbox 0 0 2032 3156; ppageno 0'>
   <div class='ocr_carea' id='block_1_1' title="bbox 214 194 269 226">
    <p class='ocr_par' dir='ltr' id='par_1_1' title="bbox 214 194 269 226">
     <span class='ocr_line' id='line_1_1' title="bbox 214 194 269 226; baseline 0 -1"><span class='ocrx_word' id='word_1_1' title='bbox 214 194 269 226; x_wconf 63' lang='grc' dir='ltr'><strong>ΜΣ]</strong></span> 
     </span>
    </p>
   </div>
   <div class='ocr_carea' id='block_1_2' title="bbox 856 189 1186 221">
    <p class='ocr_par' dir='ltr' id='par_1_2' title="bbox 856 189 1186 221">
     <span class='ocr_line' id='line_1_2' title="bbox 856 189 1186 221; baseline 0 -1"><span class='ocrx_word' id='word_1_2' title='bbox 856 190 988 221; x_wconf 75' lang='lat' dir='ltr'><strong>ALEXH</strong></span> <span class='ocrx_word' id='word_1_3' title='bbox 1013 189 1186 221; x_wconf 82' lang='lat' dir='ltr'><strong>COMNENI</strong></span> 
     </span>
    </p>
   </div>
   <div class='ocr_carea' id='block_1_3' title="bbox 1792 194 1848 224">
    <p class='ocr_par' dir='ltr' id='par_1_3' title="bbox 1792 194 1848 224">
     <span class='ocr_line' id='line_1_3' title="bbox 1792 194 1848 224; baseline 0 0"><span class='ocrx_word' id='word_1_4' title='bbox 1792 194 1848 224; x_wconf 69' lang='grc'><strong>944</strong></span> 
     </span>
    </p>
   </div>
   <div class='ocr_carea' id='block_1_4' title="bbox 212 248 998 286">
    <p class='ocr_par' dir='ltr' id='par_1_4' title="bbox 212 249 998 285">
     <span class='ocr_line' id='line_1_4' title="bbox 212 249 998 285; baseline -0.004 -6"><span class='ocrx_word' id='word_1_5' title='bbox 212 252 310 279; x_wconf 88' lang='lat' dir='ltr'><strong>lietum</strong></span> <span class='ocrx_word' id='word_1_6' title='bbox 330 251 357 278; x_wconf 93' lang='lat' dir='ltr'><strong>in</strong></span> <span class='ocrx_word' id='word_1_7' title='bbox 374 251 542 279; x_wconf 90' lang='lat' dir='ltr'><strong>monasterio</strong></span> <span class='ocrx_word' id='word_1_8' title='bbox 557 250 659 278; x_wconf 80' lang='lat' dir='ltr'><strong>factum</strong></span> <span class='ocrx_word' id='word_1_9' title='bbox 687 250 846 285; x_wconf 85' lang='lat' dir='ltr'><strong>pervenerit</strong></span> <span class='ocrx_word' id='word_1_10' title='bbox 863 250 920 278; x_wconf 80' lang='lat' dir='ltr'><strong>sive</strong></span> <span class='ocrx_word' id='word_1_11' title='bbox 934 249 998 278; x_wconf 87' lang='lat' dir='ltr'><strong>alio-</strong></span> 
     </span>
    </p>
   </div>
   <div class='ocr_carea' id='block_1_5' title="bbox 1052 248 1849 286">
    <p class='ocr_par' dir='ltr' id='par_1_5' title="bbox 1056 248 1849 286">
     <span class='ocr_line' id='line_1_5' title="bbox 1056 248 1849 286; baseline 0.004 -12"><span class='ocrx_word' id='word_1_12' title='bbox 1056 248 1121 285; x_wconf 81' lang='grc' dir='ltr'>εἲτῃ</span> <span class='ocrx_word' id='word_1_13' title='bbox 1136 248 1177 283; x_wconf 53' lang='grc' dir='ltr'><strong>τῇ</strong></span> <span class='ocrx_word' id='word_1_14' title='bbox 1191 248 1337 284; x_wconf 72' lang='grc' dir='ltr'><strong>ἁγιωτάτῳ</strong></span> <span class='ocrx_word' id='word_1_15' title='bbox 1352 257 1403 284; x_wconf 89' lang='grc' dir='ltr'><strong>μου</strong></span> <span class='ocrx_word' id='word_1_16' title='bbox 1416 248 1532 285; x_wconf 67' lang='grc' dir='ltr'>δεσπότῃ</span> <span class='ocrx_word' id='word_1_17' title='bbox 1547 249 1593 276; x_wconf 73' lang='grc' dir='ltr'>καὶ</span> <span class='ocrx_word' id='word_1_18' title='bbox 1607 249 1763 286; x_wconf 63' lang='grc' dir='ltr'>πατριάρχῃ</span> <span class='ocrx_word' id='word_1_19' title='bbox 1775 251 1849 284; x_wconf 62' lang='grc' dir='ltr'>τινος</span> 
     </span>
    </p>
   </div>
   <div class='ocr_carea' id='block_1_6' title="bbox 211 296 1000 333">
    <p class='ocr_par' dir='ltr' id='par_1_6' title="bbox 211 296 1000 333">
     <span class='ocr_line' id='line_1_6' title="bbox 211 296 1000 333; baseline -0.001 -8"><span class='ocrx_word' id='word_1_20' title='bbox 211 298 258 333; x_wconf 89' lang='lat' dir='ltr'><strong>qui</strong></span> <span class='ocrx_word' id='word_1_21' title='bbox 274 306 307 326; x_wconf 76' lang='lat' dir='ltr'><strong>ex</strong></span> <span class='ocrx_word' id='word_1_22' title='bbox 321 298 391 324; x_wconf 72' lang='lat' dir='ltr'><strong>lanna</strong></span> <span class='ocrx_word' id='word_1_23' title='bbox 405 297 574 332; x_wconf 80' lang='lat' dir='ltr'><strong>aliquorum,</strong></span> <span class='ocrx_word' id='word_1_24' title='bbox 589 296 633 323; x_wconf 84' lang='lat' dir='ltr'><strong>vel</strong></span> <span class='ocrx_word' id='word_1_25' title='bbox 646 296 730 323; x_wconf 84' lang='lat' dir='ltr'><strong>etiam</strong></span> <span class='ocrx_word' id='word_1_26' title='bbox 746 304 831 323; x_wconf 89' lang='lat' dir='ltr'><strong>unutn</strong></span> <span class='ocrx_word' id='word_1_27' title='bbox 850 296 1000 330; x_wconf 86' lang='lat' dir='ltr'><strong>audiverit,</strong></span> 
     </span>
    </p>
   </div>
   <div class='ocr_carea' id='block_1_7' title="bbox 213 341 998 377">
    <p class='ocr_par' dir='ltr' id='par_1_7' title="bbox 213 341 998 377">
     <span class='ocr_line' id='line_1_7' title="bbox 213 341 998 377; baseline -0.001 -6"><span class='ocrx_word' id='word_1_28' title='bbox 213 349 289 377; x_wconf 88' lang='lat' dir='ltr'><strong>tunc,</strong></span> <span class='ocrx_word' id='word_1_29' title='bbox 306 349 336 371; x_wconf 90' lang='lat' dir='ltr'><strong>ut</strong></span> <span class='ocrx_word' id='word_1_30' title='bbox 350 343 454 371; x_wconf 78' lang='lat' dir='ltr'><strong>dictant</strong></span> <span class='ocrx_word' id='word_1_31' title='bbox 471 347 526 375; x_wconf 90' lang='lat' dir='ltr'><strong>est,</strong></span> <span class='ocrx_word' id='word_1_32' title='bbox 539 341 723 377; x_wconf 78' lang='lat' dir='ltr'><strong>ingredietur,</strong></span> <span class='ocrx_word' id='word_1_33' title='bbox 735 347 763 369; x_wconf 91' lang='lat' dir='ltr'><strong>et</strong></span> <span class='ocrx_word' id='word_1_34' title='bbox 776 343 998 376; x_wconf 88' lang='lat' dir='ltr'><strong>perscrutabitur</strong></span> 
     </span>
    </p>
   </div>
   <div class='ocr_carea' id='block_1_8' title="bbox 210 388 1001 423">
    <p class='ocr_par' dir='ltr' id='par_1_8' title="bbox 210 388 1001 423">
     <span class='ocr_line' id='line_1_8' title="bbox 210 388 1001 423; baseline -0.004 -5"><span class='ocrx_word' id='word_1_35' title='bbox 210 391 309 418; x_wconf 84' lang='lat' dir='ltr'><strong>delicta</strong></span> <span class='ocrx_word' id='word_1_36' title='bbox 327 390 435 420; x_wconf 62' lang='lat' dir='ltr'><strong>animae,</strong></span> <span class='ocrx_word' id='word_1_37' title='bbox 450 389 558 416; x_wconf 87' lang='lat' dir='ltr'><strong>etiamsi</strong></span> <span class='ocrx_word' id='word_1_38' title='bbox 571 388 594 416; x_wconf 87' lang='lat' dir='ltr'><strong>is</strong></span> <span class='ocrx_word' id='word_1_39' title='bbox 604 389 650 423; x_wconf 92' lang='lat' dir='ltr'><strong>qui</strong></span> <span class='ocrx_word' id='word_1_40' title='bbox 666 388 734 415; x_wconf 79' lang='lat' dir='ltr'><strong>dixit</strong></span> <span class='ocrx_word' id='word_1_41' title='bbox 747 389 813 416; x_wconf 90' lang='lat' dir='ltr'><strong>nolit</strong></span> <span class='ocrx_word' id='word_1_42' title='bbox 827 389 921 416; x_wconf 89' lang='lat' dir='ltr'><strong>subire</strong></span> <span class='ocrx_word' id='word_1_43' title='bbox 936 397 1001 423; x_wconf 89' lang='lat' dir='ltr'><strong>pro-</strong></span> 
     </span>
    </p>
   </div>
   <div class='ocr_carea' id='block_1_9' title="bbox 211 433 1001 471">
    <p class='ocr_par' dir='ltr' id='par_1_9' title="bbox 211 433 1001 471">
     <span class='ocr_line' id='line_1_9' title="bbox 211 433 1001 471; baseline -0.001 -8"><span class='ocrx_word' id='word_1_44' title='bbox 211 436 292 463; x_wconf 89' lang='lat' dir='ltr'><strong>bandi</strong></span> <span class='ocrx_word' id='word_1_45' title='bbox 309 436 472 471; x_wconf 86' lang='lat' dir='ltr'><strong>periculum.</strong></span> <span class='ocrx_word' id='word_1_46' title='bbox 490 435 577 461; x_wconf 82' lang='lat' dir='ltr'><strong>Homo</strong></span> <span class='ocrx_word' id='word_1_47' title='bbox 592 434 666 462; x_wconf 85' lang='lat' dir='ltr'><strong>enim</strong></span> <span class='ocrx_word' id='word_1_48' title='bbox 680 433 868 466; x_wconf 81' lang='lat' dir='ltr'><strong>Christianus,</strong></span> <span class='ocrx_word' id='word_1_49' title='bbox 890 434 1001 469; x_wconf 84' lang='lat' dir='ltr'><strong>quando</strong></span> 
     </span>
    </p>
   </div>
   <div class='ocr_carea' id='block_1_10' title="bbox 210 480 1002 517">
    <p class='ocr_par' dir='ltr' id='par_1_10' title="bbox 210 480 1002 517">
     <span class='ocr_line' id='line_1_10' title="bbox 210 480 1002 517; baseline -0.004 -7"><span class='ocrx_word' id='word_1_50' title='bbox 210 483 314 517; x_wconf 84' lang='lat' dir='ltr'><strong>aliquid</strong></span> <span class='ocrx_word' id='word_1_51' title='bbox 342 482 442 509; x_wconf 75' lang='lat' dir='ltr'><strong>factum</strong></span> <span class='ocrx_word' id='word_1_52' title='bbox 471 481 620 514; x_wconf 74' lang='lat' dir='ltr'><strong>audiverit,</strong></span> <span class='ocrx_word' id='word_1_53' title='bbox 643 480 725 507; x_wconf 87' lang='lat' dir='ltr'><strong>debet</strong></span> <span class='ocrx_word' id='word_1_54' title='bbox 745 480 797 507; x_wconf 91' lang='lat' dir='ltr'><strong>hoc</strong></span> <span class='ocrx_word' id='word_1_55' title='bbox 812 480 905 508; x_wconf 84' lang='lat' dir='ltr'><strong>dicere</strong></span> <span class='ocrx_word' id='word_1_56' title='bbox 924 488 1002 508; x_wconf 72' lang='lat' dir='ltr'><strong>com-</strong></span> 
     </span>
    </p>
   </div>
   <div class='ocr_carea' id='block_1_11' title="bbox 211 523 1002 563">
    <p class='ocr_par' dir='ltr' id='par_1_11' title="bbox 211 523 1002 563">
     <span class='ocr_line' id='line_1_11' title="bbox 211 523 1002 563; baseline -0.001 -8"><span class='ocrx_word' id='word_1_57' title='bbox 211 528 288 555; x_wconf 90' lang='lat' dir='ltr'><strong>muni</strong></span> <span class='ocrx_word' id='word_1_58' title='bbox 302 528 372 563; x_wconf 87' lang='lat' dir='ltr'><strong>patri</strong></span> <span class='ocrx_word' id='word_1_59' title='bbox 387 532 414 555; x_wconf 90' lang='lat' dir='ltr'><strong>et</strong></span> <span class='ocrx_word' id='word_1_60' title='bbox 427 523 558 554; x_wconf 81' lang='lat' dir='ltr'><strong>antistiti.</strong></span> <span class='ocrx_word' id='word_1_61' title='bbox 571 527 701 554; x_wconf 81' lang='lat' dir='ltr'><strong>Fortasse</strong></span> <span class='ocrx_word' id='word_1_62' title='bbox 714 526 789 553; x_wconf 89' lang='lat' dir='ltr'><strong>enim</strong></span> <span class='ocrx_word' id='word_1_63' title='bbox 808 534 863 553; x_wconf 90' lang='lat' dir='ltr'><strong>non</strong></span> <span class='ocrx_word' id='word_1_64' title='bbox 877 526 936 553; x_wconf 83' lang='lat' dir='ltr'><strong>vult</strong></span> <span class='ocrx_word' id='word_1_65' title='bbox 950 527 1002 554; x_wconf 95' lang='lat' dir='ltr'><strong>hoc</strong></span> 
     </span>
    </p>
   </div>
   <div class='ocr_carea' id='block_1_12' title="bbox 211 573 1002 608">
    <p class='ocr_par' dir='ltr' id='par_1_12' title="bbox 211 573 1002 608">
     <span class='ocr_line' id='line_1_12' title="bbox 211 573 1002 608; baseline -0.003 -6"><span class='ocrx_word' id='word_1_66' title='bbox 211 575 304 602; x_wconf 90' lang='lat' dir='ltr'><strong>subire</strong></span> <span class='ocrx_word' id='word_1_67' title='bbox 320 574 485 608; x_wconf 87' lang='lat' dir='ltr'><strong>periculum,</strong></span> <span class='ocrx_word' id='word_1_68' title='bbox 502 577 530 600; x_wconf 92' lang='lat' dir='ltr'><strong>ct</strong></span> <span class='ocrx_word' id='word_1_69' title='bbox 544 577 656 608; x_wconf 76' lang='lat' dir='ltr'><strong>propter</strong></span> <span class='ocrx_word' id='word_1_70' title='bbox 676 573 811 607; x_wconf 87' lang='lat' dir='ltr'><strong>ejusmodi</strong></span> <span class='ocrx_word' id='word_1_71' title='bbox 824 581 934 600; x_wconf 80' lang='lat' dir='ltr'><strong>causam</strong></span> <span class='ocrx_word' id='word_1_72' title='bbox 952 573 1002 600; x_wconf 87' lang='lat' dir='ltr'><strong>de-</strong></span> 
     </span>
    </p>
   </div>
   <div class='ocr_carea' id='block_1_13' title="bbox 210 618 1000 654">
    <p class='ocr_par' dir='ltr' id='par_1_13' title="bbox 210 618 1000 654">
     <span class='ocr_line' id='line_1_13' title="bbox 210 618 1000 654; baseline -0.003 -7"><span class='ocrx_word' id='word_1_73' title='bbox 210 621 274 648; x_wconf 87' lang='lat' dir='ltr'><strong>licta</strong></span> <span class='ocrx_word' id='word_1_74' title='bbox 287 621 386 647; x_wconf 65' lang='lat' dir='ltr'><strong>anima:</strong></span> <span class='ocrx_word' id='word_1_75' title='bbox 402 619 578 646; x_wconf 79' lang='lat' dir='ltr'><strong>inobservata</strong></span> <span class='ocrx_word' id='word_1_76' title='bbox 592 623 620 645; x_wconf 91' lang='lat' dir='ltr'><strong>et</strong></span> <span class='ocrx_word' id='word_1_77' title='bbox 644 618 800 646; x_wconf 85' lang='lat' dir='ltr'><strong>ineorrccta</strong></span> <span class='ocrx_word' id='word_1_78' title='bbox 829 619 1000 654; x_wconf 84' lang='lat' dir='ltr'><strong>relinquere,</strong></span> 
     </span>
    </p>
   </div>
   <div class='ocr_carea' id='block_1_14' title="bbox 209 665 1002 701">
    <p class='ocr_par' dir='ltr' id='par_1_14' title="bbox 209 665 1002 701">
     <span class='ocr_line' id='line_1_14' title="bbox 209 665 1002 701; baseline -0.001 -7"><span class='ocrx_word' id='word_1_79' title='bbox 209 671 251 694; x_wconf 86' lang='lat' dir='ltr'><strong>est</strong></span> <span class='ocrx_word' id='word_1_80' title='bbox 265 667 318 694; x_wconf 88' lang='lat' dir='ltr'><strong>hoc</strong></span> <span class='ocrx_word' id='word_1_81' title='bbox 332 666 413 693; x_wconf 80' lang='lat' dir='ltr'><strong>valde</strong></span> <span class='ocrx_word' id='word_1_82' title='bbox 431 665 594 697; x_wconf 85' lang='lat' dir='ltr'><strong>absurdum,</strong></span> <span class='ocrx_word' id='word_1_83' title='bbox 612 665 687 692; x_wconf 88' lang='lat' dir='ltr'><strong>nullo</strong></span> <span class='ocrx_word' id='word_1_84' title='bbox 713 673 882 700; x_wconf 90' lang='lat' dir='ltr'><strong>quocunque</strong></span> <span class='ocrx_word' id='word_1_85' title='bbox 897 666 1002 701; x_wconf 87' lang='lat' dir='ltr'><strong>scripto</strong></span> 
     </span>
    </p>
   </div>
   <div class='ocr_carea' id='block_1_15' title="bbox 211 711 1002 748">
    <p class='ocr_par' dir='ltr' id='par_1_15' title="bbox 211 711 1002 748">
     <span class='ocr_line' id='line_1_15' title="bbox 211 711 1002 748; baseline -0.003 -8"><span class='ocrx_word' id='word_1_86' title='bbox 211 713 392 748; x_wconf 83' lang='lat' dir='ltr'><strong>imperatorio</strong></span> <span class='ocrx_word' id='word_1_87' title='bbox 408 712 449 739; x_wconf 85' lang='lat' dir='ltr'><strong>vel</strong></span> <span class='ocrx_word' id='word_1_88' title='bbox 474 711 653 746; x_wconf 85' lang='lat' dir='ltr'><strong>patriarchali</strong></span> <span class='ocrx_word' id='word_1_89' title='bbox 676 711 728 738; x_wconf 90' lang='lat' dir='ltr'><strong>hoc</strong></span> <span class='ocrx_word' id='word_1_90' title='bbox 752 711 927 746; x_wconf 85' lang='lat' dir='ltr'><strong>prohibente.</strong></span> <span class='ocrx_word' id='word_1_91' title='bbox 949 711 1002 738; x_wconf 81' lang='lat' dir='ltr'><strong>Sed</strong></span> 
     </span>
    </p>
   </div>
   <div class='ocr_carea' id='block_1_16' title="bbox 211 757 1003 792">
    <p class='ocr_par' dir='ltr' id='par_1_16' title="bbox 211 757 1003 792">
     <span class='ocr_line' id='line_1_16' title="bbox 211 757 1003 792; baseline 0 -7"><span class='ocrx_word' id='word_1_92' title='bbox 211 757 378 785; x_wconf 81' lang='lat' dir='ltr'><strong>monasteria</strong></span> <span class='ocrx_word' id='word_1_93' title='bbox 406 757 520 792; x_wconf 83' lang='lat' dir='ltr'><strong>quidem</strong></span> <span class='ocrx_word' id='word_1_94' title='bbox 554 757 654 784; x_wconf 89' lang='lat' dir='ltr'><strong>debent</strong></span> <span class='ocrx_word' id='word_1_95' title='bbox 671 757 786 788; x_wconf 84' lang='lat' dir='ltr'><strong>illibata,</strong></span> <span class='ocrx_word' id='word_1_96' title='bbox 815 757 942 784; x_wconf 90' lang='lat' dir='ltr'><strong>nimirum</strong></span> <span class='ocrx_word' id='word_1_97' title='bbox 972 761 1003 785; x_wconf 92' lang='lat' dir='ltr'><strong>ut</strong></span> 
     </span>
    </p>
   </div>
   <div class='ocr_carea' id='block_1_17' title="bbox 210 802 1001 838">
    <p class='ocr_par' dir='ltr' id='par_1_17' title="bbox 210 802 1001 838">
     <span class='ocr_line' id='line_1_17' title="bbox 210 802 1001 838; baseline -0.003 -6"><span class='ocrx_word' id='word_1_98' title='bbox 210 812 301 832; x_wconf 84' lang='lat' dir='ltr'><strong>novus</strong></span> <span class='ocrx_word' id='word_1_99' title='bbox 320 811 380 831; x_wconf 88' lang='lat' dir='ltr'><strong>mos</strong></span> <span class='ocrx_word' id='word_1_100' title='bbox 407 811 462 830; x_wconf 87' lang='lat' dir='ltr'><strong>non</strong></span> <span class='ocrx_word' id='word_1_101' title='bbox 481 803 687 835; x_wconf 85' lang='lat' dir='ltr'><strong>introdueatur,</strong></span> <span class='ocrx_word' id='word_1_102' title='bbox 705 802 861 830; x_wconf 85' lang='lat' dir='ltr'><strong>conservari</strong></span> <span class='ocrx_word' id='word_1_103' title='bbox 890 803 916 829; x_wconf 91' lang='lat' dir='ltr'><strong>in</strong></span> <span class='ocrx_word' id='word_1_104' title='bbox 940 811 1001 838; x_wconf 89' lang='lat' dir='ltr'><strong>per-</strong></span> 
     </span>
    </p>
   </div>
   <div class='ocr_carea' id='block_1_18' title="bbox 211 849 1002 884">
    <p class='ocr_par' dir='ltr' id='par_1_18' title="bbox 211 849 1002 884">
     <span class='ocr_line' id='line_1_18' title="bbox 211 849 1002 884; baseline -0.001 -6"><span class='ocrx_word' id='word_1_105' title='bbox 211 850 427 879; x_wconf 86' lang='lat' dir='ltr'><strong>scrutationibus</strong></span> <span class='ocrx_word' id='word_1_106' title='bbox 452 857 560 882; x_wconf 90' lang='lat' dir='ltr'><strong>eorum,</strong></span> <span class='ocrx_word' id='word_1_107' title='bbox 581 849 629 884; x_wconf 87' lang='lat' dir='ltr'><strong>qui</strong></span> <span class='ocrx_word' id='word_1_108' title='bbox 660 849 914 881; x_wconf 88' lang='lat' dir='ltr'><strong>mittuntur,nullo</strong></span> <span class='ocrx_word' id='word_1_109' title='bbox 938 849 1002 877; x_wconf 89' lang='lat' dir='ltr'><strong>inde</strong></span> 
     </span>
    </p>
   </div>
   <div class='ocr_carea' id='block_1_19' title="bbox 212 895 1004 932">
    <p class='ocr_par' dir='ltr' id='par_1_19' title="bbox 212 895 1004 932">
     <span class='ocr_line' id='line_1_19' title="bbox 212 895 1004 932; baseline -0.003 -8"><span class='ocrx_word' id='word_1_110' title='bbox 212 901 325 932; x_wconf 82' lang='lat' dir='ltr'><strong>sumptu</strong></span> <span class='ocrx_word' id='word_1_111' title='bbox 350 895 425 924; x_wconf 89' lang='lat' dir='ltr'><strong>dato.</strong></span> <span class='ocrx_word' id='word_1_112' title='bbox 448 895 526 923; x_wconf 91' lang='lat' dir='ltr'><strong>Tunc</strong></span> <span class='ocrx_word' id='word_1_113' title='bbox 551 896 624 923; x_wconf 88' lang='lat' dir='ltr'><strong>enim</strong></span> <span class='ocrx_word' id='word_1_114' title='bbox 641 895 740 922; x_wconf 74' lang='lat' dir='ltr'><strong>animm</strong></span> <span class='ocrx_word' id='word_1_115' title='bbox 761 895 924 923; x_wconf 86' lang='lat' dir='ltr'><strong>delictorum</strong></span> <span class='ocrx_word' id='word_1_116' title='bbox 943 903 1004 923; x_wconf 88' lang='lat' dir='ltr'><strong>cor-</strong></span> 
     </span>
    </p>
   </div>
   <div class='ocr_carea' id='block_1_20' title="bbox 211 940 1002 974">
    <p class='ocr_par' dir='ltr' id='par_1_20' title="bbox 211 940 1002 974">
     <span class='ocr_line' id='line_1_20' title="bbox 211 940 1002 974; baseline -0.003 -4"><span class='ocrx_word' id='word_1_117' title='bbox 211 942 298 970; x_wconf 87' lang='lat' dir='ltr'><strong>rectio</strong></span> <span class='ocrx_word' id='word_1_118' title='bbox 307 941 396 974; x_wconf 81' lang='lat' dir='ltr'><strong>facile,</strong></span> <span class='ocrx_word' id='word_1_119' title='bbox 406 941 429 968; x_wconf 95' lang='lat' dir='ltr'><strong>si</strong></span> <span class='ocrx_word' id='word_1_120' title='bbox 441 941 514 968; x_wconf 88' lang='lat' dir='ltr'><strong>Deus</strong></span> <span class='ocrx_word' id='word_1_121' title='bbox 525 941 609 973; x_wconf 86' lang='lat' dir='ltr'><strong>volet,</strong></span> <span class='ocrx_word' id='word_1_122' title='bbox 618 940 673 968; x_wconf 82' lang='lat' dir='ltr'><strong>lict.</strong></span> <span class='ocrx_word' id='word_1_123' title='bbox 683 940 713 968; x_wconf 92' lang='lat' dir='ltr'><strong>ln</strong></span> <span class='ocrx_word' id='word_1_124' title='bbox 724 940 898 968; x_wconf 80' lang='lat' dir='ltr'><strong>monasteriis</strong></span> <span class='ocrx_word' id='word_1_125' title='bbox 910 946 1002 968; x_wconf 89' lang='lat' dir='ltr'><strong>autem</strong></span> 
     </span>
    </p>
   </div>
   <div class='ocr_carea' id='block_1_21' title="bbox 212 985 1002 1023">
    <p class='ocr_par' dir='ltr' id='par_1_21' title="bbox 212 985 1002 1023">
     <span class='ocr_line' id='line_1_21' title="bbox 212 985 1002 1023; baseline -0.003 -8"><span class='ocrx_word' id='word_1_126' title='bbox 212 996 261 1023; x_wconf 88' lang='lat' dir='ltr'><strong>per</strong></span> <span class='ocrx_word' id='word_1_127' title='bbox 276 987 441 1015; x_wconf 90' lang='lat' dir='ltr'><strong>locationem</strong></span> <span class='ocrx_word' id='word_1_128' title='bbox 464 986 614 1019; x_wconf 81' lang='lat' dir='ltr'><strong>concessis,</strong></span> <span class='ocrx_word' id='word_1_129' title='bbox 631 990 660 1013; x_wconf 87' lang='lat' dir='ltr'><strong>et</strong></span> <span class='ocrx_word' id='word_1_130' title='bbox 675 986 854 1020; x_wconf 87' lang='lat' dir='ltr'><strong>iuspeetionis</strong></span> <span class='ocrx_word' id='word_1_131' title='bbox 879 985 1002 1021; x_wconf 82' lang='lat' dir='ltr'><strong>nomine,</strong></span> 
     </span>
    </p>
   </div>
   <div class='ocr_carea' id='block_1_22' title="bbox 210 1031 1002 1065">
    <p class='ocr_par' dir='ltr' id='par_1_22' title="bbox 210 1031 1002 1065">
     <span class='ocr_line' id='line_1_22' title="bbox 210 1031 1002 1065; baseline -0.004 -3"><span class='ocrx_word' id='word_1_132' title='bbox 210 1034 252 1063; x_wconf 83' lang='lat' dir='ltr'><strong>vel</strong></span> <span class='ocrx_word' id='word_1_133' title='bbox 277 1033 535 1065; x_wconf 80' lang='lat' dir='ltr'><strong>administrationis,</strong></span> <span class='ocrx_word' id='word_1_134' title='bbox 561 1033 603 1060; x_wconf 83' lang='lat' dir='ltr'><strong>vel</strong></span> <span class='ocrx_word' id='word_1_135' title='bbox 627 1033 655 1060; x_wconf 91' lang='lat' dir='ltr'><strong>in</strong></span> <span class='ocrx_word' id='word_1_136' title='bbox 684 1033 796 1059; x_wconf 89' lang='lat' dir='ltr'><strong>omnino</strong></span> <span class='ocrx_word' id='word_1_137' title='bbox 818 1031 925 1064; x_wconf 89' lang='lat' dir='ltr'><strong>liberis,</strong></span> <span class='ocrx_word' id='word_1_138' title='bbox 946 1040 1002 1059; x_wconf 90' lang='lat' dir='ltr'><strong>non</strong></span> 
     </span>
    </p>
   </div>
   <div class='ocr_carea' id='block_1_23' title="bbox 211 1078 1004 1113">
    <p class='ocr_par' dir='ltr' id='par_1_23' title="bbox 211 1078 1004 1113">
     <span class='ocr_line' id='line_1_23' title="bbox 211 1078 1004 1113; baseline -0.005 -4"><span class='ocrx_word' id='word_1_139' title='bbox 211 1081 299 1109; x_wconf 83' lang='lat' dir='ltr'><strong>solum</strong></span> <span class='ocrx_word' id='word_1_140' title='bbox 325 1080 376 1107; x_wconf 90' lang='lat' dir='ltr'><strong>alia</strong></span> <span class='ocrx_word' id='word_1_141' title='bbox 389 1080 487 1107; x_wconf 80' lang='lat' dir='ltr'><strong>animae</strong></span> <span class='ocrx_word' id='word_1_142' title='bbox 504 1079 603 1106; x_wconf 88' lang='lat' dir='ltr'><strong>delicta</strong></span> <span class='ocrx_word' id='word_1_143' title='bbox 630 1078 761 1113; x_wconf 88' lang='lat' dir='ltr'><strong>inquirct,</strong></span> <span class='ocrx_word' id='word_1_144' title='bbox 787 1078 835 1106; x_wconf 88' lang='lat' dir='ltr'><strong>sed</strong></span> <span class='ocrx_word' id='word_1_145' title='bbox 853 1078 938 1105; x_wconf 88' lang='lat' dir='ltr'><strong>etiam</strong></span> <span class='ocrx_word' id='word_1_146' title='bbox 970 1086 1004 1105; x_wconf 89' lang='lat' dir='ltr'><strong>an</strong></span> 
     </span>
    </p>
   </div>
   <div class='ocr_carea' id='block_1_24' title="bbox 210 1124 1003 1161">
    <p class='ocr_par' dir='ltr' id='par_1_24' title="bbox 210 1124 1003 1161">
     <span class='ocr_line' id='line_1_24' title="bbox 210 1124 1003 1161; baseline -0.005 -5"><span class='ocrx_word' id='word_1_147' title='bbox 210 1129 349 1156; x_wconf 89' lang='lat' dir='ltr'><strong>destructa</strong></span> <span class='ocrx_word' id='word_1_148' title='bbox 360 1128 425 1161; x_wconf 85' lang='lat' dir='ltr'><strong>sint,</strong></span> <span class='ocrx_word' id='word_1_149' title='bbox 441 1127 484 1155; x_wconf 91' lang='lat' dir='ltr'><strong>vel</strong></span> <span class='ocrx_word' id='word_1_150' title='bbox 495 1127 684 1159; x_wconf 85' lang='lat' dir='ltr'><strong>destruantur,</strong></span> <span class='ocrx_word' id='word_1_151' title='bbox 699 1133 732 1153; x_wconf 85' lang='lat' dir='ltr'><strong>ex</strong></span> <span class='ocrx_word' id='word_1_152' title='bbox 746 1130 834 1161; x_wconf 87' lang='lat' dir='ltr'><strong>parte,</strong></span> <span class='ocrx_word' id='word_1_153' title='bbox 848 1125 891 1153; x_wconf 89' lang='lat' dir='ltr'><strong>vel</strong></span> <span class='ocrx_word' id='word_1_154' title='bbox 903 1125 929 1152; x_wconf 91' lang='lat' dir='ltr'><strong>in</strong></span> <span class='ocrx_word' id='word_1_155' title='bbox 941 1124 1003 1152; x_wconf 89' lang='lat' dir='ltr'><strong>uni-</strong></span> 
     </span>
    </p>
   </div>
   <div class='ocr_carea' id='block_1_25' title="bbox 209 1170 1004 1208">
    <p class='ocr_par' dir='ltr' id='par_1_25' title="bbox 209 1170 1004 1208">
     <span class='ocr_line' id='line_1_25' title="bbox 209 1170 1004 1208; baseline -0.003 -8"><span class='ocrx_word' id='word_1_156' title='bbox 209 1174 373 1205; x_wconf 80' lang='lat' dir='ltr'><strong>versum,ab</strong></span> <span class='ocrx_word' id='word_1_157' title='bbox 391 1173 423 1201; x_wconf 94' lang='lat' dir='ltr'><strong>iis</strong></span> <span class='ocrx_word' id='word_1_158' title='bbox 443 1173 490 1208; x_wconf 92' lang='lat' dir='ltr'><strong>qui</strong></span> <span class='ocrx_word' id='word_1_159' title='bbox 505 1180 536 1200; x_wconf 89' lang='lat' dir='ltr'><strong>ea</strong></span> <span class='ocrx_word' id='word_1_160' title='bbox 552 1180 694 1207; x_wconf 86' lang='lat' dir='ltr'><strong>accepere.</strong></span> <span class='ocrx_word' id='word_1_161' title='bbox 707 1172 773 1200; x_wconf 89' lang='lat' dir='ltr'><strong>Etsi</strong></span> <span class='ocrx_word' id='word_1_162' title='bbox 790 1172 911 1199; x_wconf 86' lang='lat' dir='ltr'><strong>inveniet</strong></span> <span class='ocrx_word' id='word_1_163' title='bbox 924 1172 953 1198; x_wconf 91' lang='lat' dir='ltr'><strong>in</strong></span> <span class='ocrx_word' id='word_1_164' title='bbox 970 1170 1004 1198; x_wconf 87' lang='lat' dir='ltr'><strong>iis</strong></span> 
     </span>
    </p>
   </div>
   <div class='ocr_carea' id='block_1_26' title="bbox 210 1217 1002 1254">
    <p class='ocr_par' dir='ltr' id='par_1_26' title="bbox 210 1217 1002 1254">
     <span class='ocr_line' id='line_1_26' title="bbox 210 1217 1002 1254; baseline -0.003 -8"><span class='ocrx_word' id='word_1_165' title='bbox 210 1220 316 1254; x_wconf 86' lang='lat' dir='ltr'><strong>aliquas</strong></span> <span class='ocrx_word' id='word_1_166' title='bbox 325 1219 384 1246; x_wconf 84' lang='lat' dir='ltr'><strong>ﬁeri</strong></span> <span class='ocrx_word' id='word_1_167' title='bbox 399 1218 693 1252; x_wconf 72' lang='lat' dir='ltr'><strong>diminutioncs,eoget</strong></span> <span class='ocrx_word' id='word_1_168' title='bbox 702 1225 748 1244; x_wconf 88' lang='lat' dir='ltr'><strong>cos</strong></span> <span class='ocrx_word' id='word_1_169' title='bbox 759 1217 806 1252; x_wconf 89' lang='lat' dir='ltr'><strong>qui</strong></span> <span class='ocrx_word' id='word_1_170' title='bbox 821 1225 853 1244; x_wconf 87' lang='lat' dir='ltr'><strong>ea</strong></span> <span class='ocrx_word' id='word_1_171' title='bbox 866 1217 1002 1251; x_wconf 82' lang='lat' dir='ltr'><strong>detinent,</strong></span> 
     </span>
    </p>
   </div>
   <div class='ocr_carea' id='block_1_27' title="bbox 211 1262 1000 1299">
    <p class='ocr_par' dir='ltr' id='par_1_27' title="bbox 211 1262 1000 1299">
     <span class='ocr_line' id='line_1_27' title="bbox 211 1262 1000 1299; baseline -0.004 -7"><span class='ocrx_word' id='word_1_172' title='bbox 211 1265 370 1296; x_wconf 80' lang='lat' dir='ltr'><strong>restituere,</strong></span> <span class='ocrx_word' id='word_1_173' title='bbox 387 1263 619 1299; x_wconf 81' lang='lat' dir='ltr'><strong>quemadmodum</strong></span> <span class='ocrx_word' id='word_1_174' title='bbox 635 1270 776 1298; x_wconf 78' lang='lat' dir='ltr'><strong>accepere,</strong></span> <span class='ocrx_word' id='word_1_175' title='bbox 806 1266 834 1290; x_wconf 88' lang='lat' dir='ltr'><strong>et</strong></span> <span class='ocrx_word' id='word_1_176' title='bbox 850 1262 1000 1290; x_wconf 89' lang='lat' dir='ltr'><strong>secundum</strong></span> 
     </span>
    </p>
   </div>
   <div class='ocr_carea' id='block_1_28' title="bbox 211 1308 998 1343">
    <p class='ocr_par' dir='ltr' id='par_1_28' title="bbox 211 1308 998 1343">
     <span class='ocr_line' id='line_1_28' title="bbox 211 1308 998 1343; baseline -0.001 -7"><span class='ocrx_word' id='word_1_177' title='bbox 211 1309 373 1337; x_wconf 85' lang='lat' dir='ltr'><strong>monasterii</strong></span> <span class='ocrx_word' id='word_1_178' title='bbox 390 1309 544 1336; x_wconf 80' lang='lat' dir='ltr'><strong>facultates.</strong></span> <span class='ocrx_word' id='word_1_179' title='bbox 558 1308 588 1336; x_wconf 86' lang='lat' dir='ltr'><strong>In</strong></span> <span class='ocrx_word' id='word_1_180' title='bbox 603 1309 657 1336; x_wconf 88' lang='lat' dir='ltr'><strong>illis</strong></span> <span class='ocrx_word' id='word_1_181' title='bbox 671 1314 764 1335; x_wconf 88' lang='lat' dir='ltr'><strong>tamen</strong></span> <span class='ocrx_word' id='word_1_182' title='bbox 781 1317 842 1343; x_wconf 79' lang='lat' dir='ltr'><strong>qua:</strong></span> <span class='ocrx_word' id='word_1_183' title='bbox 859 1309 998 1336; x_wconf 81' lang='lat' dir='ltr'><strong>defectum</strong></span> 
     </span>
    </p>
   </div>
   <div class='ocr_carea' id='block_1_29' title="bbox 211 1354 1000 1389">
    <p class='ocr_par' dir='ltr' id='par_1_29' title="bbox 211 1354 1000 1389">
     <span class='ocr_line' id='line_1_29' title="bbox 211 1354 1000 1389; baseline -0.001 -7"><span class='ocrx_word' id='word_1_184' title='bbox 211 1356 324 1388; x_wconf 86' lang='lat' dir='ltr'><strong>habent,</strong></span> <span class='ocrx_word' id='word_1_185' title='bbox 344 1355 376 1382; x_wconf 84' lang='lat' dir='ltr'><strong>ad</strong></span> <span class='ocrx_word' id='word_1_186' title='bbox 402 1363 467 1382; x_wconf 93' lang='lat' dir='ltr'><strong>eum</strong></span> <span class='ocrx_word' id='word_1_187' title='bbox 487 1362 532 1382; x_wconf 89' lang='lat' dir='ltr'><strong>res</strong></span> <span class='ocrx_word' id='word_1_188' title='bbox 549 1354 714 1381; x_wconf 72' lang='lat' dir='ltr'><strong>reducenda:</strong></span> <span class='ocrx_word' id='word_1_189' title='bbox 729 1359 795 1381; x_wconf 89' lang='lat' dir='ltr'><strong>sttnt</strong></span> <span class='ocrx_word' id='word_1_190' title='bbox 813 1359 926 1386; x_wconf 86' lang='lat' dir='ltr'><strong>statum,</strong></span> <span class='ocrx_word' id='word_1_191' title='bbox 945 1362 1000 1389; x_wconf 84' lang='lat' dir='ltr'><strong>quo</strong></span> 
     </span>
    </p>
   </div>
   <div class='ocr_carea' id='block_1_30' title="bbox 212 1399 1003 1436">
    <p class='ocr_par' dir='ltr' id='par_1_30' title="bbox 212 1399 1003 1436">
     <span class='ocr_line' id='line_1_30' title="bbox 212 1399 1003 1436; baseline -0.001 -8"><span class='ocrx_word' id='word_1_192' title='bbox 212 1402 273 1429; x_wconf 86' lang='lat' dir='ltr'><strong>illas</strong></span> <span class='ocrx_word' id='word_1_193' title='bbox 288 1408 437 1436; x_wconf 87' lang='lat' dir='ltr'><strong>accepere;</strong></span> <span class='ocrx_word' id='word_1_194' title='bbox 460 1407 521 1435; x_wconf 65' lang='lat' dir='ltr'><strong>quae</strong></span> <span class='ocrx_word' id='word_1_195' title='bbox 549 1407 616 1427; x_wconf 90' lang='lat' dir='ltr'><strong>vero</strong></span> <span class='ocrx_word' id='word_1_196' title='bbox 638 1405 703 1427; x_wconf 85' lang='lat' dir='ltr'><strong>sunt</strong></span> <span class='ocrx_word' id='word_1_197' title='bbox 729 1399 828 1428; x_wconf 85' lang='lat' dir='ltr'><strong>etl&#39;ecta</strong></span> <span class='ocrx_word' id='word_1_198' title='bbox 846 1400 959 1427; x_wconf 84' lang='lat' dir='ltr'><strong>meliora</strong></span> <span class='ocrx_word' id='word_1_199' title='bbox 975 1404 1003 1427; x_wconf 84' lang='lat' dir='ltr'><strong>et</strong></span> 
     </span>
    </p>
   </div>
   <div class='ocr_carea' id='block_1_31' title="bbox 210 1445 1001 1480">
    <p class='ocr_par' dir='ltr' id='par_1_31' title="bbox 210 1445 1001 1480">
     <span class='ocr_line' id='line_1_31' title="bbox 210 1445 1001 1480; baseline -0.001 -5"><span class='ocrx_word' id='word_1_200' title='bbox 210 1452 301 1479; x_wconf 80' lang='lat' dir='ltr'><strong>aucta.</strong></span> <span class='ocrx_word' id='word_1_201' title='bbox 321 1454 383 1474; x_wconf 91' lang='lat' dir='ltr'><strong>cum</strong></span> <span class='ocrx_word' id='word_1_202' title='bbox 399 1451 475 1474; x_wconf 87' lang='lat' dir='ltr'><strong>recte</strong></span> <span class='ocrx_word' id='word_1_203' title='bbox 490 1453 519 1474; x_wconf 87' lang='lat' dir='ltr'><strong>se</strong></span> <span class='ocrx_word' id='word_1_204' title='bbox 533 1445 664 1478; x_wconf 85' lang='lat' dir='ltr'><strong>habeant,</strong></span> <span class='ocrx_word' id='word_1_205' title='bbox 680 1454 736 1473; x_wconf 93' lang='lat' dir='ltr'><strong>non</strong></span> <span class='ocrx_word' id='word_1_206' title='bbox 761 1445 932 1480; x_wconf 88' lang='lat' dir='ltr'><strong>minuentur,</strong></span> <span class='ocrx_word' id='word_1_207' title='bbox 953 1447 1001 1474; x_wconf 86' lang='lat' dir='ltr'><strong>sed</strong></span> 
     </span>
    </p>
   </div>
   <div class='ocr_carea' id='block_1_32' title="bbox 213 1492 998 1525">
    <p class='ocr_par' dir='ltr' id='par_1_32' title="bbox 213 1492 998 1525">
     <span class='ocr_line' id='line_1_32' title="bbox 213 1492 998 1525; baseline -0.001 -4"><span class='ocrx_word' id='word_1_208' title='bbox 213 1493 364 1521; x_wconf 82' lang='lat' dir='ltr'><strong>manebunt</strong></span> <span class='ocrx_word' id='word_1_209' title='bbox 387 1498 419 1520; x_wconf 92' lang='lat' dir='ltr'><strong>ut</strong></span> <span class='ocrx_word' id='word_1_210' title='bbox 436 1501 466 1520; x_wconf 88' lang='lat' dir='ltr'><strong>se</strong></span> <span class='ocrx_word' id='word_1_211' title='bbox 488 1493 601 1520; x_wconf 83' lang='lat' dir='ltr'><strong>habent.</strong></span> <span class='ocrx_word' id='word_1_212' title='bbox 623 1492 675 1525; x_wconf 82' lang='lat' dir='ltr'><strong>Qui</strong></span> <span class='ocrx_word' id='word_1_213' title='bbox 689 1496 781 1520; x_wconf 86' lang='lat' dir='ltr'><strong>autem</strong></span> <span class='ocrx_word' id='word_1_214' title='bbox 803 1500 835 1520; x_wconf 89' lang='lat' dir='ltr'><strong>ea</strong></span> <span class='ocrx_word' id='word_1_215' title='bbox 862 1493 998 1525; x_wconf 82' lang='lat' dir='ltr'><strong>detinent,</strong></span> 
     </span>
    </p>
   </div>
   <div class='ocr_carea' id='block_1_33' title="bbox 210 1538 999 1574">
    <p class='ocr_par' dir='ltr' id='par_1_33' title="bbox 210 1538 999 1574">
     <span class='ocr_line' id='line_1_33' title="bbox 210 1538 999 1574; baseline -0.001 -7"><span class='ocrx_word' id='word_1_216' title='bbox 210 1548 271 1574; x_wconf 70' lang='lat' dir='ltr'><strong>qua:</strong></span> <span class='ocrx_word' id='word_1_217' title='bbox 284 1544 348 1567; x_wconf 90' lang='lat' dir='ltr'><strong>sunt</strong></span> <span class='ocrx_word' id='word_1_218' title='bbox 365 1539 418 1566; x_wconf 92' lang='lat' dir='ltr'><strong>illis</strong></span> <span class='ocrx_word' id='word_1_219' title='bbox 433 1538 549 1570; x_wconf 83' lang='lat' dir='ltr'><strong>tradita,</strong></span> <span class='ocrx_word' id='word_1_220' title='bbox 563 1542 590 1565; x_wconf 88' lang='lat' dir='ltr'><strong>ut</strong></span> <span class='ocrx_word' id='word_1_221' title='bbox 606 1538 727 1573; x_wconf 80' lang='lat' dir='ltr'><strong>regimen</strong></span> <span class='ocrx_word' id='word_1_222' title='bbox 743 1544 770 1565; x_wconf 90' lang='lat' dir='ltr'><strong>et</strong></span> <span class='ocrx_word' id='word_1_223' title='bbox 781 1539 999 1566; x_wconf 86' lang='lat' dir='ltr'><strong>administratio-</strong></span> 
     </span>
    </p>
   </div>
   <div class='ocr_carea' id='block_1_34' title="bbox 210 1584 1001 1620">
    <p class='ocr_par' dir='ltr' id='par_1_34' title="bbox 210 1584 1001 1620">
     <span class='ocr_line' id='line_1_34' title="bbox 210 1584 1001 1620; baseline -0.001 -7"><span class='ocrx_word' id='word_1_224' title='bbox 210 1594 273 1613; x_wconf 88' lang='lat' dir='ltr'><strong>nem</strong></span> <span class='ocrx_word' id='word_1_225' title='bbox 287 1585 320 1612; x_wconf 88' lang='lat' dir='ltr'><strong>ad</strong></span> <span class='ocrx_word' id='word_1_226' title='bbox 337 1589 445 1620; x_wconf 87' lang='lat' dir='ltr'><strong>tempus</strong></span> <span class='ocrx_word' id='word_1_227' title='bbox 455 1585 618 1619; x_wconf 82' lang='lat' dir='ltr'><strong>suscipiant.</strong></span> <span class='ocrx_word' id='word_1_228' title='bbox 631 1588 659 1612; x_wconf 89' lang='lat' dir='ltr'><strong>et</strong></span> <span class='ocrx_word' id='word_1_229' title='bbox 667 1585 708 1611; x_wconf 90' lang='lat' dir='ltr'><strong>eis</strong></span> <span class='ocrx_word' id='word_1_230' title='bbox 720 1584 850 1612; x_wconf 82' lang='lat' dir='ltr'><strong>damnum</strong></span> <span class='ocrx_word' id='word_1_231' title='bbox 862 1585 982 1612; x_wconf 79' lang='lat' dir='ltr'><strong>aﬂ‘erunt</strong></span> <span class='ocrx_word' id='word_1_232' title='bbox 993 1605 1001 1618; x_wconf 91' lang='lat'><strong>,</strong></span> 
     </span>
    </p>
   </div>
   <div class='ocr_carea' id='block_1_35' title="bbox 210 1631 1002 1665">
    <p class='ocr_par' dir='ltr' id='par_1_35' title="bbox 210 1631 1002 1665">
     <span class='ocr_line' id='line_1_35' title="bbox 210 1631 1002 1665; baseline 0 -6"><span class='ocrx_word' id='word_1_233' title='bbox 210 1633 232 1660; x_wconf 89' lang='lat' dir='ltr'><strong>si</strong></span> <span class='ocrx_word' id='word_1_234' title='bbox 251 1631 340 1659; x_wconf 88' lang='lat' dir='ltr'><strong>nolint</strong></span> <span class='ocrx_word' id='word_1_235' title='bbox 359 1631 386 1658; x_wconf 89' lang='lat' dir='ltr'><strong>in</strong></span> <span class='ocrx_word' id='word_1_236' title='bbox 408 1638 484 1662; x_wconf 86' lang='lat' dir='ltr'><strong>eum,</strong></span> <span class='ocrx_word' id='word_1_237' title='bbox 501 1637 584 1665; x_wconf 86' lang='lat' dir='ltr'><strong>quem</strong></span> <span class='ocrx_word' id='word_1_238' title='bbox 601 1635 780 1665; x_wconf 85' lang='lat' dir='ltr'><strong>acceperunt,</strong></span> <span class='ocrx_word' id='word_1_239' title='bbox 795 1635 897 1658; x_wconf 85' lang='lat' dir='ltr'><strong>statum</strong></span> <span class='ocrx_word' id='word_1_240' title='bbox 909 1639 942 1659; x_wconf 83' lang='lat' dir='ltr'><strong>ea</strong></span> <span class='ocrx_word' id='word_1_241' title='bbox 958 1639 1002 1659; x_wconf 89' lang='lat' dir='ltr'><strong>re-</strong></span> 
     </span>
    </p>
   </div>
   <div class='ocr_carea' id='block_1_36' title="bbox 210 1676 1002 1712">
    <p class='ocr_par' dir='ltr' id='par_1_36' title="bbox 210 1676 1002 1712">
     <span class='ocr_line' id='line_1_36' title="bbox 210 1676 1002 1712; baseline 0.003 -8"><span class='ocrx_word' id='word_1_242' title='bbox 210 1678 336 1710; x_wconf 80' lang='lat' dir='ltr'><strong>stituere,</strong></span> <span class='ocrx_word' id='word_1_243' title='bbox 354 1677 395 1705; x_wconf 78' lang='lat' dir='ltr'><strong>eis</strong></span> <span class='ocrx_word' id='word_1_244' title='bbox 423 1676 596 1710; x_wconf 83' lang='lat' dir='ltr'><strong>auferantur,</strong></span> <span class='ocrx_word' id='word_1_245' title='bbox 618 1684 670 1704; x_wconf 91' lang='lat' dir='ltr'><strong>nec</strong></span> <span class='ocrx_word' id='word_1_246' title='bbox 694 1676 730 1704; x_wconf 90' lang='lat' dir='ltr'><strong>ab</strong></span> <span class='ocrx_word' id='word_1_247' title='bbox 760 1677 794 1704; x_wconf 91' lang='lat' dir='ltr'><strong>iis</strong></span> <span class='ocrx_word' id='word_1_248' title='bbox 811 1685 872 1712; x_wconf 67' lang='lat' dir='ltr'><strong>quae</strong></span> <span class='ocrx_word' id='word_1_249' title='bbox 898 1678 1002 1707; x_wconf 81' lang='lat' dir='ltr'><strong>habent</strong></span> 
     </span>
    </p>
   </div>
   <div class='ocr_carea' id='block_1_37' title="bbox 209 1722 999 1760">
    <p class='ocr_par' dir='ltr' id='par_1_37' title="bbox 209 1722 999 1760">
     <span class='ocr_line' id='line_1_37' title="bbox 209 1722 999 1760; baseline 0.001 -9"><span class='ocrx_word' id='word_1_250' title='bbox 209 1723 320 1758; x_wconf 76' lang='lat' dir='ltr'><strong>scriptis</strong></span> <span class='ocrx_word' id='word_1_251' title='bbox 332 1723 474 1758; x_wconf 85' lang='lat' dir='ltr'><strong>juventur,</strong></span> <span class='ocrx_word' id='word_1_252' title='bbox 493 1723 533 1750; x_wconf 89' lang='lat' dir='ltr'><strong>eis</strong></span> <span class='ocrx_word' id='word_1_253' title='bbox 559 1722 623 1750; x_wconf 91' lang='lat' dir='ltr'><strong>dato</strong></span> <span class='ocrx_word' id='word_1_254' title='bbox 651 1723 828 1751; x_wconf 88' lang='lat' dir='ltr'><strong>convenienti</strong></span> <span class='ocrx_word' id='word_1_255' title='bbox 847 1724 890 1751; x_wconf 91' lang='lat' dir='ltr'><strong>die</strong></span> <span class='ocrx_word' id='word_1_256' title='bbox 906 1725 999 1760; x_wconf 68' lang='lat' dir='ltr'><strong>praeﬁ-</strong></span> 
     </span>
    </p>
   </div>
   <div class='ocr_carea' id='block_1_38' title="bbox 209 1768 999 1806">
    <p class='ocr_par' dir='ltr' id='par_1_38' title="bbox 209 1768 999 1806">
     <span class='ocr_line' id='line_1_38' title="bbox 209 1768 999 1806; baseline 0.003 -10"><span class='ocrx_word' id='word_1_257' title='bbox 209 1769 279 1796; x_wconf 88' lang='lat' dir='ltr'><strong>nito.</strong></span> <span class='ocrx_word' id='word_1_258' title='bbox 304 1769 412 1797; x_wconf 88' lang='lat' dir='ltr'><strong>Interea</strong></span> <span class='ocrx_word' id='word_1_259' title='bbox 444 1773 548 1801; x_wconf 88' lang='lat' dir='ltr'><strong>autem,</strong></span> <span class='ocrx_word' id='word_1_260' title='bbox 574 1768 640 1796; x_wconf 92' lang='lat' dir='ltr'><strong>dum</strong></span> <span class='ocrx_word' id='word_1_261' title='bbox 672 1769 774 1805; x_wconf 87' lang='lat' dir='ltr'><strong>pendet</strong></span> <span class='ocrx_word' id='word_1_262' title='bbox 799 1770 936 1798; x_wconf 89' lang='lat' dir='ltr'><strong>terminus</strong></span> <span class='ocrx_word' id='word_1_263' title='bbox 951 1771 999 1806; x_wconf 88' lang='lat' dir='ltr'><strong>qui</strong></span> 
     </span>
    </p>
   </div>
   <div class='ocr_carea' id='block_1_39' title="bbox 208 1815 1000 1850">
    <p class='ocr_par' dir='ltr' id='par_1_39' title="bbox 208 1815 1000 1850">
     <span class='ocr_line' id='line_1_39' title="bbox 208 1815 1000 1850; baseline 0.004 -8"><span class='ocrx_word' id='word_1_264' title='bbox 208 1815 349 1843; x_wconf 88' lang='lat' dir='ltr'><strong>observari</strong></span> <span class='ocrx_word' id='word_1_265' title='bbox 369 1815 462 1848; x_wconf 88' lang='lat' dir='ltr'><strong>debet,</strong></span> <span class='ocrx_word' id='word_1_266' title='bbox 485 1816 551 1850; x_wconf 88' lang='lat' dir='ltr'><strong>ipsis</strong></span> <span class='ocrx_word' id='word_1_267' title='bbox 570 1815 650 1844; x_wconf 76' lang='lat' dir='ltr'><strong>factis</strong></span> <span class='ocrx_word' id='word_1_268' title='bbox 665 1817 779 1844; x_wconf 89' lang='lat' dir='ltr'><strong>solliciti</strong></span> <span class='ocrx_word' id='word_1_269' title='bbox 799 1822 883 1845; x_wconf 90' lang='lat' dir='ltr'><strong>erunt</strong></span> <span class='ocrx_word' id='word_1_270' title='bbox 900 1817 935 1845; x_wconf 92' lang='lat' dir='ltr'><strong>de</strong></span> <span class='ocrx_word' id='word_1_271' title='bbox 951 1825 1000 1845; x_wconf 88' lang='lat' dir='ltr'><strong>eo-</strong></span> 
     </span>
    </p>
   </div>
   <div class='ocr_carea' id='block_1_40' title="bbox 208 1862 998 1898">
    <p class='ocr_par' dir='ltr' id='par_1_40' title="bbox 208 1862 998 1898">
     <span class='ocr_line' id='line_1_40' title="bbox 208 1862 998 1898; baseline 0.004 -10"><span class='ocrx_word' id='word_1_272' title='bbox 208 1869 270 1888; x_wconf 90' lang='lat' dir='ltr'><strong>rum</strong></span> <span class='ocrx_word' id='word_1_273' title='bbox 291 1862 317 1888; x_wconf 92' lang='lat' dir='ltr'><strong>in</strong></span> <span class='ocrx_word' id='word_1_274' title='bbox 331 1862 468 1898; x_wconf 73' lang='lat' dir='ltr'><strong>integrum</strong></span> <span class='ocrx_word' id='word_1_275' title='bbox 484 1862 675 1895; x_wconf 84' lang='lat' dir='ltr'><strong>restitutione,</strong></span> <span class='ocrx_word' id='word_1_276' title='bbox 691 1867 721 1890; x_wconf 88' lang='lat' dir='ltr'><strong>ut</strong></span> <span class='ocrx_word' id='word_1_277' title='bbox 736 1863 841 1890; x_wconf 91' lang='lat' dir='ltr'><strong>dictum</strong></span> <span class='ocrx_word' id='word_1_278' title='bbox 854 1867 906 1891; x_wconf 88' lang='lat' dir='ltr'><strong>est.</strong></span> <span class='ocrx_word' id='word_1_279' title='bbox 919 1863 998 1891; x_wconf 87' lang='lat' dir='ltr'><strong>Tune</strong></span> 
     </span>
    </p>
   </div>
   <div class='ocr_carea' id='block_1_41' title="bbox 207 1908 998 1937">
    <p class='ocr_par' dir='ltr' id='par_1_41' title="bbox 207 1908 998 1937">
     <span class='ocr_line' id='line_1_41' title="bbox 207 1908 998 1937; baseline 0.003 -2"><span class='ocrx_word' id='word_1_280' title='bbox 207 1908 281 1935; x_wconf 87' lang='lat' dir='ltr'><strong>enim</strong></span> <span class='ocrx_word' id='word_1_281' title='bbox 297 1908 378 1936; x_wconf 84' lang='lat' dir='ltr'><strong>etiam</strong></span> <span class='ocrx_word' id='word_1_282' title='bbox 396 1909 530 1936; x_wconf 81' lang='lat' dir='ltr'><strong>terminus</strong></span> <span class='ocrx_word' id='word_1_283' title='bbox 547 1909 715 1937; x_wconf 82' lang='lat' dir='ltr'><strong>servabitur.</strong></span> <span class='ocrx_word' id='word_1_284' title='bbox 734 1909 849 1937; x_wconf 79' lang='lat' dir='ltr'><strong>Praemia</strong></span> <span class='ocrx_word' id='word_1_285' title='bbox 865 1910 998 1937; x_wconf 88' lang='lat' dir='ltr'><strong>dimisso-</strong></span> 
     </span>
    </p>
   </div>
   <div class='ocr_carea' id='block_1_42' title="bbox 207 1954 999 1990">
    <p class='ocr_par' dir='ltr' id='par_1_42' title="bbox 207 1954 999 1990">
     <span class='ocr_line' id='line_1_42' title="bbox 207 1954 999 1990; baseline 0.004 -9"><span class='ocrx_word' id='word_1_286' title='bbox 207 1954 248 1982; x_wconf 85' lang='lat' dir='ltr'><strong>ria</strong></span> <span class='ocrx_word' id='word_1_287' title='bbox 263 1959 368 1987; x_wconf 86' lang='lat' dir='ltr'><strong>autem,</strong></span> <span class='ocrx_word' id='word_1_288' title='bbox 385 1955 517 1989; x_wconf 89' lang='lat' dir='ltr'><strong>quoniam</strong></span> <span class='ocrx_word' id='word_1_289' title='bbox 532 1961 632 1990; x_wconf 65' lang='lat' dir='ltr'><strong>praeter</strong></span> <span class='ocrx_word' id='word_1_290' title='bbox 647 1964 768 1984; x_wconf 90' lang='lat' dir='ltr'><strong>canones</strong></span> <span class='ocrx_word' id='word_1_291' title='bbox 782 1956 884 1984; x_wconf 87' lang='lat' dir='ltr'><strong>dantur</strong></span> <span class='ocrx_word' id='word_1_292' title='bbox 907 1962 935 1984; x_wconf 90' lang='lat' dir='ltr'><strong>et</strong></span> <span class='ocrx_word' id='word_1_293' title='bbox 953 1965 999 1984; x_wconf 84' lang='lat' dir='ltr'><strong>ac-</strong></span> 
     </span>
    </p>
   </div>
   <div class='ocr_carea' id='block_1_43' title="bbox 207 2001 998 2038">
    <p class='ocr_par' dir='ltr' id='par_1_43' title="bbox 207 2001 998 2038">
     <span class='ocr_line' id='line_1_43' title="bbox 207 2001 998 2038; baseline 0.004 -10"><span class='ocrx_word' id='word_1_294' title='bbox 207 2001 358 2036; x_wconf 87' lang='lat' dir='ltr'><strong>eipiuntur,</strong></span> <span class='ocrx_word' id='word_1_295' title='bbox 375 2001 492 2029; x_wconf 85' lang='lat' dir='ltr'><strong>omnino</strong></span> <span class='ocrx_word' id='word_1_296' title='bbox 507 2003 656 2030; x_wconf 86' lang='lat' dir='ltr'><strong>cessabunt</strong></span> <span class='ocrx_word' id='word_1_297' title='bbox 673 2011 679 2028; x_wconf 95' lang='lat'>:</span> <span class='ocrx_word' id='word_1_298' title='bbox 696 2006 725 2029; x_wconf 87' lang='lat' dir='ltr'><strong>et</strong></span> <span class='ocrx_word' id='word_1_299' title='bbox 747 2002 795 2036; x_wconf 90' lang='lat' dir='ltr'><strong>qui</strong></span> <span class='ocrx_word' id='word_1_300' title='bbox 812 2003 939 2038; x_wconf 83' lang='lat' dir='ltr'><strong>accipere</strong></span> <span class='ocrx_word' id='word_1_301' title='bbox 955 2004 998 2031; x_wconf 88' lang='lat' dir='ltr'><strong>vel</strong></span> 
     </span>
    </p>
   </div>
   <div class='ocr_carea' id='block_1_44' title="bbox 208 2047 998 2083">
    <p class='ocr_par' dir='ltr' id='par_1_44' title="bbox 208 2047 998 2083">
     <span class='ocr_line' id='line_1_44' title="bbox 208 2047 998 2083; baseline 0.003 -9"><span class='ocrx_word' id='word_1_302' title='bbox 208 2047 273 2074; x_wconf 87' lang='lat' dir='ltr'><strong>dare</strong></span> <span class='ocrx_word' id='word_1_303' title='bbox 290 2048 418 2075; x_wconf 88' lang='lat' dir='ltr'><strong>inventus</strong></span> <span class='ocrx_word' id='word_1_304' title='bbox 450 2048 548 2081; x_wconf 81' lang='lat' dir='ltr'><strong>fuerit,</strong></span> <span class='ocrx_word' id='word_1_305' title='bbox 568 2048 590 2075; x_wconf 89' lang='lat' dir='ltr'><strong>si</strong></span> <span class='ocrx_word' id='word_1_306' title='bbox 623 2053 666 2075; x_wconf 86' lang='lat' dir='ltr'><strong>est</strong></span> <span class='ocrx_word' id='word_1_307' title='bbox 695 2048 807 2083; x_wconf 86' lang='lat' dir='ltr'><strong>quidem</strong></span> <span class='ocrx_word' id='word_1_308' title='bbox 837 2050 998 2076; x_wconf 84' lang='lat' dir='ltr'><strong>monasterii</strong></span> 
     </span>
    </p>
   </div>
   <div class='ocr_carea' id='block_1_45' title="bbox 208 2093 999 2129">
    <p class='ocr_par' dir='ltr' id='par_1_45' title="bbox 208 2093 999 2129">
     <span class='ocr_line' id='line_1_45' title="bbox 208 2093 999 2129; baseline 0.003 -9"><span class='ocrx_word' id='word_1_309' title='bbox 208 2094 364 2128; x_wconf 65' lang='lat' dir='ltr'><strong>praefectus,</strong></span> <span class='ocrx_word' id='word_1_310' title='bbox 380 2102 412 2121; x_wconf 85' lang='lat' dir='ltr'><strong>ex</strong></span> <span class='ocrx_word' id='word_1_311' title='bbox 423 2093 584 2128; x_wconf 59' lang='lat' dir='ltr'><strong>prmlectura</strong></span> <span class='ocrx_word' id='word_1_312' title='bbox 597 2094 751 2129; x_wconf 75' lang='lat' dir='ltr'><strong>expellatur</strong></span> <span class='ocrx_word' id='word_1_313' title='bbox 764 2103 771 2121; x_wconf 92' lang='lat'>:</span> <span class='ocrx_word' id='word_1_314' title='bbox 788 2094 830 2121; x_wconf 90' lang='lat' dir='ltr'><strong>sin</strong></span> <span class='ocrx_word' id='word_1_315' title='bbox 846 2100 938 2122; x_wconf 88' lang='lat' dir='ltr'><strong>autem</strong></span> <span class='ocrx_word' id='word_1_316' title='bbox 952 2095 999 2122; x_wconf 88' lang='lat' dir='ltr'><strong>bc-</strong></span> 
     </span>
    </p>
   </div>
   <div class='ocr_carea' id='block_1_46' title="bbox 207 2140 998 2175">
    <p class='ocr_par' dir='ltr' id='par_1_46' title="bbox 207 2140 998 2175">
     <span class='ocr_line' id='line_1_46' title="bbox 207 2140 998 2175; baseline 0.003 -9"><span class='ocrx_word' id='word_1_317' title='bbox 207 2140 377 2171; x_wconf 85' lang='lat' dir='ltr'><strong>netieiarius,</strong></span> <span class='ocrx_word' id='word_1_318' title='bbox 402 2147 418 2167; x_wconf 89' lang='lat' dir='ltr'><strong>e</strong></span> <span class='ocrx_word' id='word_1_319' title='bbox 436 2142 608 2167; x_wconf 88' lang='lat' dir='ltr'><strong>monasterio</strong></span> <span class='ocrx_word' id='word_1_320' title='bbox 631 2140 796 2175; x_wconf 78' lang='lat' dir='ltr'><strong>expelletur.</strong></span> <span class='ocrx_word' id='word_1_321' title='bbox 816 2141 880 2174; x_wconf 77' lang='lat' dir='ltr'><strong>Quae</strong></span> <span class='ocrx_word' id='word_1_322' title='bbox 905 2146 998 2168; x_wconf 80' lang='lat' dir='ltr'><strong>autent</strong></span> 
     </span>
    </p>
   </div>
   <div class='ocr_carea' id='block_1_47' title="bbox 207 2185 997 2220">
    <p class='ocr_par' dir='ltr' id='par_1_47' title="bbox 207 2185 997 2220">
     <span class='ocr_line' id='line_1_47' title="bbox 207 2185 997 2220; baseline 0.003 -8"><span class='ocrx_word' id='word_1_323' title='bbox 207 2185 242 2212; x_wconf 86' lang='lat' dir='ltr'><strong>ab</strong></span> <span class='ocrx_word' id='word_1_324' title='bbox 259 2185 292 2213; x_wconf 91' lang='lat' dir='ltr'><strong>iis</strong></span> <span class='ocrx_word' id='word_1_325' title='bbox 312 2185 358 2220; x_wconf 87' lang='lat' dir='ltr'><strong>qui</strong></span> <span class='ocrx_word' id='word_1_326' title='bbox 374 2185 408 2212; x_wconf 85' lang='lat' dir='ltr'><strong>ad</strong></span> <span class='ocrx_word' id='word_1_327' title='bbox 429 2190 570 2213; x_wconf 87' lang='lat' dir='ltr'><strong>tonsuram</strong></span> <span class='ocrx_word' id='word_1_328' title='bbox 586 2186 711 2218; x_wconf 87' lang='lat' dir='ltr'><strong>veniunt,</strong></span> <span class='ocrx_word' id='word_1_329' title='bbox 728 2185 797 2213; x_wconf 84' lang='lat' dir='ltr'><strong>ﬁunt</strong></span> <span class='ocrx_word' id='word_1_330' title='bbox 820 2187 997 2214; x_wconf 83' lang='lat' dir='ltr'><strong>oil‘crentium</strong></span> 
     </span>
    </p>
   </div>
   <div class='ocr_carea' id='block_1_48' title="bbox 207 2231 998 2266">
    <p class='ocr_par' dir='ltr' id='par_1_48' title="bbox 207 2231 998 2266">
     <span class='ocr_line' id='line_1_48' title="bbox 207 2231 998 2266; baseline 0.003 -8"><span class='ocrx_word' id='word_1_331' title='bbox 207 2236 359 2265; x_wconf 84' lang='lat' dir='ltr'><strong>spontanea</strong></span> <span class='ocrx_word' id='word_1_332' title='bbox 392 2231 534 2258; x_wconf 83' lang='lat' dir='ltr'><strong>voluntate</strong></span> <span class='ocrx_word' id='word_1_333' title='bbox 567 2231 731 2264; x_wconf 83' lang='lat' dir='ltr'><strong>oblationes,</strong></span> <span class='ocrx_word' id='word_1_334' title='bbox 753 2231 942 2266; x_wconf 88' lang='lat' dir='ltr'><strong>suscipicntur</strong></span> <span class='ocrx_word' id='word_1_335' title='bbox 970 2237 998 2260; x_wconf 88' lang='lat' dir='ltr'><strong>ct</strong></span> 
     </span>
    </p>
   </div>
   <div class='ocr_carea' id='block_1_49' title="bbox 208 2276 996 2313">
    <p class='ocr_par' dir='ltr' id='par_1_49' title="bbox 208 2276 996 2313">
     <span class='ocr_line' id='line_1_49' title="bbox 208 2276 996 2313; baseline 0.005 -11"><span class='ocrx_word' id='word_1_336' title='bbox 208 2276 402 2304; x_wconf 80' lang='lat' dir='ltr'><strong>deserihcntur</strong></span> <span class='ocrx_word' id='word_1_337' title='bbox 428 2277 455 2303; x_wconf 93' lang='lat' dir='ltr'><strong>in</strong></span> <span class='ocrx_word' id='word_1_338' title='bbox 476 2276 615 2304; x_wconf 86' lang='lat' dir='ltr'><strong>breviario</strong></span> <span class='ocrx_word' id='word_1_339' title='bbox 637 2277 812 2310; x_wconf 81' lang='lat' dir='ltr'><strong>monasterii,</strong></span> <span class='ocrx_word' id='word_1_340' title='bbox 831 2277 864 2305; x_wconf 89' lang='lat' dir='ltr'><strong>dc</strong></span> <span class='ocrx_word' id='word_1_341' title='bbox 886 2278 919 2305; x_wconf 80' lang='lat' dir='ltr'><strong>iis</strong></span> <span class='ocrx_word' id='word_1_342' title='bbox 937 2286 996 2313; x_wconf 60' lang='lat' dir='ltr'><strong>quae</strong></span> 
     </span>
    </p>
   </div>
   <div class='ocr_carea' id='block_1_50' title="bbox 207 2323 994 2359">
    <p class='ocr_par' dir='ltr' id='par_1_50' title="bbox 207 2323 994 2359">
     <span class='ocr_line' id='line_1_50' title="bbox 207 2323 994 2359; baseline 0.003 -10"><span class='ocrx_word' id='word_1_343' title='bbox 207 2323 369 2355; x_wconf 72' lang='lat' dir='ltr'><strong>ell‘erentur,</strong></span> <span class='ocrx_word' id='word_1_344' title='bbox 392 2323 475 2350; x_wconf 89' lang='lat' dir='ltr'><strong>etiatn</strong></span> <span class='ocrx_word' id='word_1_345' title='bbox 497 2323 674 2350; x_wconf 77' lang='lat' dir='ltr'><strong>sanctissimo</strong></span> <span class='ocrx_word' id='word_1_346' title='bbox 703 2324 865 2357; x_wconf 74' lang='lat' dir='ltr'><strong>patriarcha:</strong></span> <span class='ocrx_word' id='word_1_347' title='bbox 897 2324 994 2359; x_wconf 77' lang='lat' dir='ltr'><strong>cogni-</strong></span> 
     </span>
    </p>
   </div>
   <div class='ocr_carea' id='block_1_51' title="bbox 208 2368 995 2404">
    <p class='ocr_par' dir='ltr' id='par_1_51' title="bbox 208 2368 995 2404">
     <span class='ocr_line' id='line_1_51' title="bbox 208 2368 995 2404; baseline 0.004 -10"><span class='ocrx_word' id='word_1_348' title='bbox 208 2369 281 2395; x_wconf 84' lang='lat' dir='ltr'><strong>tione</strong></span> <span class='ocrx_word' id='word_1_349' title='bbox 301 2368 362 2396; x_wconf 78' lang='lat' dir='ltr'><strong>tlata</strong></span> <span class='ocrx_word' id='word_1_350' title='bbox 382 2369 511 2396; x_wconf 82' lang='lat' dir='ltr'><strong>:etiamsi</strong></span> <span class='ocrx_word' id='word_1_351' title='bbox 527 2368 544 2396; x_wconf 93' lang='lat' dir='ltr'><strong>ii</strong></span> <span class='ocrx_word' id='word_1_352' title='bbox 567 2369 614 2404; x_wconf 93' lang='lat' dir='ltr'><strong>qui</strong></span> <span class='ocrx_word' id='word_1_353' title='bbox 630 2368 733 2396; x_wconf 82' lang='lat' dir='ltr'><strong>habent</strong></span> <span class='ocrx_word' id='word_1_354' title='bbox 747 2369 923 2402; x_wconf 89' lang='lat' dir='ltr'><strong>monasteria,</strong></span> <span class='ocrx_word' id='word_1_355' title='bbox 943 2370 995 2397; x_wconf 94' lang='lat' dir='ltr'><strong>do-</strong></span> 
     </span>
    </p>
   </div>
   <div class='ocr_carea' id='block_1_52' title="bbox 207 2414 995 2450">
    <p class='ocr_par' dir='ltr' id='par_1_52' title="bbox 207 2414 995 2450">
     <span class='ocr_line' id='line_1_52' title="bbox 207 2414 995 2450; baseline 0.003 -9"><span class='ocrx_word' id='word_1_356' title='bbox 207 2419 335 2442; x_wconf 85' lang='lat' dir='ltr'><strong>cumenta</strong></span> <span class='ocrx_word' id='word_1_357' title='bbox 353 2414 472 2442; x_wconf 84' lang='lat' dir='ltr'><strong>habeant</strong></span> <span class='ocrx_word' id='word_1_358' title='bbox 486 2414 521 2442; x_wconf 87' lang='lat' dir='ltr'><strong>de</strong></span> <span class='ocrx_word' id='word_1_359' title='bbox 538 2415 709 2450; x_wconf 83' lang='lat' dir='ltr'><strong>accipiendis</strong></span> <span class='ocrx_word' id='word_1_360' title='bbox 733 2415 853 2450; x_wconf 63' lang='lat' dir='ltr'><strong>praemiis</strong></span> <span class='ocrx_word' id='word_1_361' title='bbox 869 2415 995 2443; x_wconf 81' lang='lat' dir='ltr'><strong>dimisso-</strong></span> 
     </span>
    </p>
   </div>
   <div class='ocr_carea' id='block_1_53' title="bbox 208 2460 996 2494">
    <p class='ocr_par' dir='ltr' id='par_1_53' title="bbox 208 2460 996 2494">
     <span class='ocr_line' id='line_1_53' title="bbox 208 2460 996 2494; baseline 0.004 -8"><span class='ocrx_word' id='word_1_362' title='bbox 208 2461 255 2487; x_wconf 86' lang='lat' dir='ltr'><strong>riis</strong></span> <span class='ocrx_word' id='word_1_363' title='bbox 270 2465 295 2487; x_wconf 88' lang='lat' dir='ltr'><strong>et</strong></span> <span class='ocrx_word' id='word_1_364' title='bbox 317 2460 398 2488; x_wconf 86' lang='lat' dir='ltr'><strong>rebus</strong></span> <span class='ocrx_word' id='word_1_365' title='bbox 423 2461 451 2488; x_wconf 92' lang='lat' dir='ltr'><strong>in</strong></span> <span class='ocrx_word' id='word_1_366' title='bbox 477 2461 676 2489; x_wconf 88' lang='lat' dir='ltr'><strong>monasterium</strong></span> <span class='ocrx_word' id='word_1_367' title='bbox 693 2461 796 2494; x_wconf 85' lang='lat' dir='ltr'><strong>allatis,</strong></span> <span class='ocrx_word' id='word_1_368' title='bbox 814 2467 842 2489; x_wconf 91' lang='lat' dir='ltr'><strong>et</strong></span> <span class='ocrx_word' id='word_1_369' title='bbox 858 2462 892 2489; x_wconf 82' lang='lat' dir='ltr'><strong>iis</strong></span> <span class='ocrx_word' id='word_1_370' title='bbox 909 2462 996 2489; x_wconf 86' lang='lat' dir='ltr'><strong>lucri-</strong></span> 
     </span>
    </p>
   </div>
   <div class='ocr_carea' id='block_1_54' title="bbox 205 2507 996 2540">
    <p class='ocr_par' dir='ltr' id='par_1_54' title="bbox 205 2507 996 2540">
     <span class='ocr_line' id='line_1_54' title="bbox 205 2507 996 2540; baseline 0.004 -7"><span class='ocrx_word' id='word_1_371' title='bbox 205 2507 360 2534; x_wconf 79' lang='lat' dir='ltr'><strong>faciendis:</strong></span> <span class='ocrx_word' id='word_1_372' title='bbox 392 2507 444 2534; x_wconf 90' lang='lat' dir='ltr'><strong>hoc</strong></span> <span class='ocrx_word' id='word_1_373' title='bbox 463 2508 536 2535; x_wconf 87' lang='lat' dir='ltr'><strong>enim</strong></span> <span class='ocrx_word' id='word_1_374' title='bbox 571 2516 679 2536; x_wconf 86' lang='lat' dir='ltr'><strong>cessare</strong></span> <span class='ocrx_word' id='word_1_375' title='bbox 700 2517 715 2535; x_wconf 74' lang='grc' dir='ltr'><strong>ιι</strong></span> <span class='ocrx_word' id='word_1_376' title='bbox 744 2517 818 2536; x_wconf 88' lang='lat' dir='ltr'><strong>nunc</strong></span> <span class='ocrx_word' id='word_1_377' title='bbox 847 2508 940 2540; x_wconf 85' lang='lat' dir='ltr'><strong>debet,</strong></span> <span class='ocrx_word' id='word_1_378' title='bbox 968 2513 996 2537; x_wconf 88' lang='lat' dir='ltr'><strong>et</strong></span> 
     </span>
    </p>
   </div>
   <div class='ocr_carea' id='block_1_55' title="bbox 205 2553 994 2589">
    <p class='ocr_par' dir='ltr' id='par_1_55' title="bbox 205 2553 994 2589">
     <span class='ocr_line' id='line_1_55' title="bbox 205 2553 994 2589; baseline 0.004 -10"><span class='ocrx_word' id='word_1_379' title='bbox 205 2553 263 2580; x_wconf 80' lang='lat' dir='ltr'><strong>ﬁeri</strong></span> <span class='ocrx_word' id='word_1_380' title='bbox 278 2553 509 2588; x_wconf 83' lang='lat' dir='ltr'><strong>quemadmodum</strong></span> <span class='ocrx_word' id='word_1_381' title='bbox 525 2554 628 2582; x_wconf 86' lang='lat' dir='ltr'><strong>dictum</strong></span> <span class='ocrx_word' id='word_1_382' title='bbox 643 2554 830 2589; x_wconf 85' lang='lat' dir='ltr'><strong>estsuperius.</strong></span> <span class='ocrx_word' id='word_1_383' title='bbox 846 2554 898 2582; x_wconf 88' lang='lat' dir='ltr'><strong>Sed</strong></span> <span class='ocrx_word' id='word_1_384' title='bbox 911 2555 994 2582; x_wconf 89' lang='lat' dir='ltr'><strong>etiam</strong></span> 
     </span>
    </p>
   </div>
   <div class='ocr_carea' id='block_1_56' title="bbox 207 2599 994 2634">
    <p class='ocr_par' dir='ltr' id='par_1_56' title="bbox 207 2599 994 2634">
     <span class='ocr_line' id='line_1_56' title="bbox 207 2599 994 2634; baseline 0.004 -9"><span class='ocrx_word' id='word_1_385' title='bbox 207 2606 267 2634; x_wconf 74' lang='lat' dir='ltr'><strong>quze</strong></span> <span class='ocrx_word' id='word_1_386' title='bbox 283 2599 373 2626; x_wconf 87' lang='lat' dir='ltr'><strong>adhuc</strong></span> <span class='ocrx_word' id='word_1_387' title='bbox 390 2604 498 2627; x_wconf 81' lang='lat' dir='ltr'><strong>exstant</strong></span> <span class='ocrx_word' id='word_1_388' title='bbox 514 2601 669 2628; x_wconf 91' lang='lat' dir='ltr'><strong>oblationes</strong></span> <span class='ocrx_word' id='word_1_389' title='bbox 687 2609 741 2628; x_wconf 91' lang='lat' dir='ltr'><strong>non</strong></span> <span class='ocrx_word' id='word_1_390' title='bbox 759 2601 862 2628; x_wconf 77' lang='lat' dir='ltr'><strong>deban</strong></span> <span class='ocrx_word' id='word_1_391' title='bbox 880 2602 994 2629; x_wconf 82' lang='lat' dir='ltr'><strong>alienari</strong></span> 
     </span>
    </p>
   </div>
   <div class='ocr_carea' id='block_1_57' title="bbox 205 2645 994 2679">
    <p class='ocr_par' dir='ltr' id='par_1_57' title="bbox 205 2645 994 2679">
     <span class='ocr_line' id='line_1_57' title="bbox 205 2645 994 2679; baseline 0.005 -9"><span class='ocrx_word' id='word_1_392' title='bbox 205 2649 338 2679; x_wconf 65' lang='lat' dir='ltr'><strong>praetextu</strong></span> <span class='ocrx_word' id='word_1_393' title='bbox 358 2645 598 2673; x_wconf 86' lang='lat' dir='ltr'><strong>documentorum.</strong></span> <span class='ocrx_word' id='word_1_394' title='bbox 618 2647 702 2674; x_wconf 85' lang='lat' dir='ltr'><strong>Porro</strong></span> <span class='ocrx_word' id='word_1_395' title='bbox 727 2652 819 2674; x_wconf 86' lang='lat' dir='ltr'><strong>autem</strong></span> <span class='ocrx_word' id='word_1_396' title='bbox 836 2655 890 2673; x_wconf 91' lang='lat' dir='ltr'><strong>non</strong></span> <span class='ocrx_word' id='word_1_397' title='bbox 905 2647 994 2674; x_wconf 92' lang='lat' dir='ltr'><strong>solum</strong></span> 
     </span>
    </p>
   </div>
   <div class='ocr_carea' id='block_1_58' title="bbox 205 2689 992 2730">
    <p class='ocr_par' dir='ltr' id='par_1_58' title="bbox 205 2689 992 2730">
     <span class='ocr_line' id='line_1_58' title="bbox 205 2689 992 2730; baseline 0.005 -15"><span class='ocrx_word' id='word_1_398' title='bbox 205 2697 270 2716; x_wconf 89' lang='lat' dir='ltr'><strong>cura</strong></span> <span class='ocrx_word' id='word_1_399' title='bbox 290 2689 443 2717; x_wconf 89' lang='lat' dir='ltr'><strong>animarqu</strong></span> <span class='ocrx_word' id='word_1_400' title='bbox 463 2691 669 2723; x_wconf 81' lang='lat' dir='ltr'><strong>monachorum,</strong></span> <span class='ocrx_word' id='word_1_401' title='bbox 696 2691 743 2718; x_wconf 83' lang='lat' dir='ltr'><strong>sed</strong></span> <span class='ocrx_word' id='word_1_402' title='bbox 765 2691 847 2719; x_wconf 83' lang='lat' dir='ltr'><strong>etiam</strong></span> <span class='ocrx_word' id='word_1_403' title='bbox 870 2692 992 2730; x_wconf 72' lang='lat' dir='ltr'><strong>ipsorum</strong></span> 
     </span>
    </p>
   </div>
   <div class='ocr_carea' id='block_1_59' title="bbox 205 2734 993 2771">
    <p class='ocr_par' dir='ltr' id='par_1_59' title="bbox 205 2734 993 2771">
     <span class='ocr_line' id='line_1_59' title="bbox 205 2734 993 2771; baseline 0.006 -12"><span class='ocrx_word' id='word_1_404' title='bbox 205 2734 388 2766; x_wconf 60' lang='lat' dir='ltr'><strong>scrutariam,</strong></span> <span class='ocrx_word' id='word_1_405' title='bbox 415 2734 551 2762; x_wconf 90' lang='lat' dir='ltr'><strong>incumbit</strong></span> <span class='ocrx_word' id='word_1_406' title='bbox 577 2735 751 2763; x_wconf 73' lang='lat' dir='ltr'><strong>sanctissimo</strong></span> <span class='ocrx_word' id='word_1_407' title='bbox 766 2737 950 2771; x_wconf 65' lang='lat' dir='ltr'><strong>patriarchae;</strong></span> <span class='ocrx_word' id='word_1_408' title='bbox 966 2742 993 2764; x_wconf 91' lang='lat' dir='ltr'><strong>et</strong></span> 
     </span>
    </p>
   </div>
   <div class='ocr_carea' id='block_1_60' title="bbox 205 2779 992 2816">
    <p class='ocr_par' dir='ltr' id='par_1_60' title="bbox 205 2779 992 2816">
     <span class='ocr_line' id='line_1_60' title="bbox 205 2779 992 2816; baseline 0.005 -11"><span class='ocrx_word' id='word_1_409' title='bbox 205 2779 316 2813; x_wconf 83' lang='lat' dir='ltr'><strong>quando</strong></span> <span class='ocrx_word' id='word_1_410' title='bbox 334 2780 435 2816; x_wconf 83' lang='lat' dir='ltr'><strong>viderit</strong></span> <span class='ocrx_word' id='word_1_411' title='bbox 449 2781 568 2814; x_wconf 87' lang='lat' dir='ltr'><strong>aliquem</strong></span> <span class='ocrx_word' id='word_1_412' title='bbox 581 2781 754 2808; x_wconf 66' lang='lat' dir='ltr'><strong>stocularium</strong></span> <span class='ocrx_word' id='word_1_413' title='bbox 770 2782 909 2809; x_wconf 80' lang='lat' dir='ltr'><strong>sitientem</strong></span> <span class='ocrx_word' id='word_1_414' title='bbox 927 2791 992 2816; x_wconf 82' lang='lat' dir='ltr'><strong>pro-</strong></span> 
     </span>
    </p>
   </div>
   <div class='ocr_carea' id='block_1_61' title="bbox 204 2826 994 2864">
    <p class='ocr_par' dir='ltr' id='par_1_61' title="bbox 204 2826 994 2864">
     <span class='ocr_line' id='line_1_61' title="bbox 204 2826 994 2864; baseline 0.006 -13"><span class='ocrx_word' id='word_1_415' title='bbox 204 2826 290 2859; x_wconf 86' lang='lat' dir='ltr'><strong>priam</strong></span> <span class='ocrx_word' id='word_1_416' title='bbox 307 2826 433 2859; x_wconf 89' lang='lat' dir='ltr'><strong>salutem,</strong></span> <span class='ocrx_word' id='word_1_417' title='bbox 461 2827 600 2862; x_wconf 87' lang='lat' dir='ltr'><strong>quomodo</strong></span> <span class='ocrx_word' id='word_1_418' title='bbox 617 2827 758 2863; x_wconf 78' lang='lat' dir='ltr'><strong>continget</strong></span> <span class='ocrx_word' id='word_1_419' title='bbox 788 2829 927 2864; x_wconf 77' lang='lat' dir='ltr'><strong>prohiberi</strong></span> <span class='ocrx_word' id='word_1_420' title='bbox 950 2837 994 2864; x_wconf 88' lang='lat' dir='ltr'><strong>pa-</strong></span> 
     </span>
    </p>
   </div>
   <div class='ocr_carea' id='block_1_62' title="bbox 205 2871 990 2906">
    <p class='ocr_par' dir='ltr' id='par_1_62' title="bbox 205 2871 990 2906">
     <span class='ocr_line' id='line_1_62' title="bbox 205 2871 990 2906; baseline 0.008 -11"><span class='ocrx_word' id='word_1_421' title='bbox 205 2871 365 2903; x_wconf 83' lang='lat' dir='ltr'><strong>tria-veham,</strong></span> <span class='ocrx_word' id='word_1_422' title='bbox 392 2872 540 2906; x_wconf 93' lang='lat' dir='ltr'><strong>quominus</strong></span> <span class='ocrx_word' id='word_1_423' title='bbox 554 2873 582 2900; x_wconf 87' lang='lat' dir='ltr'><strong>in</strong></span> <span class='ocrx_word' id='word_1_424' title='bbox 599 2874 766 2901; x_wconf 86' lang='lat' dir='ltr'><strong>monasterio</strong></span> <span class='ocrx_word' id='word_1_425' title='bbox 781 2881 843 2901; x_wconf 89' lang='lat' dir='ltr'><strong>cum</strong></span> <span class='ocrx_word' id='word_1_426' title='bbox 861 2874 990 2906; x_wconf 82' lang='lat' dir='ltr'><strong>collocet.</strong></span> 
     </span>
    </p>
   </div>
   <div class='ocr_carea' id='block_1_63' title="bbox 204 2914 992 2954">
    <p class='ocr_par' dir='ltr' id='par_1_63' title="bbox 204 2914 992 2954">
     <span class='ocr_line' id='line_1_63' title="bbox 204 2914 992 2954; baseline 0.009 -15"><span class='ocrx_word' id='word_1_427' title='bbox 204 2914 237 2939; x_wconf 84' lang='lat' dir='ltr'><strong>ad</strong></span> <span class='ocrx_word' id='word_1_428' title='bbox 253 2915 369 2943; x_wconf 86' lang='lat' dir='ltr'><strong>salutem</strong></span> <span class='ocrx_word' id='word_1_429' title='bbox 397 2917 496 2945; x_wconf 66' lang='lat' dir='ltr'><strong>animm</strong></span> <span class='ocrx_word' id='word_1_430' title='bbox 509 2918 569 2954; x_wconf 84' lang='lat' dir='ltr'><strong>ejus</strong></span> <span class='ocrx_word' id='word_1_431' title='bbox 595 2918 642 2953; x_wconf 92' lang='lat' dir='ltr'><strong>qui</strong></span> <span class='ocrx_word' id='word_1_432' title='bbox 663 2919 789 2946; x_wconf 83' lang='lat' dir='ltr'><strong>accedit?</strong></span> <span class='ocrx_word' id='word_1_433' title='bbox 807 2919 886 2946; x_wconf 64' lang='lat' dir='ltr'><strong>Citra</strong></span> <span class='ocrx_word' id='word_1_434' title='bbox 907 2919 992 2947; x_wconf 87' lang='lat' dir='ltr'><strong>ullum</strong></span> 
     </span>
    </p>
   </div>
   <div class='ocr_carea' id='block_1_64' title="bbox 1057 295 1849 332">
    <p class='ocr_par' dir='ltr' id='par_1_64' title="bbox 1057 295 1849 332">
     <span class='ocr_line' id='line_1_64' title="bbox 1057 295 1849 332; baseline 0.004 -11"><span class='ocrx_word' id='word_1_435' title='bbox 1057 304 1137 330; x_wconf 76' lang='grc' dir='ltr'>μενον</span> <span class='ocrx_word' id='word_1_436' title='bbox 1153 295 1265 330; x_wconf 65' lang='grc' dir='ltr'>σφάλμα</span> <span class='ocrx_word' id='word_1_437' title='bbox 1292 297 1332 327; x_wconf 77' lang='grc' dir='ltr'>είς</span> <span class='ocrx_word' id='word_1_438' title='bbox 1361 296 1554 332; x_wconf 85' lang='grc' dir='ltr'>μοναστήριον,</span> <span class='ocrx_word' id='word_1_439' title='bbox 1575 296 1591 332; x_wconf 91' lang='grc' dir='ltr'>ἢ</span> <span class='ocrx_word' id='word_1_440' title='bbox 1611 297 1658 323; x_wconf 75' lang='grc' dir='ltr'><strong>καὶ</strong></span> <span class='ocrx_word' id='word_1_441' title='bbox 1681 297 1770 329; x_wconf 78' lang='grc' dir='ltr'>ἄλλως</span> <span class='ocrx_word' id='word_1_442' title='bbox 1795 298 1849 324; x_wconf 79' lang='grc' dir='ltr'><strong>ἀπὸ</strong></span> 
     </span>
    </p>
   </div>
   <div class='ocr_carea' id='block_1_65' title="bbox 1055 341 1849 377">
    <p class='ocr_par' dir='ltr' id='par_1_65' title="bbox 1055 341 1849 377">
     <span class='ocr_line' id='line_1_65' title="bbox 1055 341 1849 377; baseline 0.001 -10"><span class='ocrx_word' id='word_1_443' title='bbox 1055 341 1150 376; x_wconf 80' lang='grc' dir='ltr'>φήμης</span> <span class='ocrx_word' id='word_1_444' title='bbox 1167 341 1249 368; x_wconf 86' lang='grc' dir='ltr'>τινῶν</span> <span class='ocrx_word' id='word_1_445' title='bbox 1269 341 1285 376; x_wconf 87' lang='grc' dir='ltr'><strong>ἥ</strong></span> <span class='ocrx_word' id='word_1_446' title='bbox 1314 342 1360 367; x_wconf 81' lang='grc' dir='ltr'><strong>καὶ</strong></span> <span class='ocrx_word' id='word_1_447' title='bbox 1377 342 1435 372; x_wconf 60' lang='lat' dir='ltr'><strong>sva;</strong></span> <span class='ocrx_word' id='word_1_448' title='bbox 1454 342 1571 377; x_wconf 82' lang='grc' dir='ltr'>ἀκούσῃ,</span> <span class='ocrx_word' id='word_1_449' title='bbox 1587 341 1648 368; x_wconf 77' lang='grc' dir='ltr'>τότε</span> <span class='ocrx_word' id='word_1_450' title='bbox 1664 341 1849 368; x_wconf 72' lang='grc' dir='ltr'><strong>εἰσελεύσεται</strong></span> 
     </span>
    </p>
   </div>
   <div class='ocr_carea' id='block_1_66' title="bbox 1054 385 1846 422">
    <p class='ocr_par' dir='ltr' id='par_1_66' title="bbox 1054 385 1846 422">
     <span class='ocr_line' id='line_1_66' title="bbox 1054 385 1846 422; baseline 0.004 -11"><span class='ocrx_word' id='word_1_451' title='bbox 1054 385 1091 416; x_wconf 79' lang='grc' dir='ltr'><strong>ὡς</strong></span> <span class='ocrx_word' id='word_1_452' title='bbox 1119 386 1226 421; x_wconf 82' lang='grc' dir='ltr'>εἴρηται</span> <span class='ocrx_word' id='word_1_453' title='bbox 1257 386 1303 412; x_wconf 74' lang='grc' dir='ltr'>καὶ</span> <span class='ocrx_word' id='word_1_454' title='bbox 1331 386 1473 421; x_wconf 78' lang='grc' dir='ltr'><strong>ἐρευνήσει</strong></span> <span class='ocrx_word' id='word_1_455' title='bbox 1499 388 1534 413; x_wconf 71' lang='grc' dir='ltr'><strong>τὰ</strong></span> <span class='ocrx_word' id='word_1_456' title='bbox 1557 387 1661 422; x_wconf 70' lang='grc' dir='ltr'>ψυχικὰ</span> <span class='ocrx_word' id='word_1_457' title='bbox 1688 387 1846 422; x_wconf 86' lang='grc' dir='ltr'>σφάλματα.</span> 
     </span>
    </p>
   </div>
   <div class='ocr_carea' id='block_1_67' title="bbox 1055 431 1878 468">
    <p class='ocr_par' dir='ltr' id='par_1_67' title="bbox 1055 431 1878 468">
     <span class='ocr_line' id='line_1_67' title="bbox 1055 431 1878 468; baseline 0.002 -10"><span class='ocrx_word' id='word_1_458' title='bbox 1055 432 1107 458; x_wconf 66' lang='grc' dir='ltr'>κᾶν</span> <span class='ocrx_word' id='word_1_459' title='bbox 1125 432 1163 468; x_wconf 78' lang='grc' dir='ltr'>μὴ</span> <span class='ocrx_word' id='word_1_460' title='bbox 1178 433 1192 459; x_wconf 84' lang='grc' dir='ltr'><em>ὁ</em></span> <span class='ocrx_word' id='word_1_461' title='bbox 1219 431 1305 459; x_wconf 85' lang='grc' dir='ltr'>είπὼν</span> <span class='ocrx_word' id='word_1_462' title='bbox 1331 431 1460 468; x_wconf 81' lang='grc' dir='ltr'>βούληται</span> <span class='ocrx_word' id='word_1_463' title='bbox 1486 433 1655 460; x_wconf 77' lang='grc' dir='ltr'>ὑπεισελῦεῑν</span> <span class='ocrx_word' id='word_1_464' title='bbox 1671 433 1766 467; x_wconf 75' lang='grc' dir='ltr'>ἀγῶνα</span> <span class='ocrx_word' id='word_1_465' title='bbox 1780 434 1845 460; x_wconf 55' lang='grc' dir='ltr'>ἀπο.</span> <span class='ocrx_word' id='word_1_466' title='bbox 1874 447 1878 455; x_wconf 62' lang='grc' dir='ltr'>ί</span> 
     </span>
    </p>
   </div>
   <div class='ocr_carea' id='block_1_68' title="bbox 1055 468 1845 514">
    <p class='ocr_par' dir='ltr' id='par_1_68' title="bbox 1055 468 1845 514">
     <span class='ocr_line' id='line_1_68' title="bbox 1055 468 1845 514; baseline 0 -10"><span class='ocrx_word' id='word_1_467' title='bbox 1055 478 1177 510; x_wconf 75' lang='grc' dir='ltr'>δείξεως.</span> <span class='ocrx_word' id='word_1_468' title='bbox 1200 478 1230 504; x_wconf 93' lang='lat'><strong>&#39;0</strong></span> <span class='ocrx_word' id='word_1_469' title='bbox 1255 477 1310 514; x_wconf 76' lang='grc' dir='ltr'>γὰρ</span> <span class='ocrx_word' id='word_1_470' title='bbox 1327 468 1492 514; x_wconf 64' lang='grc' dir='ltr'>Χριστιανδς</span> <span class='ocrx_word' id='word_1_471' title='bbox 1515 479 1658 514; x_wconf 77' lang='grc' dir='ltr'>ἄνθρωπος</span> <span class='ocrx_word' id='word_1_472' title='bbox 1674 479 1753 514; x_wconf 81' lang='grc' dir='ltr'>χρέος</span> <span class='ocrx_word' id='word_1_473' title='bbox 1780 479 1845 513; x_wconf 77' lang='grc' dir='ltr'>ἔχει,</span> 
     </span>
    </p>
   </div>
   <div class='ocr_carea' id='block_1_69' title="bbox 1054 525 1846 561">
    <p class='ocr_par' dir='ltr' id='par_1_69' title="bbox 1054 525 1846 561">
     <span class='ocr_line' id='line_1_69' title="bbox 1054 525 1846 561; baseline 0 -9"><span class='ocrx_word' id='word_1_474' title='bbox 1054 525 1118 552; x_wconf 79' lang='grc' dir='ltr'>ὅταν</span> <span class='ocrx_word' id='word_1_475' title='bbox 1132 533 1158 551; x_wconf 91' lang='grc' dir='ltr'><strong>τι</strong></span> <span class='ocrx_word' id='word_1_476' title='bbox 1174 525 1281 561; x_wconf 78' lang='grc' dir='ltr'><strong>ἀκούσῃ</strong></span> <span class='ocrx_word' id='word_1_477' title='bbox 1296 525 1443 560; x_wconf 75' lang='grc' dir='ltr'>γενόμενον</span> <span class='ocrx_word' id='word_1_478' title='bbox 1458 525 1590 557; x_wconf 77' lang='grc' dir='ltr'>ἐναντίον,</span> <span class='ocrx_word' id='word_1_479' title='bbox 1606 525 1698 559; x_wconf 77' lang='grc' dir='ltr'>λέγειν</span> <span class='ocrx_word' id='word_1_480' title='bbox 1716 525 1795 551; x_wconf 80' lang='grc' dir='ltr'>τοῦτο</span> <span class='ocrx_word' id='word_1_481' title='bbox 1809 525 1846 560; x_wconf 83' lang='grc' dir='ltr'>τῷ</span> 
     </span>
    </p>
   </div>
   <div class='ocr_carea' id='block_1_70' title="bbox 1055 571 1844 608">
    <p class='ocr_par' dir='ltr' id='par_1_70' title="bbox 1055 571 1844 608">
     <span class='ocr_line' id='line_1_70' title="bbox 1055 571 1844 608; baseline 0.001 -10"><span class='ocrx_word' id='word_1_482' title='bbox 1055 571 1136 606; x_wconf 66' lang='grc' dir='ltr'>κοινῷ</span> <span class='ocrx_word' id='word_1_483' title='bbox 1154 572 1334 607; x_wconf 84' lang='grc' dir='ltr'>πνευματικῷ</span> <span class='ocrx_word' id='word_1_484' title='bbox 1351 573 1435 608; x_wconf 69' lang='grc' dir='ltr'>πατρὶ</span> <span class='ocrx_word' id='word_1_485' title='bbox 1459 574 1506 600; x_wconf 82' lang='grc' dir='ltr'>καὶ</span> <span class='ocrx_word' id='word_1_486' title='bbox 1527 573 1667 608; x_wconf 80' lang='grc' dir='ltr'>ἀρχιερεῖ·</span> <span class='ocrx_word' id='word_1_487' title='bbox 1686 573 1752 604; x_wconf 78' lang='grc' dir='ltr'>ἴσως</span> <span class='ocrx_word' id='word_1_488' title='bbox 1772 573 1801 599; x_wconf 79' lang='grc' dir='ltr'>δὲ</span> <span class='ocrx_word' id='word_1_489' title='bbox 1815 574 1844 599; x_wconf 75' lang='grc' dir='ltr'>οὐ</span> 
     </span>
    </p>
   </div>
   <div class='ocr_carea' id='block_1_71' title="bbox 1056 617 1846 653">
    <p class='ocr_par' dir='ltr' id='par_1_71' title="bbox 1056 617 1846 653">
     <span class='ocr_line' id='line_1_71' title="bbox 1056 617 1846 653; baseline 0.003 -9"><span class='ocrx_word' id='word_1_490' title='bbox 1056 618 1093 653; x_wconf 86' lang='grc' dir='ltr'>μὴ</span> <span class='ocrx_word' id='word_1_491' title='bbox 1112 617 1239 653; x_wconf 81' lang='grc' dir='ltr'>βούλεται</span> <span class='ocrx_word' id='word_1_492' title='bbox 1255 618 1427 645; x_wconf 81' lang='grc' dir='ltr'>ὑπεισελοείν</span> <span class='ocrx_word' id='word_1_493' title='bbox 1445 619 1491 645; x_wconf 72' lang='grc' dir='ltr'>τὸν</span> <span class='ocrx_word' id='word_1_494' title='bbox 1508 619 1602 653; x_wconf 80' lang='grc' dir='ltr'>ἀγῶνα</span> <span class='ocrx_word' id='word_1_495' title='bbox 1625 619 1719 646; x_wconf 83' lang='grc' dir='ltr'>τοῦτον</span> <span class='ocrx_word' id='word_1_496' title='bbox 1730 628 1737 634; x_wconf 89' lang='grc'><strong>·</strong></span> <span class='ocrx_word' id='word_1_497' title='bbox 1759 620 1846 647; x_wconf 80' lang='grc' dir='ltr'>καὶτὸ</span> 
     </span>
    </p>
   </div>
   <div class='ocr_carea' id='block_1_72' title="bbox 1054 664 1845 700">
    <p class='ocr_par' dir='ltr' id='par_1_72' title="bbox 1054 664 1845 700">
     <span class='ocr_line' id='line_1_72' title="bbox 1054 664 1845 700; baseline 0.003 -10"><span class='ocrx_word' id='word_1_498' title='bbox 1054 664 1308 699; x_wconf 70' lang='grc' dir='ltr'>καταλιμπάνεσθαι</span> <span class='ocrx_word' id='word_1_499' title='bbox 1324 664 1369 691; x_wconf 84' lang='grc' dir='ltr'>διὰ</span> <span class='ocrx_word' id='word_1_500' title='bbox 1384 665 1434 700; x_wconf 82' lang='grc' dir='ltr'><strong>τὴν</strong></span> <span class='ocrx_word' id='word_1_501' title='bbox 1445 665 1574 700; x_wconf 71' lang='grc' dir='ltr'>τοιαύτην</span> <span class='ocrx_word' id='word_1_502' title='bbox 1591 665 1681 692; x_wconf 82' lang='grc' dir='ltr'>αίτίαν</span> <span class='ocrx_word' id='word_1_503' title='bbox 1695 665 1730 692; x_wconf 76' lang='grc' dir='ltr'>τὰ</span> <span class='ocrx_word' id='word_1_504' title='bbox 1742 666 1845 700; x_wconf 74' lang='grc' dir='ltr'>ψυχικὰ</span> 
     </span>
    </p>
   </div>
   <div class='ocr_carea' id='block_1_73' title="bbox 1055 710 1845 746">
    <p class='ocr_par' dir='ltr' id='par_1_73' title="bbox 1055 710 1845 746">
     <span class='ocr_line' id='line_1_73' title="bbox 1055 710 1845 746; baseline 0.001 -10"><span class='ocrx_word' id='word_1_505' title='bbox 1055 710 1201 745; x_wconf 67' lang='grc' dir='ltr'>σφάλματα</span> <span class='ocrx_word' id='word_1_506' title='bbox 1226 711 1416 746; x_wconf 84' lang='grc' dir='ltr'>ἀνεπιτήρητα</span> <span class='ocrx_word' id='word_1_507' title='bbox 1433 712 1481 737; x_wconf 80' lang='grc' dir='ltr'><strong>καὶ</strong></span> <span class='ocrx_word' id='word_1_508' title='bbox 1499 711 1663 746; x_wconf 77' lang='grc' dir='ltr'>ἀδιόρθωτα,</span> <span class='ocrx_word' id='word_1_509' title='bbox 1685 711 1744 738; x_wconf 77' lang='grc' dir='ltr'>ἐστι</span> <span class='ocrx_word' id='word_1_510' title='bbox 1767 711 1845 738; x_wconf 82' lang='grc' dir='ltr'>τοῦτο</span> 
     </span>
    </p>
   </div>
   <div class='ocr_carea' id='block_1_74' title="bbox 1054 756 1842 793">
    <p class='ocr_par' dir='ltr' id='par_1_74' title="bbox 1054 756 1842 793">
     <span class='ocr_line' id='line_1_74' title="bbox 1054 756 1842 793; baseline 0.003 -11"><span class='ocrx_word' id='word_1_511' title='bbox 1054 757 1142 792; x_wconf 74' lang='grc' dir='ltr'>πάντη</span> <span class='ocrx_word' id='word_1_512' title='bbox 1159 756 1269 789; x_wconf 73' lang='grc' dir='ltr'>ἄτοπον,</span> <span class='ocrx_word' id='word_1_513' title='bbox 1286 757 1399 792; x_wconf 75' lang='grc' dir='ltr'>μηδενὸς</span> <span class='ocrx_word' id='word_1_514' title='bbox 1416 758 1556 793; x_wconf 65' lang='grc' dir='ltr'>ἐγγράφου</span> <span class='ocrx_word' id='word_1_515' title='bbox 1570 759 1745 793; x_wconf 75' lang='grc' dir='ltr'>-οἱουδήτινος</span> <span class='ocrx_word' id='word_1_516' title='bbox 1766 758 1842 793; x_wconf 85' lang='grc' dir='ltr'>βασι-</span> 
     </span>
    </p>
   </div>
   <div class='ocr_carea' id='block_1_75' title="bbox 1053 802 1843 839">
    <p class='ocr_par' dir='ltr' id='par_1_75' title="bbox 1053 802 1843 839">
     <span class='ocr_line' id='line_1_75' title="bbox 1053 802 1843 839; baseline 0.004 -11"><span class='ocrx_word' id='word_1_517' title='bbox 1053 802 1130 829; x_wconf 88' lang='grc' dir='ltr'>λικοῦ</span> <span class='ocrx_word' id='word_1_518' title='bbox 1147 802 1163 837; x_wconf 79' lang='grc' dir='ltr'>ἢ</span> <span class='ocrx_word' id='word_1_519' title='bbox 1177 803 1378 838; x_wconf 67' lang='grc' dir='ltr'>πατριαρχικοῠ</span> <span class='ocrx_word' id='word_1_520' title='bbox 1395 803 1547 835; x_wconf 79' lang='grc' dir='ltr'>κωλύοντος</span> <span class='ocrx_word' id='word_1_521' title='bbox 1561 806 1600 836; x_wconf 80' lang='grc' dir='ltr'><strong>εἰς</strong></span> <span class='ocrx_word' id='word_1_522' title='bbox 1616 804 1706 831; x_wconf 65' lang='grc' dir='ltr'>τοῦτο.</span> <span class='ocrx_word' id='word_1_523' title='bbox 1725 805 1799 839; x_wconf 77' lang='grc' dir='ltr'>Πλὴν</span> <span class='ocrx_word' id='word_1_524' title='bbox 1811 805 1843 831; x_wconf 72' lang='grc' dir='ltr'><strong>τὶ</strong></span> 
     </span>
    </p>
   </div>
   <div class='ocr_carea' id='block_1_76' title="bbox 1056 847 1842 884">
    <p class='ocr_par' dir='ltr' id='par_1_76' title="bbox 1056 847 1842 884">
     <span class='ocr_line' id='line_1_76' title="bbox 1056 847 1842 884; baseline 0.005 -12"><span class='ocrx_word' id='word_1_525' title='bbox 1056 847 1224 882; x_wconf 74' lang='grc' dir='ltr'>μοναστήρια</span> <span class='ocrx_word' id='word_1_526' title='bbox 1241 847 1379 881; x_wconf 74' lang='grc' dir='ltr'>ὀφείλουσι</span> <span class='ocrx_word' id='word_1_527' title='bbox 1393 847 1583 883; x_wconf 80' lang='grc' dir='ltr'>διατηρετσθαι</span> <span class='ocrx_word' id='word_1_528' title='bbox 1598 849 1803 884; x_wconf 74' lang='grc' dir='ltr'>ἀκαινοτὸμητα</span> <span class='ocrx_word' id='word_1_529' title='bbox 1816 851 1842 875; x_wconf 76' lang='grc' dir='ltr'><strong>ἐν</strong></span> 
     </span>
    </p>
   </div>
   <div class='ocr_carea' id='block_1_77' title="bbox 1053 893 1841 932">
    <p class='ocr_par' dir='ltr' id='par_1_77' title="bbox 1053 893 1841 932">
     <span class='ocr_line' id='line_1_77' title="bbox 1053 893 1841 932; baseline 0.005 -13"><span class='ocrx_word' id='word_1_530' title='bbox 1053 894 1115 924; x_wconf 77' lang='grc' dir='ltr'>ταῖς</span> <span class='ocrx_word' id='word_1_531' title='bbox 1134 893 1260 929; x_wconf 69' lang='grc' dir='ltr'>ὲρεύναις</span> <span class='ocrx_word' id='word_1_532' title='bbox 1285 895 1339 921; x_wconf 87' lang='grc' dir='ltr'><strong>τῶν</strong></span> <span class='ocrx_word' id='word_1_533' title='bbox 1357 895 1612 930; x_wconf 76' lang='grc' dir='ltr'>ἁποστελλομένων,</span> <span class='ocrx_word' id='word_1_534' title='bbox 1636 897 1775 932; x_wconf 78' lang='grc' dir='ltr'><strong>μηδεμιᾶς</strong></span> <span class='ocrx_word' id='word_1_535' title='bbox 1798 898 1841 923; x_wconf 70' lang='grc' dir='ltr'><strong>ἐν·</strong></span> 
     </span>
    </p>
   </div>
   <div class='ocr_carea' id='block_1_78' title="bbox 1055 940 1842 978">
    <p class='ocr_par' dir='ltr' id='par_1_78' title="bbox 1055 940 1842 978">
     <span class='ocr_line' id='line_1_78' title="bbox 1055 940 1842 978; baseline 0.005 -13"><span class='ocrx_word' id='word_1_536' title='bbox 1055 940 1150 966; x_wconf 81' lang='grc' dir='ltr'>τεῦοεν</span> <span class='ocrx_word' id='word_1_537' title='bbox 1164 940 1306 976; x_wconf 75' lang='grc' dir='ltr'><strong>διδομένης</strong></span> <span class='ocrx_word' id='word_1_538' title='bbox 1322 941 1461 976; x_wconf 76' lang='grc' dir='ltr'><strong>δαπάνης·</strong></span> <span class='ocrx_word' id='word_1_539' title='bbox 1481 942 1541 968; x_wconf 82' lang='grc' dir='ltr'>τότε</span> <span class='ocrx_word' id='word_1_540' title='bbox 1558 943 1612 977; x_wconf 73' lang='grc' dir='ltr'>γὰρ</span> <span class='ocrx_word' id='word_1_541' title='bbox 1634 944 1680 969; x_wconf 79' lang='grc' dir='ltr'><strong>καὶ</strong></span> <span class='ocrx_word' id='word_1_542' title='bbox 1693 944 1710 978; x_wconf 71' lang='grc' dir='ltr'>ἡ</span> <span class='ocrx_word' id='word_1_543' title='bbox 1729 943 1842 978; x_wconf 78' lang='grc' dir='ltr'>διόρθω-</span> 
     </span>
    </p>
   </div>
   <div class='ocr_carea' id='block_1_79' title="bbox 1055 983 1842 1022">
    <p class='ocr_par' dir='ltr' id='par_1_79' title="bbox 1055 983 1842 1022">
     <span class='ocr_line' id='line_1_79' title="bbox 1055 983 1842 1022; baseline 0 -10"><span class='ocrx_word' id='word_1_544' title='bbox 1055 995 1096 1016; x_wconf 79' lang='grc' dir='ltr'>σις</span> <span class='ocrx_word' id='word_1_545' title='bbox 1123 986 1178 1012; x_wconf 79' lang='grc' dir='ltr'>τῶν</span> <span class='ocrx_word' id='word_1_546' title='bbox 1211 983 1334 1021; x_wconf 70' lang='grc' dir='ltr'>ψυχικῶν</span> <span class='ocrx_word' id='word_1_547' title='bbox 1363 987 1532 1022; x_wconf 78' lang='grc' dir='ltr'>σφαλμάτων</span> <span class='ocrx_word' id='word_1_548' title='bbox 1563 988 1682 1018; x_wconf 64' lang='grc' dir='ltr'>εὐκόλως</span> <span class='ocrx_word' id='word_1_549' title='bbox 1711 989 1759 1015; x_wconf 64' lang='grc' dir='ltr'><strong>σὺν</strong></span> <span class='ocrx_word' id='word_1_550' title='bbox 1785 989 1842 1022; x_wconf 72' lang='grc' dir='ltr'><strong>Θεῷ</strong></span> 
     </span>
    </p>
   </div>
   <div class='ocr_carea' id='block_1_80' title="bbox 1051 1033 1841 1069">
    <p class='ocr_par' dir='ltr' id='par_1_80' title="bbox 1051 1033 1841 1069">
     <span class='ocr_line' id='line_1_80' title="bbox 1051 1033 1841 1069; baseline 0.004 -11"><span class='ocrx_word' id='word_1_551' title='bbox 1051 1033 1208 1068; x_wconf 69' lang='grc' dir='ltr'>γενήσεται.</span> <span class='ocrx_word' id='word_1_552' title='bbox 1222 1033 1284 1059; x_wconf 74' lang='grc' dir='ltr'><strong>Ἐπὶ</strong></span> <span class='ocrx_word' id='word_1_553' title='bbox 1292 1033 1320 1060; x_wconf 85' lang='grc' dir='ltr'><em>δέ</em></span> <span class='ocrx_word' id='word_1_554' title='bbox 1332 1042 1363 1068; x_wconf 87' lang='grc' dir='ltr'><strong>γε</strong></span> <span class='ocrx_word' id='word_1_555' title='bbox 1377 1035 1433 1066; x_wconf 84' lang='grc' dir='ltr'>τοῖς</span> <span class='ocrx_word' id='word_1_556' title='bbox 1447 1034 1507 1060; x_wconf 80' lang='grc' dir='ltr'>κατ’</span> <span class='ocrx_word' id='word_1_557' title='bbox 1516 1034 1636 1060; x_wconf 71' lang='grc' dir='ltr'>ἐπίδοσιν</span> <span class='ocrx_word' id='word_1_558' title='bbox 1649 1034 1748 1060; x_wconf 77' lang='grc' dir='ltr'>δοθεῖσι</span> <span class='ocrx_word' id='word_1_559' title='bbox 1760 1043 1841 1069; x_wconf 77' lang='grc' dir='ltr'>μονα-</span> 
     </span>
    </p>
   </div>
   <div class='ocr_carea' id='block_1_81' title="bbox 1054 1079 1840 1116">
    <p class='ocr_par' dir='ltr' id='par_1_81' title="bbox 1054 1079 1840 1116">
     <span class='ocr_line' id='line_1_81' title="bbox 1054 1079 1840 1116; baseline 0.003 -11"><span class='ocrx_word' id='word_1_560' title='bbox 1054 1079 1176 1114; x_wconf 76' lang='grc' dir='ltr'>στηρίοις</span> <span class='ocrx_word' id='word_1_561' title='bbox 1197 1079 1244 1106; x_wconf 84' lang='grc' dir='ltr'>καὶ</span> <span class='ocrx_word' id='word_1_562' title='bbox 1262 1079 1323 1107; x_wconf 77' lang='grc' dir='ltr'>κατ’</span> <span class='ocrx_word' id='word_1_563' title='bbox 1339 1080 1466 1114; x_wconf 77' lang='grc' dir='ltr'><strong>ἐφορείαν</strong></span> <span class='ocrx_word' id='word_1_564' title='bbox 1481 1080 1496 1116; x_wconf 85' lang='grc' dir='ltr'>ἦ</span> <span class='ocrx_word' id='word_1_565' title='bbox 1512 1081 1668 1115; x_wconf 73' lang='grc' dir='ltr'>οἰκονομίαν</span> <span class='ocrx_word' id='word_1_566' title='bbox 1687 1081 1703 1116; x_wconf 84' lang='grc' dir='ltr'><strong>ἢ</strong></span> <span class='ocrx_word' id='word_1_567' title='bbox 1724 1081 1840 1116; x_wconf 80' lang='grc' dir='ltr'>παντελῆ</span> 
     </span>
    </p>
   </div>
   <div class='ocr_carea' id='block_1_82' title="bbox 1053 1125 1841 1162">
    <p class='ocr_par' dir='ltr' id='par_1_82' title="bbox 1053 1125 1841 1162">
     <span class='ocr_line' id='line_1_82' title="bbox 1053 1125 1841 1162; baseline 0.005 -12"><span class='ocrx_word' id='word_1_568' title='bbox 1053 1125 1212 1160; x_wconf 73' lang='grc' dir='ltr'>ἐλευθερίαν</span> <span class='ocrx_word' id='word_1_569' title='bbox 1230 1126 1260 1152; x_wconf 77' lang='grc' dir='ltr'><strong>οὐ</strong></span> <span class='ocrx_word' id='word_1_570' title='bbox 1277 1127 1357 1161; x_wconf 68' lang='grc' dir='ltr'>μίνον</span> <span class='ocrx_word' id='word_1_571' title='bbox 1369 1127 1403 1153; x_wconf 76' lang='grc' dir='ltr'>τὰ</span> <span class='ocrx_word' id='word_1_572' title='bbox 1418 1126 1486 1153; x_wconf 78' lang='grc' dir='ltr'>ἄλλα</span> <span class='ocrx_word' id='word_1_573' title='bbox 1501 1126 1604 1162; x_wconf 73' lang='grc' dir='ltr'>ψυχιχὰ</span> <span class='ocrx_word' id='word_1_574' title='bbox 1622 1127 1767 1162; x_wconf 73' lang='grc' dir='ltr'>σφάλματα</span> <span class='ocrx_word' id='word_1_575' title='bbox 1783 1128 1841 1154; x_wconf 62' lang='lat' dir='ltr'><strong>Em-</strong></span> 
     </span>
    </p>
   </div>
   <div class='ocr_carea' id='block_1_83' title="bbox 1053 1171 1840 1209">
    <p class='ocr_par' dir='ltr' id='par_1_83' title="bbox 1053 1171 1840 1209">
     <span class='ocr_line' id='line_1_83' title="bbox 1053 1171 1840 1209; baseline 0.005 -13"><span class='ocrx_word' id='word_1_576' title='bbox 1053 1171 1180 1206; x_wconf 77' lang='grc' dir='ltr'><strong>ζητήσει,</strong></span> <span class='ocrx_word' id='word_1_577' title='bbox 1200 1172 1268 1198; x_wconf 78' lang='grc' dir='ltr'>ἀλλὰ</span> <span class='ocrx_word' id='word_1_578' title='bbox 1295 1173 1342 1199; x_wconf 65' lang='grc' dir='ltr'><strong>καλ¹</strong></span> <span class='ocrx_word' id='word_1_579' title='bbox 1362 1173 1386 1199; x_wconf 82' lang='grc' dir='ltr'><strong>εἰ</strong></span> <span class='ocrx_word' id='word_1_580' title='bbox 1402 1173 1593 1209; x_wconf 80' lang='grc' dir='ltr'>κατελύθησαν</span> <span class='ocrx_word' id='word_1_581' title='bbox 1619 1173 1635 1209; x_wconf 81' lang='grc' dir='ltr'>ἢ</span> <span class='ocrx_word' id='word_1_582' title='bbox 1663 1173 1840 1200; x_wconf 76' lang='grc' dir='ltr'>καταλύονται</span> 
     </span>
    </p>
   </div>
   <div class='ocr_carea' id='block_1_84' title="bbox 1055 1217 1841 1253">
    <p class='ocr_par' dir='ltr' id='par_1_84' title="bbox 1055 1217 1841 1253">
     <span class='ocr_line' id='line_1_84' title="bbox 1055 1217 1841 1253; baseline 0.001 -10"><span class='ocrx_word' id='word_1_583' title='bbox 1055 1217 1176 1252; x_wconf 79' lang='grc' dir='ltr'>μερικῶς</span> <span class='ocrx_word' id='word_1_584' title='bbox 1192 1217 1208 1252; x_wconf 84' lang='grc' dir='ltr'><strong>ἤ</strong></span> <span class='ocrx_word' id='word_1_585' title='bbox 1224 1217 1340 1244; x_wconf 79' lang='grc' dir='ltr'>καθόλου</span> <span class='ocrx_word' id='word_1_586' title='bbox 1357 1218 1432 1253; x_wconf 73' lang='grc' dir='ltr'>παρὰ</span> <span class='ocrx_word' id='word_1_587' title='bbox 1449 1218 1503 1244; x_wconf 85' lang='grc' dir='ltr'>τῶν</span> <span class='ocrx_word' id='word_1_588' title='bbox 1520 1219 1658 1245; x_wconf 82' lang='grc' dir='ltr'>λαϐόντων</span> <span class='ocrx_word' id='word_1_589' title='bbox 1674 1219 1772 1247; x_wconf 73' lang='grc' dir='ltr'>ταῦτα.</span> <span class='ocrx_word' id='word_1_590' title='bbox 1789 1219 1841 1245; x_wconf 70' lang='grc' dir='ltr'><strong>Καὶ</strong></span> 
     </span>
    </p>
   </div>
   <div class='ocr_carea' id='block_1_85' title="bbox 1053 1262 1840 1297">
    <p class='ocr_par' dir='ltr' id='par_1_85' title="bbox 1053 1262 1840 1297">
     <span class='ocr_line' id='line_1_85' title="bbox 1053 1262 1840 1297; baseline 0.001 -9"><span class='ocrx_word' id='word_1_591' title='bbox 1053 1263 1077 1288; x_wconf 85' lang='grc' dir='ltr'><strong>εί</strong></span> <span class='ocrx_word' id='word_1_592' title='bbox 1104 1263 1215 1297; x_wconf 80' lang='grc' dir='ltr'>εὑρήσει</span> <span class='ocrx_word' id='word_1_593' title='bbox 1248 1263 1325 1294; x_wconf 77' lang='grc' dir='ltr'>τινας</span> <span class='ocrx_word' id='word_1_594' title='bbox 1356 1262 1485 1297; x_wconf 81' lang='grc' dir='ltr'>μειώσεις</span> <span class='ocrx_word' id='word_1_595' title='bbox 1509 1263 1537 1289; x_wconf 82' lang='grc' dir='ltr'><strong>ὲν</strong></span> <span class='ocrx_word' id='word_1_596' title='bbox 1564 1263 1657 1294; x_wconf 80' lang='grc' dir='ltr'>αὐτοῖς</span> <span class='ocrx_word' id='word_1_597' title='bbox 1687 1263 1840 1297; x_wconf 80' lang='grc' dir='ltr'>γινομένας,</span> 
     </span>
    </p>
   </div>
   <div class='ocr_carea' id='block_1_86' title="bbox 1055 1306 1841 1343">
    <p class='ocr_par' dir='ltr' id='par_1_86' title="bbox 1055 1306 1841 1343">
     <span class='ocr_line' id='line_1_86' title="bbox 1055 1306 1841 1343; baseline 0.004 -11"><span class='ocrx_word' id='word_1_598' title='bbox 1055 1306 1259 1340; x_wconf 77' lang='grc' dir='ltr'>καταναγκάσει</span> <span class='ocrx_word' id='word_1_599' title='bbox 1301 1308 1364 1338; x_wconf 79' lang='grc' dir='ltr'>τοὺς</span> <span class='ocrx_word' id='word_1_600' title='bbox 1401 1307 1486 1334; x_wconf 77' lang='grc' dir='ltr'>ταῦτα</span> <span class='ocrx_word' id='word_1_601' title='bbox 1517 1308 1682 1343; x_wconf 86' lang='grc' dir='ltr'>κατέχοντας</span> <span class='ocrx_word' id='word_1_602' title='bbox 1710 1308 1841 1335; x_wconf 79' lang='grc' dir='ltr'>ἀποκαθι-</span> 
     </span>
    </p>
   </div>
   <div class='ocr_carea' id='block_1_87' title="bbox 1056 1352 1841 1390">
    <p class='ocr_par' dir='ltr' id='par_1_87' title="bbox 1056 1352 1841 1390">
     <span class='ocr_line' id='line_1_87' title="bbox 1056 1352 1841 1390; baseline 0.003 -11"><span class='ocrx_word' id='word_1_603' title='bbox 1056 1353 1121 1387; x_wconf 80' lang='grc' dir='ltr'>στᾷν</span> <span class='ocrx_word' id='word_1_604' title='bbox 1150 1352 1256 1386; x_wconf 79' lang='grc' dir='ltr'>ταῦτα,</span> <span class='ocrx_word' id='word_1_605' title='bbox 1297 1353 1389 1385; x_wconf 77' lang='grc' dir='ltr'>καθὼς</span> <span class='ocrx_word' id='word_1_606' title='bbox 1422 1354 1577 1390; x_wconf 74' lang='grc' dir='ltr'>παρέλαϐον</span> <span class='ocrx_word' id='word_1_607' title='bbox 1612 1355 1659 1381; x_wconf 78' lang='grc' dir='ltr'>καὶ</span> <span class='ocrx_word' id='word_1_608' title='bbox 1695 1355 1766 1381; x_wconf 75' lang='grc' dir='ltr'>κατὰ</span> <span class='ocrx_word' id='word_1_609' title='bbox 1795 1354 1841 1389; x_wconf 74' lang='grc' dir='ltr'>τὴν</span> 
     </span>
    </p>
   </div>
   <div class='ocr_carea' id='block_1_88' title="bbox 1053 1399 1841 1435">
    <p class='ocr_par' dir='ltr' id='par_1_88' title="bbox 1053 1399 1841 1435">
     <span class='ocr_line' id='line_1_88' title="bbox 1053 1399 1841 1435; baseline 0.001 -10"><span class='ocrx_word' id='word_1_610' title='bbox 1053 1399 1185 1433; x_wconf 75' lang='grc' dir='ltr'>εὐπορίαν</span> <span class='ocrx_word' id='word_1_611' title='bbox 1204 1399 1252 1425; x_wconf 78' lang='grc' dir='ltr'><strong>τοῦ</strong></span> <span class='ocrx_word' id='word_1_612' title='bbox 1278 1400 1460 1435; x_wconf 77' lang='grc' dir='ltr'>μοναστηρίου</span> <span class='ocrx_word' id='word_1_613' title='bbox 1474 1407 1482 1415; x_wconf 80' lang='grc'><strong><em>⁸</em></strong></span> <span class='ocrx_word' id='word_1_614' title='bbox 1499 1400 1569 1435; x_wconf 75' lang='grc' dir='ltr'>πλὴν</span> <span class='ocrx_word' id='word_1_615' title='bbox 1587 1401 1631 1426; x_wconf 79' lang='grc' dir='ltr'><strong>ἐπ’</strong></span> <span class='ocrx_word' id='word_1_616' title='bbox 1651 1401 1765 1432; x_wconf 73' lang='grc' dir='ltr'>ἐκείνοις</span> <span class='ocrx_word' id='word_1_617' title='bbox 1788 1402 1841 1431; x_wconf 74' lang='grc' dir='ltr'>τοῖς</span> 
     </span>
    </p>
   </div>
   <div class='ocr_carea' id='block_1_89' title="bbox 1055 1445 1840 1483">
    <p class='ocr_par' dir='ltr' id='par_1_89' title="bbox 1055 1445 1840 1483">
     <span class='ocr_line' id='line_1_89' title="bbox 1055 1445 1840 1483; baseline 0.001 -11"><span class='ocrx_word' id='word_1_618' title='bbox 1055 1445 1152 1477; x_wconf 76' lang='grc' dir='ltr'>ἐνδεῶς</span> <span class='ocrx_word' id='word_1_619' title='bbox 1166 1445 1257 1480; x_wconf 71' lang='grc' dir='ltr'>ἔχουσι</span> <span class='ocrx_word' id='word_1_620' title='bbox 1283 1447 1351 1481; x_wconf 74' lang='grc' dir='ltr'>πρὸς</span> <span class='ocrx_word' id='word_1_621' title='bbox 1365 1447 1415 1482; x_wconf 82' lang='grc' dir='ltr'><strong>τὴν</strong></span> <span class='ocrx_word' id='word_1_622' title='bbox 1442 1447 1620 1480; x_wconf 80' lang='grc' dir='ltr'>κατάστασιν,</span> <span class='ocrx_word' id='word_1_623' title='bbox 1643 1448 1704 1474; x_wconf 69' lang='grc' dir='ltr'>καθ’</span> <span class='ocrx_word' id='word_1_624' title='bbox 1715 1448 1749 1483; x_wconf 83' lang='grc' dir='ltr'>ἢν</span> <span class='ocrx_word' id='word_1_625' title='bbox 1758 1447 1840 1474; x_wconf 81' lang='grc' dir='ltr'>ταῦτα</span> 
     </span>
    </p>
   </div>
   <div class='ocr_carea' id='block_1_90' title="bbox 1056 1491 1841 1528">
    <p class='ocr_par' dir='ltr' id='par_1_90' title="bbox 1056 1491 1841 1528">
     <span class='ocr_line' id='line_1_90' title="bbox 1056 1491 1841 1528; baseline 0.005 -12"><span class='ocrx_word' id='word_1_626' title='bbox 1056 1491 1221 1526; x_wconf 79' lang='grc' dir='ltr'>παρέλαϐον.</span> <span class='ocrx_word' id='word_1_627' title='bbox 1241 1492 1280 1518; x_wconf 77' lang='grc' dir='ltr'><strong>Τὰ</strong></span> <span class='ocrx_word' id='word_1_628' title='bbox 1295 1492 1323 1518; x_wconf 78' lang='grc' dir='ltr'>δέ</span> <span class='ocrx_word' id='word_1_629' title='bbox 1345 1501 1376 1526; x_wconf 81' lang='grc' dir='ltr'><strong>γε</strong></span> <span class='ocrx_word' id='word_1_630' title='bbox 1397 1493 1579 1528; x_wconf 78' lang='grc' dir='ltr'>βελτιωθέντα</span> <span class='ocrx_word' id='word_1_631' title='bbox 1593 1494 1642 1520; x_wconf 71' lang='grc' dir='ltr'><strong>καὶ</strong></span> <span class='ocrx_word' id='word_1_632' title='bbox 1655 1493 1841 1528; x_wconf 68' lang='grc' dir='ltr'>ὲπαυξῃθέντι</span> 
     </span>
    </p>
   </div>
   <div class='ocr_carea' id='block_1_91' title="bbox 1054 1537 1840 1576">
    <p class='ocr_par' dir='ltr' id='par_1_91' title="bbox 1054 1537 1840 1576">
     <span class='ocr_line' id='line_1_91' title="bbox 1054 1537 1840 1576; baseline 0.005 -13"><span class='ocrx_word' id='word_1_633' title='bbox 1054 1537 1144 1569; x_wconf 83' lang='grc' dir='ltr'>καλῶς</span> <span class='ocrx_word' id='word_1_634' title='bbox 1171 1537 1265 1573; x_wconf 76' lang='grc' dir='ltr'>ἔχοντα</span> <span class='ocrx_word' id='word_1_635' title='bbox 1281 1539 1330 1565; x_wconf 83' lang='grc' dir='ltr'>οὐκ</span> <span class='ocrx_word' id='word_1_636' title='bbox 1356 1540 1601 1576; x_wconf 79' lang='grc' dir='ltr'>ἐλαττωθήσονται,</span> <span class='ocrx_word' id='word_1_637' title='bbox 1629 1540 1698 1567; x_wconf 70' lang='lat' dir='ltr'><strong>am</strong></span> <span class='ocrx_word' id='word_1_638' title='bbox 1718 1541 1840 1576; x_wconf 79' lang='grc' dir='ltr'>μενοῦσιν</span> 
     </span>
    </p>
   </div>
   <div class='ocr_carea' id='block_1_92' title="bbox 1015 1582 1839 1622">
    <p class='ocr_par' dir='ltr' id='par_1_92' title="bbox 1015 1582 1839 1622">
     <span class='ocr_line' id='line_1_92' title="bbox 1015 1582 1839 1622; baseline 0.006 -14"><span class='ocrx_word' id='word_1_639' title='bbox 1015 1585 1039 1618; x_wconf 76' lang='lat' dir='ltr'>c</span> <span class='ocrx_word' id='word_1_640' title='bbox 1053 1582 1091 1614; x_wconf 74' lang='grc' dir='ltr'><strong>ὡς</strong></span> <span class='ocrx_word' id='word_1_641' title='bbox 1110 1583 1228 1618; x_wconf 79' lang='grc' dir='ltr'>ἔχουσιν.</span> <span class='ocrx_word' id='word_1_642' title='bbox 1245 1585 1276 1611; x_wconf 88' lang='grc' dir='ltr'><strong>Οἱ</strong></span> <span class='ocrx_word' id='word_1_643' title='bbox 1287 1584 1315 1611; x_wconf 80' lang='grc' dir='ltr'>δὲ</span> <span class='ocrx_word' id='word_1_644' title='bbox 1331 1585 1390 1612; x_wconf 78' lang='grc' dir='ltr'>κατ’</span> <span class='ocrx_word' id='word_1_645' title='bbox 1402 1586 1529 1621; x_wconf 72' lang='grc' dir='ltr'>ἐφορείαν</span> <span class='ocrx_word' id='word_1_646' title='bbox 1545 1586 1673 1622; x_wconf 82' lang='grc' dir='ltr'>καιρικὴν</span> <span class='ocrx_word' id='word_1_647' title='bbox 1688 1588 1735 1613; x_wconf 70' lang='grc' dir='ltr'><strong>καὶ</strong></span> <span class='ocrx_word' id='word_1_648' title='bbox 1747 1587 1839 1622; x_wconf 79' lang='grc' dir='ltr'>ἑτέραν</span> 
     </span>
    </p>
   </div>
   <div class='ocr_carea' id='block_1_93' title="bbox 1053 1628 1841 1668">
    <p class='ocr_par' dir='ltr' id='par_1_93' title="bbox 1053 1628 1841 1668">
     <span class='ocr_line' id='line_1_93' title="bbox 1053 1628 1841 1668; baseline 0.006 -14"><span class='ocrx_word' id='word_1_649' title='bbox 1053 1628 1212 1663; x_wconf 75' lang='grc' dir='ltr'>οἰκονομίαν</span> <span class='ocrx_word' id='word_1_650' title='bbox 1228 1630 1374 1657; x_wconf 72' lang='grc' dir='ltr'>ἐκδοθέντα</span> <span class='ocrx_word' id='word_1_651' title='bbox 1397 1633 1559 1666; x_wconf 79' lang='grc' dir='ltr'>κατέχοντες</span> <span class='ocrx_word' id='word_1_652' title='bbox 1580 1633 1629 1659; x_wconf 80' lang='grc' dir='ltr'><strong>καὶ</strong></span> <span class='ocrx_word' id='word_1_653' title='bbox 1651 1633 1841 1668; x_wconf 82' lang='grc' dir='ltr'>καταλυμηνά-</span> 
     </span>
    </p>
   </div>
   <div class='ocr_carea' id='block_1_94' title="bbox 1054 1673 1840 1714">
    <p class='ocr_par' dir='ltr' id='par_1_94' title="bbox 1054 1673 1840 1714">
     <span class='ocr_line' id='line_1_94' title="bbox 1054 1673 1840 1714; baseline 0.006 -15"><span class='ocrx_word' id='word_1_654' title='bbox 1054 1681 1131 1708; x_wconf 85' lang='grc' dir='ltr'>μενοι</span> <span class='ocrx_word' id='word_1_655' title='bbox 1142 1673 1240 1707; x_wconf 81' lang='grc' dir='ltr'>ταῦτα,</span> <span class='ocrx_word' id='word_1_656' title='bbox 1257 1676 1280 1702; x_wconf 84' lang='grc' dir='ltr'>εἰ</span> <span class='ocrx_word' id='word_1_657' title='bbox 1298 1675 1334 1711; x_wconf 82' lang='grc' dir='ltr'>μὴ</span> <span class='ocrx_word' id='word_1_658' title='bbox 1349 1675 1489 1711; x_wconf 75' lang='grc' dir='ltr'>βούλονται</span> <span class='ocrx_word' id='word_1_659' title='bbox 1501 1677 1688 1714; x_wconf 78' lang='grc' dir='ltr'>ἀποκαθιστᾷν</span> <span class='ocrx_word' id='word_1_660' title='bbox 1700 1679 1786 1706; x_wconf 77' lang='grc' dir='ltr'>ταῦτα</span> <span class='ocrx_word' id='word_1_661' title='bbox 1802 1680 1840 1710; x_wconf 77' lang='grc' dir='ltr'>είς</span> 
     </span>
    </p>
   </div>
   <div class='ocr_carea' id='block_1_95' title="bbox 1052 1718 1841 1760">
    <p class='ocr_par' dir='ltr' id='par_1_95' title="bbox 1052 1718 1841 1760">
     <span class='ocr_line' id='line_1_95' title="bbox 1052 1718 1841 1760; baseline 0.008 -15"><span class='ocrx_word' id='word_1_662' title='bbox 1052 1718 1066 1745; x_wconf 79' lang='grc' dir='ltr'><strong>ὃ</strong></span> <span class='ocrx_word' id='word_1_663' title='bbox 1082 1719 1237 1755; x_wconf 84' lang='grc' dir='ltr'>παρέλαϐον</span> <span class='ocrx_word' id='word_1_664' title='bbox 1257 1722 1359 1756; x_wconf 69' lang='grc' dir='ltr'>σχῆμα,</span> <span class='ocrx_word' id='word_1_665' title='bbox 1381 1722 1425 1749; x_wconf 81' lang='grc' dir='ltr'>ἵνα</span> <span class='ocrx_word' id='word_1_666' title='bbox 1440 1723 1624 1758; x_wconf 79' lang='grc' dir='ltr'>ἀφαιρῶνται,</span> <span class='ocrx_word' id='word_1_667' title='bbox 1638 1724 1675 1759; x_wconf 79' lang='grc' dir='ltr'>μὴ</span> <span class='ocrx_word' id='word_1_668' title='bbox 1686 1724 1841 1760; x_wconf 79' lang='grc' dir='ltr'>ὠφελούμε-</span> 
     </span>
    </p>
   </div>
   <div class='ocr_carea' id='block_1_96' title="bbox 1053 1762 1839 1805">
    <p class='ocr_par' dir='ltr' id='par_1_96' title="bbox 1053 1762 1839 1805">
     <span class='ocr_line' id='line_1_96' title="bbox 1053 1762 1839 1805; baseline 0.009 -15"><span class='ocrx_word' id='word_1_669' title='bbox 1053 1772 1093 1790; x_wconf 89' lang='grc' dir='ltr'><strong>νοι</strong></span> <span class='ocrx_word' id='word_1_670' title='bbox 1109 1764 1156 1799; x_wconf 80' lang='grc' dir='ltr'><strong>ἀφ’</strong></span> <span class='ocrx_word' id='word_1_671' title='bbox 1173 1762 1210 1792; x_wconf 83' lang='grc' dir='ltr'>ὧν</span> <span class='ocrx_word' id='word_1_672' title='bbox 1236 1766 1345 1801; x_wconf 79' lang='grc' dir='ltr'>ἔχουσιν</span> <span class='ocrx_word' id='word_1_673' title='bbox 1363 1768 1523 1803; x_wconf 78' lang='grc' dir='ltr'>ἐγγράφων,</span> <span class='ocrx_word' id='word_1_674' title='bbox 1549 1770 1720 1804; x_wconf 70' lang='grc' dir='ltr'>προθεσμίας</span> <span class='ocrx_word' id='word_1_675' title='bbox 1736 1771 1839 1805; x_wconf 81' lang='grc' dir='ltr'>διδομέ-</span> 
     </span>
    </p>
   </div>
   <div class='ocr_carea' id='block_1_97' title="bbox 1052 1810 1838 1852">
    <p class='ocr_par' dir='ltr' id='par_1_97' title="bbox 1052 1810 1838 1852">
     <span class='ocr_line' id='line_1_97' title="bbox 1052 1810 1838 1852; baseline 0.009 -16"><span class='ocrx_word' id='word_1_676' title='bbox 1052 1818 1101 1844; x_wconf 81' lang='grc' dir='ltr'>νης</span> <span class='ocrx_word' id='word_1_677' title='bbox 1117 1810 1209 1842; x_wconf 80' lang='grc' dir='ltr'>αὐτοῖς</span> <span class='ocrx_word' id='word_1_678' title='bbox 1220 1811 1394 1848; x_wconf 77' lang='grc' dir='ltr'>ἁρμοζούσης</span> <span class='ocrx_word' id='word_1_679' title='bbox 1404 1821 1411 1828; x_wconf 88' lang='grc'>·</span> <span class='ocrx_word' id='word_1_680' title='bbox 1431 1814 1533 1848; x_wconf 72' lang='grc' dir='ltr'>μεταξὺ</span> <span class='ocrx_word' id='word_1_681' title='bbox 1550 1815 1578 1841; x_wconf 80' lang='grc' dir='ltr'>δὲ</span> <span class='ocrx_word' id='word_1_682' title='bbox 1594 1815 1644 1850; x_wconf 82' lang='grc' dir='ltr'><strong>τῆς</strong></span> <span class='ocrx_word' id='word_1_683' title='bbox 1658 1816 1838 1852; x_wconf 77' lang='grc' dir='ltr'>προθεσμίας,</span> 
     </span>
    </p>
   </div>
   <div class='ocr_carea' id='block_1_98' title="bbox 1052 1856 1839 1897">
    <p class='ocr_par' dir='ltr' id='par_1_98' title="bbox 1052 1856 1839 1897">
     <span class='ocr_line' id='line_1_98' title="bbox 1052 1856 1839 1897; baseline 0.01 -15"><span class='ocrx_word' id='word_1_684' title='bbox 1052 1856 1216 1893; x_wconf 73' lang='grc' dir='ltr'>ὀφειλούσης</span> <span class='ocrx_word' id='word_1_685' title='bbox 1227 1858 1429 1894; x_wconf 77' lang='grc' dir='ltr'>ὲπιτηρεῖσϐαι,</span> <span class='ocrx_word' id='word_1_686' title='bbox 1441 1860 1633 1895; x_wconf 71' lang='grc' dir='ltr'>φροντίσωσιν</span> <span class='ocrx_word' id='word_1_687' title='bbox 1646 1861 1738 1897; x_wconf 77' lang='grc' dir='ltr'>ἔργοις</span> <span class='ocrx_word' id='word_1_688' title='bbox 1751 1864 1839 1894; x_wconf 79' lang='grc' dir='ltr'>αὐτοῖς</span> 
     </span>
    </p>
   </div>
   <div class='ocr_carea' id='block_1_99' title="bbox 1052 1903 1838 1942">
    <p class='ocr_par' dir='ltr' id='par_1_99' title="bbox 1052 1903 1838 1942">
     <span class='ocr_line' id='line_1_99' title="bbox 1052 1903 1838 1942; baseline 0.009 -14"><span class='ocrx_word' id='word_1_689' title='bbox 1052 1903 1183 1938; x_wconf 76' lang='grc' dir='ltr'>περὶτῆς</span> <span class='ocrx_word' id='word_1_690' title='bbox 1208 1904 1248 1933; x_wconf 83' lang='grc' dir='ltr'>είς</span> <span class='ocrx_word' id='word_1_691' title='bbox 1268 1903 1298 1930; x_wconf 80' lang='grc' dir='ltr'><strong>τὸ</strong></span> <span class='ocrx_word' id='word_1_692' title='bbox 1321 1905 1435 1940; x_wconf 76' lang='grc' dir='ltr'>ἀρχαῖον</span> <span class='ocrx_word' id='word_1_693' title='bbox 1460 1907 1551 1932; x_wconf 71' lang='grc' dir='ltr'>αὐτῶν</span> <span class='ocrx_word' id='word_1_694' title='bbox 1577 1909 1781 1942; x_wconf 75' lang='grc' dir='ltr'>καταστάσεως,</span> <span class='ocrx_word' id='word_1_695' title='bbox 1803 1909 1838 1940; x_wconf 66' lang='grc' dir='ltr'><strong>ὡς</strong></span> 
     </span>
    </p>
   </div>
   <div class='ocr_carea' id='block_1_100' title="bbox 1051 1948 1836 1990">
    <p class='ocr_par' dir='ltr' id='par_1_100' title="bbox 1051 1948 1836 1990">
     <span class='ocr_line' id='line_1_100' title="bbox 1051 1948 1836 1990; baseline 0.01 -16"><span class='ocrx_word' id='word_1_696' title='bbox 1051 1948 1217 1984; x_wconf 77' lang='grc' dir='ltr'>δεδήλωται·</span> <span class='ocrx_word' id='word_1_697' title='bbox 1236 1950 1296 1976; x_wconf 79' lang='grc' dir='ltr'>τότε</span> <span class='ocrx_word' id='word_1_698' title='bbox 1307 1951 1360 1986; x_wconf 79' lang='grc' dir='ltr'>γὰρ</span> <span class='ocrx_word' id='word_1_699' title='bbox 1374 1952 1420 1978; x_wconf 73' lang='grc' dir='ltr'>καλ.</span> <span class='ocrx_word' id='word_1_700' title='bbox 1432 1953 1447 1988; x_wconf 82' lang='grc' dir='ltr'>ἡ</span> <span class='ocrx_word' id='word_1_701' title='bbox 1460 1953 1613 1988; x_wconf 74' lang='grc' dir='ltr'>προθεσμία</span> <span class='ocrx_word' id='word_1_702' title='bbox 1626 1954 1836 1990; x_wconf 73' lang='grc' dir='ltr'>φυλαχθήσεται.</span> 
     </span>
    </p>
   </div>
   <div class='ocr_carea' id='block_1_101' title="bbox 1051 1995 1838 2034">
    <p class='ocr_par' dir='ltr' id='par_1_101' title="bbox 1051 1995 1838 2034">
     <span class='ocr_line' id='line_1_101' title="bbox 1051 1995 1838 2034; baseline 0.006 -12"><span class='ocrx_word' id='word_1_703' title='bbox 1051 1995 1085 2022; x_wconf 80' lang='lat' dir='ltr'><strong>At</strong></span> <span class='ocrx_word' id='word_1_704' title='bbox 1108 1995 1137 2022; x_wconf 80' lang='grc' dir='ltr'>δὲ</span> <span class='ocrx_word' id='word_1_705' title='bbox 1157 1996 1306 2031; x_wconf 80' lang='grc' dir='ltr'>ἀποταγαὶ,</span> <span class='ocrx_word' id='word_1_706' title='bbox 1323 1998 1385 2024; x_wconf 76' lang='grc' dir='ltr'>ἐπεὶ</span> <span class='ocrx_word' id='word_1_707' title='bbox 1409 1999 1486 2034; x_wconf 70' lang='grc' dir='ltr'>παρὰ</span> <span class='ocrx_word' id='word_1_708' title='bbox 1504 2001 1624 2032; x_wconf 79' lang='grc' dir='ltr'>κανόνας</span> <span class='ocrx_word' id='word_1_709' title='bbox 1649 2001 1767 2028; x_wconf 81' lang='grc' dir='ltr'>δίδονται</span> <span class='ocrx_word' id='word_1_710' title='bbox 1794 2003 1838 2029; x_wconf 69' lang='grc' dir='ltr'>καὶ</span> 
     </span>
    </p>
   </div>
   <div class='ocr_carea' id='block_1_102' title="bbox 1052 2041 1837 2078">
    <p class='ocr_par' dir='ltr' id='par_1_102' title="bbox 1052 2041 1837 2078">
     <span class='ocr_line' id='line_1_102' title="bbox 1052 2041 1837 2078; baseline 0.008 -10"><span class='ocrx_word' id='word_1_711' title='bbox 1052 2041 1249 2077; x_wconf 78' lang='grc' dir='ltr'>λαμϐάνονται,</span> <span class='ocrx_word' id='word_1_712' title='bbox 1276 2043 1440 2078; x_wconf 88' lang='grc' dir='ltr'>σχολάσουσι</span> <span class='ocrx_word' id='word_1_713' title='bbox 1464 2045 1605 2078; x_wconf 79' lang='grc' dir='ltr'>παντελῶς</span> <span class='ocrx_word' id='word_1_714' title='bbox 1629 2047 1683 2073; x_wconf 77' lang='grc' dir='ltr'><strong>ἀπὸ</strong></span> <span class='ocrx_word' id='word_1_715' title='bbox 1708 2048 1756 2074; x_wconf 77' lang='grc' dir='ltr'>τοῦ</span> <span class='ocrx_word' id='word_1_716' title='bbox 1782 2048 1837 2074; x_wconf 84' lang='grc' dir='ltr'>νῦν.</span> 
     </span>
    </p>
   </div>
   <div class='ocr_carea' id='block_1_103' title="bbox 1052 2088 1838 2129">
    <p class='ocr_par' dir='ltr' id='par_1_103' title="bbox 1052 2088 1838 2129">
     <span class='ocr_line' id='line_1_103' title="bbox 1052 2088 1838 2129; baseline 0.008 -15"><span class='ocrx_word' id='word_1_717' title='bbox 1052 2088 1108 2114; x_wconf 74' lang='grc' dir='ltr'><strong>Καὶ</strong></span> <span class='ocrx_word' id='word_1_718' title='bbox 1122 2089 1135 2114; x_wconf 85' lang='grc' dir='ltr'>ὁ</span> <span class='ocrx_word' id='word_1_719' title='bbox 1150 2089 1345 2124; x_wconf 80' lang='grc' dir='ltr'>εὑρισκόμενος</span> <span class='ocrx_word' id='word_1_720' title='bbox 1368 2090 1515 2125; x_wconf 69' lang='grc' dir='ltr'>λαμϐάνων</span> <span class='ocrx_word' id='word_1_721' title='bbox 1529 2091 1546 2128; x_wconf 73' lang='grc' dir='ltr'><strong>ἢ</strong></span> <span class='ocrx_word' id='word_1_722' title='bbox 1567 2092 1612 2118; x_wconf 74' lang='grc' dir='ltr'>καὶ</span> <span class='ocrx_word' id='word_1_723' title='bbox 1625 2092 1723 2125; x_wconf 68' lang='grc' dir='ltr'>διδοὺς,</span> <span class='ocrx_word' id='word_1_724' title='bbox 1747 2095 1770 2120; x_wconf 76' lang='grc' dir='ltr'>εἰ</span> <span class='ocrx_word' id='word_1_725' title='bbox 1791 2094 1838 2129; x_wconf 70' lang='grc' dir='ltr'>μέν</span> 
     </span>
    </p>
   </div>
   <div class='ocr_carea' id='block_1_104' title="bbox 1051 2135 1838 2176">
    <p class='ocr_par' dir='ltr' id='par_1_104' title="bbox 1051 2135 1838 2176">
     <span class='ocr_line' id='line_1_104' title="bbox 1051 2135 1838 2176; baseline 0.009 -16"><span class='ocrx_word' id='word_1_726' title='bbox 1051 2135 1126 2161; x_wconf 70' lang='grc' dir='ltr'>ἐστιν</span> <span class='ocrx_word' id='word_1_727' title='bbox 1143 2135 1307 2170; x_wconf 78' lang='grc' dir='ltr'>ἡγούμενος,</span> <span class='ocrx_word' id='word_1_728' title='bbox 1330 2137 1375 2163; x_wconf 73' lang='grc' dir='ltr'>ἵνα</span> <span class='ocrx_word' id='word_1_729' title='bbox 1392 2137 1557 2173; x_wconf 82' lang='grc' dir='ltr'>ἐκδιώκηται</span> <span class='ocrx_word' id='word_1_730' title='bbox 1582 2139 1635 2165; x_wconf 76' lang='grc' dir='ltr'><strong>ἀπὸ</strong></span> <span class='ocrx_word' id='word_1_731' title='bbox 1652 2139 1701 2174; x_wconf 83' lang='grc' dir='ltr'><strong>τῆς</strong></span> <span class='ocrx_word' id='word_1_732' title='bbox 1720 2141 1838 2176; x_wconf 75' lang='grc' dir='ltr'>ἡγουμε-</span> 
     </span>
    </p>
   </div>
   <div class='ocr_carea' id='block_1_105' title="bbox 1051 2180 1837 2222">
    <p class='ocr_par' dir='ltr' id='par_1_105' title="bbox 1051 2180 1837 2222">
     <span class='ocr_line' id='line_1_105' title="bbox 1051 2180 1837 2222; baseline 0.01 -16"><span class='ocrx_word' id='word_1_733' title='bbox 1051 2180 1141 2210; x_wconf 71' lang='grc' dir='ltr'>νείας⁶</span> <span class='ocrx_word' id='word_1_734' title='bbox 1158 2181 1183 2207; x_wconf 87' lang='grc' dir='ltr'><strong>εί</strong></span> <span class='ocrx_word' id='word_1_735' title='bbox 1200 2181 1228 2208; x_wconf 82' lang='grc' dir='ltr'>δὲ</span> <span class='ocrx_word' id='word_1_736' title='bbox 1244 2184 1465 2218; x_wconf 75' lang='grc' dir='ltr'>χαριστικάριος.</span> <span class='ocrx_word' id='word_1_737' title='bbox 1485 2185 1701 2221; x_wconf 82' lang='grc' dir='ltr'>ὲκδιωχθήσεται</span> <span class='ocrx_word' id='word_1_738' title='bbox 1718 2187 1772 2213; x_wconf 72' lang='grc' dir='ltr'><strong>ἀπὸ</strong></span> <span class='ocrx_word' id='word_1_739' title='bbox 1792 2188 1837 2222; x_wconf 80' lang='grc' dir='ltr'><strong>τῆς</strong></span> 
     </span>
    </p>
   </div>
   <div class='ocr_carea' id='block_1_106' title="bbox 1053 2226 1837 2267">
    <p class='ocr_par' dir='ltr' id='par_1_106' title="bbox 1053 2226 1837 2267">
     <span class='ocr_line' id='line_1_106' title="bbox 1053 2226 1837 2267; baseline 0.01 -16"><span class='ocrx_word' id='word_1_740' title='bbox 1053 2226 1147 2261; x_wconf 81' lang='grc' dir='ltr'>μονῆς.</span> <span class='ocrx_word' id='word_1_741' title='bbox 1163 2227 1195 2252; x_wconf 86' lang='grc' dir='ltr'><strong>Αἰ</strong></span> <span class='ocrx_word' id='word_1_742' title='bbox 1210 2227 1238 2253; x_wconf 82' lang='grc' dir='ltr'>δὲ</span> <span class='ocrx_word' id='word_1_743' title='bbox 1252 2228 1306 2254; x_wconf 71' lang='grc' dir='ltr'><strong>ὰπδ</strong></span> <span class='ocrx_word' id='word_1_744' title='bbox 1316 2228 1370 2255; x_wconf 85' lang='grc' dir='ltr'><strong>τῶν</strong></span> <span class='ocrx_word' id='word_1_745' title='bbox 1388 2229 1615 2265; x_wconf 79' lang='grc' dir='ltr'>προσερχομένων</span> <span class='ocrx_word' id='word_1_746' title='bbox 1633 2232 1672 2263; x_wconf 80' lang='grc' dir='ltr'>είς</span> <span class='ocrx_word' id='word_1_747' title='bbox 1687 2232 1837 2267; x_wconf 80' lang='grc' dir='ltr'>ἁπόκαρσιν</span> 
     </span>
    </p>
   </div>
   <div class='ocr_carea' id='block_1_107' title="bbox 1051 2273 1838 2316">
    <p class='ocr_par' dir='ltr' id='par_1_107' title="bbox 1051 2273 1838 2316">
     <span class='ocr_line' id='line_1_107' title="bbox 1051 2273 1838 2316; baseline 0.01 -17"><span class='ocrx_word' id='word_1_748' title='bbox 1051 2273 1192 2308; x_wconf 72' lang='grc' dir='ltr'>γινόμεναι</span> <span class='ocrx_word' id='word_1_749' title='bbox 1206 2274 1338 2306; x_wconf 75' lang='grc' dir='ltr'>ἑκουσίως</span> <span class='ocrx_word' id='word_1_750' title='bbox 1351 2277 1422 2303; x_wconf 74' lang='grc' dir='ltr'>κατὰ</span> <span class='ocrx_word' id='word_1_751' title='bbox 1437 2276 1550 2313; x_wconf 71' lang='grc' dir='ltr'>γνώμην</span> <span class='ocrx_word' id='word_1_752' title='bbox 1563 2278 1616 2305; x_wconf 87' lang='grc' dir='ltr'><strong>τῶν</strong></span> <span class='ocrx_word' id='word_1_753' title='bbox 1630 2281 1838 2316; x_wconf 76' lang='grc' dir='ltr'>προσφερόντων</span> 
     </span>
    </p>
   </div>
   <div class='ocr_carea' id='block_1_108' title="bbox 1053 2321 1837 2362">
    <p class='ocr_par' dir='ltr' id='par_1_108' title="bbox 1053 2321 1837 2362">
     <span class='ocr_line' id='line_1_108' title="bbox 1053 2321 1837 2362; baseline 0.011 -17"><span class='ocrx_word' id='word_1_754' title='bbox 1053 2321 1239 2355; x_wconf 76' lang='grc' dir='ltr'>προσενέξεις,</span> <span class='ocrx_word' id='word_1_755' title='bbox 1256 2323 1505 2359; x_wconf 73' lang='grc' dir='ltr'>προσδεχθήσονται</span> <span class='ocrx_word' id='word_1_756' title='bbox 1525 2326 1574 2352; x_wconf 73' lang='grc' dir='ltr'>καὶ</span> <span class='ocrx_word' id='word_1_757' title='bbox 1595 2326 1837 2362; x_wconf 65' lang='grc' dir='ltr'>ἁπογραφήσονται</span> 
     </span>
    </p>
   </div>
   <div class='ocr_carea' id='block_1_109' title="bbox 1051 2367 1838 2409">
    <p class='ocr_par' dir='ltr' id='par_1_109' title="bbox 1051 2367 1838 2409">
     <span class='ocr_line' id='line_1_109' title="bbox 1051 2367 1838 2409; baseline 0.011 -18"><span class='ocrx_word' id='word_1_758' title='bbox 1051 2367 1080 2392; x_wconf 79' lang='grc' dir='ltr'>ἐν</span> <span class='ocrx_word' id='word_1_759' title='bbox 1095 2367 1133 2401; x_wconf 84' lang='grc' dir='ltr'>τῷ</span> <span class='ocrx_word' id='word_1_760' title='bbox 1150 2367 1250 2403; x_wconf 77' lang='grc' dir='ltr'>βρεϐίῳ</span> <span class='ocrx_word' id='word_1_761' title='bbox 1265 2368 1314 2403; x_wconf 77' lang='grc' dir='ltr'><strong>τῆς</strong></span> <span class='ocrx_word' id='word_1_762' title='bbox 1342 2370 1437 2405; x_wconf 78' lang='grc' dir='ltr'>μονῆς,</span> <span class='ocrx_word' id='word_1_763' title='bbox 1464 2371 1593 2407; x_wconf 77' lang='grc' dir='ltr'>εἰδήσεως</span> <span class='ocrx_word' id='word_1_764' title='bbox 1610 2372 1752 2408; x_wconf 78' lang='grc' dir='ltr'>διδομένης</span> <span class='ocrx_word' id='word_1_765' title='bbox 1776 2375 1838 2409; x_wconf 70' lang='grc' dir='ltr'>περὶ</span> 
     </span>
    </p>
   </div>
   <div class='ocr_carea' id='block_1_110' title="bbox 1050 2413 1836 2455">
    <p class='ocr_par' dir='ltr' id='par_1_110' title="bbox 1050 2413 1836 2455">
     <span class='ocr_line' id='line_1_110' title="bbox 1050 2413 1836 2455; baseline 0.01 -17"><span class='ocrx_word' id='word_1_766' title='bbox 1050 2413 1105 2439; x_wconf 86' lang='grc' dir='ltr'>τῶν</span> <span class='ocrx_word' id='word_1_767' title='bbox 1124 2414 1357 2449; x_wconf 76' lang='grc' dir='ltr'>προσφερομένων</span> <span class='ocrx_word' id='word_1_768' title='bbox 1380 2417 1426 2442; x_wconf 72' lang='grc' dir='ltr'><strong>καὶ</strong></span> <span class='ocrx_word' id='word_1_769' title='bbox 1442 2416 1481 2452; x_wconf 79' lang='grc' dir='ltr'>τῷ</span> <span class='ocrx_word' id='word_1_770' title='bbox 1504 2417 1649 2453; x_wconf 74' lang='grc' dir='ltr'>ἁγιωτάτῳ</span> <span class='ocrx_word' id='word_1_771' title='bbox 1671 2419 1836 2455; x_wconf 79' lang='grc' dir='ltr'>πατριάρχῃ.</span> 
     </span>
    </p>
   </div>
   <div class='ocr_carea' id='block_1_111' title="bbox 1051 2459 1838 2500">
    <p class='ocr_par' dir='ltr' id='par_1_111' title="bbox 1051 2459 1838 2500">
     <span class='ocr_line' id='line_1_111' title="bbox 1051 2459 1838 2500; baseline 0.01 -15"><span class='ocrx_word' id='word_1_772' title='bbox 1051 2459 1103 2486; x_wconf 79' lang='grc' dir='ltr'>κᾶν</span> <span class='ocrx_word' id='word_1_773' title='bbox 1119 2460 1143 2486; x_wconf 71' lang='grc' dir='ltr'>οἱ</span> <span class='ocrx_word' id='word_1_774' title='bbox 1156 2460 1191 2486; x_wconf 79' lang='grc' dir='ltr'>τὰ</span> <span class='ocrx_word' id='word_1_775' title='bbox 1207 2462 1376 2496; x_wconf 75' lang='grc' dir='ltr'>μοναστήρια</span> <span class='ocrx_word' id='word_1_776' title='bbox 1397 2461 1505 2497; x_wconf 79' lang='grc' dir='ltr'>ἔχοντες</span> <span class='ocrx_word' id='word_1_777' title='bbox 1522 2464 1706 2499; x_wconf 72' lang='grc' dir='ltr'>ὑπομνήματα</span> <span class='ocrx_word' id='word_1_778' title='bbox 1728 2467 1838 2500; x_wconf 76' lang='grc' dir='ltr'>κέκτην-</span> 
     </span>
    </p>
   </div>
   <div class='ocr_carea' id='block_1_112' title="bbox 1050 2505 1838 2545">
    <p class='ocr_par' dir='ltr' id='par_1_112' title="bbox 1050 2505 1838 2545">
     <span class='ocr_line' id='line_1_112' title="bbox 1050 2505 1838 2545; baseline 0.01 -15"><span class='ocrx_word' id='word_1_779' title='bbox 1050 2513 1094 2531; x_wconf 87' lang='grc' dir='ltr'><strong>ται</strong></span> <span class='ocrx_word' id='word_1_780' title='bbox 1107 2506 1172 2541; x_wconf 68' lang='grc' dir='ltr'>περὶ</span> <span class='ocrx_word' id='word_1_781' title='bbox 1181 2505 1228 2532; x_wconf 81' lang='grc' dir='ltr'><strong>τοῦ</strong></span> <span class='ocrx_word' id='word_1_782' title='bbox 1240 2506 1390 2541; x_wconf 68' lang='grc' dir='ltr'>λαμϐάνειν</span> <span class='ocrx_word' id='word_1_783' title='bbox 1402 2509 1542 2542; x_wconf 65' lang='grc' dir='ltr'>ἀποταγὰε</span> <span class='ocrx_word' id='word_1_784' title='bbox 1555 2510 1602 2535; x_wconf 79' lang='grc' dir='ltr'>καὶ</span> <span class='ocrx_word' id='word_1_785' title='bbox 1614 2511 1786 2545; x_wconf 71' lang='grc' dir='ltr'>προσενέξεις</span> <span class='ocrx_word' id='word_1_786' title='bbox 1794 2512 1838 2538; x_wconf 77' lang='grc' dir='ltr'><strong>καὶ</strong></span> 
     </span>
    </p>
   </div>
   <div class='ocr_carea' id='block_1_113' title="bbox 1049 2551 1837 2590">
    <p class='ocr_par' dir='ltr' id='par_1_113' title="bbox 1049 2551 1837 2590">
     <span class='ocr_line' id='line_1_113' title="bbox 1049 2551 1837 2590; baseline 0.009 -13"><span class='ocrx_word' id='word_1_787' title='bbox 1049 2551 1258 2587; x_wconf 80' lang='grc' dir='ltr'>ἀποκερδαίνειν</span> <span class='ocrx_word' id='word_1_788' title='bbox 1287 2553 1407 2584; x_wconf 69' lang='grc' dir='ltr'>ταύτας·</span> <span class='ocrx_word' id='word_1_789' title='bbox 1437 2553 1517 2581; x_wconf 79' lang='grc' dir='ltr'>τοῦτο</span> <span class='ocrx_word' id='word_1_790' title='bbox 1546 2555 1601 2590; x_wconf 74' lang='grc' dir='ltr'>γὰρ</span> <span class='ocrx_word' id='word_1_791' title='bbox 1635 2557 1689 2582; x_wconf 73' lang='grc' dir='ltr'>ἀπὸ</span> <span class='ocrx_word' id='word_1_792' title='bbox 1717 2557 1764 2583; x_wconf 82' lang='grc' dir='ltr'><strong>τοῦ</strong></span> <span class='ocrx_word' id='word_1_793' title='bbox 1792 2557 1837 2583; x_wconf 73' lang='grc' dir='ltr'>νῦν</span> 
     </span>
    </p>
   </div>
   <div class='ocr_carea' id='block_1_114' title="bbox 1049 2597 1836 2638">
    <p class='ocr_par' dir='ltr' id='par_1_114' title="bbox 1049 2597 1836 2638">
     <span class='ocr_line' id='line_1_114' title="bbox 1049 2597 1836 2638; baseline 0.008 -15"><span class='ocrx_word' id='word_1_794' title='bbox 1049 2597 1152 2631; x_wconf 75' lang='grc' dir='ltr'>ὀφείλει</span> <span class='ocrx_word' id='word_1_795' title='bbox 1163 2598 1293 2633; x_wconf 81' lang='grc' dir='ltr'>σχολάσαι</span> <span class='ocrx_word' id='word_1_796' title='bbox 1305 2600 1352 2625; x_wconf 71' lang='grc' dir='ltr'>καὶ</span> <span class='ocrx_word' id='word_1_797' title='bbox 1365 2600 1487 2634; x_wconf 76' lang='grc' dir='ltr'>γίνεσθαι</span> <span class='ocrx_word' id='word_1_798' title='bbox 1500 2601 1591 2633; x_wconf 78' lang='grc' dir='ltr'>καθὼς</span> <span class='ocrx_word' id='word_1_799' title='bbox 1604 2602 1707 2628; x_wconf 75' lang='grc' dir='ltr'>ἅνιυϐεν</span> <span class='ocrx_word' id='word_1_800' title='bbox 1721 2604 1836 2638; x_wconf 71' lang='grc' dir='ltr'>εἴρηται.</span> 
     </span>
    </p>
   </div>
   <div class='ocr_carea' id='block_1_115' title="bbox 1055 2644 1836 2683">
    <p class='ocr_par' dir='ltr' id='par_1_115' title="bbox 1055 2644 1836 2683">
     <span class='ocr_line' id='line_1_115' title="bbox 1055 2644 1836 2683; baseline 0.008 -14"><span class='ocrx_word' id='word_1_801' title='bbox 1055 2644 1136 2670; x_wconf 77' lang='grc' dir='ltr'>Ἀλλά</span> <span class='ocrx_word' id='word_1_802' title='bbox 1152 2645 1198 2670; x_wconf 72' lang='grc' dir='ltr'>καὶ</span> <span class='ocrx_word' id='word_1_803' title='bbox 1213 2645 1240 2671; x_wconf 88' lang='grc' dir='ltr'><strong>οιί</strong></span> <span class='ocrx_word' id='word_1_804' title='bbox 1262 2645 1420 2680; x_wconf 66' lang='grc' dir='ltr'>σωζόμενοι</span> <span class='ocrx_word' id='word_1_805' title='bbox 1436 2647 1610 2682; x_wconf 79' lang='grc' dir='ltr'>προσενέξεις</span> <span class='ocrx_word' id='word_1_806' title='bbox 1624 2649 1674 2674; x_wconf 80' lang='grc' dir='ltr'><strong>οὐκ</strong></span> <span class='ocrx_word' id='word_1_807' title='bbox 1688 2649 1836 2683; x_wconf 69' lang='grc' dir='ltr'>ὀφείλουσιν</span> 
     </span>
    </p>
   </div>
   <div class='ocr_carea' id='block_1_116' title="bbox 1049 2690 1834 2730">
    <p class='ocr_par' dir='ltr' id='par_1_116' title="bbox 1049 2690 1834 2730">
     <span class='ocr_line' id='line_1_116' title="bbox 1049 2690 1834 2730; baseline 0.008 -15"><span class='ocrx_word' id='word_1_808' title='bbox 1049 2690 1231 2726; x_wconf 68' lang='grc' dir='ltr'>ἰκποιηϋῆναι</span> <span class='ocrx_word' id='word_1_809' title='bbox 1260 2693 1292 2726; x_wconf 86' lang='grc' dir='ltr'>τῇ</span> <span class='ocrx_word' id='word_1_810' title='bbox 1327 2693 1439 2728; x_wconf 67' lang='grc' dir='ltr'>ἀφορμῇ</span> <span class='ocrx_word' id='word_1_811' title='bbox 1472 2694 1528 2720; x_wconf 84' lang='grc' dir='ltr'>τῶν</span> <span class='ocrx_word' id='word_1_812' title='bbox 1557 2695 1772 2730; x_wconf 68' lang='grc' dir='ltr'>ὑπομνημάτων.</span> <span class='ocrx_word' id='word_1_813' title='bbox 1805 2696 1834 2721; x_wconf 89' lang='lat' dir='ltr'><strong>&#39;ll</strong></span> 
     </span>
    </p>
   </div>
   <div class='ocr_carea' id='block_1_117' title="bbox 1050 2737 1834 2777">
    <p class='ocr_par' dir='ltr' id='par_1_117' title="bbox 1050 2737 1834 2777">
     <span class='ocr_line' id='line_1_117' title="bbox 1050 2737 1834 2777; baseline 0.008 -15"><span class='ocrx_word' id='word_1_814' title='bbox 1050 2737 1142 2770; x_wconf 81' lang='grc' dir='ltr'>μέντοι</span> <span class='ocrx_word' id='word_1_815' title='bbox 1159 2738 1269 2773; x_wconf 79' lang='grc' dir='ltr'>φροντὶς</span> <span class='ocrx_word' id='word_1_816' title='bbox 1291 2739 1321 2765; x_wconf 81' lang='grc' dir='ltr'><strong>οὐ</strong></span> <span class='ocrx_word' id='word_1_817' title='bbox 1341 2740 1422 2774; x_wconf 77' lang='grc' dir='ltr'>μόνον</span> <span class='ocrx_word' id='word_1_818' title='bbox 1438 2740 1492 2766; x_wconf 85' lang='grc' dir='ltr'>τῶν</span> <span class='ocrx_word' id='word_1_819' title='bbox 1509 2741 1604 2776; x_wconf 65' lang='grc' dir='ltr'>ψυχῶν</span> <span class='ocrx_word' id='word_1_820' title='bbox 1627 2742 1682 2768; x_wconf 79' lang='grc' dir='ltr'>τῶν</span> <span class='ocrx_word' id='word_1_821' title='bbox 1702 2742 1834 2777; x_wconf 75' lang='grc' dir='ltr'>μοναχῶν,</span> 
     </span>
    </p>
   </div>
   <div class='ocr_carea' id='block_1_118' title="bbox 1048 2782 1835 2823">
    <p class='ocr_par' dir='ltr' id='par_1_118' title="bbox 1048 2782 1835 2823">
     <span class='ocr_line' id='line_1_118' title="bbox 1048 2782 1835 2823; baseline 0.008 -16"><span class='ocrx_word' id='word_1_822' title='bbox 1048 2782 1117 2808; x_wconf 80' lang='grc' dir='ltr'>ἀλλὰ</span> <span class='ocrx_word' id='word_1_823' title='bbox 1133 2784 1180 2809; x_wconf 71' lang='grc' dir='ltr'><strong>καὶ</strong></span> <span class='ocrx_word' id='word_1_824' title='bbox 1204 2784 1364 2811; x_wconf 72' lang='grc' dir='ltr'>αὐτῶντῶν</span> <span class='ocrx_word' id='word_1_825' title='bbox 1386 2787 1538 2821; x_wconf 76' lang='grc' dir='ltr'>κοτμικῶν,</span> <span class='ocrx_word' id='word_1_826' title='bbox 1563 2787 1601 2822; x_wconf 79' lang='grc' dir='ltr'>τῷ</span> <span class='ocrx_word' id='word_1_827' title='bbox 1624 2788 1768 2823; x_wconf 78' lang='grc' dir='ltr'>ἁγιωτάτῳ</span> <span class='ocrx_word' id='word_1_828' title='bbox 1786 2796 1835 2814; x_wconf 77' lang='grc' dir='ltr'><strong>πα-</strong></span> 
     </span>
    </p>
   </div>
   <div class='ocr_carea' id='block_1_119' title="bbox 1048 2829 1834 2869">
    <p class='ocr_par' dir='ltr' id='par_1_119' title="bbox 1048 2829 1834 2869">
     <span class='ocr_line' id='line_1_119' title="bbox 1048 2829 1834 2869; baseline 0.008 -15"><span class='ocrx_word' id='word_1_829' title='bbox 1048 2829 1171 2865; x_wconf 18' lang='grc' dir='ltr'>τριάρχῃγ</span> <span class='ocrx_word' id='word_1_830' title='bbox 1184 2830 1321 2857; x_wconf 75' lang='grc' dir='ltr'>ἐπίκειται</span> <span class='ocrx_word' id='word_1_831' title='bbox 1332 2839 1339 2846; x_wconf 90' lang='grc'><strong>·</strong></span> <span class='ocrx_word' id='word_1_832' title='bbox 1357 2833 1404 2858; x_wconf 73' lang='grc' dir='ltr'><strong>καὶ</strong></span> <span class='ocrx_word' id='word_1_833' title='bbox 1416 2834 1479 2859; x_wconf 77' lang='grc' dir='ltr'>ὅταν</span> <span class='ocrx_word' id='word_1_834' title='bbox 1495 2833 1626 2869; x_wconf 75' lang='grc' dir='ltr'>θεάοηταί</span> <span class='ocrx_word' id='word_1_835' title='bbox 1643 2843 1702 2861; x_wconf 83' lang='grc' dir='ltr'>τινα</span> <span class='ocrx_word' id='word_1_836' title='bbox 1722 2834 1776 2861; x_wconf 82' lang='grc' dir='ltr'>τῶν</span> <span class='ocrx_word' id='word_1_837' title='bbox 1791 2842 1834 2860; x_wconf 88' lang='grc' dir='ltr'>κο-</span> 
     </span>
    </p>
   </div>
   <div class='ocr_carea' id='block_1_120' title="bbox 1049 2875 1834 2914">
    <p class='ocr_par' dir='ltr' id='par_1_120' title="bbox 1049 2875 1834 2914">
     <span class='ocr_line' id='line_1_120' title="bbox 1049 2875 1834 2914; baseline 0.006 -14"><span class='ocrx_word' id='word_1_838' title='bbox 1049 2875 1154 2909; x_wconf 78' lang='grc' dir='ltr'>σμικῶν</span> <span class='ocrx_word' id='word_1_839' title='bbox 1168 2875 1288 2910; x_wconf 72' lang='grc' dir='ltr'>διψῶντα</span> <span class='ocrx_word' id='word_1_840' title='bbox 1301 2877 1349 2913; x_wconf 77' lang='grc' dir='ltr'>τὴν</span> <span class='ocrx_word' id='word_1_841' title='bbox 1365 2878 1468 2905; x_wconf 81' lang='grc' dir='ltr'>οἰκείαν</span> <span class='ocrx_word' id='word_1_842' title='bbox 1491 2880 1639 2914; x_wconf 82' lang='grc' dir='ltr'>σωτηρίαν,</span> <span class='ocrx_word' id='word_1_843' title='bbox 1655 2880 1714 2912; x_wconf 86' lang='grc' dir='ltr'><strong>πῶς</strong></span> <span class='ocrx_word' id='word_1_844' title='bbox 1729 2880 1834 2914; x_wconf 59' lang='grc' dir='ltr'>ἐνδέχε-</span> 
     </span>
    </p>
   </div>
   <div class='ocr_carea' id='block_1_121' title="bbox 1047 2921 1831 2963">
    <p class='ocr_par' dir='ltr' id='par_1_121' title="bbox 1047 2921 1831 2963">
     <span class='ocr_line' id='line_1_121' title="bbox 1047 2921 1831 2963; baseline 0.008 -16"><span class='ocrx_word' id='word_1_845' title='bbox 1047 2929 1090 2948; x_wconf 69' lang='grc' dir='ltr'><strong>ται</strong></span> <span class='ocrx_word' id='word_1_846' title='bbox 1109 2921 1150 2948; x_wconf 79' lang='grc' dir='ltr'><strong>ἵνα</strong></span> <span class='ocrx_word' id='word_1_847' title='bbox 1165 2922 1303 2958; x_wconf 73' lang='grc' dir='ltr'>κωλύηται</span> <span class='ocrx_word' id='word_1_848' title='bbox 1315 2923 1362 2950; x_wconf 79' lang='grc' dir='ltr'>τοῦ</span> <span class='ocrx_word' id='word_1_849' title='bbox 1375 2924 1487 2951; x_wconf 77' lang='grc' dir='ltr'>τάσσειν</span> <span class='ocrx_word' id='word_1_850' title='bbox 1499 2926 1528 2952; x_wconf 82' lang='grc' dir='ltr'>ἐν</span> <span class='ocrx_word' id='word_1_851' title='bbox 1544 2927 1576 2961; x_wconf 78' lang='grc' dir='ltr'>τῇ</span> <span class='ocrx_word' id='word_1_852' title='bbox 1591 2927 1658 2963; x_wconf 81' lang='grc' dir='ltr'>μονῇ</span> <span class='ocrx_word' id='word_1_853' title='bbox 1676 2925 1723 2952; x_wconf 77' lang='grc' dir='ltr'><strong>ἐπὶ</strong></span> <span class='ocrx_word' id='word_1_854' title='bbox 1734 2924 1831 2961; x_wconf 56' lang='grc' dir='ltr'>ψυχνίῇ</span> 
     </span>
    </p>
   </div>
  </div>
