2032 3156
134 227 185 262 953

134 327 184 355 ποῦ
200 327 384 362 ἐπιμελῶνται
400 329 448 354 καὶ
461 327 542 362 λόγου
561 327 609 354 καὶ
623 329 734 364 ἀρετῆς.
764 329 820 356 Καὶ
837 328 924 360 οὕτως

135 374 163 400 ὲν
176 372 274 407 γνώσει
289 373 428 408 γινόμενοι
450 373 498 400 τοῦ
527 375 698 406 συνοίσοντος
723 375 767 401 διὰ
794 375 845 410 τῆς
874 375 924 409 σῆς

135 418 254 454 χρηστῆς
270 418 380 454 ὁμιλίας
395 419 443 445 καὶ
455 419 666 454 ὲπιφωνητικῆς
681 420 880 456 παραγγελίας,
895 419 926 446 τὸ

136 463 274 498 πρόθυμον
284 463 375 490 αὐτῶν
389 464 463 490 ἆπαν
478 464 718 491 κατακενώσουσιν
734 465 773 496 είς
783 464 812 490 τὸ
829 463 925 499 μαθεῖν

134 509 255 543 ἀκριὸὦς
268 510 315 536 καὶ
328 509 362 536 τὰ
376 509 438 536 θεῖα
452 510 608 545 διδάγματα
631 511 758 542 ἕκαστον,
784 511 832 537 καὶ
857 510 926 546 πρὸς

136 556 165 580 τὸ
188 555 374 591 χρηστότερον
400 555 446 582 τὸν
473 556 530 591 βίον
557 556 663 583 ἑαυτῶν
689 557 925 591 καταστήσασθαι,

137 601 182 627 καὶ
198 600 274 633 ἄξιον
288 601 385 629 ἑαυτὸν
398 601 551 637 ἀπαρτίσαι
569 602 661 637 πάσης
685 603 845 638 ἱερωσύνης,
878 603 925 630 καὶ

136 646 222 678 οὕτως
241 647 381 681 ἀποδεῖξαι
395 647 446 683 τὴν
463 648 533 683 ὑπὲρ
543 647 626 675 αὐτοῦ
652 650 806 685 μαρτυρίαν
835 648 928 684 ἔργοις

136 693 227 723 αὐτοῖς
245 692 365 727 βεϐαίαν.

172 738 228 765 Καὶ
249 738 286 773 μὴ
299 737 374 771 ἅπαξ
387 739 603 774 ήὲπιφωνητικῆ
619 739 690 775 αὕτη
708 739 802 775 ὁμιλία
827 748 858 767 τε
881 740 928 767 καὶ

138 784 310 820 παραγγελία
325 785 448 820 γένηται,
463 785 532 812 ἀλλὰ
547 786 595 812 καὶ
615 786 748 818 πολλάκις
777 786 902 820 γενέσθω
919 794 927 803 '

139 830 185 857 καὶ
199 830 369 857 ἀπαιτείσθω
379 830 497 862 ἕκαστος
523 831 599 867 παρὰ
615 833 664 865 τῆς
693 833 742 866 σῆς
773 833 930 869 ἁγιότητος,

138 876 164 902 τί
184 875 256 910 μετὰ
266 876 316 907 τὰς
340 877 550 912 ὲπιφωνητικὰς
580 878 769 913 παραγγελίας
798 878 930 914 ἐκαρπώ-

203 282 211 286 _
260 281 266 286 ι
623 278 638 286 Π
659 228 846 260 ΝΟνΕιιΑζ
860 227 940 259 CON:

991 228 1200 259 lTUTIONES.

147 278 311 317 Εκκλησίας,
324 281 596 317 παραγγελθήτωσαν
609 278 683 309 οὗτοι
699 283 738 314 ὡς
751 282 785 309 ἂν
797 282 844 309 τοῦ
867 282 923 309 λοι-
939 308 940 312 η

991 282 1023 309 ia:
1034 283 1164 315 servitio;
1176 282 1378 310 admoneamur
1390 282 1441 315 illi.
1450 287 1480 311 ut
1494 283 1624 319 deinceps
1635 284 1768 313 doctrinae

1712 230 1769 262 954

975 327 1141 362 virtutisque
1156 336 1252 355 curam
1274 333 1382 364 gerant.
1399 328 1445 356 Sic
1468 330 1541 356 enim
1565 330 1662 357 notitia
1681 330 1767 357 futuri

975 373 1154 401 emolumenti
1169 378 1281 408 accepta
1292 381 1341 408 per
1350 374 1497 409 benignum
1512 379 1588 401 tuum
1599 375 1768 409 colloquium

977 420 1255 454 inclamatorinmque
1286 420 1451 451 hortamen.
1487 424 1570 448 totam
1598 421 1768 449 alacritatem

978 475 1055 495 suam
1068 467 1168 501 singuli
1189 466 1349 501 impendent
1369 471 1425 494 tum
1446 467 1472 493 in
1487 471 1616 494 accurate
1628 467 1770 494 discendis

977 514 1079 541 divinis
1097 513 1283 543 documentis.
1309 518 1366 539 tum
1387 513 1415 539 in
1431 512 1486 539 vita
1503 512 1536 539 ad
1554 513 1695 539 mclimem
1713 517 1769 539 sta-

979 565 1035 587 tum
1073 559 1244 595 redigenda,
1272 565 1356 594 utque
1383 559 1575 593 unusquisque
1601 558 1714 593 dignum
1742 565 1770 584 se

979 606 1078 634 reddat
1090 606 1212 641 quolibet
1225 605 1394 635 sacerdotio.
1404 612 1523 639 eumque
1540 604 1567 631 in
1583 604 1694 630 modum
1704 602 1772 636 ipsis

980 652 1114 688 operibus
1142 652 1251 679 ﬁrmum
1279 650 1408 678 ostendat
1431 649 1619 678 testimonium
1644 648 1718 683 quod
1744 647 1772 674 in

978 699 1094 736 gratiam
1114 698 1200 734 ipsius
1219 698 1306 726 latum
1321 696 1384 724 fuit.

1014 746 1070 774 Nec
1085 745 1170 773 semel
1187 748 1291 772 tantum
1304 737 1498 771 acclamatoria
1509 741 1623 768 homilia
1637 739 1774 767 etexhor-

981 793 1049 820 tatio
1068 791 1133 825 ﬁat;
1159 790 1208 818 sed
1232 789 1357 825 saepius:
1382 788 1448 815 item
1472 786 1629 822 postuletur
1656 784 1774 818 quisque

980 847 1030 874 per
1043 843 1117 866 tuam
1133 836 1356 868 sanctimoniam,
1372 841 1454 869 quem
1475 836 1537 868 post
1552 831 1661 858 vocales
1675 830 1776 857 adhor—

982 885 1102 913 tationes
1118 884 1239 911 fructum
1252 880 1479 918 perceperit.Qui
1492 886 1558 906 vero
1575 878 1693 905 fructum
1709 875 1776 902 ube-

140 930 215 949 σατο.
229 922 284 973 im.
294 923 308 948 ό
321 922 426 958 καρπὸν
443 923 641 959 εὐθαλέστερον
652 924 706 950 τῶν
730 924 818 952 ἄλλων
843 933 930 960 προτ-

991 933 1085 959 'iorem
1107 930 1214 958 caeteris
1232 929 1341 960 oﬂ'eret,
1363 925 1557 961 suscipiendus
1579 932 1593 951 a
1609 928 1654 950 tua
1671 921 1775 949 sancti-

139 966 272 1001 ενεγκὼν,
292 968 439 1000 summa;
455 968 530 1004 παρὰ
543 969 594 1004 τῆς
606 970 655 1003 σῆς
671 970 814 1005 ἁγιότητος
826 970 931 1005 λογιζέ-

141 1013 206 1047 σθω,
223 1015 270 1041 καὶ
289 1015 472 1049 ἐγκρινέσθω,
490 1016 537 1042 καὶ
550 1016 676 1052 μείζονος
701 1016 777 1052 παρὰ
792 1017 857 1049 τοὺς
885 1016 932 1044 ἆλ-

140 1059 203 1091 λους
221 1061 303 1095 τιμῆς
314 1060 461 1097 ἀξιούσθω1
475 1061 518 1088 ὅτι
533 1062 704 1097 ηὑπείθησεν
723 1059 801 1094 οὗτος
814 1061 853 1096 τῷ
875 1063 933 1089 Κυ-

143 1106 229 1141 ριακῷ
249 1107 475 1142 παραγγέλματιτ
492 1107 578 1139 Αὐτὸς
593 1108 648 1143 γὰρ
660 1105 738 1135 εἶπεν
764 1109 778 1135 ὁ
805 1108 910 1144 Κύριος
925 1116 932 1123 “

140 1151 265 1184 Αἰτεῖτε,
293 1152 341 1179 καὶ
352 1152 514 1186 δοθήσεται
522 1153 595 1188 ὑμῖν
610 1162 617 1169 ·
633 1153 755 1188 ζητεῖτε,
782 1154 830 1180 καί
848 1153 936 1188 εὑρή-

140 1204 213 1224 σετε
223 1205 229 1212 ’
251 1199 384 1232 κρούετε,
398 1199 447 1225 καὶ
461 1199 657 1234 ἀνοιγήσεται
674 1199 757 1234 ὑμῖν.
770 1199 834 1233 Πᾶς
846 1199 902 1234 γὰρ
920 1201 936 1227 ὀ

142 1243 235 1271 αἰτῶν
249 1244 406 1278 λαμϐάνει,
435 1244 482 1271 καὶ
505 1246 520 1272 d
542 1244 635 1279 ζητῶν
656 1246 801 1279 εὑρίσκει,
821 1245 871 1272 καὶ
896 1244 937 1278 τῷ

143 1290 286 1323 κρούοντι
301 1289 506 1324 ἀνοιγήσεται.
523 1291 578 1317 Καὶ
595 1291 609 1317 ὁ
620 1291 742 1323 τοιοῦτος
759 1291 819 1317 ἐπεὶ
836 1290 936 1326 ἐζήτη-

144 1340 191 1358 σεν
207 1330 298 1367 εὗρεν,
315 1333 400 1369 ᾔτησε
418 1335 466 1361 καὶ
491 1334 598 1367 ἔλαὸεν,
626 1335 740 1370 ἔκρουσε
771 1336 817 1362 καὶ⁸
840 1335 936 1371 ἠνοίγη

144 1379 231 1414 αὐτῷ.
244 1379 296 1407 Τὸν
312 1378 359 1407 οὖν
372 1381 404 1407 ἐκ
417 1381 484 1407 Θεοῦ
500 1380 619 1408 λαϐόντα
634 1382 763 1417 τοιαύτην
785 1382 868 1417 τιμὴν
894 1382 939 1408 διὰ

144 1426 195 1460 τῆς
206 1426 310 1458 οίκείας
326 1426 456 1461 σπουδῆς,
467 1427 510 1453 δεῖ
524 1427 572 1453 καὶ
585 1427 635 1462 τὴν
646 1428 803 1463 ἁγιωσύνην
825 1437 872 1455 σου
889 1429 939 1463 τῆς

146 1471 341 1506 προσηκούσης
367 1471 451 1507 τιμῆς
480 1471 584 1505 ἀξιοῦν,
606 1473 654 1499 καὶ
680 1473 713 1508 τῇ
744 1472 870 1508 βασιλείᾳ
888 1482 938 1508 μου

147 1517 282 1553 γνωρίσαι
299 1517 400 1552 μᾶλλον
417 1517 510 1550 αὑτὸν,
527 1518 570 1544 ἵνα
586 1518 634 1544 καὶ
660 1517 732 1554 αὕτη
761 1518 829 1554 πρὸς
858 1519 940 1546 αὑτὸν

146 1562 196 1596 τὴν
209 1563 405 1597 προσήκουσαν
418 1562 489 1589 κατὰ
506 1563 537 1590 τὸ
550 1563 664 1590 δυνατὸν
686 1564 770 1599 τιμὴν
799 1564 939 1598 ἐπιδείξη-

986 980 1040 1004 tate
1054 979 1211 1006 censeatur,
1223 972 1431 1007 comprobatur,
1445 969 1543 1005 majori
1553 976 1635 1004 supra
1654 967 1777 1001 reliquos

985 1022 1104 1049 donetur
1124 1020 1247 1051 honore;
1273 1018 1338 1052 quia
1363 1014 1568 1050 obtemperavit
1594 1013 1619 1040 is
1632 1011 1776 1040 Dominico

985 1066 1100 1093 monito.
1123 1065 1183 1099 Ipse
1202 1070 1320 1097 namque
1341 1061 1410 1088 dixit
1430 1060 1566 1087 Dominus
1583 1058 1594 1073 ⁸
1614 1066 1620 1084 :
1639 1057 1731 1088 Petita,
1751 1059 1778 1082 et

986 1113 1092 1139 dubitur
1102 1110 1188 1142 vobis;
1205 1109 1324 1143 qum-ite,
1341 1111 1365 1134 et
1381 1105 1533 1137 invenietis;
1552 1103 1666 1139 pulsate,
1679 1106 1703 1129 et
1715 1109 1779 1137 αρε-

986 1159 1070 1186 rietur
1086 1158 1168 1184 uobis.
1185 1155 1275 1183 0mm“:
1300 1154 1371 1181 enim
1391 1153 1436 1188 qui
1460 1152 1535 1187 petit,
1564 1150 1676 1184 accipit;
1690 1153 1715 1175 et
1734 1147 1779 1182 qui

987 1205 1092 1241 quaerit,
1103 1203 1224 1234 invenit;
1242 1205 1267 1228 et
1278 1199 1396 1236 pulsanti
1411 1197 1558 1234 aperietur.
1575 1195 1632 1228 Ille,
1649 1194 1780 1230 quoniam

988 1239 1125 1285 quaesivit,
1149 1246 1271 1278 invenit;
1296 1244 1386 1280 petiit,
1412 1247 1440 1271 et
1455 1241 1580 1276 accepit;
1603 1239 1733 1276 pulsavit,
1752 1243 1781 1265 et

989 1300 1114 1330 apertum
1129 1297 1171 1321 est
1182 1292 1218 1320 ei.
1232 1292 1301 1319 Eum
1315 1297 1381 1326 ergo
1397 1289 1444 1324 qui
1460 1296 1510 1324 per
1527 1285 1700 1322 diligentiam
1717 1288 1782 1319 pro-

989 1342 1078 1378 priam
1103 1341 1175 1367 hunc
1191 1346 1205 1366 a
1232 1339 1288 1365 Deo
1311 1336 1418 1371 accepit
1444 1335 1590 1365 honorem,
1614 1335 1725 1367 oportet
1753 1334 1783 1356 ut

991 1375 1125 1415 sanctitas
1141 1389 1186 1412 tua
1201 1382 1375 1411 convenienti
1392 1381 1499 1408 honore
1521 1379 1668 1414 dignetur;
1683 1375 1783 1411 magis-

991 1441 1045 1470 que
1061 1431 1198 1468 majestati
1217 1438 1284 1458 mea:
1297 1428 1436 1464 cognitum
1451 1427 1542 1459 faciat,
1556 1433 1612 1461 quo
1625 1425 1683 1460 ipsa
1698 1423 1782 1451 etiam

991 1482 1192 1514 competentem
1210 1484 1275 1512 erga
1293 1476 1381 1508 illum,
1399 1479 1429 1502 ut
1446 1474 1504 1501 ﬁeri
1529 1472 1641 1508 poterit,
1652 1478 1783 1498 reveren-

994 1527 1058 1553 tiam
1072 1525 1200 1560 praebeat.
1215 1521 1372 1550 Istiusmodi
1387 1521 1470 1547 homo
1485 1519 1535 1546 toti
1552 1517 1681 1545 Ecclesia:
1700 1520 1786 1543 notus

994 1573 1050 1604 ﬂet,
1065 1571 1098 1599 ad
1116 1571 1261 1598 utilitatem
1283 1575 1339 1595 non
1360 1573 1449 1594 sotum
1476 1565 1573 1600 ipsius,
1596 1563 1644 1591 sed
1666 1563 1784 1589 aliorum

144 1617 199 1636 ται.
221 1608 302 1635 Καὶό
316 1608 435 1639 τοιοῦτος
449 1608 590 1644 γνώριμος
620 1609 769 1644 γενήσεται
798 1609 874 1644 πάσῃ
907 1610 940 1644 τῇ

994 1625 1105 1653 quoque
1127 1616 1258 1651 plurium.
1279 1612 1449 1641 Diﬂ'unditur
1466 1611 1539 1638 enim
1557 1610 1675 1640 bonum;
1693 1608 1785 1643 qualia

149 1654 316 1689 Ἐκκλησία,
334 1654 375 1685 είς
389 1653 524 1688 ὠφέλειαν
547 1654 598 1690 οὐχ
620 1655 718 1682 ἑαυτοῦ
749 1655 840 1690 μόνον,
874 1655 942 1682 ἀλλὰ

146 1703 195 1728 καὶ
219 1700 309 1728 ἄλλων
337 1700 453 1728 πολλῶν.
476 1701 657 1729 Μεταδὶδοται
688 1702 743 1738 γὰρ
771 1702 801 1729 ἰδ
828 1702 941 1737 ἀγαθὸν,

148 1749 225 1775 ποῖον
247 1748 348 1784 πράξις
362 1749 410 1776 καὶ
423 1749 514 1784 λόγος,
526 1745 563 1776 ὦν
579 1750 666 1785 χωρὶς
682 1749 772 1781 οὐδεὶς
782 1749 879 1785 ὄψεται
896 1750 942 1777 τὸν

148 1795 266 1830 Κύριον.

185 1842 216 1868 El
233 1842 267 1868 6é-
275 1850 328 1874 τις,
340 1842 409 1878 ὅπερ
424 1841 454 1868 ού
471 1842 547 1869 δοκεῖ
560 1843 594 1878 τῇ
613 1842 739 1878 βασιλείᾳ
756 1851 817 1877 μου,
847 1841 944 1869 τοσοῦ-

149 1896 194 1914 τον
207 1888 308 1923 γέγονε
335 1888 468 1923 ῥᾴθυμος,
485 1888 555 1914 ὥστε
575 1888 643 1923 μηδὲ
663 1888 732 1923 μετὰ
744 1888 943 1923 παραγγελίαν,

151 1934 219 1969 μηδὲ
258 1935 327 1969 μετὰ
343 1934 438 1969 χρόνον
458 1934 656 1969 καρπώσασθαι
678 1943 705 1960 τι
728 1934 821 1967 καλὸν,
841 1934 944 1968 μενέτω

151 1981 198 2007 καὶ
220 1980 305 2012 αὐτὸς
318 1979 492 2014 αἰτιώμενος.
508 1981 562 2006 Καὶ
580 1980 682 2014 μᾶλλον
697 1978 777 2011 αὖθις
798 1979 866 2014 μετὰ
880 1980 945 2014 χρό-

150 2034 195 2052 νον
207 2026 272 2052 τινὰ
282 2025 494 2060 ὲπιφωνηθήτω,
509 2025 547 2056 ὡς
565 2026 589 2051 εί
607 2025 653 2052 καὶ
670 2025 711 2051 ἔτι
733 2027 765 2060 τῇ
783 2025 870 2052 αὐτοῦ
895 2026 946 2060 ρᾳ-

151 2071 240 2107 θυμίᾳ
255 2071 392 2106 ὲμμείνοι,
411 2071 460 2097 καὶ
475 2070 522 2097 τοῦ
539 2071 680 2106 ἱερατικοῦ
696 2071 846 2106 καταλόγου
877 2079 946 2097 παν-

152 2117 239 2149 τελῶς
254 2117 424 2144 ἐκπεσεῖται.
441 2117 525 2144 Τοῦτο
546 2117 576 2144 δι
593 2118 622 2144 οὐ
650 2119 714 2152 περὶ
744 2117 798 2144 τῶν
824 2118 947 2152 ἐσχάτως

152 2163 352 2199 γεγηρακότων
371 2163 419 2190 καὶ
431 2164 480 2194 τὰς
499 2163 640 2198 αἰσθήσεις
666 2163 716 2199 ήδη
737 2163 946 2197 ἀσθενησάντων

153 2210 229 2245 λέγει.
243 2210 260 2245 ἡ
277 2209 401 2245 βασιλεία
419 2218 482 2245 μου.
511 2209 581 2240 Τοὺς
596 2209 734 2240 τοιούτους
747 2211 802 2244 γὰρ
817 2210 831 2236 ὁ
851 2209 948 2244 χρόνος

154 2257 226 2289 ἀξιοῖ
247 2256 424 2291 συγγνώμης,
438 2256 500 2282 ὅσον
508 2256 555 2282 ἐπὶ
571 2255 611 2291 τῷ
628 2257 664 2291 μὴ
677 2257 804 2282 ἐκπεσεῖν
831 2256 878 2282 τοῦ
905 2257 945 2282 ol-

155 2304 232 2329 νείου
252 2290 367 2337 βαθμοῦ,
381 2301 424 2329 διὰ
438 2301 468 2328 τὸ
481 2301 519 2336 μὴ
532 2290 735 2336 ἀπαρτισθῆναι
755 2301 827 2327 κατὰ
843 2301 889 2327 τὴν
906 2300 946 2327 δι-
963 2290 986 2319 D

155 2347 321 2376 δασκαλικδν
340 2348 429 2382 λόγον.
462 2347 559 2382 Ὅμως
583 2347 677 2381 μέντοι
703 2347 750 2374 καὶ
783 2347 859 2374 αὐτοὶ
887 2347 949 2382 βελ-

157 2394 233 2424 τίους
248 2394 408 2429 γενήσονται
426 2394 451 2420 εί
468 2393 590 2425 δυνατῶς
610 2393 701 2428 ἔχουσι
731 2393 835 2427 γνῶναι
849 2402 856 2409 ·
879 2393 949 2425 τέως

157 2439 226 2472 γοῦν
239 2439 289 2464 οὐκ
307 2439 536 2474 ἐκδιωχθήσονται
547 2439 601 2466 τῶν
613 2439 720 2466 οἰκείων
732 2439 846 2474 βαθμῶν
863 2447 871 2454 ·
883 2440 907 2465 οἱ
922 2439 951 2465 δὲ

159 2484 307 2520 δυνάμενοι
321 2487 369 2512 καὶ
384 2485 421 2521 μὴ
433 2486 639 2521 ἐπιμελόμενοι,
656 2485 770 2517 ἑαυτοὺς
793 2485 952 2518 ἐκδιώξουσι

161 2531 234 2567 μετὰ
246 2531 292 2558 τὸν
308 2532 480 2567 προσήκοντα
494 2533 592 2567 χρόνον
607 2533 630 2558 εί
649 2532 809 2567 ἀδιόρθωτοι
826 2531 949 2566 μείνωσι.

158 2577 216 2604 Καὶ
228 2576 321 2604 ἔκτοτε
338 2577 448 2608 ἑαυτοὺς
462 2578 655 2612 αἰτιάσθωσαν,
670 2579 717 2604 καὶ
731 2577 800 2612 μήτε
814 2576 863 2612 τὴν
876 2576 952 2612 βασι-

158 2622 237 2649 λείαν
252 2631 315 2657 μου,
330 2622 400 2657 μήτε
414 2622 463 2656 τὴν
481 2623 531 2656 σὴν
554 2622 695 2657 ἁγιότητα,
720 2623 791 2657 μήτε
807 2622 857 2657 τὴν
873 2622 949 2656 ἱερὰν

160 2669 210 2696 καὶ
222 2669 304 2702 ἁγίαν
317 2668 436 2695 σύνοδον.
451 2668 552 2702 Καιρὺς
565 2668 619 2703 γὰρ
636 2668 819 2702 ὑῳαπλούσθω
833 2669 925 2699 αὐτοῖς
937 2668 951 2693 ὁ

162 2716 322 2750 προσήκων,
337 2714 386 2740 καὶ
410 2713 558 2749 πρόφασιν,
573 2714 598 2740 εἰ
612 2714 748 2749 βούλοιντο
759 2714 951 2750 βελτιωοῆναι,

162 2763 213 2789 οὐκ
226 2762 330 2798 ἔχουσι.

199 2809 256 2835 Καὶ
276 2808 363 2835 ταῦτα
378 2807 428 2843 μὲν
446 2807 510 2843 περὶ
528 2807 576 2834 τοῦ
591 2806 638 2834 νῦν
664 2807 741 2840 ὄντος
769 2807 952 2843 πληρώματος

163 2853 214 2888 τῆς
229 2853 404 2889 Ἐκκλησὶας.
429 2853 462 2880 Ἢ
476 2853 504 2880 δὲ
533 2854 566 2880 ὲκ
581 2853 635 2880 τῶν
651 2852 749 2885 ἔξωθεν
763 2854 803 2885 είς
825 2853 871 2880 τὸν
886 2853 954 2888 κλῆ-

213 2943 224 2960 ⁶
235 2944 330 2972 Matth.
347 2953 395 2979 vn,
411 2946 437 2978 '1,
452 2945 479 2972 8.

994 1668 1058 1691 sunt
1069 1671 1139 1698 opus
1160 1666 1188 1690 et
1203 1669 1306 1692 sermo,
1322 1660 1382 1688 sine
1399 1659 1500 1695 quibus
1516 1665 1598 1685 nemo
1610 1655 1714 1684 videbit
1734 1655 1787 1682 Du-

994 1716 1112 1736 mtnum.

1031 1844 1079 1872 Sin
1097 1851 1163 1871 vero
1188 1842 1260 1877 quis,
1280 1840 1353 1876 quod
1376 1847 1433 1867 non
1449 1838 1560 1866 videtur
1583 1836 1699 1872 imperio
1715 1842 1788 1868 meo,

996 1891 1088 1926 segnis
1108 1889 1178 1917 adeo
1189 1888 1282 1920 fuerit,
1296 1892 1327 1914 ut
1339 1894 1429 1921 neque
1444 1890 1507 1920 post
1519 1883 1726 1914 admissioncm,
1741 1889 1790 1908 nc-

997 1945 1050 1972 quc
1076 1940 1140 1971 post
1161 1939 1280 1969 tempus,
1307 1932 1412 1967 aliquid
1435 1931 1515 1958 bonae
1537 1929 1625 1964 frugis
1648 1927 1788 1958 exhibeat,

997 1986 1108 2010 maneat
1117 1982 1175 2017 ipse
1187 1981 1325 2015 culpatus.
1338 1979 1477 2013 Magisque
1491 1977 1603 2008 iterum,
1614 1978 1710 2002 exacto
1722 1981 1791 2008 quo-

997 2029 1060 2057 dam
1076 2033 1210 2063 tcmporc,
1224 2027 1402 2058 inelametur;
1414 2023 1487 2059 quod
1502 2023 1524 2050 si
1537 2022 1581 2050 vel
1596 2021 1687 2048 adhuc
1699 2020 1727 2047 in
1743 2026 1791 2046 nc-

998 2075 1129 2112 gligentia
1154 2082 1205 2101 sua
1231 2072 1397 2108 perstiterit,
1422 2079 1437 2098 a
1463 2068 1628 2097 sacerdotali
1657 2065 1792 2094 laterculo

999 2111 1111 2159 penitus
1122 2120 1239 2149 excidat.
1254 2119 1283 2146 ld
1298 2125 1381 2153 porro
1393 2125 1448 2144 non
1459 2116 1527 2143 dicit
1540 2115 1669 2150 majestas
1680 2120 1741 2139 mea
1758 2111 1793 2138 de

1000 2158 1177 2203 capularibus
1200 2164 1322 2195 senibus,
1337 2163 1448 2199 jamque
1475 2168 1609 2189 sensuum
1633 2158 1793 2186 inlirmitatc

999 2202 1203 2241 laborantibus.
1219 2209 1362 2246 Ejusmodi
1390 2208 1504 2243 quippe,
1534 2211 1643 2239 tempus
1667 2202 1794 2231 concedit

1001 2260 1121 2291 veniam,
1133 2261 1267 2293 quantum
1278 2255 1311 2283 ad
1323 2263 1380 2282 non
1391 2252 1574 2281 excidendum
1586 2250 1696 2286 proprio
1705 2249 1791 2285 gradu

994 2306 1036 2341 ,ob
1056 2304 1247 2340 imperfectum
1264 2301 1396 2330 doctrinae
1413 2306 1581 2328 sermonem.
1597 2297 1724 2325 Attamen
1740 2294 1792 2330 ipsi

1001 2359 1111 2388 quoque
1128 2349 1282 2385 proﬁcient,
1297 2348 1320 2375 si
1337 2346 1522 2381 adipiscendae
1536 2344 1660 2372 scientize
1677 2348 1794 2376 capaces

1002 2402 1078 2426 sunt.
1094 2397 1203 2424 Interim
1224 2403 1279 2422 non
1298 2393 1471 2428 expellenlur
1486 2399 1501 2418 a
1523 2391 1580 2418 suis
1597 2389 1739 2424 gradibus.
1761 2388 1796 2413 At

1003 2444 1052 2480 qui
1068 2448 1193 2478 possunt,
1216 2448 1306 2476 neque
1323 2439 1458 2466 adhibent
1473 2436 1654 2472 diligentiam,
1675 2435 1751 2468 ipsos
1768 2439 1798 2459 se

1005 2479 1127 2526 ejicient,
1146 2492 1208 2523 post
1222 2492 1330 2521 tempus
1345 2490 1509 2518 congruum,
1522 2482 1544 2510 si
1560 2479 1706 2508 incorrecti
1718 2486 1798 2505 man-

1005 2536 1103 2564 serint.
1128 2534 1205 2571 Unde
1219 2540 1253 2560 ex
1275 2536 1341 2559 tunc
1366 2530 1473 2564 scipsos
1497 2530 1637 2557 accusent,
1654 2532 1711 2552 non
1733 2531 1798 2551 vero

1006 2581 1152 2616 imperium
1163 2586 1266 2616 meum,
1281 2584 1334 2604 nec
1344 2576 1519 2603 sanctitatem
1534 2578 1677 2603 tuam,nec
1693 2576 1798 2597 sacram

1006 2615 1186 2661 sanctamque
1214 2623 1360 2660 synodum.
1385 2621 1507 2654 Tempus
1530 2621 1605 2646 certe
1630 2615 1799 2644 conveniens

1007 2659 1187 2708 protendatur
1203 2669 1258 2702 eis;
1272 2673 1299 2695 et
1311 2670 1487 2703 praetextum,
1503 2665 1524 2692 si
1545 2662 1685 2691 voluerint
1698 2659 1797 2687 melio-

1006 2726 1052 2745 res
1069 2717 1138 2749 lieri,
1156 2723 1211 2742 non
1223 2714 1354 2742 habeant.

1042 2807 1130 2842 Atque
1146 2806 1205 2833 haec
1221 2803 1333 2840 quidem
1347 2803 1382 2831 de
1393 2801 1520 2837 praesenti
1534 2799 1664 2828 Ecclesiae
1676 2796 1799 2832 plenitu-

1007 2841 1141 2881 dinand
1159 2852 1263 2880 clerum
1281 2857 1347 2879 vero
1362 2847 1532 2877 introductio
1551 2850 1743 2878 externorum,
1764 2841 1799 2869 ab
