2032 3156
122 226 173 257 969

655 221 838 253 NOVELLIE
853 219 1194 251 CONSTITUTIONES.

1698 219 1751 251 970

127 279 305 315 τευσαμένην,
321 278 367 304 καὶ
387 278 447 309 ταῖς
461 277 509 303 ἀπ’
525 277 606 304 ἄλλον
632 278 673 309 εἰς
690 277 769 304 ἄλλον
793 276 864 303 κατὰ.
883 276 914 303 τὸ

978 275 1040 302 ιιίιιὸ
1053 273 1295 310 progressionibus
1308 272 1361 300 huc
1379 279 1466 308 usque
1483 271 1552 300 citra
1569 273 1751 303 mutationem

127 325 321 358 ὰνεξάλλακτον
349 324 401 354 ἕως
425 323 473 350 τοῦ
497 323 544 350 νῦν
568 324 752 358 μετασάσεσιν
773 323 912 358 ἐπικυρω-

126 372 216 398 θεῖσαν
231 371 277 397 καὶ
296 370 493 402 βεὸαιωθεῖσαν
510 369 611 401 καλῶς.

167 416 243 443 Ἐπεὶ
257 416 284 442 δὲ
296 416 343 443 νῦν
360 416 376 451 ὴ
391 416 517 450 βασιλεία
532 424 583 450 μου
599 416 692 451 μάθοι,
718 416 757 447 ὥς
775 424 847 447 τινες
860 415 914 442 τῶν

127 462 273 497 ἀρχιερέων
285 461 572 497 ἀντιφιλοτιμούμενοι
586 462 734 497 πειρῶνται
748 461 835 488 τὸτοῦ
848 469 916 497 χαρ-

127 509 277 543 τοιρύλακος
294 509 462 535 ὑποὸιδάσαι
489 508 648 544 προνόμιον,
666 509 715 536 καὶ
737 508 853 540 κανόνας
875 508 914 538 εἰς

130 556 208 589 μέσον
229 555 414 590 προφέροντες
443 555 488 581 διὰ
516 554 620 581 τούτων
646 553 851 589 φιλονεικοῦσι,
878 553 916 589 μὴ

127 601 318 636 προκαθῆσθαι
342 599 425 627 αὐτὸν
447 601 502 627 τῶν
527 600 697 636 ἀρχιερέων,
720 601 838 636 ὁπηνίκα
861 599 916 626 δέοι

128 646 239 678 τούτους
264 645 442 682 συνέρχεσθαι
466 646 536 673 κατά
563 653 624 672 τινα
649 646 744 681 χρείαν
771 645 818 672 καὶ
838 653 913 671 συνε-

125 691 246 726 δριὰζειν
274 691 345 718 κατὰ
365 691 463 717 ταύτὸν
479 691 532 726 πρὸ
551 693 600 727 τῆς
623 693 664 723 εἰς
687 691 736 726 τὴν
759 691 916 725 ἁγιωσύνην

128 745 173 763 σου
201 737 389 769 είσελεύσεως,
409 738 459 764 οὐκ
483 738 631 774 ἀνασχετὸν
657 739 689 774 τῇ
715 737 840 773 βασιλείᾳ
866 745 916 771 μου

127 783 218 816 εδοξε,
252 784 368 819 πρᾶγμα
397 783 442 810 διὰ
469 783 598 811 τοσούτου
623 785 719 820 χρόνου
755 782 917 820 βασανισθὲν

127 830 174 855 καὶ
192 830 247 860 τοῖς
264 829 329 865 πρὶν
344 830 530 865 πατριάρχαις
542 831 656 862 καὶτοῖς
669 830 760 861 ἄλλοις
774 829 919 865 ἀρχιερεύ-

128 884 180 907 σιν,
199 874 267 900 ἀλλὰ
295 874 327 909 δὴ
349 875 397 902 καὶ
420 875 512 907 αὐτοῖς
527 876 584 907 τοῖς
607 875 655 902 νῦν
680 876 730 902 οὐκ
755 875 800 902 ἐπ’
815 875 919 911 εὐλόγῳ

129 921 252 956 ἐρίζουσι
271 921 415 956 πράγματι
433 922 477 948 διὰ
492 922 539 956 τῆς
553 921 728 957 πολυημέρου
743 922 836 957 δεχθὲν
853 930 918 948 σιω-

127 968 192 1002 πῆς,
219 967 290 994 κατὰ
312 967 341 993 τὸ
366 967 502 1002 παρέλκον
526 966 696 1002 ἁθετηθὴναι
709 967 755 994 καὶ
769 967 807 999 ὥς
823 977 849 994 τι
864 967 918 994 τῶν

127 1013 308 1048 ἠμελημένων
333 1014 537 1048 παρασυρῆναι.
570 1013 667 1040 Τοίνυν
698 1013 745 1040 καὶ
772 1013 919 1049 διορίζεται

128 1060 246 1094 πρᾶγμά
264 1068 291 1086 τι
306 1059 416 1094 εὔλογον
431 1060 477 1086 καὶ
500 1060 570 1087 πάνυ
592 1059 695 1086 δίκαιον
711 1059 800 1087 τοῦτο.
819 1060 850 1086 El
871 1061 920 1096 μὲν

127 1107 182 1141 γὰρ
199 1107 318 1142 αἱροῖντο
338 1107 385 1133 καὶ
410 1107 491 1133 πάλιν
515 1107 540 1132 οἱ
563 1107 704 1141 ἀρχιερεῖς
730 1105 767 1141 μὴ
785 1107 869 1132 κινεῖν
888 1106 921 1133 τὰ

127 1152 256 1187 ἀκίνητα,
281 1152 348 1186 μηδὲ
374 1152 408 1178 τὰ
433 1153 490 1183 τοῖς
508 1152 572 1187 πρὶν
599 1151 747 1186 δεδογμένα
769 1152 919 1186 Πατράσιν.

126 1197 198 1224 ἀλλὰ
217 1198 249 1232 δὴ
274 1198 323 1224 καὶ
353 1198 445 1229 αὐτοῖς
469 1198 514 1224 διὰ
542 1199 593 1231 τῆς
621 1198 730 1232 μακρᾶς
759 1198 922 1229 συνδόξαντα

128 1243 239 1278 σιωπῆς
252 1244 298 1269 καὶ
314 1243 364 1277 τῆς
377 1243 430 1275 ἓως
445 1243 493 1270 τοῦ
512 1243 560 1270 νῦν
580 1243 680 1278 ἀνοχῆς
695 1244 726 1269 ὲκ
742 1243 923 1278 παλιμεολίας

127 1288 226 1324 ὥσπερ
242 1289 432 1322 ἁναπαλαῖειν,
452 1289 482 1316 εὖ
508 1289 540 1316 ἂν
566 1284 632 1325 ἔχοι,
658 1290 705 1316 καὶ
727 1290 817 1324 χάρις,
834 1290 874 1316 ὅτι
893 1290 924 1316 τὸ

129 1335 254 1369 μάχιμον
274 1335 459 1370 καταθέμενοι
475 1335 504 1362 τὸ
515 1337 654 1371 εζρηναῐον
674 1336 922 1370 προτετιμήκασιν.

129 1381 161 1406 Et
179 1380 209 1406 δὲ
222 1379 269 1406 καὶ
283 1380 323 1406 ἑτι
339 1380 442 1407 τούτων
451 1381 524 1412 τινὲς
536 1381 589 1408 τῶν
603 1381 648 1407 τοῦ
665 1381 777 1412 κανόνος
793 1380 924 1415 ῥημάτων

130 1426 352 1461 ἀντιποιούμενοι
368 1426 428 1462 (τῆς
443 1427 498 1462 γὰρ
516 1427 620 1458 ἑννοίας
642 1427 737 1461 πόδιρω
761 1427 923 1462 ἀποδιεστή-

131 1473 207 1506 κασι)
229 1471 379 1507 πειρῶνται
402 1472 433 1498 τδ
458 1473 559 1498 οἰκεῖον
585 1472 719 1507 συστῆσαι
736 1471 852 1505 θέλημα,
878 1473 925 1498 καὶ

131 1516 179 1542 ἐπὶ
198 1516 229 1542 τὸ
242 1515 361 1543 ἄτακτον
376 1516 406 1543 οὺ
422 1516 512 1547 καλῶς
525 1516 575 1551 τὴν
591 1515 667 1548 τάξιν
684 1515 923 1550 μεταϐιϐάζουσιν,

131 1562 164 1596 ἑᾷ
179 1562 230 1597 μὲν
245 1561 293 1588 νῦν
313 1563 330 1596 ἡ
349 1561 473 1596 βασιλεία
499 1570 549 1596 μου
565 1563 614 1596 τὴν
636 1561 683 1588 τοῦ
707 1562 818 1592 κανόνος
836 1561 925 1597 ἑρμη-

132 1606 230 1633 νεῦσαι
246 1607 294 1632 καὶ
315 1606 465 1641 σαφηνίσαι
478 1607 561 1641 ὑφὴν,
585 1607 688 1642 ῥᾴστην
704 1604 788 1632 οὖσαν
805 1606 924 1641 καταλη-
940 1621 960 1648 C

131 1652 237 1687 φθῆναι
250 1653 298 1678 καὶ
314 1652 518 1686 δια-γνωσθῆναι
536 1652 626 1683 καλῶς
650 1652 707 1683 τοῖς
721 1651 869 1689 βάπτουσιν
886 1653 926 1683 εἰς

131 1699 280 1734 ἀκρίόιιαν
295 1700 343 1726 καὶ
356 1699 504 1734 κανονικῆς
526 1699 631 1730 ἐννοίας
654 1698 841 1733 θιγγάνουσιν,
860 1699 928 1726 αὐτὸ

130 1744 160 1771 δὲ
173 1744 258 1771 τοῦτο
273 1746 328 1776 τοῖς
344 1745 521 1782 ἀρχιερεῦσιν
547 1744 672 1779 ἐπιτιμᾷ,
701 1744 727 1769 τί
753 1744 854 1779 δήποτε
881 1744 929 1770 τὸν

132 1791 240 1817 κανόνα
256 1791 357 1822 εἰδότες
370 1791 416 1817 καὶ
426 1791 461 1817 τὰ
476 1792 585 1826 ῥήματα
596 1790 692 1817 τούτου
704 1790 929 1826 ὲξακριῦούμενοι

133 1835 184 1872 τὴν
206 1835 316 1862 ἑαυτῶν
344 1835 498 1871 συνείδησιν
523 1835 677 1869 ἁνευλόγως
702 1836 855 1870 ὲπάτησαν,
882 1835 930 1861 καὶ

132 1882 180 1909 τοῦ
210 1882 326 1914 κανόνος
354 1882 617 1919 παραρριπτομένου
647 1882 786 1917 ἠνείχοντο
809 1881 859 1908 καὶ
882 1882 930 1917 τὴν

133 1929 271 1964 ὑφεδρίαν
289 1929 334 1955 ἐπὶ
353 1928 409 1955 τῶν
427 1929 493 1964 πρὶν
515 1928 733 1964 χαρτοφυλάκων
756 1927 930 1962 ὴσπέιζοντος

134 1976 183 2002 καὶ
204 1974 304 2009 μισθὸν
315 1974 421 2005 τούτοις
436 1974 485 2009 τῆς
510 1974 565 2000 τῶν
594 1973 675 2008 ἱερῶν
706 1973 825 1999 κανόνων
853 1981 932 2007 nept-

134 2021 299 2056 φρονήσεως
316 2021 365 2055 τὴν
383 2020 429 2046 ἐπὶ
446 2019 494 2050 τὰς
516 2018 650 2053 λαχούσας
665 2018 763 2049 αὐτοὺς
784 2017 932 2052 ἐκκλησίας

135 2066 275 2092 ἀπέλασιν
291 2065 395 2097 δίδωτι,
410 2064 504 2091 κανόνι
522 2063 667 2099 στοιχοῦσα
679 2062 818 2090 κάνταῦθα
831 2062 932 2097 ικκλη-

135 2110 293 2146 σιαστικῷ,
322 2110 369 2136 καὶ
395 2112 451 2142 τοῖς
481 2110 698 2145 περιφρονηταϊς
729 2108 783 2135 τῶν
812 2108 933 2135 κανόνων

134 2158 262 2189 ἐκείνους
289 2157 388 2189 αὐτοὺς
415 2158 479 2188 τοὺς
506 2157 597 2192 ἱεροὺς
625 2155 740 2187 κανόνας
760 2156 801 2187 εἰς
826 2155 933 2190 ἄμυναν

133 2205 334 2241 ἀντεξάγουσα.
351 2205 420 2232 Οὐδὲ
436 2206 490 2240 γὰρ
512 2205 544 2231 ἂν
568 2205 654 2239 ἔχοιεν
675 2204 765 2237 λέγειν
779 2204 803 2229 οἱ
818 2203 873 2228 τῶν
887 2202 932 2228 δυ-

134 2253 222 2280 τικῶν
238 2252 410 2288 προεστῶτες
426 2250 575 2286 ἀρχιερεῖς,
590 2251 635 2276 ἐπὶ
647 2250 742 2285 χρόνον
762 2248 866 2284 μακρὺν
877 2247 932 2274 τῶν

964 321 1096 355 ριιιιειιλτθ
1116 320 1309 348 conﬁrmatum
1324 326 1357 346 ac
1374 318 1543 347 stabilitum.

1001 411 1070 445 Quia
1087 419 1153 438 vero
1169 418 1244 438 nunc
1259 410 1387 446 maiestas
1412 416 1472 437 mea
1490 410 1599 443 didicit,
1619 411 1753 445 quosdam

966 457 1122 492 pontiﬁces,
1151 456 1304 484 ambitione
1323 456 1441 491 quadam
1455 456 1598 492 impulsos,
1618 457 1757 486 chartula-

967 504 1001 530 rii
1018 503 1182 539 dignitatem
1203 502 1360 537 deprimere
1372 502 1453 536 velle,
1468 511 1573 538 perque
1591 511 1713 531 canones
1726 504 1754 531 in

968 549 1089 577 medium
1107 549 1257 584 productos
1275 549 1454 579 contendere.
1474 557 1529 577 non
1546 550 1584 577 illi
1599 551 1754 579 sessionem

968 603 1050 630 supra
1069 595 1216 630 pontiﬁces
1242 598 1413 629 competere,
1441 595 1550 629 quoties
1576 596 1618 624 eis
1639 597 1757 632 alicujus

969 641 1070 677 negotii
1085 649 1167 668 causa
1181 640 1405 668 conveniendum
1421 641 1468 672 sit,
1487 645 1515 668 et
1531 649 1584 668 una
1609 642 1743 669 considen

973 688 1037 715 dum
1052 688 1079 715 in
1090 691 1198 717 senatu.
1210 691 1274 714 ante
1288 694 1428 714 accessum
1440 687 1473 714 ad
1485 687 1658 715 sanctitatem
1672 694 1757 721 tuam,

970 735 1083 761 minime
1119 734 1264 762 ferendum
1290 737 1426 771 majestati
1457 744 1525 764 mea:
1545 737 1633 764 visum
1658 743 1710 769 est.
1729 744 1759 764 ut.

970 788 1015 808 res
1035 781 1175 816 tautujam
1192 785 1316 816 tempore
1332 782 1460 816 probata,
1488 787 1516 809 ct
1531 790 1545 809 a
1565 782 1759 817 superioribus

972 826 1136 861 patriarchis
1154 834 1186 854 ac
1212 827 1390 861 pontiﬁcibus
1416 828 1488 859 aliis.
1514 833 1596 863 atque
1620 829 1674 855 illis
1692 829 1760 864 ipsis

972 872 1040 899 adeo
1053 873 1099 908 qui
1109 873 1165 908 jam
1178 880 1233 900 non
1247 873 1320 909 justa
1330 874 1364 901 de
1375 880 1458 901 causa
1472 875 1608 906 rixantur,
1626 874 1759 902 diuturno

973 919 1082 946 silentio
1100 923 1219 954 recepta,
1239 927 1312 947 nunc
1335 925 1450 954 urgente
1467 921 1542 947 nulla
1569 921 1672 948 ratione
1690 922 1758 949 abo-

933 946 958 977 Β
974 966 1071 998 leatur,
1094 970 1123 992 et
1145 966 1222 1000 quasi
1263 967 1417 1001 neglectum
1449 967 1552 1002 aliquid
1577 967 1759 995 convellatur.

971 1012 1143 1047 Quapropter
1155 1012 1286 1047 quiddam
1304 1013 1404 1040 rationi
1434 1014 1512 1041 valde
1540 1020 1758 1041 consentaneum

971 1063 998 1085 et
1015 1066 1122 1094 tequum
1140 1059 1247 1086 statuit.
1271 1058 1377 1094 Quippe
1393 1059 1415 1086 si
1434 1059 1526 1086 adhuc
1548 1059 1692 1095 pontiﬁces
1707 1060 1760 1087 im-

972 1110 1044 1131 mota
1060 1112 1114 1131 non
1130 1112 1241 1132 tnoverc
1253 1105 1365 1138 vellent,
1385 1113 1436 1133 nec
1459 1113 1520 1141 qua:
1536 1106 1667 1141 placuere
1677 1114 1762 1141 supe-

972 1150 1055 1178 rioris
1071 1151 1210 1178 memoria:
1226 1151 1355 1179 Patribus
1369 1156 1395 1179 ct
1414 1151 1538 1187 ipsismet
1556 1152 1638 1188 longo
1652 1151 1763 1180 silentio

973 1196 1160 1232 patientiaque
1188 1197 1220 1224 ad
1241 1197 1407 1225 hodiernum
1437 1205 1525 1233 usque
1542 1198 1615 1226 diem
1633 1206 1762 1234 compro-

976 1244 1036 1270 bata
1066 1244 1188 1277 fuerunt,
1215 1252 1248 1272 ex
1278 1245 1463 1272 inconstantia
1490 1245 1566 1273 velut
1593 1253 1762 1282 oppugnare,

974 1295 1048 1317 recte
1060 1289 1193 1322 facerent,
1209 1295 1237 1317 et
1252 1291 1385 1318 habenda:
1401 1291 1468 1326 ipsis
1481 1291 1575 1327 gratia:
1588 1292 1673 1327 quod,
1686 1292 1764 1328 abie-

973 1340 1018 1361 cto
1037 1335 1174 1370 pugnandi
1189 1336 1294 1369 studio,
1311 1344 1406 1371 pacem
1420 1337 1511 1371 potius
1523 1338 1643 1372 amplexi
1659 1343 1762 1366 essent.

974 1377 1009 1404 At
1025 1386 1090 1405 vero
1102 1378 1125 1406 si
1141 1379 1253 1412 quidam
1269 1379 1359 1408 adhuc
1382 1381 1466 1408 verba
1490 1382 1604 1409 canonis
1623 1390 1764 1418 usurpan-

977 1427 1016 1451 tes
1038 1423 1185 1460 (quandoa
1212 1426 1348 1453 sententia
1370 1426 1450 1461 longe
1483 1427 1593 1463 absunt)
1621 1428 1763 1457 libidinem

975 1477 1052 1496 suam
1069 1471 1126 1505 prol
1137 1479 1183 1498 are
1214 1471 1350 1505 nituntur,
1381 1472 1563 1508 ordinemque
1591 1474 1719 1509 nequiter
1737 1474 1764 1503 iu

976 1516 1168 1544 confusionem
1193 1518 1380 1546 inordinatam
1410 1525 1582 1548 commutant
1613 1530 1620 1548 :
1651 1522 1766 1549 canonis

976 1563 1088 1598 quidem
1110 1566 1237 1600 majestas
1265 1574 1324 1594 mea
1349 1572 1508 1595 contextum
1539 1568 1717 1603 interpretari
1734 1576 1766 1596 ac

978 1607 1118 1635 declarare
1132 1609 1227 1641 mittit,
1249 1615 1379 1646 perceptu
1398 1616 1426 1638 et
1443 1611 1585 1640 intellectu
1602 1613 1764 1641 facillimum

979 1650 1014 1677 iis
1026 1652 1074 1686 qui
1089 1652 1242 1681 subtilitate
1254 1659 1319 1682 sunt
1332 1655 1444 1688 imbuti,
1458 1661 1637 1692 mentemque
1653 1660 1767 1687 canonis

979 1697 1117 1732 attingunt
1136 1707 1143 1725 :
1161 1707 1256 1727 verum
1275 1701 1327 1728 hoc
1341 1701 1368 1728 in
1378 1702 1556 1737 pontiﬁcibus
1569 1704 1766 1739 reprehendit,

979 1743 1052 1777 qttod
1066 1751 1129 1771 cum
1155 1752 1288 1773 cauoucm
1300 1751 1423 1780 nossent,
1434 1748 1550 1783 ejusque
1564 1749 1647 1776 verba
1667 1757 1768 1784 perac-

981 1794 1075 1816 curate
1093 1794 1229 1822 tenerent,
1245 1799 1323 1818 suam
1339 1792 1460 1826 ipsorum
1480 1794 1678 1822 conscientiam
1691 1803 1767 1830 prm-

982 1839 1022 1861 tcr
1036 1836 1169 1863 rationem
1184 1837 1386 1870 conculcarint,
1401 1843 1429 1865 ct
1447 1840 1522 1874 rejici
1544 1847 1678 1867 canonem
1696 1841 1769 1876 passi

981 1879 1047 1912 sint,
1065 1887 1098 1907 ae
1116 1880 1275 1908 inferiorem
1290 1882 1440 1909 sessionem
1460 1884 1512 1910 sub
1536 1885 1675 1912 memoriae
1688 1893 1770 1920 supe—

983 1925 1066 1952 rioris
1085 1925 1260 1953 chartulariis
1289 1928 1407 1962 amplexi
1432 1928 1546 1956 fuerint.
1577 1930 1696 1965 ideoque
1719 1939 1770 1966 pro

982 1978 1122 1998 sacrorum
1140 1979 1276 1999 canonum
1290 1978 1451 2008 contemptu
1470 1975 1624 2002 mercedem
1645 1975 1718 2004 hanc
1730 1977 1772 2005 eis

984 2016 1124 2051 [majestas
1134 2018 1208 2053 mea]
1225 2017 1332 2050 tribuit,
1343 2023 1373 2045 ut
1388 2027 1450 2046 suas
1465 2020 1497 2046 ad
1511 2021 1643 2048 ecclesias
1657 2021 1771 2057 abigan-

985 2068 1046 2096 tur;
1065 2063 1246 2092 ecclesiastici
1260 2065 1374 2092 canonis
1389 2066 1471 2093 et’am
1487 2066 1538 2094 hac
1553 2067 1580 2094 in
1594 2072 1670 2102 parte
1687 2069 1771 2096 vesti-

983 2110 1033 2144 giis
1050 2110 1188 2142 insistens.
1206 2115 1235 2138 et
1249 2111 1381 2139 adversus
1403 2120 1539 2140 cattonum
1555 2117 1772 2150 contemptores,

984 2153 1058 2185 ipsos
1071 2161 1192 2182 canones
1203 2161 1297 2182 sacros
1314 2155 1341 2182 in
1358 2156 1514 2184 subsidium
1533 2157 1697 2192 producens.
1719 2159 1775 2188 Nec

983 2201 1056 2228 enim
1074 2201 1217 2236 pontiﬁces
1231 2202 1249 2228 ii
1261 2203 1308 2237 qui
1327 2203 1546 2232 occidentalibus
1560 2205 1687 2233 ecclesiis
1704 2214 1774 2241 prte-

985 2250 1059 2277 sunt,
1076 2249 1104 2272 et
1116 2253 1130 2272 a
1148 2247 1236 2274 multo
1248 2247 1304 2282 jam
1316 2251 1440 2283 tempore
1459 2248 1522 2276 ﬁdei
1536 2257 1592 2277 sua:
1602 2250 1773 2278 creditorum

135 2298 379 2333 ἐμπιστευθέντων
403 2297 495 2328 αὐτοῖς
524 2296 561 2331 μὴ
581 2297 773 2329 φροντίσαντες
798 2294 926 2329 ποιμνίωι.

986 2291 1100 2318 ovilium
1115 2300 1209 2319 curam
1226 2293 1329 2320 nullam
1350 2302 1470 2328 gessere,
1490 2302 1541 2322 nec
1557 2295 1608 2330 (uti
1628 2297 1776 2324 convenie-

139 2345 204 2379 μηδ’
223 2344 260 2375 ὡς
281 2345 364 2380 ἐχρῆν
379 2344 405 2370 ὲν
426 2342 533 2374 τούτοις
546 2342 788 2375 ἐπιστατήσακιτες,
799 2340 836 2371 ὡς
849 2341 866 2374 ἡ
881 2341 932 2374 τὴν

137 2391 176 2417 ἕω
190 2389 398 2424 κατατρέχουσα
413 2389 466 2414 τῶν
486 2386 593 2422 ἐχθρῶν
616 2386 704 2413 λύσσα
726 2386 862 2421 προσέστη
885 2385 931 2412 καὶ⁴

135 2437 259 2466 τούτοις,
276 2436 322 2461 καὶ
347 2435 395 2470 τὴν
416 2435 569 2470 ἐπισκοπὴν
592 2432 718 2460 ἐντεῦθεν
743 2432 796 2459 τῶν
814 2431 931 2465 λογικῶν

136 2480 292 2517 προϐάτοιν
307 2481 520 2515 περιῃρέθησαν.
540 2480 594 2506 Καὶ
610 2480 640 2506 τ),
656 2479 705 2511 μὲν
728 2477 814 2509 οὕτως
831 2479 933 2504 οίκονο-

139 2526 232 2562 μηθ’ὲν
256 2525 331 2559 παρὰ
355 2525 402 2558 τῆς
425 2525 561 2559 βασιλείας
579 2534 630 2559 μου
654 2525 703 2559 τὴν
729 2524 820 2559 κρίσιν
841 2523 932 2554 αὐτοῖς

138 2572 190 2599 τοῦ
206 2570 428 2604 ἀποτελέσματος
446 2577 478 2595 πε
484 2570 648 2604 ριλέλοιπεν.

183 2617 263 2644 Ἐπεὶ
277 2616 305 2642 δὲ
321 2614 460 2641 καὶτοῦτο
477 2617 515 2645 εἰς
533 2615 616 2646 ἀκοὰς
633 2615 769 2650 ἀνηνέχθη
788 2614 883 2649 αὐτῆς,
897 2613 934 2644 ὦς

139 2670 217 2693 τινες
232 2661 271 2688 τὼ
281 2661 344 2695 ντῆς
361 2659 524 2695 Ἐκκὶησίας
537 2660 658 2693 λογάδων
667 2661 696 2686 ἐν
708 2661 768 2691 ταῖς
779 2660 935 2694 γινομέναις

141 2709 247 2744 ψήφοις
275 2706 540 2739 καταλιμπάνονται,
567 2705 757 2740 προτιμῶνται
778 2705 806 2731 δὲ
831 2704 934 2730 τούτων

143 2755 213 2781 ἔνιοι
231 2753 433 2788 ὑποϐεϐηκότες
448 2752 512 2783 ἴσως
529 2752 576 2778 καὶ
595 2753 683 2787 χρόνῳ
706 2753 754 2778 καὶ
770 2750 936 2777 καταστάσει

145 2801 205 2836 βίου
218 2802 249 2834 τῇ
259 2800 393 2835 κρείττονι
401 2798 448 2824 καὶ
460 2797 526 2832 μηδὲ
538 2797 623 2823 πολλὰ
636 2798 699 2832 περὶ
711 2797 759 2831 τῆς
772 2796 937 2830 Ἐκκλησίας

145 2846 326 2879 πονήσαντες,
355 2843 454 2871 οὔκουν
470 2843 560 2876 ἔδοξεν
588 2842 743 2869 οὐδὲτοῦτο
767 2842 797 2868 τὺ
823 2843 938 2876 πρᾶγμα

147 2893 197 2926 τῆς
228 2891 302 2925 ἱερᾶς
319 2890 430 2917 συνόδου
456 2889 511 2916 τῶν
530 2889 681 2923 ἀρχιερέων
705 2887 827 2919 ἐπάξιον.
854 2887 936 2913 Ὅθεν

148 2937 197 2963 καὶ
215 2937 377 2972 ἐπισκήπτει
394 2935 462 2962 πᾶσι
477 2934 608 2968 φιλοθὲως
624 2933 692 2968 ὁμοῦ
715 2933 763 2973 καὶ
777 2932 934 2968 βασιλικῶς,

313 2985 332 3014 Ρ
340 2992 446 3014 t'ruou.
465 2984 524 3014 Gn.
541 2981 635 3014 CXX\
650 2981 686 3011 ll.

986 2336 1042 2371 bat)
1059 2337 1093 2364 iis
1112 2337 1290 2372 prtefueruut.
1311 2339 1404 2367 dicere
1430 2345 1571 2375 poterunt,
1599 2341 1702 2369 rabiem
1728 2343 1776 2370 lto-

986 2383 1088 2414 stilem.
1108 2391 1169 2418 qua:
1194 2393 1243 2419 per
1263 2385 1398 2413 orientem
1418 2391 1541 2421 grassata
1558 2387 1620 2418 fuit.
1642 2388 1676 2414 ad
1702 2388 1776 2423 ipsos

987 2429 1141 2464 pertigisse,
1156 2434 1238 2464 atque
1254 2430 1306 2457 hoc
1316 2431 1397 2458 modo
1409 2432 1461 2459 sibi
1473 2433 1566 2460 ovium
1582 2434 1688 2460 ratione
1706 2443 1776 2468 pra:-

987 2475 1107 2502 ditarem
1125 2475 1322 2510 inspectioucm
1340 2477 1494 2511 ademptam
1510 2486 1581 2505 esse.
1599 2479 1632 2505 Et
1646 2479 1698 2506 hoc
1715 2480 1777 2514 qui-

988 2520 1050 2548 dem
1071 2521 1097 2547 iu
1112 2521 1185 2548 hunc
1211 2520 1322 2548 modum
1349 2531 1364 2549 a
1379 2523 1520 2557 majestate
1535 2531 1593 2550 mea
1614 2524 1777 2559 dispositum

989 2571 1104 2593 eventus
1119 2567 1158 2594 eis
1176 2567 1308 2602 judicium
1325 2568 1465 2602 relinquit.

1024 2611 1093 2644 Quia
1109 2619 1175 2639 vero
1199 2617 1228 2639 et
1257 2613 1322 2639 illud
1342 2613 1375 2640 ad
1397 2621 1480 2641 aures
1505 2614 1565 2650 ejus
1582 2615 1697 2641 relatum
1726 2618 1778 2645 est,

990 2658 1122 2691 quosdam
1137 2658 1242 2685 scilicet
1254 2658 1382 2686 Ecclesia:
1395 2668 1525 2694 proceres
1537 2660 1652 2688 eximios
1667 2664 1780 2695 prreter-

991 2703 1034 2736 iri,
1056 2712 1118 2731 cum
1131 2705 1282 2732 electiones
1305 2705 1384 2738 ﬁunt,
1404 2706 1499 2741 eisque
1518 2707 1641 2741 praeferri
1658 2707 1779 2734 nonnul-

991 2750 1042 2781 los.
1058 2754 1111 2777 tant
1127 2754 1206 2777 relate
1233 2759 1314 2785 quam
1336 2753 1494 2780 conditione
1510 2753 1572 2780 vitae
1593 2753 1715 2780 melioris
1735 2754 1779 2781 in-

992 2796 1119 2829 feriores,
1131 2797 1233 2831 quique
1247 2805 1301 2824 nou
1329 2806 1441 2834 magnos
1462 2806 1510 2834 pro
1527 2800 1647 2827 Ecclesia
1670 2800 1780 2828 labores

993 2842 1193 2874 sustinuerunt,
1212 2851 1246 2871 ne
1264 2844 1309 2870 illa
1325 2845 1436 2878 quidem
1460 2853 1503 2872 res
1518 2853 1596 2873 sacra
1615 2846 1779 2880 pontiﬁcum

994 2888 1098 2923 synodo
1114 2888 1193 2915 nobis
1209 2889 1288 2924 digna
1316 2893 1372 2917 visa
1383 2895 1435 2917 est.
1462 2891 1636 2926 Quapropter
1650 2891 1781 2918 omnibus

995 2933 1121 2968 religiose
1137 2934 1241 2969 pariter
1257 2940 1285 2963 et
1298 2935 1432 2971 imperiali
1449 2944 1513 2963 cum
1525 2937 1690 2965 auctoritate
1705 2945 1783 2966 man.

1523 2982 1559 3013 31
