2023 3164
249 208 304 240 975

882 205 1014 236 ALEXII
1035 205 1135 236 COMN
1141 205 1206 235 ENI

1818 206 1872 238 ντδ

247 265 436 299 (Εοορι-οιοτί,
451 263 651 299 cathegumeno
679 262 838 291 monasterii
863 262 956 290 Sancti
983 262 1029 289 La-

1085 262 1187 295 γάνων,
1196 259 1242 287 τοῦ
1266 259 1472 295 καθηγουμένου
1481 260 1530 295 τῆς
1542 260 1627 296 μονῆς
1641 259 1688 287 τοῦ
1705 260 1866 296 Οἰκοπροτέι

247 311 315 343 zari,
327 311 455 338 Simeone
469 310 574 338 incluso
589 310 746 337 monasterii
761 310 867 337 Domini
881 310 1030 343 Philotbei,

245 357 347 393 Cyrillo
361 357 562 391 cathegumeno
579 355 739 383 monasterii
758 355 920 382 Sanctorum
935 355 1036 391 Marty-

246 411 306 430 rum
335 402 428 434 Probi,
443 401 572 431 Tarachi.
596 405 624 429 et
651 401 813 433 Andronici,
834 401 1035 436 cathegumeno

246 447 405 476 monasterii
429 447 564 480 Prasiani,
584 448 729 474 Joannicio
752 447 952 482 cathegumeno
976 455 1035 474 mo-

245 494 360 522 nasterii
410 494 596 529 Hodegorum,
635 493 835 528 eatbegumeno
875 494 1034 521 monasterii

246 540 338 568 Sancti
354 540 446 569 Mocii.
458 539 532 567 Luca
548 539 749 575 cathegumeno
762 539 922 567 monasterii
941 539 1034 567 Sancti

246 586 354 619 t‘hocae,
365 588 566 620 cathcgumeno
583 584 742 612 monasterii
758 584 889 620 Pterygii,
905 585 1036 620 cathegu-

245 640 327 659 meno
351 631 510 659 monasterii
537 631 812 665 Attaliatze;aliaquc
836 631 1034 659 monachorum

245 676 421 704 multitudine
437 684 534 711 magna
548 684 582 703 ex
596 676 712 703 diicrsis
726 675 911 704 monasteriis.

244 725 291 752 τοῦ
305 725 517 760 καθηγουμένου
529 725 576 760 τῆς
595 725 679 759 μονῆς
691 725 738 752 τοῦ
757 724 959 756 Ἀτταλειάτου,
983 722 1032 749 καὶ

246 773 379 807 στηριων.

283 818 331 845 His
348 818 441 852 itaque
468 817 597 844 omnibus
626 817 797 852 congregatis
812 817 839 844 in
863 824 960 852 magno
981 816 1033 843 tri-

245 863 330 890 clinio
345 862 558 890 Blachernarum
573 870 669 890 recens
689 867 840 894 exstructo,
852 867 879 890 ct
899 861 1033 889 adstanti-

246 908 298 935 bus
314 916 406 936 coram
432 913 543 943 potente
557 913 584 936 οι
610 914 705 936 8211010
729 908 894 944 imperatore
924 913 1030 939 IIOSH'O,

245 954 431 981 assidentibus
445 955 495 989 ipsi
512 953 578 982 solis
591 954 750 982 felicissimo
764 953 988 981 Sebastocratore
1003 957 1032 980 et

245 1000 427 1028 sanctissimis
443 1000 609 1035 patriarchis
625 1000 727 1027 domno
740 999 854 1027 Nicolao
875 999 1033 1026 Constanti-

244 1045 414 1081 nopolitano,
436 1050 464 1074 et
484 1047 585 1074 domno
605 1046 740 1081 Symeone
761 1044 1032 1079 Hierosolymilano:

247 1092 425 1120 serenissima
446 1097 475 1120 et
490 1093 566 1128 pacis
591 1092 794 1120 studiosissima
809 1093 869 1127 ejus
894 1092 1032 1127 maiestas.

211 1134 218 1142 “
243 1146 307 1166 cum
320 1146 376 1165 rem
390 1139 445 1166 Deo
457 1139 585 1173 placitam
598 1143 626 1166 et
637 1146 702 1165 vere
715 1138 816 1173 regiam
827 1138 1032 1172 praestituisset,

244 1185 330 1219 ipsam
347 1185 381 1212 ad
394 1184 523 1212 ell‘ectum
539 1184 644 1211 eduxit.
658 1183 726 1212 Nam
743 1183 902 1218 priusquam
915 1191 959 1210 res
972 1190 1033 1217 quin

245 1231 377 1265 agebatur
394 1231 594 1266 produceretur
611 1231 640 1257 in
658 1230 789 1262 medium,
805 1237 868 1257 cum
883 1229 965 1256 vellet
979 1230 1033 1256 im-

245 1282 356 1311 perator
380 1277 503 1304 omnium
527 1276 633 1304 animos
660 1275 805 1310 tranquille
820 1280 848 1302 et
874 1274 985 1310 paciﬁce
1003 1281 1033 1302 se

244 1323 357 1354 habere,
373 1328 401 1350 et
421 1323 444 1350 si
460 1323 534 1358 quod
551 1322 697 1357 vestigium
716 1321 894 1356 malignitatis
911 1324 958 1347 aut
979 1320 1032 1347 hu-

244 1369 318 1396 muni
333 1375 431 1396 sensus
447 1373 475 1396 et
492 1367 643 1395 voluntatis
661 1367 689 1394 in
709 1367 862 1402 cujuspiam
887 1365 970 1393 corde
992 1365 1032 1392 la-

244 1419 324 1448 teret,
337 1415 363 1442 id
379 1414 463 1442 vellet
477 1414 589 1449 penitus
612 1413 733 1445 abolere.
748 1417 776 1440 et
791 1416 886 1447 postea
901 1411 936 1439 ad
961 1419 1034 1447 quaa-

242 1460 341 1487 stionis
353 1467 469 1488 examen
485 1460 591 1492 venire,
602 1460 694 1486 statim
708 1458 827 1486 surrexit
844 1458 941 1485 humili
956 1466 1032 1485 more

242 1511 332 1533 totum
347 1511 450 1534 emtum
463 1506 625 1539 respiciens,
640 1505 721 1532 hilari
735 1503 954 1540 aspectu,corde
967 1511 1032 1530 con—

244 1551 309 1577 trito
325 1555 353 1578 ct
369 1551 404 1578 ab
429 1550 504 1578 omni
528 1550 628 1577 aﬂ'ectn
651 1550 750 1582 libero,
765 1549 888 1584 rogantis
910 1548 991 1576 simul
1005 1552 1032 1576 et

1089 316 1147 342 ρου,
1163 307 1211 334 τοῦ
1220 306 1427 342 καθηγουμένου
1435 307 1482 342 τῆς
1493 308 1576 342 μονῆς
1591 306 1638 334 τοῦ
1651 307 1728 340 ἁγίου
1735 306 1873 342 Λαζάρου,

1087 352 1199 388 Συμεὼν
1210 352 1257 379 τοῦ
1273 352 1432 386 ὲγκλείστου
1454 353 1502 387 τῆς
1522 352 1606 387 μονῆς
1625 352 1672 379 τοῦ
1690 353 1775 388 κυροῦ
1798 354 1875 380 Φιλο-

1087 397 1161 431 θὲου,
1182 397 1318 432 Κυρίλλου
1341 398 1388 424 τοῦ
1415 398 1624 432 καθηγουμένου
1648 398 1698 433 τῆς
1722 399 1806 434 μονῆς
1822 399 1874 425 τῶν

1093 443 1190 477 ’Ᾱγίων
1207 443 1363 479 Μαρτύρων
1384 444 1501 478 [If/560:),
1527 444 1654 479 Ταράχου
1671 446 1718 470 καὶ
1738 445 1875 480 ’Δνδρονί-

1087 498 1147 522 κου,
1167 490 1212 516 τοῦ
1231 490 1438 525 καθηγουμένου
1455 491 1504 524 τῆς
1524 491 1607 526 μονῆς
1631 490 1678 517 τοῦ
1706 492 1874 525 Πρασιάνου,

1092 535 1258 562 Ἰωαννικίου
1274 536 1320 562 τοῦ
1336 535 1542 570 καθηγουμένου
1561 537 1610 571 τῆς
1625 537 1710 571 μονῆς
1724 537 1779 563 τῶν
1799 538 1875 572 mn-

1087 581 1153 614 γῶν,
1171 581 1218 608 τοῦ
1232 582 1439 617 καθηγουμένου
1454 583 1502 618 τῆς
1527 583 1612 618 μονῆς
1633 583 1680 610 τοῦ
1700 583 1792 617 Ἀγίου
1809 585 1875 610 Μω-

1087 627 1158 658 κίου,
1174 628 1268 654 Λουκᾶ
1279 628 1326 654 τοῦ
1340 628 1545 663 καθηγουμένου
1563 630 1612 664 τῆς
1627 629 1712 664 μονῆς
1729 631 1776 656 τοῦ
1785 630 1876 664 Ἀγίου

1086 674 1178 707 Φωκᾶ,
1196 674 1244 700 τοῦ
1261 675 1467 709 καθηγουμένου
1478 675 1527 710 τῆς
1541 675 1625 710 μονῆς
1650 676 1696 702 τοῦ
1714 677 1878 716 [Ιτερυγίουι

1069 721 1188 758 πλήθους
1211 723 1306 759 ἐτέρου
1326 723 1451 759 μοναχῶν
1484 723 1575 750 ικανοῦ
1592 725 1624 751 ἐκ
1638 725 1775 760 διαφόρων
1797 733 1879 760 μονα,

1123 814 1232 841 Τούτων
1249 814 1296 842 οὖν
1314 815 1424 842 πάντων
1449 815 1648 851 ἀθροισθέντων
1673 817 1703 843 ὲν
1719 817 1759 852 τῷ
1783 827 1877 854 νεουρ-

1086 860 1197 896 γηθέντι
1218 861 1330 897 μεγάλῳ
1346 861 1487 897 τρικλινίῳ
1502 862 1558 889 τῶν
1581 861 1755 898 Βλαχερνῶν,
1768 864 1817 890 καὶ
1838 865 1877 901 τῷ

1086 906 1209 942 κραταιῷ
1223 907 1270 934 καὶ
1279 907 1350 942 ἁγίῳ
1362 907 1441 942 ἡμῶν
1455 907 1560 942 βασιλεῖ
1575 909 1778 946 προκαθημένῳ
1792 919 1876 946 παρι-

1086 952 1238 986 σταμένων,
1260 953 1349 988 μόνων
1369 953 1597 988 συνεδριαζόντων
1609 954 1686 989 αὗτῷ
1698 956 1745 982 τοῦ
1757 964 1788 982 τε
1805 965 1874 983 παν-

1084 999 1282 1034 ευτυχεστάτου
1308 999 1560 1035 σεδαστοκράτορος
1574 1001 1622 1028 καὶ
1641 1001 1696 1028 τῶν
1711 1002 1874 1036 ἁγιωτάτων

1085 1045 1260 1081 πατριαρχῶν
1272 1045 1320 1072 τοῦ
1343 1055 1373 1072 τε
1388 1046 1704 1079 Κωνσταντινουπόλεως
1725 1047 1811 1084 κυροῦ
1825 1049 1876 1075 Νι-

1083 1090 1195 1124 κολάου,
1220 1091 1267 1118 καὶ
1294 1090 1341 1118 τοῦ
1367 1091 1565 1127 Ἰεροσολύμων
1598 1092 1682 1128 κυροῦ
1701 1093 1833 1129 Συμεών·
1857 1095 1873 1130 ἡ

1083 1137 1211 1172 γαλήνιος
1228 1138 1276 1165 καὶ
1303 1138 1504 1173 εῑρηνικωτάτη
1521 1139 1604 1165 αὐτοῦ
1633 1139 1759 1173 βασιλεία
1778 1141 1874 1176 θεάρε-

1085 1184 1147 1210 στάν
1160 1192 1187 1210 τι
1203 1185 1250 1211 καὶ
1265 1184 1405 1219 βασιλικὸν
1417 1185 1457 1219 τῷ
1471 1185 1526 1211 ὄντι
1543 1185 1816 1221 προδιασκεψαμένη,
1833 1188 1873 1218 εις

1084 1229 1163 1264 ἔργον
1176 1230 1209 1264 δὴ
1232 1229 1310 1256 τοῦτο
1327 1231 1374 1257 καὶ
1389 1231 1574 1265 ὑπεξήγαγεν.
1601 1232 1658 1268 Πρὸ
1673 1232 1726 1267 γάρ
1747 1232 1795 1259 τοῦ
1822 1234 1872 1268 τὴν

1085 1275 1214 1302 ὑπόθεσιν
1227 1275 1295 1307 ὅλως
1314 1275 1480 1312 προτεθῆναι
1495 1278 1534 1308 εἰς
1557 1277 1652 1312 μέσον,
1671 1278 1720 1310 τὰς
1739 1278 1794 1304 τῶν
1811 1287 1873 1305 συν-

1084 1318 1256 1354 εληλυθότων
1282 1321 1410 1348 ἁπάντων
1427 1322 1571 1357 ἡμερῶσαι
1587 1322 1633 1349 καὶ
1648 1323 1806 1358 εἰρηνεῦσαι
1820 1325 1872 1359 ψυα

1082 1365 1133 1400 xi;
1147 1364 1286 1397 ἐθέλουσα,
1304 1366 1350 1392 καὶ
1366 1367 1505 1398 παντελῶς
1519 1367 1669 1402 ἀπαλεῖψαι
1683 1368 1760 1395 εἵπου
1774 1370 1873 1405 καρδία

1083 1410 1155 1442 ne;
1194 1411 1348 1446 ἑμφωλεύει
1369 1411 1440 1447 [χνος
1463 1421 1490 1438 τι
1517 1413 1616 1444 κακίας
1639 1414 1686 1440 καὶ
1702 1414 1872 1450 ἀνθρωπίνου

1083 1456 1258 1491 φρονήματος
1279 1457 1296 1492 ἢ
1310 1455 1472 1493 θελήματος,
1491 1459 1537 1484 καὶ
1550 1458 1621 1485 οὕτω
1639 1461 1807 1495 ποιήσασθαι
1825 1461 1871 1487 τοῦ

1083 1501 1241 1537 ζητήματος
1263 1503 1310 1528 καὶ
1325 1503 1374 1538 τὴν
1387 1502 1510 1536 ἐξέτασιν
1521 1512 1528 1519 ·
1542 1505 1621 1536 εὐθὺς
1636 1505 1727 1540 ὄρθιος
1742 1506 1807 1542 ἔστη
1825 1508 1872 1533 καὶ

1086 1547 1154 1581 πρὸς
1173 1546 1204 1573 τὸ
1226 1547 1285 1573 ὅλον
1306 1546 1443 1583 ἄθροισμα
1457 1549 1485 1576 ἐν
1502 1549 1623 1584 σχήματι
1655 1550 1777 1586 ταπεινῷ
1803 1552 1870 1578 ἀπο-

244 1596 380 1624 Iiortantis
395 1596 477 1623 modo
495 1597 554 1623 haec
568 1596 697 1623 omnibus
719 1595 896 1622 audientibus
921 1594 1029 1622 locutus

1083 1591 1205 1627 ϐλέψασα
1222 1592 1307 1627 ἱλαρῷ
1318 1592 1357 1628 τῷ
1372 1593 1511 1628 βλέμματι
1527 1595 1574 1621 καὶ
1593 1598 1816 1633 συντετριμμένῃ
1826 1599 1872 1625 καὶ

242 1646 285 1668 οει
297 1650 304 1668 2

279 1785 291 1802 1
311 1775 419 1803 Domini
436 1780 464 1803 et
484 1776 579 1803 Patres
596 1775 662 1808 mei,
678 1780 706 1802 et
723 1783 756 1802 ex
775 1780 872 1802 senatu
892 1779 1029 1810 quotquot

244 1832 253 1847 1
273 1822 439 1850 eruditiores
448 1821 526 1853 estis,
536 1829 585 1857 ego
597 1821 721 1856 quidem,
731 1825 760 1849 ut
769 1821 853 1856 probe
864 1821 961 1854 nostis,
971 1822 1028 1857 jam

244 1877 253 1893 1
276 1868 383 1902 pridem
398 1867 516 1900 bellicis,
531 1867 711 1902 popularibus
728 1873 757 1895 et
776 1868 968 1895 communibus
979 1875 1028 1895 cu—

242 1923 252 1939 1
277 1913 315 1941 ris
333 1914 473 1945 detentus,
488 1918 516 1941 et
533 1913 567 1940 ad
586 1920 748 1941 communes
766 1913 894 1940 inimicos
910 1914 1027 1949 propul-

239 1969 252 1984 νε
275 1960 376 1987 sandes
402 1967 511 1994 semper
525 1964 680 1995 promptus,
695 1966 771 1987 nunc
795 1964 887 1987 autem
908 1960 1029 1987 instante

243 2014 252 2029 1
276 2009 400 2040 tempore
417 2004 452 2031 ad
468 2004 613 2032 militarem
634 2004 839 2040 expeditionem
856 2010 979 2040 paratus,
991 2005 1028 2032 ita

243 2061 251 2075 1
273 2054 303 2077 ut
326 2050 394 2077 nulli
417 2050 500 2077 alteri
521 2051 632 2086 negotio
647 2057 746 2077 vacare
763 2051 865 2085 possim
880 2059 887 2084 ;
902 2051 1027 2079 volebam

243 2105 251 2120 1
274 2100 330 2122 tum
349 2100 462 2130 propter
480 2096 654 2131 gravissimas
672 2103 764 2122 rerum
782 2096 955 2131 publicarum
969 2097 1025 2125 sol-

243 2151 251 2166 1
272 2141 442 2171 licitudines,
454 2146 484 2167 ut
500 2140 605 2167 dictum
622 2145 675 2174 est,
689 2145 747 2168 tum
767 2141 840 2175 quod
858 2141 940 2174 hujus
954 2149 1029 2177 quaa~

241 2197 249 2211 α
272 2186 371 2214 stionis
383 2186 486 2213 solutio
502 2185 590 2212 facilis
604 2186 788 2221 expeditaque
802 2187 849 2219 sit,
865 2186 944 2214 vobis
960 2187 1027 2215 solis

241 2242 250 2256 ι
274 2231 389 2258 sunnnis
403 2231 605 2264 sacerdotibus,
622 2235 716 2266 utpote
730 2232 777 2266 qui
791 2239 840 2266 per
849 2232 898 2260 Dei
911 2233 1024 2268 gratiam

241 2288 249 2302 1
272 2277 300 2304 in
319 2277 420 2304 divinis
432 2277 572 2312 sapientes
585 2277 656 2310 sitis,
675 2277 750 2305 Illius
765 2285 883 2306 examen
905 2283 933 2306 et
949 2279 1025 2306 solu-
1042 2277 1064 2305 Ι)

241 2336 248 2347 ε
274 2323 376 2351 tionem
401 2324 585 2352 committere.
601 2323 742 2359 Siquidem
759 2332 802 2352 res
817 2325 892 2352 omni
912 2332 1028 2360 prorsus

241 2380 248 2394 1
269 2369 429 2398 dilllcultate
445 2375 534 2400 vacat.
549 2369 655 2397 etiamsi
685 2369 917 2398 Chalcedonensis
936 2370 1027 2397 archi-

240 2427 247 2439 ι
274 2415 396 2450 episcopi
410 2415 526 2450 epistola
538 2423 593 2442 non
604 2415 740 2442 modicam
757 2415 829 2450 apud
844 2415 1027 2451 simpliciores

239 2473 247 2486 ι
272 2462 471 2490 dubitationem
487 2463 660 2490 excitaverit.
674 2463 710 2490 At
724 2462 842 2490 subinde
857 2470 965 2490 mecum
983 2471 1027 2490 re-

239 2518 248 2533 1
272 2514 383 2544 putans,
399 2514 533 2545 quantum
549 2514 579 2537 et
600 2510 681 2545 quale
707 2510 811 2537 bonum
826 2509 862 2537 sit
891 2517 966 2542 vera,
978 2518 1025 2536 or~

239 2564 246 2580 ι
270 2554 388 2581 thodoxa
398 2560 426 2582 et
441 2555 615 2582 innnaculata
629 2555 696 2582 ﬁdes
712 2560 816 2587 nostra,
830 2559 858 2582 ct
869 2555 1024 2590 cujusmodi

238 2610 247 2626 ‹
271 2601 379 2628 lucrum
412 2602 448 2629 sit
471 2610 532 2629 eam
562 2602 702 2628 custodire
727 2601 808 2636 eique
832 2601 1023 2636 patrocinari;

237 2658 246 2673 ι
271 2656 333 2675 cum
349 2655 411 2675 eam
427 2649 462 2675 ab
483 2653 563 2675 utero
580 2649 677 2675 matris
705 2656 773 2674 meae
807 2646 875 2674 mihi
908 2647 1024 2674 fecerim

235 2705 243 2718 ι
267 2694 409 2729 gaudium,
420 2693 694 2729 deeorem,gloriam,
706 2693 896 2720 fulcimentum
911 2692 1024 2719 etinex-

236 2749 243 2762 ι
269 2739 444 2775 pugnabilem
468 2744 564 2767 contra
581 2739 705 2766 visibiles
735 2743 765 2766 et.
794 2738 946 2766 invisibiles
969 2738 1023 2765 ini-

236 2793 245 2808 t
269 2786 355 2813 micos
378 2790 569 2818 armaturam;
593 2793 645 2812 nec
664 2785 755 2819 patiar
774 2784 915 2819 quidpiam
943 2784 1022 2819 parvi

237 2840 244 2854 ε
265 2837 311 2858 aut
326 2831 416 2867 magni
431 2832 458 2859 in
472 2831 592 2859 decretis
605 2832 717 2859 Patrum
731 2835 890 2858 nostrorum
905 2831 1018 2864 mutari,

235 2885 244 2899 1
268 2878 354 2904 autin
381 2886 476 2905 eorum
494 2878 620 2905 doctrina
649 2877 751 2913 aliquid
778 2878 898 2904 alienum
926 2877 1013 2904 inseri

233 2929 242 2945 ι
268 2921 380 2948 veleam
395 2930 539 2957 perperam
556 2923 686 2958 explicari
698 2928 746 2950 aut
759 2931 774 2950 a
801 2922 1020 2951 Christianorum

1085 1637 1188 1670 πάθους
1201 1639 1301 1670 παντὸς
1320 1638 1450 1675 ἐλευθέρᾳ
1473 1639 1582 1675 καρδία,
1609 1641 1823 1677 παρακλητικῶς
1841 1652 1871 1670 τε

1084 1683 1151 1719 ὁμοῦ
1177 1685 1225 1710 καὶ
1241 1684 1443 1716 παοαινετικῶς
1459 1685 1500 1717 εἰς
1515 1685 1633 1720 ἐπήκοον
1648 1687 1757 1714 πάντων
1772 1687 1872 1722 ἐξερώ-

1084 1739 1166 1765 νησεν
1175 1739 1183 1746 ·

1122 1785 1132 1801 1
1150 1779 1286 1803 Δεςπόται
1303 1786 1352 1811 μου
1368 1776 1415 1803 καὶ
1429 1776 1550 1812 Πατὲρες
1565 1777 1612 1803 καὶ
1624 1778 1648 1804 οἱ
1660 1778 1714 1805 τῶν
1725 1780 1870 1815 συγκλητι-

1086 1831 1094 1846 ι
1115 1822 1170 1848 κῶν
1188 1821 1355 1857 λιγιὼτεροι,
1375 1822 1429 1855 ἐγὼ
1443 1822 1493 1857 μὲν
1509 1823 1545 1854 ὡς
1559 1824 1607 1850 καὶ
1624 1824 1703 1859 ὑμεῖς
1719 1826 1810 1852 οἴδατε
1824 1827 1870 1853 καὶ

1086 1877 1095 1894 1
1115 1867 1244 1903 πρότερον
1255 1868 1387 1903 διηνεκῶς
1403 1870 1463 1900 ταῖς
1488 1871 1700 1903 στρατιωτικαῖς
1719 1872 1766 1898 καὶ
1788 1872 1869 1907 δημο-

1086 1924 1094 1940 1
1116 1915 1224 1946 σιαιιαίς
1239 1915 1285 1940 καὶ
1298 1915 1402 1945 κοιναῖς
1416 1914 1555 1950 φροντίσιν
1571 1915 1812 1951 ἐνασχολούμενος,
1824 1919 1869 1945 καὶ

1087 1969 1095 1984 1
1115 1960 1181 1995 πρὸς
1198 1959 1245 1990 τὰς
1262 1959 1316 1985 τῶν
1331 1959 1429 1986 κοινῶν
1443 1959 1549 1995 ἐχθρῶν
1575 1961 1806 1997 ἀντιπαρατάξεις
1826 1964 1868 1990 ἀεὶ

1086 2014 1094 2030 1
1117 2004 1405 2039 παρασκευαζόμενος,
1429 2006 1476 2031 καὶ
1491 2005 1538 2031 νῦν
1563 2005 1591 2032 δὲ
1608 2005 1675 2042 πρὸς
1690 2008 1868 2043 ἐκστρατείαν

1086 2060 1094 2075 1
1112 2050 1156 2077 διὰ
1168 2051 1197 2077 τὸ
1210 2050 1353 2086 ἐπιστῆναι
1374 2050 1425 2086 ἠδη
1447 2051 1492 2078 τὸν
1512 2052 1596 2087 αὐτῆς
1615 2053 1709 2088 καιρὸν
1725 2053 1868 2089 ἑτοιμαζόο

1085 2106 1093 2120 1
1113 2104 1203 2130 μενος,
1228 2096 1275 2122 καὶ
1296 2096 1334 2131 μὴ
1349 2097 1416 2132 πρὸς
1430 2095 1494 2124 ἄλλο
1507 2106 1533 2123 τι
1558 2098 1655 2124 ἑαυτὸν
1675 2100 1866 2136 άπασχολῆσαι

1085 2151 1093 2167 1
1113 2141 1277 2176 δυνάμενος·
1296 2142 1446 2177 ἐϐουλόμην
1463 2142 1542 2169 τοῦτο
1555 2143 1605 2178 μὲν
1622 2144 1669 2170 κα)⁵
1683 2144 1727 2172 διὰ
1742 2145 1774 2171 τὸ
1787 2147 1866 2172 πολυ-

1083 2197 1091 2213 ι
1110 2188 1222 2222 ἀσχολον
1237 2187 1292 2214 τῶν
1305 2188 1402 2214 κοινῶν
1414 2188 1595 2224 πραγμάτων,
1605 2189 1642 2222 ὡς
1657 2189 1776 2226 εἴρηται,
1790 2191 1866 2219 τοῦτο

1082 2242 1092 2259 1
1111 2233 1138 2260 δὲ
1152 2234 1198 2260 καὶ
1211 2234 1254 2260 διὰ
1268 2234 1297 2260 τὸ
1311 2234 1420 2269 εὐχερὲς
1434 2235 1482 2262 καὶ
1492 2235 1647 2262 εὐδιάλυτον
1662 2236 1707 2263 τοῦ
1721 2239 1866 2274 προκειμέο

1081 2289 1090 2306 1
1110 2288 1156 2306 νου
1167 2279 1334 2314 ζητήματος,
1345 2280 1437 2315 μόνοις
1449 2280 1513 2315 ὑμῖν
1527 2282 1582 2312 τοῖς
1593 2281 1640 2308 τοῦ
1648 2282 1715 2308 Θεοῦ
1723 2283 1865 2318 ἀρχιερεῦ-

1082 2335 1090 2351 1
1111 2334 1152 2352 σιν
1167 2326 1204 2357 ὡς
1222 2327 1313 2361 σοφοῖς
1326 2325 1385 2352 οὖσι
1405 2326 1438 2353 τὰ
1454 2326 1513 2353 θεῖα
1527 2326 1594 2353 Θεοῦ
1607 2328 1710 2362 χάριτι,
1726 2329 1777 2364 τὴν
1803 2330 1864 2364 περὶ

1081 2382 1089 2398 ι
1105 2371 1201 2398 τούτου
1216 2372 1356 2399 ἀναθεῖναι
1367 2372 1508 2409 διάσκεψιν
1521 2375 1567 2400 καὶ
1578 2373 1712 2402 διάλυσιν.
1733 2375 1863 2411 Ἀναμφξ-

1080 2427 1089 2443 1
1109 2417 1187 2444 ϐολον
1203 2418 1258 2453 γάρ
1277 2418 1324 2445 καὶ
1338 2419 1413 2445 δοκεῖ
1441 2420 1488 2445 καὶ
1514 2419 1573 2445 ἐστι
1602 2419 1692 2452 τοῦτο,
1721 2420 1774 2447 κᾶν
1796 2430 1863 2448 τισιν

1079 2473 1090 2489 1
1109 2464 1303 2499 ἁπλουστέροις
1317 2466 1348 2491 ἐκ
1363 2465 1414 2500 τῆς
1428 2465 1474 2491 τοῦ
1491 2464 1546 2492 ἀπὸ
1559 2465 1731 2501 Χαλκηδόνος
1757 2467 1862 2494 ἐπιστο-

1080 2520 1089 2535 1
1108 2510 1156 2546 λῆς
1173 2510 1338 2545 ἀμφιϐολίαν
1362 2511 1393 2537 οὗ
1417 2512 1520 2546 μικρὰν
1543 2511 1664 2547 ἤγειρεν.
1684 2512 1859 2547 Ἀναλογισά-

1079 2565 1088 2581 1
1107 2564 1187 2590 μενος
1200 2556 1229 2582 δὲ
1246 2556 1327 2583 πάλιν
1347 2556 1409 2582 ὅσον
1423 2556 1470 2582 καὶ
1482 2554 1537 2582 οἷον
1552 2557 1655 2589 ἀγαθόν
1671 2558 1745 2584 ἐστιν
1762 2559 1776 2593 ἡ
1796 2558 1859 2592 άλη-

1081 2610 1090 2626 ι
1110 2600 1170 2635 θινὴ
1187 2601 1233 2627 καὶ
1258 2600 1399 2636 ὁρθόδοξος
1424 2601 1474 2627 καὶ
1496 2601 1647 2637 ἀμώμητος
1662 2603 1756 2634 πίστις
1774 2603 1858 2638 ἡμῶν,

1079 2656 1088 2671 1
1108 2647 1153 2672 καὶ
1167 2644 1223 2672 οἷον
1244 2647 1274 2673 τὸ
1290 2647 1386 2681 κέρδος
1401 2646 1448 2672 τοῦ
1463 2647 1565 2681 ταύτης
1579 2647 1742 2682 ἀντέχεσθαι
1760 2656 1789 2674 τε
1814 2647 1858 2674 καὶ

1079 2702 1086 2717 1
1106 2692 1298 2727 περιέχεσθαι·
1316 2692 1363 2719 καὶ
1375 2691 1478 2728 ταύτην
1493 2694 1526 2719 ἐκ
1541 2693 1645 2725 κοιλίας
1661 2694 1764 2728 μητρὸς
1774 2693 1858 2720 ποιού-

1077 2747 1086 2762 1
1107 2744 1186 2772 μενος
1202 2737 1313 2771 ἐμαυτῶ
1328 2736 1500 2772 ὲντρῦφημα,
1513 2737 1706 2772 καλλώπισμα,
1719 2738 1856 2772 καύχημα,

1076 2793 1085 2808 1
1107 2784 1257 2818 στήριγμα,
1289 2783 1336 2810 καὶ
1359 2784 1430 2810 κατὰ
1450 2784 1505 2810 τῶν
1534 2785 1657 2819 ἀοράτων
1680 2785 1727 2811 καὶ
1757 2783 1856 2818 ὁρατῶν

1076 2838 1085 2854 1
1105 2828 1209 2864 ἐχθρῶν
1224 2829 1305 2855 ὅπλον
1322 2830 1536 2865 ἀκαταμάχητον
1547 2838 1555 2846 ο
1573 2831 1621 2856 καὶ
1638 2830 1674 2865 μὴ
1697 2830 1856 2864 ἀνεχόμενος

1076 2885 1085 2900 1
1108 2875 1204 2910 μικρὸν
1219 2875 1234 2910 ἦ
1251 2875 1322 2910 μέγα
1341 2884 1367 2902 τι
1385 2876 1462 2910 ῥῆμα
1477 2876 1530 2902 τῶν
1544 2878 1600 2907 τοῖς
1621 2877 1709 2910 ἁγίοις
1723 2876 1855 2910 Πατράτιν

1077 2933 1085 2948 1
1105 2923 1182 2958 ἡμῶν
1203 2923 1372 2958 δεδογμένων
1390 2923 1608 2958 παραλλαγῆναι,
1625 2924 1641 2959 ἢ
1673 2925 1731 2955 ταῖς
1757 2923 1854 2949 τούτων
