2023 3164
153 230 205 261 9ἷ7

683 230 868 261 NOVELL/E
888 230 1169 263 CONSTITUTION
1175 234 1228 263 ES.

1730 235 1782 266 978

157 296 165 312 1
185 284 368 317 διδασκαλίαις
387 285 529 320 ἀλλότριόν
545 294 571 311 τι
584 286 823 321 παρενσπαρῆναι,
837 286 853 321 ῆ
868 294 940 322 παρ-

1004 287 1152 321 iquoiibet
1181 296 1293 315 novann
1306 293 1333 316 et
1360 290 1525 318 contrariam
1555 290 1707 318 doctrinam
1737 292 1778 317 rei

156 342 165 358 1
184 331 394 368 ερμηνευθῆναι,
409 332 426 366 ἦ
444 331 520 368 παρά
536 340 609 363 τινος
622 331 677 358 τῶν
693 332 865 367 Χριστιανῶν
886 340 944 358 νεο-

157 389 166 404 1
186 378 267 412 φανές
284 386 321 404 τι·
334 378 455 405 ἐναντιον
477 378 565 414 δόγμα
583 378 600 413 ἦ
615 379 747 414 κήρυγμα
762 378 889 413 δεχθῆναι
913 378 944 406 τὸ

157 435 166 449 1
185 423 293 450 σύνολον
304 431 311 437 ε
328 423 383 450 τῶν
400 424 449 458 μὲν
461 424 548 451 ἄλλων
561 424 671 451 πάντων
683 424 858 459 ἐπελαθόμην
873 433 943 451 παν-

158 480 165 494 1
184 469 295 501 τάπασι,
309 469 423 505 δεύτερα
437 470 487 504 τῆς
505 470 690 506 προκειμένης
706 470 858 505 ἡγούμενος
876 470 944 497 ὐπο-

157 524 166 539 1
186 515 298 547 θέσεως,
323 514 382 541 ὅλον
397 515 425 541 δέ
450 515 567 549 ἐμαυτὸν
586 516 625 548 είς
645 516 694 550 τὴν
717 515 820 551 ταύτης
837 515 945 550 ὁλοσχε-

157 569 166 584 1
187 560 240 595 ρῶς
257 561 437 595 ἀπησχόλησα
453 561 579 597 ζήτησιν,
596 562 713 597 θελήσας
728 563 775 589 καὶ
789 562 871 593 αὐτὸς
887 572 945 589 κοι-

157 616 165 631 1
186 607 267 638 mvt;
296 607 360 642 ὑμῖν
391 608 438 634 καὶ
468 608 640 644 συμμερίτης
665 609 795 642 γενέσθαι
824 609 870 635 καὶ
897 608 944 635 τοῦ

157 664 165 680 1
186 654 268 680 κίπου
285 655 331 680 καὶ
347 654 395 681 τοῦ
414 655 512 689 μισθοῦ
525 664 531 670 ·
548 657 595 683 καὶ
610 656 642 691 δὴ
659 656 713 692 πρὸ
731 657 840 684 πάντων
857 665 946 692 παρα-

157 711 166 725 1
185 700 259 727 καλῶ
272 701 343 735 ὑμᾶς
352 701 503 728 ἀποθέσθαι
516 702 611 738 θυμὸν,
622 702 730 737 φθόνον,
743 704 821 738 μῖσος
832 701 946 730 παλαιὸν

156 757 165 771 1
188 747 203 781 ἢ
220 744 266 773 καὶ
281 747 351 780 νέον,
376 747 424 774 καὶ
438 748 536 775 κακίαν
550 750 657 776 ἃπασαν
672 749 767 785 πόρρω
780 758 826 776 ποι
843 749 946 776 ἀττελά-

156 801 165 817 1
185 800 230 818 σαι
246 793 300 818 τῶν
316 792 409 828 ψυχῶν
429 794 522 829 ὑμῶν·
544 795 590 822 καὶ
609 795 647 830 μὴ
673 795 818 830 ἐριστικῶς
838 796 884 822 καὶ
899 803 947 829 φι-

157 847 165 862 1
184 838 324 870 λονείκως,
338 839 405 867 ἀλλὰ
413 840 529 873 λογικῶς
541 841 588 867 καὶ
603 841 813 876 φιλανθρώπως,
826 841 864 876 μὴ
877 842 946 876 μετά

157 894 167 908 ο
185 885 419 919 προσιιιποληψίας
435 886 482 913 καὶ
504 886 553 920 τῆς
570 887 687 921 ματαίας
704 888 820 921 οἰήσεως
843 887 859 922 ῆ
876 887 947 922 μετά

157 939 166 955 1
185 939 259 962 τινος
287 931 368 958 ἄλλου
392 932 565 967 ἀνθρωπίνου
590 933 754 969 θελήματος,
782 933 851 961 ἀλλὰ
878 934 947 968 μετὰ

158 987 166 1001 1
190 976 281 1010 πάσης
310 978 464 1015 πραότητος
484 980 532 1005 καὶ
562 980 736 1014 ἱλαρότητος,
763 980 810 1007 καὶ
834 980 947 1015 γνώμης

159 1031 168 1047 ι
186 1022 332 1057 ἐλευθέρας
355 1024 402 1050 καὶ
416 1023 550 1055 ἀπαθοῦς,
569 1025 617 1050 καὶ
632 1025 743 1060 εἰρήνης
761 1026 807 1051 καὶ
821 1025 947 1060 ὁμονοίας

159 1077 168 1092 1
188 1068 354 1102 ποιήσασθαι
366 1069 414 1096 τοῦ
431 1069 594 1104 πράγματος
605 1071 654 1105 τὴν
666 1071 823 1104 διάγνωσιν,
840 1071 886 1097 τὸν
899 1071 948 1097 τοῦ

160 1122 169 1139 1
187 1113 255 1139 Θεοῦ
270 1114 352 1149 φόϐον
361 1115 413 1149 πρὸ
427 1116 575 1150 ὀφθαλμῶν
589 1116 711 1151 ἔχοντας,
723 1117 769 1144 καὶ
780 1117 862 1143 αὐτὸν
877 1126 949 1152 παρ-

160 1168 169 1184 1
188 1159 310 1186 εστάναι-
327 1160 443 1187 ἐνώπιον
480 1161 555 1195 ὑμῶν
594 1161 753 1196 βλέποντας.
778 1162 858 1189 Ἀλλὰ
882 1163 949 1198 μηδὲ

161 1214 169 1230 ι
189 1205 280 1239 φιλίαν
304 1207 477 1242 ἀνθρωπίνην
493 1208 542 1241 τῆς
569 1208 699 1242 ἀληθείας
720 1210 947 1245 προτιμήσωμεν,

160 1260 170 1275 1
191 1250 257 1285 μηδέ
280 1251 323 1278 διὰ
341 1253 427 1284 πάθος
449 1254 621 1288 ἀνθρώπινον
635 1254 794 1289 παρίδωμεν
810 1255 860 1290 τὴν
878 1255 949 1290 ἁλή-

163 1305 172 1321 ‹
190 1296 276 1329 θειαν,
302 1298 319 1332 ἢ
339 1299 503 1335 καλύψωμεν
535 1300 550 1335 ἢ
576 1301 813 1336 παραδράμωμεν.
834 1301 872 1328 Οὐ
895 1302 949 1336 γὰρ

161 1351 170 1367 1
191 1342 254 1376 περὶ
273 1338 431 1378 ¹χρημάτων
447 1346 463 1380 ἢ
483 1347 643 1381 κτημάτων,
659 1347 676 1382 ἦ
702 1356 775 1378 τινος
801 1347 856 1374 τῶν
875 1348 951 1375 κάτω

162 1396 170 1411 ι
192 1388 239 1413 καὶ
256 1387 444 1423 φθειρομένων
460 1392 476 1425 ἠ
501 1391 626 1427 ζήτησις,
655 1393 776 1427 ἀδελφοὶ,
793 1393 861 1420 ἀλλὰ
884 1393 949 1429 περὶ

161 1442 171 1459 1
190 1433 307 1466 πίστεως
319 1435 364 1460 καὶ
381 1435 523 1470 ὀρθοδόξου
540 1438 618 1472 ἡμῶν
634 1438 771 1472 δόγματος
788 1441 803 1475 ἡ
825 1440 928 1475 σπουδή
941 1448 948 1454 ·

162 1487 171 1503 1
187 1474 225 1505 ὧν
241 1478 449 1514 ἀμετακινήτων
473 1482 519 1508 καὶ
547 1482 782 1516 ἁπαρασαλεύτων
812 1484 950 1518 μενόντων

161 1534 170 1549 1
189 1524 254 1559 παρ’
267 1525 333 1559 ἡμῖν
343 1525 411 1552 Θεοῦ
425 1526 529 1561 χάριτι,
542 1527 573 1553 τὸ
588 1528 682 1562 κέρδος
698 1529 805 1560 πάντως
816 1529 949 1564 ἀσύγκρι-

159 1577 171 1596 1
190 1578 236 1596 τον
253 1571 299 1598 καὶ
318 1572 334 1606 ἡ
351 1571 470 1606 ὠφέλεια
485 1573 678 1608 ἀνεκλάλητος,
692 1574 787 1609 ὥσπερ
800 1576 882 1602 πάλιν
896 1576 950 1603 τῶν

160 1626 169 1642 1
187 1618 435 1652 ἀποτυγχανόντων
463 1619 479 1654 ἦ
505 1619 574 1646 κατὰ
600 1628 626 1646 τι
647 1621 912 1656 παρακεκινημένων
934 1622 948 1648 6
963 1627 988 1657 c

161 1671 169 1688 1
189 1662 314 1695 κίνδυνος
328 1663 374 1690 καὶ
390 1664 527 1700 ἀφόρητος
542 1665 589 1692 καὶ
599 1665 756 1701 ἀδιήγητος.
773 1676 782 1692 ι

192 1707 288 1735 Ταῦτα
297 1708 344 1735 τοῦ
352 1710 483 1744 βασιλέως
492 1704 628 1745 ἡμῶείτοῦ
642 1712 720 1746 ἁγίου
738 1713 879 1748 πατρικῶς
892 1714 951 1749 ἅμα

156 1756 204 1781 καὶ
222 1756 422 1791 παραινετικῶς
435 1758 726 1793 προαναφωνήσαντος,
741 1759 821 1790 εὐθὺς
834 1760 906 1786 ἅπαν
921 1760 952 1786 τὸ

156 1802 214 1828 τῶν
226 1802 443 1838 συνεληλυθότων
457 1804 557 1838 πλῆθος
566 1805 611 1831 ἐπὶ
621 1806 676 1836 τοῖς
689 1805 772 1832 αὑτοῦ
783 1806 953 1842 παρακλητι-

157 1850 219 1880 mi;
231 1848 278 1876 καὶ
286 1849 451 1882 νουθετικοίς
466 1850 555 1884 λόγοις
571 1851 617 1877 καὶ
633 1852 818 1886 συντριϐέντες
829 1853 873 1878 καὶ
889 1853 953 1887 ἀρε-

156 1892 283 1924 aliptae,
292 1892 339 1919 καὶ
350 1894 670 1930 ὑπερευχαριστήοαντες
681 1896 728 1922 καὶ
738 1896 797 1930 Θεῷ
808 1897 855 1923 καὶ
863 1898 895 1931 τῇ
906 1897 953 1931 βα-

157 1938 252 1974 σιλείᾳ
267 1940 360 1971 αὑτοῦ,
375 1940 526 1976 ὑπέσχοντο
540 1942 672 1977 ἐλευθέρᾳ
686 1943 733 1969 καὶ
751 1943 891 1978 ὰδεχοὶατῳ
906 1944 952 1970 καὶ

156 1984 235 2019 ψυχῇ
251 1985 297 2011 καὶ
310 1986 406 2022 γνώμῃ
425 1988 590 2022 ποιήσασθαι
608 1988 658 2023 τὴν
678 1988 802 2020 ἐξέτασιν
822 1989 870 2024 τῆς
885 1990 952 2016 imo-

158 2030 277 2065 θέσεως,
296 2031 344 2058 καὶ
365 2032 402 2062 ὡς
424 2032 471 2058 τοῦ
494 2032 562 2060 Θεοῦ
587 2033 732 2068 βλέποντος
753 2035 899 2069 δοκιμάσαι
919 2036 953 2062 τὰ

158 2076 209 2102 τοῦ
229 2077 396 2111 ζητήματος.
414 2078 474 2105 Ἐπὶ
486 2078 590 2111 τούτοις
606 2080 807 2116 εὐχαριστήσας
821 2081 867 2108 καὶ
879 2083 892 2108 ὁ
906 2081 953 2117 βα-

160 2120 254 2151 σιλεὺς
271 2121 349 2156 ἡμῶν
373 2123 386 2148 ό
406 2122 494 2158 ἅγιος,
513 2124 691 2159 ἐπιστραφεὶς
710 2124 790 2150 πάλιν
808 2124 876 2159 πρὸς
890 2126 953 2157 τοὺς

161 2167 336 2200 ἁγιωτάτους
347 2169 518 2204 πατριάρχας
531 2171 578 2197 καὶ
590 2170 640 2205 τὴν
651 2171 862 2206 παρατυχοῦσαν
873 2172 953 2207 ἱερω-

161 2215 250 2249 τάτην
274 2215 383 2242 σύνοδον
397 2215 519 2248 ἐξεῖπεν·
542 2226 551 2243 1
571 2218 726 2252 Παρακαλῶ
750 2218 898 2251 καὶτοῦτο,
911 2219 953 2245 δε-

167 2270 175 2285 1
194 2262 292 2288 σπόται
306 2270 368 2296 μου,
386 2262 429 2289 ἵνα
444 2263 555 2297 γένηται
570 2264 701 2300 πρότερον
717 2266 780 2300 παρ’
795 2266 871 2300 ἡμῶν
887 2266 954 2301 πρὶς

997 341 1007 357 1
1031 333 1256 367 pnedicationem
1285 335 1399 362 omnino
1424 336 1547 371 suscipi:
1564 342 1663 364 czetcra
1690 337 1781 363 omnia

997 388 1006 404 1
1029 380 1252 414 penilnsloblitus
1263 388 1430 416 sum,caque
1442 383 1567 417 prmscnti
1586 384 1696 417 negotio
1710 388 1784 417 post-

998 435 1007 450 1
1031 425 1158 460 ponenda
1185 426 1263 458 duxi,
1294 433 1435 462 totamque
1458 435 1546 455 meatu
1569 428 1782 455 sollicitudinem

998 480 1007 496 1
1032 470 1059 497 in
1077 471 1158 506 hujus
1174 472 1335 506 quaestionis
1351 472 1572 509 disquisitionem
1593 474 1728 505 converti,
1751 482 1784 500 cu

998 526 1006 541 1
1031 516 1123 543 animo
1140 522 1171 544 ut
1195 517 1337 545 vobiscum
1360 518 1465 547 laboris
1488 527 1519 546 ac
1539 520 1645 554 pnemii
1671 526 1785 546 consors

998 571 1006 587 1
1030 562 1092 589 sim.
1108 563 1167 590 Prae
1192 564 1322 591 omnibus
1339 569 1430 592 autem
1455 573 1522 600 rogo
1544 565 1688 600 deponatis
1706 565 1784 597 iram,

999 616 1008 633 1
1031 607 1279 640 inviiliatn,odium
1292 617 1341 637 seu
1367 616 1446 637 vetns
1464 619 1511 638 seu
1532 619 1639 643 recens,
1655 615 1683 638 et
1707 611 1785 637 mali-

1000 663 1009 679 1
1034 654 1098 681 tiam
1110 662 1220 682 omnem
1237 657 1332 690 procul
1347 657 1447 684 animis
1466 657 1566 684 vestris
1580 657 1697 691 abigatis
1710 666 1716 690 ;
1730 664 1785 683 non

1000 709 1009 725 1
1031 700 1149 735 litigiose
1164 706 1211 729 aut
1222 702 1404 736 contentiose,
1417 703 1463 730 sed
1476 704 1679 731 rationabiliter
1691 709 1719 730 et
1734 703 1785 736 hn—

1001 754 1009 769 1
1032 745 1158 777 inaniter,
1181 754 1234 773 non
1261 754 1323 774 eum
1352 755 1532 782 personarum
1554 748 1711 783 acceptione
1742 747 1785 774 vel

1002 800 1010 815 1
1034 799 1102 818 vana
1112 791 1316 820 existimatione
1328 796 1376 820 aut
1387 793 1441 820 alio
1449 793 1578 828 quopiam
1593 801 1662 820 vano
1674 793 1785 823 aiioetu,

1003 846 1011 862 1
1037 836 1082 863 sed
1099 844 1163 864 cum
1181 838 1256 865 omni
1274 839 1487 867 mansuetudine
1513 844 1542 866 et
1559 839 1709 871 hilaritate,
1724 847 1786 866 eum

1001 891 1010 906 1
1035 882 1173 910 sententia
1210 882 1297 911 libera
1331 884 1398 911 nulli
1425 884 1536 913 ail‘ectui
1570 884 1699 915 obnoxia,
1725 891 1787 910 cum

1003 937 1011 952 1
1032 935 1097 962 pace
1108 932 1135 955 et
1152 936 1287 957 consensu
1305 930 1344 957 rei
1366 929 1590 965 disquisitionem
1607 929 1723 961 faciatis,
1740 929 1787 956 Dei

963 962 983 991 θ
1003 983 1011 999 1
1036 974 1160 1002 timorem
1176 982 1232 1009 prae
1244 976 1332 1003 oculis
1343 962 1488 1008 habentes.
1500 976 1645 1011 ipsumque
1660 975 1745 1002 Deum
1760 975 1788 1001 in

1002 1029 1010 1046 1
1032 1025 1180 1056 conspectu
1194 1026 1286 1049 vestro
1300 1027 1420 1050 stantem
1432 1023 1583 1057 aspiciatis.
1598 1022 1650 1050 Sed
1668 1030 1702 1049 ne
1717 1021 1787 1047 ami-

1001 1076 1011 1092 1
1035 1067 1127 1094 citiam
1154 1067 1302 1095 humanam
1334 1069 1444 1096 veritati
1476 1074 1688 1104 anteponamus.
1719 1075 1788 1096 neve

1003 1121 1011 1137 1
1035 1111 1071 1139 ob
1097 1112 1247 1140 humanum
1270 1112 1400 1140 aﬂ'eelum
1427 1112 1574 1141 veritatem
1592 1111 1787 1146 despicianius,

1003 1166 1012 1182 1
1036 1162 1083 1185 aut
1098 1158 1256 1193 operiamus
1287 1163 1334 1186 aut
1360 1159 1613 1194 praetermittamus.
1626 1158 1684 1185 Non
1715 1157 1787 1184 enim

1004 1214 1013 1230 1
1036 1203 1070 1232 de
1084 1205 1210 1239 pecuniis
1227 1210 1275 1232 aut
1292 1205 1524 1240 possessionibus,
1539 1209 1586 1232 aut
1601 1205 1728 1240 quapiam
1748 1212 1790 1230 rc—

1005 1260 1013 1274 1
1036 1258 1097 1277 rum
1123 1251 1284 1278 inferiorum
1304 1255 1332 1278 et
1354 1251 1576 1286 corruptibilium
1601 1250 1718 1285 quaestio
1736 1253 1788 1281 est,

1005 1306 1014 1321 1
1036 1297 1144 1329 fratres,
1162 1297 1210 1324 sed
1231 1297 1266 1325 de
1282 1297 1335 1325 fide
1355 1303 1384 1325 et
1399 1297 1551 1325 orthodoxa
1566 1297 1691 1324 doctrina
1710 1295 1789 1322 nobis

1005 1351 1014 1368 1
1036 1342 1194 1370 sollicitudo
1220 1347 1282 1374 est;
1299 1342 1401 1377 quibus
1424 1342 1546 1370 immotis
1567 1346 1595 1369 et
1618 1339 1790 1369 inconcussis

1004 1397 1014 1414 1
1037 1388 1108 1423 apud
1126 1396 1175 1416 nos
1196 1397 1245 1424 per
1273 1389 1322 1416 Dei
1345 1389 1460 1425 gratiam
1478 1389 1668 1421 manentibus,
1684 1389 1788 1415 lucrum

1004 1444 1014 1460 1
1037 1442 1103 1462 sane
1119 1435 1336 1470 incomparabile
1349 1441 1376 1464 et
1395 1435 1543 1464 ineﬂ‘abilis
1560 1436 1664 1463 utilitas
1677 1435 1768 1462 aderit
1782 1442 1789 1465 :

1005 1491 1014 1507 1
1038 1472 1134 1508 contra
1149 1488 1216 1509 vero
1231 1482 1426 1510 exeidentibus
1442 1483 1485 1509 vel
1504 1482 1531 1509 in
1548 1481 1679 1517 quopiam
1698 1484 1789 1507 muta-

1005 1535 1015 1551 1
1040 1526 1083 1558 tis,
1102 1526 1277 1554 intolerabile
1298 1527 1538 1562 inenarrabileque
1561 1526 1715 1562 periculum
1744 1533 1790 1553 sed

1005 1580 1015 1597 1
1037 1577 1149 1607 quetur.
1170 1582 1179 1598 ι

1040 1706 1102 1733 llzec
1118 1714 1179 1733 cum
1194 1711 1306 1734 sanctus
1316 1707 1465 1741 imperator
1479 1711 1573 1734 noster
1585 1710 1700 1742 paterno
1729 1707 1792 1733 hor-

1006 1752 1161 1787 tatoriuque
1192 1760 1269 1779 more
1299 1753 1430 1787 praefatus
1459 1757 1542 1783 esset.
1582 1753 1674 1780 statim
1702 1752 1792 1779 omnis

1005 1799 1163 1826 coeuntium
1191 1803 1291 1830 ccetus.
1321 1799 1382 1833 ejus
1409 1799 1672 1826 commonitionibus
1698 1798 1790 1825 horta-

1007 1844 1184 1878 tionibusque
1198 1848 1394 1878 compunctus.
1410 1844 1498 1878 iisque
1520 1844 1708 1878 acquiescens,
1728 1852 1791 1878 gra—

1007 1890 1114 1924 tiasque
1128 1898 1212 1925 agens
1225 1891 1281 1917 Deo
1305 1895 1333 1917 et
1356 1890 1493 1925 maiestati
1509 1890 1586 1924 ejus,
1611 1889 1737 1924 promisit
1764 1898 1792 1917 se

1006 1935 1095 1962 libero
1118 1936 1265 1970 omnisque
1285 1935 1456 1971 acceptionis
1478 1940 1591 1970 experte
1608 1935 1701 1963 animo
1729 1943 1792 1962 son-

1007 1981 1148 2017 tentiaque
1164 1981 1248 2017 hujus
1258 1982 1360 2017 negotii
1378 1989 1494 2009 examen
1508 1982 1657 2013 facturum,
1674 1986 1701 2008 et
1716 1982 1793 2016 quasi

1006 2029 1063 2056 Deo
1078 2028 1189 2056 vidente
1209 2029 1369 2063 quaastionis
1389 2028 1591 2056 diseussionem
1617 2033 1792 2063 poi-acturum

1006 2083 1076 2103 esse.
1106 2076 1146 2103 Ad
1165 2076 1223 2103 hate
1249 2075 1352 2111 gratias
1377 2083 1462 2111 agens
1497 2079 1611 2102 sanctus
1644 2074 1794 2110 imperator

1006 2127 1112 2153 noster,
1127 2129 1278 2149 conversus
1292 2120 1392 2148 iterum
1415 2121 1449 2148 ad
1474 2119 1664 2148 sanctissimos
1678 2128 1709 2154 pa
1716 2120 1795 2146 triar-

1005 2169 1072 2196 chas
1086 2173 1114 2195 et
1129 2168 1162 2195 ad
1174 2172 1337 2203 praesentem
1351 2167 1624 2201 saeratissimamque
1636 2167 1770 2202 synodum
1785 2176 1792 2194 :

1009 2225 1018 2241 1
1039 2215 1072 2242 Et
1097 2215 1159 2247 hoc,
1177 2214 1278 2250 inquit,
1297 2214 1417 2249 postulo,
1444 2213 1548 2241 domini
1578 2213 1643 2244 mei,
1662 2217 1691 2239 nt
1718 2213 1794 2247 prius

1010 2271 1019 2287 1
1042 2262 1128 2289 Deum
1140 2269 1286 2296 precemur
1306 2269 1355 2296 pro
1368 2261 1511 2295 [irresenlis
1529 2261 1631 2296 negotii
1645 2260 1793 2292 solutione,

168 2318 177 2332 1
193 2308 259 2333 Θεὸν
271 2308 389 2341 ἔντευξις
404 2310 467 2345 περὶ
479 2310 529 2345 τῆς
544 2311 591 2337 τοῦ
605 2313 784 2346 προκειμένου
795 2312 951 2344 διαλύσεως.

1011 2318 1020 2334 ‹
1041 2309 1197 2343 deindeque
1213 2308 1437 2342 disquisitionem
1459 2308 1634 2343 incipiamus.
1649 2313 1792 2342 postquam

171 2363 179 2379 1
195 2355 243 2380 καὶ
264 2352 315 2381 εἶθ’
339 2355 426 2388 οὕτως
452 2356 494 2383 ἵνα
520 2357 708 2392 ἀπαρξώμεθα
732 2358 781 2390 ti;
804 2358 954 2394 ζητήσεως,

170 2409 179 2424 1
197 2401 253 2430 ταῖς
271 2402 362 2434 ἁγίαις
382 2403 458 2437 ὑμῶν
480 2403 573 2438 εὐχαῖς
595 2404 707 2435 ἑαυτοὺς
724 2405 921 2440 ὀχυρώσαντες.
944 2415 953 2431 ι

169 2446 267 2478 Γέγονε
279 2447 310 2481 δὴ
325 2449 370 2474 καὶ
387 2449 475 2475 τοῦτο.
499 2451 553 2476 Καὶ
572 2450 619 2477 τοῦ
636 2451 788 2484 ἀγιωτάτου
804 2453 852 2478 καὶ
865 2453 955 2478 οἰκου-

172 2491 283 2525 μενικοῦ
297 2494 463 2529 πατριάρχου
480 2496 529 2530 τὴν
546 2498 647 2532 συνήθη
661 2497 742 2532 εὐχὴν
755 2497 957 2529 ἐκτελέσαντος,

170 2536 252 2568 εὐθὺς
270 2538 316 2563 καὶ
335 2539 349 2564 ὁ
373 2540 427 2565 ἀπὸ
452 2541 622 2575 Χαλκηδόνος
651 2543 819 2577 μετάκλητος
844 2543 956 2576 γέγονε’

171 2583 219 2608 καὶ
235 2583 344 2615 στάντος
369 2585 398 2610 ἐν
423 2585 462 2620 τῷ
482 2587 556 2621 μέσῳ
573 2588 667 2620 αὑτοῦ,
688 2589 702 2615 ὁ
728 2589 855 2624 βασιλεὺς
880 2590 958 2624 ἡμῶν

170 2629 184 2652 ἦ
201 2628 275 2661 ἅγιος
299 2629 398 2664 ἱλαρῶς
409 2638 439 2656 τε
454 2632 501 2657 καὶ
515 2633 659 2667 προσηνῶς
677 2635 745 2668 πρὸς
759 2635 839 2661 αὑτὸν
855 2635 958 2661 ἀπιδὼν

170 2674 283 2700 τοιαῦτα
296 2675 445 2709 ἐφθέγξατο
458 2684 466 2691 ·
490 2686 499 2701 ‹
519 2677 672 2712 Παρακαλῶ
685 2680 732 2706 καὶ
747 2680 787 2711 σὲ,
805 2680 857 2715 κῦρ
880 2680 957 2712 Δέον,

173 2729 183 2745 1
202 2720 244 2746 ἵνα
260 2720 305 2747 τὸν
326 2721 373 2746 τοῦ
394 2721 461 2747 Θεοῦ
480 2722 562 2756 φόϐον
580 2723 665 2759 λάϐῃς
681 2725 728 2751 ἐπὶ
744 2725 873 2760 λογισμόν
885 2734 892 2741 ⁸
911 2726 958 2752 καὶ

175 2775 184 2789 1
201 2766 280 2801 εἴπερ
296 2768 365 2799 νοεῖς
380 2767 409 2793 ἐν
429 2768 517 2804 ἐαυτῷ
532 2769 568 2800 ὡς
583 2769 615 2796 δι’
629 2770 797 2805 ἀνθρώπινόν
821 2781 847 2798 τι
873 2772 959 2803 πάθος

175 2821 184 2836 1
203 2811 218 2846 ἢ
232 2811 264 2838 δι’
275 2812 334 2848 ἔριν
347 2813 407 2839 τινὰ
421 2813 437 2849 ἢ
453 2814 564 2849 ἄκαιρον
578 2815 702 2843 ἔνστασιν
719 2818 748 2843 το
760 2818 869 2851 γεγονὸς
883 2817 959 2852 παρὰ

177 2869 185 2881 ο
201 2858 247 2884 σοῦ
261 2858 370 2894 ἐξετέθη
390 2859 477 2895 ἕγγρα
492 2859 588 2897 [μμα],
611 2863 648 2897 μὴ
671 2863 787 2898 θελήσῃς
812 2864 958 2897 ἀνωφελῶς

176 2912 185 2927 1
202 2902 271 2929 οὕτω
298 2905 344 2931 κα)⁸
358 2905 447 2940 μάτην
460 2906 626 2939 ἐνίστασθαι,
640 2908 687 2934 καὶ
701 2908 791 2943 ζητεῖν
804 2909 856 2940 ἕως
867 2909 959 2940 τέλους

175 2958 184 2973 1
200 2949 235 2984 τῷ
255 2950 347 2986 οἰκείῳ
371 2951 502 2987 ἐμμένειν
527 2953 660 2989 θελήματι
688 2955 733 2981 καὶ
762 2955 957 2989 συγγράμματι

1012 2365 1020 2380 1
1042 2355 1171 2390 pret-ibus
1183 2355 1282 2381 vestris
1298 2362 1346 2381 nos
1362 2354 1628 2381 eonfirmaverimns.
1655 2364 1663 2379 ›
1680 2354 1708 2381 Id
1729 2362 1794 2380 vero

1009 2401 1109 2428 factum
1127 2406 1180 2428 est.
1198 2400 1231 2427 Et
1247 2405 1392 2435 postquam
1424 2400 1616 2427 sanctissimus
1631 2405 1658 2427 et
1674 2408 1794 2427 meume-

1009 2447 1088 2473 nicus
1100 2445 1255 2480 patriarcha
1273 2450 1433 2472 consuetam
1447 2445 1601 2472 orationem
1624 2445 1793 2478 absolverat,

1009 2492 1100 2519 statim
1125 2492 1362 2519 Chalcedonensis
1387 2491 1487 2526 prrcsul
1515 2491 1665 2518 accersitus
1681 2496 1736 2524 est;
1753 2492 1793 2526 ip-

1008 2546 1125 2573 sumque
1150 2538 1177 2564 in
1204 2537 1295 2565 medio
1334 2541 1453 2564 stantem
1485 2536 1566 2563 hilari
1596 2541 1794 2571 mansuetoquc

1009 2585 1110 2611 intuitu
1126 2589 1239 2611 sanctus
1257 2584 1407 2617 imperator
1424 2583 1463 2609 sic
1490 2582 1640 2617 alloquitur
1657 2592 1662 2609 :
1687 2592 1696 2608 1
1719 2582 1794 2617 Rogo

1010 2642 1019 2658 1
1046 2639 1081 2664 te,
1101 2632 1211 2659 domine
1227 2631 1294 2662 Leo,
1324 2631 1449 2657 timorem
1471 2631 1519 2658 Dei
1538 2631 1565 2658 in
1583 2635 1675 2658 mente
1691 2638 1793 2665 ponas;

1013 2688 1020 2703 1
1042 2683 1070 2704 et
1086 2678 1107 2704 si
1120 2678 1168 2704 tibi
1185 2677 1315 2705 conscius
1327 2677 1376 2708 sis,
1395 2681 1420 2704 te
1437 2677 1473 2704 ob
1492 2677 1641 2704 humanum
1665 2677 1793 2704 affectum

1012 2735 1020 2749 1
1042 2728 1090 2751 aut
1107 2723 1313 2751 contentionem
1331 2723 1477 2757 quamdam
1503 2728 1550 2750 aut
1574 2723 1793 2757 intempestivam

1011 2779 1020 2794 1
1042 2770 1215 2796 occasionem
1248 2769 1406 2804 hujusmodi
1439 2769 1563 2796 libellum
1594 2769 1731 2800 edidisse,
1760 2777 1794 2795 ne

1011 2825 1020 2840 1
1044 2815 1111 2842 velis
1134 2815 1269 2842 inutiliter
1289 2819 1318 2843 ct
1335 2815 1437 2842 frustra
1455 2814 1593 2846 insistere,
1618 2822 1672 2842 neu
1688 2822 1795 2849 quaeras

1013 2870 1021 2885 1
1043 2868 1130 2895 usque
1148 2861 1180 2888 ad
1196 2861 1276 2888 ilnem
1305 2869 1416 2888 manere
1440 2861 1466 2887 in
1488 2861 1631 2896 proposito
1648 2866 1676 2888 et
1693 2860 1795 2894 scripto

1012 2918 1020 2932 1
1044 2913 1101 2940 tuo,
1119 2908 1194 2943 quod
1224 2916 1320 2935 omnes
1346 2908 1437 2934 sciunt
1468 2915 1548 2934 secus
1575 2915 1655 2941 quam
1685 2910 1797 2941 oportet

1012 2964 1020 2980 1
1043 2956 1156 2988 habere,
1185 2960 1212 2982 et
1240 2954 1405 2982 sententiam
1428 2954 1528 2982 divina:
1547 2954 1680 2981 doctrin-71‘
1705 2959 1796 2987 oppo-
