2023 3164
205 207 259 238 975

837 204 969 235 ALEXII
990 204 1161 235 COMNENI

1773 205 1829 237 975

202 263 606 298 tlicoproteri,cathegumeno
634 261 793 290 monasterii
818 261 910 289 Sancti
938 261 984 288 La-

1040 261 1142 294 γὰνων,
1151 259 1197 286 τοῦ
1221 258 1426 294 καθηγουμένου
1436 259 1484 294 τῆς
1497 259 1582 295 μονῆς
1596 258 1642 286 τοῦ
1659 259 1822 295 Οίκοπροτέ-

202 311 270 342 zari,
283 310 410 338 Sitneonc
424 309 529 337 incluso
544 309 701 336 monasterii
716 309 822 336 Domini
835 309 985 342 Philotimi,

200 356 302 392 Cyrillo
316 356 517 390 cathcgumeno
535 354 694 382 monasterii
713 354 875 382 Sanctorum
890 355 990 390 Marty-

201 410 262 429 rum
290 401 383 433 Probi,
399 400 527 430 Tarachi.
551 405 579 428 et
606 400 768 432 Andronici,
789 400 990 435 cathegumeno

201 447 360 474 monasterii
384 446 518 479 Prasiani,
539 446 684 474 Joanuicio
707 447 906 481 cathegumeno
931 454 990 474 mo-

200 493 314 521 nasterii
365 493 551 528 Hodcgorum.
590 492 790 528 catbegumeno
830 493 989 520 monasterii

201 539 293 567 Sancti
308 539 400 568 Moeii.
413 539 487 566 Luca
503 538 704 575 cathegumeno
717 538 877 565 monasterii
896 538 988 566 Sancti

201 585 309 618 l‘hoeaa,
320 587 521 620 cathegnmeno
538 583 697 611 monasterii
713 583 844 619 Pterygii,
860 584 990 619 cathegu-

200 639 282 658 meno
306 630 465 658 monasterii
492 630 767 664 Attaliatte;aliaque
792 630 989 658 monachorum

200 675 376 702 multitudine
392 683 489 710 magna
503 683 537 702 ex
551 675 667 702 diiersis
680 675 865 703 monasteriis.

1044 315 1102 342 ρου,
1118 305 1165 333 τοῦ
1175 305 1382 340 καθηγουμένου
1389 306 1436 341 τῆς
1448 307 1531 341 μονῆς
1546 305 1593 332 τοῦ
1605 306 1683 339 ἁγίου
1690 305 1829 342 Λαζάρου,

1041 351 1153 386 Συμεὼν
1165 351 1212 378 τοῦ
1228 351 1386 385 ὲγκλείστου
1409 351 1457 387 τῆς
1477 351 1562 386 μονῆς
1580 351 1627 378 τοῦ
1645 351 1730 388 κυροῦ
1753 352 1831 379 Φιλο-

1042 397 1115 430 θέου,
1137 396 1273 432 Κυρίλλου
1296 397 1342 423 τοῦ
1370 396 1579 431 καθηγουμένου
1603 397 1653 432 τῆς
1677 398 1761 432 μονῆς
1777 399 1830 424 τῶν

1048 442 1144 477 ’Ᾱγίων
1161 442 1318 478 Μαρτύρων
1339 443 1456 477 Πρόϐου,
1482 443 1609 478 Ταράχου
1626 445 1673 470 καὶ
1694 444 1830 480 Ἀνδρονί-

1041 497 1102 522 κου,
1122 489 1168 515 τοῦ
1186 489 1392 524 καθηγουμένου
1410 489 1460 524 τῆς
1479 490 1562 524 μονῆς
1585 490 1632 516 τοῦ
1661 491 1830 524 Πρασιάνου,

1047 534 1212 561 Ἰωαννικίου
1229 535 1275 561 τοῦ
1290 535 1497 570 καθηγουμένου
1516 535 1565 570 τῆς
1580 536 1664 570 μονῆς
1679 536 1733 562 τῶν
1753 537 1831 571 Ὀδη-

1042 579 1108 614 γῶν,
1126 580 1173 607 τοῦ
1186 581 1394 616 καθηγουμένου
1409 582 1457 617 τῆς
1482 583 1567 616 μονῆς
1587 583 1635 609 τοῦ
1655 582 1747 616 Ἀγίου
1764 584 1831 610 Μω-

1042 626 1113 657 κίου,
1130 627 1223 653 Λουκὶ
1235 627 1281 653 τοῦ
1294 627 1500 662 καθηγουμένου
1518 629 1567 662 τῆς
1581 629 1667 663 μονῆς
1684 629 1832 663 τοῦἈγίου

1041 673 1133 706 emat,
1151 673 1199 700 τοῦ
1216 674 1422 709 καθηγουμένου
1433 674 1482 709 τῆς
1496 674 1580 709 μονῆς
1605 675 1651 701 τοῦ
1669 676 1835 716 Πτερυγίου,

199 724 246 751 τοῦ
260 724 472 759 καθηγουμένου
484 724 531 758 τῆς
549 724 633 759 μονῆς
646 723 693 750 τοῦ
713 723 914 755 ’Δτταλειάτου,
939 721 986 748 καὶ
1024 721 1143 757 πλήθους
1166 722 1261 758 ἑτέρου
1281 723 1407 758 μοναχῶν
1439 723 1530 750 ἱκανοῦ
1547 724 1578 750 ἐκ
1593 723 1730 759 διαφόρων
1752 733 1836 759 μονα,

201 772 334 806 στηρίων.

238 817 286 844 llis
303 817 396 851 itaque
423 816 552 844 omnibus
581 816 752 852 congregatis
767 816 793 843 in
818 823 914 851 magno
936 815 988 842 tri-

200 861 285 889 clinio
300 861 513 889 Blachernarum
527 869 624 889 recens
644 866 795 894 exstructo,
806 866 834 889 et
854 861 988 888 adstanti-

201 907 253 934 bus
269 915 361 934 coram
387 912 498 942 potente
511 913 539 935 et
565 913 659 935 sancto
684 908 849 943 imperatore
879 912 985 938 nostro,

200 953 386 980 assidentibus
399 953 450 988 ipsi
467 953 532 981 solis
545 953 705 981 felicissimo
719 953 943 981 Sebastocratore
958 956 987 979 et

200 999 382 1026 sanctissimis
398 999 564 1034 patriarehis
580 999 682 1027 domno
694 999 808 1026 Nicolao
830 998 989 1026 Constanti-

199 1045 368 1080 nopolitano,
390 1049 418 1073 et
439 1046 540 1073 domno
561 1045 695 1081 Symeone
715 1043 987 1078 Hierosolymitano:

202 1092 380 1119 serenissima
401 1096 430 1120 et
445 1092 521 1127 pacis
546 1091 748 1119 studiosissima
763 1092 824 1126 ejus
849 1091 987 1126 majestas.

167 1133 172 1141 “
198 1145 261 1165 cum
275 1146 332 1164 rem
345 1137 400 1165 Deo
412 1138 540 1172 placitam
553 1143 581 1165 et
592 1145 656 1164 vere
670 1138 771 1172 regiam
782 1137 987 1172 praestituisset,

199 1184 285 1218 ipsam
302 1183 336 1210 ad
349 1183 479 1211 etl‘ectum
494 1183 600 1211 eduxit.
613 1183 680 1210 Nam
697 1182 858 1217 priusquam
870 1190 914 1209 res
927 1189 988 1216 qua

199 1230 332 1264 agebatur
349 1230 549 1265 produceretur
567 1229 594 1256 in
613 1229 744 1261 medium,
760 1236 822 1256 cum
838 1229 920 1256 vellet
934 1229 988 1255 im-

200 1281 311 1310 perator
334 1276 458 1302 omnium
482 1275 588 1302 animos
615 1275 760 1310 tranquille
774 1279 803 1302 et
829 1273 940 1309 paciﬂce
958 1281 988 1301 se

199 1322 312 1353 habere.
328 1327 356 1350 et
376 1322 399 1349 si
415 1322 488 1356 quod
506 1321 652 1356 vestigium
671 1320 849 1356 malignitatis
866 1324 913 1347 aut
934 1319 987 1346 hu-

199 1368 272 1395 mani
288 1375 386 1395 sensus
401 1372 430 1394 et
447 1366 598 1394 voluntatis
615 1365 644 1393 in
664 1365 817 1401 cujuspiam
842 1365 925 1392 corde
947 1365 987 1391 la-

199 1418 279 1447 teret,
291 1413 318 1441 id
334 1413 418 1441 vellet
432 1413 544 1448 penitus
567 1412 688 1444 abolere,
703 1416 731 1439 et
746 1416 841 1446 postea
856 1411 890 1438 ad
916 1418 989 1446 qua:-

197 1459 296 1486 stiouis
307 1466 424 1486 examen
440 1459 546 1491 venire,
557 1459 650 1486 statim
663 1457 783 1485 surrexit
799 1457 895 1484 humili
911 1465 988 1484 more

197 1510 287 1532 totum
303 1509 405 1533 costum
418 1504 580 1538 respiciens.
595 1504 676 1531 hilari
689 1507 815 1539 aspectu,
824 1503 909 1530 corde
922 1510 987 1530 con-

199 1549 265 1576 trito
281 1549 358 1576 etab
384 1549 459 1577 omni
483 1549 583 1576 alfectu
606 1549 704 1581 libero,
720 1548 843 1583 rogantis
865 1547 987 1574 simulet

1078 813 1187 840 Τούτων
1204 814 1251 841 οὖν
1269 814 1379 842 πάντων
1404 814 1603 850 ἀθροισθέντων
1628 816 1658 842 ὲν
1674 816 1714 851 τῷ
1738 826 1835 854 νεουρο

1041 859 1152 895 γηθέντι
1173 860 1285 896 μεγάλῳ
1300 861 1442 897 τρικλινίῳ
1457 861 1513 888 τῶν
1536 860 1710 897 Βλαχερνῶν.
1723 863 1772 890 καὶ
1792 864 1834 899 τῷ

1041 905 1164 941 κραταιῷ
1178 907 1225 933 καὶ
1235 906 1305 942 ἁγίῳ
1317 906 1396 942 ἡμῶν
1410 906 1515 941 βασιλεί
1530 908 1733 945 προκαθημένῳ
1747 918 1833 945 mpt-

1041 951 1193 986 σταμένων,
1215 952 1304 987 μόνων
1324 952 1552 988 συνεδριαζόντων
1564 953 1641 988 αὒτῷ
1653 955 1700 980 τοῦ
1712 963 1742 982 τε
1760 964 1831 982 παν-

1040 999 1237 1033 ευτυχεστάτου
1264 999 1515 1034 σεϐαστοκράτορος
1529 1000 1576 1026 καὶ
1596 1001 1651 1027 τῶν
1665 1001 1831 1035 ἁγιωτάτων

1039 1045 1215 1080 πατριαρχῶν
1227 1044 1275 1071 τοῦ
1297 1054 1328 1071 τε
1343 1045 1658 1078 Κωνσταντινουπόλεως
1680 1046 1767 1082 κυροῦ
1780 1048 1833 1074 Νιο

1038 1090 1150 1123 κολάου,
1175 1091 1222 1117 καὶ
1249 1089 1296 1116 τοῦ
1322 1090 1520 1126 Ἱεροσολύμων
1553 1091 1637 1127 κυροῦ
1656 1092 1787 1127 Συμεών·
1811 1094 1830 1128 ἡ

1038 1137 1166 1171 γαλήνιος
1183 1137 1231 1164 καὶ
1258 1137 1459 1172 είρηνικωτάτη
1477 1137 1559 1164 αὑτοῦ
1589 1138 1714 1172 βασιλεία
1733 1141 1830 1175 inape-

1040 1183 1102 1209 στόν
1115 1191 1142 1209 τι
1158 1184 1205 1210 καὶ
1220 1183 1360 1218 βασιλικὶν
1372 1184 1412 1218 τῷ
1426 1184 1482 1210 ὖντι
1498 1185 1771 1220 προδιασκεψαμένη,
1788 1187 1829 1216 είς

1039 1228 1118 1264 ἔργον
1131 1229 1164 1263 δὴ
1187 1228 1266 1255 τοῦτο
1282 1230 1329 1256 καὶ
1344 1230 1529 1264 ὑπεξήγαγεν.
1556 1231 1612 1266 Πρὸ
1627 1231 1682 1267 γὰρ
1702 1231 1750 1258 τοῦ
1777 1233 1828 1267 τὴν

1040 1274 1169 1301 ὑπόθεσιν
1182 1274 1250 1306 ὅλως
1269 1275 1434 1311 προτεθῆναι
1451 1277 1489 1307 είς
1513 1276 1607 1311 μέσον,
1625 1277 1675 1309 τὰς
1693 1277 1749 1303 τῶν
1767 1286 1830 1304 συν-

1039 1318 1211 1353 εληλυθότων
1237 1320 1365 1347 ἁπάντων
1381 1321 1525 1356 ἡμερῶσαι
1541 1322 1588 1348 καὶ
1603 1323 1760 1357 εἰρηνεῦσαι
1775 1324 1829 1358 ψυ-

1038 1365 1088 1399 χὰς
1102 1364 1241 1396 ἐθέλουσα,
1258 1365 1304 1391 καὶ
1321 1366 1460 1397 παντελῶς
1474 1366 1624 1401 ἅπαλείιῑαι
1638 1367 1715 1394 εἵπου
1730 1369 1830 1404 καρδίᾳ.

1038 1409 1110 1441 ne;
1149 1410 1303 1445 ἑμᾳωλεύει
1324 1410 1395 1446 ἴχνος
1418 1420 1445 1438 τι
1472 1413 1571 1443 κακίας
1594 1413 1641 1439 καὶ
1657 1413 1829 1448 ἀνθρωπίνου

1038 1456 1213 1490 φρονήματος
1235 1456 1251 1491 ἢ
1265 1455 1428 1491 θελήματος,
1445 1458 1492 1484 καὶ
1505 1457 1577 1484 οὕτω
1595 1460 1763 1494 ποιήσασθαι
1780 1460 1828 1487 τοῦ

1037 1500 1196 1536 ζητήματος
1218 1502 1265 1528 καὶ
1280 1502 1330 1537 τὴν
1341 1501 1464 1535 ἐξέτασιν
1475 1511 1483 1519 ‘
1497 1503 1577 1535 εὐθὺς
1591 1503 1682 1540 ὄρθιος
1697 1505 1763 1541 ἔστη
1780 1507 1829 1532 καὶ

1041 1546 1109 1580 πρὸς
1128 1545 1159 1572 τὸ
1180 1546 1240 1572 ὅλον
1260 1546 1398 1582 ἄθροισμα
1412 1548 1440 1575 ἐν
1457 1548 1578 1583 σχήματι
1609 1549 1733 1585 ταπεινῷ
1758 1551 1828 1577 ἀπο-

199 1595 335 1623 liortantis
351 1594 432 1623 modo
450 1596 510 1622 haec
523 1595 652 1622 omnibus
675 1594 850 1622 audientibus
876 1593 984 1621 locutus

1038 1591 1160 1626 ϐλέψασα
1177 1592 1262 1627 ἱλαρῴ
1273 1592 1312 1627 τῷ
1327 1592 1466 1628 βλέμματι
1482 1594 1528 1620 καὶ
1548 1597 1772 1632 συντετριμμένῃ
1781 1599 1829 1624 καὶ

197 1645 240 1667 est
252 1649 260 1667 ε

235 1785 246 1802 ι
266 1775 374 1803 Ι)υωὶιή
391 1779 419 1803 et
439 1775 534 1802 Patres
551 1774 617 1807 mei,
633 1779 661 1802 ct
678 1782 710 1802 ex
730 1779 827 1802 senatu
847 1779 984 1810 quotquot

199 1831 207 1847 ι
227 1821 394 1849 eruditiores
403 1820 481 1852 estis,
491 1828 541 1855 ego
552 1820 676 1855 quidem,
687 1825 715 1848 ut
724 1820 808 1855 probe
819 1820 916 1854 nostis,
926 1821 983 1856 jam

199 1877 208 1892 I
231 1867 338 1902 pridem
352 1866 471 1899 bellicis,
486 1866 666 1901 popularibus
683 1872 712 1894 et
731 1867 924 1894 communibus
935 1875 983 1894 cu-

197 1922 207 1938 ι
231 1913 270 1940 ris
288 1913 428 1944 detentus,
443 1917 471 1940 et
489 1913 521 1939 ad
542 1920 704 1940 communes
720 1912 849 1940 inimicos
865 1913 981 1948 propul-

194 1969 207 1984 τι
230 1959 331 1986 sandes
357 1966 465 1993 semper
480 1964 635 1994 promptus,
651 1966 725 1986 nunc
750 1964 842 1986 autem
863 1959 984 1986 instante

197 2013 207 2029 ι
231 2008 355 2039 tempore
372 2003 407 2031 ad
422 2003 568 2031 militarem
589 2003 794 2039 expeditionem
811 2010 934 2039 paratus,
946 2005 983 2032 ita

198 2060 206 2074 ι
228 2053 258 2076 ut
281 2049 349 2076 nulli
372 2049 456 2076 alteri
476 2050 587 2085 negotio
602 2057 700 2076 vacare
718 2051 820 2084 possim
835 2059 842 2083 ;
856 2051 982 2078 volebam

197 2104 206 2120 ι
229 2100 285 2121 tum
304 2099 417 2129 propter
435 2095 609 2130 gravissimas
627 2102 719 2121 rerum
736 2095 910 2130 publicarum
925 2096 980 2124 sol-

198 2150 206 2165 ι
226 2140 396 2170 licitudines,
409 2145 438 2167 ut
455 2139 560 2167 dictum
577 2144 630 2172 est,
645 2144 702 2167 tum
721 2140 795 2174 quod
813 2140 895 2173 hujus
909 2148 984 2175 ηοω-

196 2196 204 2210 ι
227 2186 326 2213 stionis
338 2185 440 2212 solutio
456 2184 545 2212 facilis
559 2185 743 2220 expeditaque
757 2186 804 2218 sit,
819 2185 899 2213 vobis
916 2186 982 2214 solis

196 2241 205 2255 ι
229 2230 344 2258 summis
358 2229 560 2263 sacerdotibus,
577 2235 671 2265 utpote
685 2231 732 2265 qui
746 2238 796 2265 per
804 2231 853 2258 Dei
866 2231 980 2267 gratiam

196 2287 204 2302 ι
227 2277 255 2303 in
273 2276 375 2303 divinis
387 2276 526 2311 sapientes
540 2276 611 2308 sitis,
630 2276 704 2304 illius
721 2284 837 2305 examen
860 2282 888 2305 et
905 2277 980 2305 solu-
997 2276 1019 2304 Ι)

196 2335 203 2346 ι
228 2323 332 2350 tionem
356 2323 540 2351 committere.
556 2322 697 2358 Siquidem
714 2331 758 2350 res
773 2324 848 2351 omni
867 2331 982 2359 prorsus

196 2380 203 2393 ι
224 2369 384 2396 diliicultate
401 2373 489 2400 vacat.
504 2368 611 2396 etiamsi
640 2368 872 2397 Chalcedonensis
892 2369 982 2396 archi-

196 2426 203 2438 ι
229 2414 351 2450 episcopi
365 2415 482 2450 epistola
493 2422 548 2441 non
559 2414 696 2441 modicam
711 2414 784 2449 apud
799 2414 982 2450 simpliciores

194 2472 202 2486 ‹
227 2461 426 2489 dubitationem
442 2462 615 2490 excitaverit.
629 2462 665 2489 At
679 2461 797 2490 subinde
811 2469 920 2489 mecum
938 2470 982 2489 re-

194 2517 203 2532 ι
228 2513 338 2543 putans,
355 2513 488 2543 quantum
505 2513 534 2536 et
555 2509 636 2544 quale
663 2509 766 2536 bonum
781 2509 817 2536 sit
846 2516 921 2541 vera,
933 2517 980 2535 or-

194 2563 202 2579 ι
225 2553 343 2581 thodoxa
353 2559 382 2581 et
396 2554 570 2581 innnaculata
584 2554 651 2582 lldes
667 2560 771 2586 nostra,
785 2558 813 2580 et
824 2553 979 2589 cujusutodi

194 2609 202 2625 ‹
227 2600 335 2627 lucrum
367 2601 403 2628 sit
426 2609 487 2628 eam
517 2600 657 2628 custodire
682 2600 763 2636 eique
787 2600 979 2635 patrocinari;

192 2657 201 2672 ι
226 2655 288 2674 cum
305 2655 366 2674 eam
383 2647 417 2674 ab
439 2653 518 2674 utero
536 2648 632 2674 matris
660 2655 728 2674 mea:
761 2645 830 2674 mihi
863 2646 978 2673 fecerim

190 2704 198 2717 ‹
222 2693 364 2728 gaudium,
375 2692 514 2725 decorem,
523 2693 649 2728 gloriam,
661 2692 851 2719 fulcimentum
866 2691 978 2719 etinex-

191 2748 199 2761 ι
224 2738 399 2774 pugnabilem
423 2743 519 2766 contra
536 2738 660 2765 visibiles
690 2742 720 2765 ct
749 2737 901 2765 invisibiles
924 2737 978 2764 ini-

191 2793 200 2807 ε
224 2785 310 2811 micos
333 2789 524 2817 armaturam;
548 2791 601 2811 nec
620 2784 710 2818 patiar
728 2783 870 2818 quidpiam
898 2783 977 2818 parvi

192 2839 199 2854 ς
220 2835 267 2857 aut
282 2831 371 2866 magni
386 2831 414 2858 in
428 2831 548 2858 decretis
560 2831 672 2858 Patrum
686 2835 845 2857 nostrorum
861 2830 974 2864 mutari,

190 2884 199 2898 ι
223 2876 310 2903 autin
336 2884 431 2904 eorum
450 2876 576 2904 doctrina
604 2876 707 2912 aliquid
733 2877 853 2903 alienum
881 2876 968 2904 inseri

190 2928 199 2943 ι
224 2920 264 2945 vel
276 2927 335 2947 eam
351 2928 495 2955 perperam
511 2921 641 2956 explicari
654 2927 701 2947 aut
715 2929 730 2948 ιι
756 2921 975 2949 Christianorum

1039 1637 1143 1669 πάθους
1156 1639 1256 1670 παντὸς
1275 1637 1406 1674 ἐλευθέρᾳ
1428 1638 1537 1674 καρδία,
1564 1640 1779 1676 παρακλητικῶς
1797 1651 1828 1669 τε

1038 1683 1106 1718 ὁμοῦ
1132 1684 1180 1709 καὶ
1196 1684 1399 1716 παοαινετικῶς
1414 1684 1454 1716 είς
1470 1685 1588 1720 ἐπήκοον
1603 1687 1712 1712 πάντων
1727 1687 1830 1721 ἐξεφώ-

1039 1738 1121 1765 νησεν
1130 1738 1138 1745 ·

1078 1784 1087 1800 t
1105 1778 1241 1802 Asmént
1258 1785 1307 1810 μου
1323 1775 1370 1802 καὶ
1383 1775 1506 1811 Πατέρες
1520 1776 1567 1803 καὶ
1579 1777 1603 1803 οἱ
1615 1777 1669 1804 τῶν
1681 1779 1828 1815 συγκλητι-

1041 1830 1049 1845 ι
1070 1821 1124 1847 κῶν
1143 1821 1310 1856 λ’,γιώτεροι,
1330 1821 1384 1855 ἐγὼ
1398 1821 1448 1856 μὲν
1464 1822 1500 1853 ὡς
1515 1823 1562 1849 καὶ
1579 1824 1657 1858 ὑμεῖς
1674 1825 1765 1851 οἴδατε
1780 1827 1828 1852 καὶ

1041 1876 1051 1893 ι
1070 1867 1199 1902 πρότερον
1211 1867 1342 1902 διηνεκῶς
1358 1869 1418 1899 ταῖς
1443 1870 1656 1903 στρατιωτικαῖς
1674 1871 1722 1897 καὶ
1742 1871 1827 1906 δημο-

1041 1923 1049 1939 ι
1071 1914 1180 1945 ataui;
1195 1914 1240 1940 καὶ
1253 1915 1357 1945 κοιναῖς
1371 1913 1510 1949 φροντίσιν
1527 1915 1766 1951 ἑνασχολούμενος,
1779 1919 1827 1945 καὶ

1041 1968 1050 1984 ι
1070 1959 1136 1994 πρὸς
1153 1959 1200 1989 τὰς
1217 1959 1271 1985 τῶν
1286 1959 1385 1985 κοινῶν
1399 1959 1504 1995 ἐχθρῶν
1530 1960 1760 1996 ἀντιπαρατάξεις
1781 1964 1826 1990 ἀεὶ

1041 2014 1050 2029 ι
1071 2003 1360 2038 παρασκευαζόμενος,
1384 2005 1430 2030 καὶ
1447 2004 1493 2030 νῦν
1519 2005 1546 2031 δὲ
1564 2005 1630 2041 πρὸς
1646 2007 1825 2042 ἐκστρατείαν

1041 2059 1048 2075 ι
1067 2050 1110 2076 διὰ
1123 2050 1152 2077 τὺ
1165 2050 1308 2085 ἐπιστῆναι
1329 2050 1380 2085 ἤδη
1402 2051 1447 2077 τὸν
1467 2051 1552 2087 αὐτῆς
1570 2052 1664 2087 καιρὸν
1681 2053 1826 2089 ἑτοιμαζό-

1040 2105 1047 2119 ι
1068 2103 1158 2129 μενος,
1183 2096 1230 2122 καὶ⁸
1251 2096 1288 2130 μὴ
1304 2097 1372 2131 πρὸς
1385 2095 1450 2123 ἄλλο
1462 2105 1488 2123 τι
1514 2097 1610 2124 ἑαυτὸν
1631 2099 1824 2136 ἀπασχολῆσαι

1040 2150 1048 2166 ι
1069 2140 1232 2175 δυνάμενος·
1251 2141 1401 2177 ἐϐουλόμην
1418 2141 1498 2168 τοῦτο
1510 2142 1560 2177 μὲν
1577 2143 1624 2170 καὶ
1638 2143 1682 2171 διὰ
1697 2144 1729 2171 et
1742 2146 1825 2171 mitu-

1039 2196 1046 2211 ι
1065 2187 1177 2221 ἀσχολον
1192 2186 1247 2213 τῶν
1261 2187 1357 2214 κοινῶν
1369 2187 1550 2223 πραγμάτων,
1560 2189 1598 2221 ὡς
1612 2189 1732 2225 εἴρηται,
1745 2191 1824 2219 τοῦτο

1037 2241 1047 2258 ι
1066 2232 1094 2258 δὲ
1107 2233 1153 2258 καὶ
1167 2232 1209 2260 διὰ
1224 2233 1252 2259 τὸ
1266 2233 1375 2269 εὐχερὲς
1389 2235 1436 2261 καὶ
1447 2234 1602 2262 εὐδιάλυτον
1617 2236 1662 2263 τοῦ
1675 2238 1825 2273 προκειμέ-

1037 2287 1046 2304 ι
1065 2287 1111 2304 νου
1122 2278 1289 2313 ζητήματος,
1301 2279 1392 2314 μόνοις
1404 2280 1468 2314 ὑμῖν
1482 2281 1537 2311 τοῖς
1548 2280 1595 2307 τοῦ
1603 2281 1670 2308 Θεοῦ
1679 2282 1823 2318 ἀρχιερεῦ-

1037 2334 1046 2350 ι
1066 2333 1108 2351 σιν
1122 2325 1159 2356 ὡς
1177 2326 1268 2360 σοφοῖς
1281 2324 1340 2352 οὖσι
1359 2326 1393 2353 τὰ
1409 2325 1468 2352 θεῖα
1482 2325 1549 2352 Θεοῦ
1562 2327 1665 2362 χάριτι,
1681 2328 1732 2363 τὴν
1757 2329 1823 2364 περὶ

1036 2381 1044 2397 ι
1061 2371 1156 2398 τούτου
1171 2371 1310 2398 ἀναθεῖναι
1321 2371 1463 2408 διάσκεψιν
1476 2374 1522 2399 καὶ
1533 2373 1667 2401 διάλυσιν.
1688 2375 1822 2410 Ἀναμφὶ-

1035 2426 1044 2442 ι
1063 2416 1142 2443 σολον
1158 2417 1212 2452 γὰρ
1232 2417 1279 2444 καὶ
1293 2418 1368 2445 δοκεῖ
1396 2419 1443 2444 καὶ
1469 2418 1528 2445 ἐστι
1557 2418 1647 2452 τοῦτο,
1676 2419 1729 2446 κείν
1750 2430 1822 2447 τισιν

1034 2472 1045 2488 ‹
1064 2463 1258 2498 ἁπλουστέροις
1272 2465 1303 2490 ὲκ
1318 2464 1368 2499 τῆς
1383 2464 1429 2491 τοῦ
1445 2464 1500 2491 ἀπὸ
1513 2465 1686 2500 Χαλκηδόνος
1711 2466 1822 2493 ἐπιστο-

1035 2518 1044 2534 ι
1063 2509 1111 2544 λῆς
1128 2509 1294 2544 ἀμφιϐολίαν
1317 2510 1348 2536 οὐ
1372 2511 1475 2546 μικρὰν
1498 2511 1619 2546 ἤγειρεν.
1639 2511 1818 2546 ’Δναλογιαά-

1034 2564 1043 2579 ι
1062 2563 1141 2589 μενος
1155 2555 1184 2581 δὲ
1200 2555 1282 2582 πάλιν
1302 2556 1364 2582 ὅσον
1378 2556 1425 2582 καὶ
1437 2553 1492 2582 οἷον
1507 2556 1610 2589 ἀγαθόν
1626 2558 1700 2583 ἐστιν
1717 2558 1730 2593 ἡ
1750 2558 1819 2592 ἀλη-

1035 2609 1045 2624 ι
1065 2599 1125 2634 θινὴ
1142 2600 1188 2626 καὶ
1213 2599 1354 2635 ὀρθόδοξος
1379 2601 1428 2627 καὶ
1451 2601 1602 2636 ἀμώμητος
1617 2602 1710 2634 πίστις
1728 2603 1818 2637 ἡμῶν,

1034 2655 1043 2670 ι
1063 2646 1107 2671 καὶ
1122 2643 1178 2672 οἷον
1199 2646 1229 2672 τὸ
1245 2646 1341 2680 κέρδος
1356 2645 1402 2672 τοῦ
1418 2646 1520 2680 ταύτης
1533 2647 1698 2682 ἀντέχεσθαι
1714 2656 1743 2673 τε
1769 2648 1819 2673 καὶ

1034 2701 1042 2716 ι
1061 2691 1253 2726 περιέχεσθαι·
1271 2691 1318 2718 καὶ
1330 2691 1432 2727 ταύτην
1448 2693 1481 2719 ἐκ
1495 2693 1600 2724 κοιλίας
1615 2693 1718 2727 μητρὸς
1728 2693 1819 2718 ποιού-

1032 2746 1041 2761 ί
1062 2744 1141 2771 μενος
1157 2736 1268 2770 ἔμαυτῶ
1283 2736 1455 2772 ἔντρύςρημα,
1468 2737 1660 2772 καλλωπισμα,
1673 2737 1817 2772 καύχημα,

1031 2792 1040 2807 ι
1061 2783 1212 2816 στήριγμα,
1244 2783 1290 2809 καὶ
1314 2783 1384 2810 κατὰ
1405 2783 1459 2810 τῶν
1488 2784 1612 2818 ἀοράτων
1635 2784 1682 2810 καὶ
1711 2784 1817 2818 ὁρατῶν

1031 2837 1040 2853 ι
1059 2828 1164 2864 ἐχθρῶν
1179 2828 1260 2854 ὅπλον
1276 2829 1490 2865 ἅκαταμάχητον
1502 2838 1509 2845 ·
1528 2830 1575 2856 καὶ
1592 2829 1629 2864 μὴ
1651 2830 1818 2864 ἀνεχόμενος

1031 2885 1040 2900 ‹
1063 2875 1159 2910 μικρὶν
1173 2875 1190 2909 ἦ
1207 2875 1276 2910 μέγα
1296 2884 1322 2901 τι
1340 2875 1416 2910 ῥῆμα
1431 2875 1485 2902 τῶν
1499 2877 1554 2907 τοῖς
1576 2876 1663 2910 ἁγίοις
1677 2876 1817 2910 Πατρᾶςιν

1032 2933 1040 2948 ι
1060 2922 1137 2958 ἡμῶν
1159 2922 1327 2957 δεδογμένων
1345 2923 1562 2958 παραλλαγῆναι,
1580 2924 1595 2958 ἢ
1627 2924 1685 2954 ταῖς
1711 2922 1816 2949 τούτων
