2023 3164
154 227 206 259 977

684 229 783 260 NOVE
789 229 868 260 LL18
888 229 1228 263 CONSTITUTIONES.

1730 235 1782 266 978

157 293 165 309 ι
185 281 368 314 διδασκαλίαις
387 282 529 318 ἀλλότριόν
545 292 572 309 τι
584 284 823 319 παρενσπαρῆναι,
838 284 854 320 ἣ
868 293 941 320 παρ-

1003 286 1152 320 tquolibet
1181 293 1333 315 novam-et
1360 290 1525 317 contrariam
1555 290 1708 318 doctrinam
1738 292 1779 318 vel

157 340 165 356 ι
185 328 394 365 ερμηνευθῆναι,
410 330 426 364 ἢ
444 330 520 366 παρά
536 339 609 362 τινος
623 329 677 357 τῶν
694 330 866 366 Χριστιανῶν
887 339 945 357 νεο-

158 387 166 402 ι
186 376 267 410 φανές
284 384 322 402 τι·
334 376 456 404 ἐναντιον
477 376 565 412 δόγμα
583 376 600 411 ἣ
616 378 747 412 κήρυγμα
762 377 890 412 δεχθῆναι
914 377 945 404 τὸ

158 433 166 447 ι
185 421 294 448 σύνολον
305 429 311 435 ·
328 421 383 448 τῶν
400 423 449 457 μὲν
461 422 549 449 ἄλλων
561 422 671 450 πάντων
684 423 858 458 ἐπελαθόμην
874 432 944 450 παν-

158 478 166 492 ι
185 467 295 500 τάπαςι,
310 467 424 503 δεύτερα
437 469 487 503 τῆς
505 468 690 505 προκειμένης
706 468 859 504 ἡγούμενος
877 469 945 496 ὑπο-

158 522 166 537 ι
186 513 298 545 θέσεως,
323 512 382 539 ελον
397 513 426 539 δὲ
450 514 568 548 ἐμαυτὸν
586 515 626 547 είς
645 514 694 549 τὴν
717 514 821 550 ταύτης
837 514 945 549 ὁλοσχε-

157 568 166 583 ι
187 558 240 593 ρῶς
257 559 437 593 ἀπησχόλησα
453 559 579 595 ζήτησιν,
596 561 713 596 θελήσας
728 562 775 587 καὶ
789 561 871 592 αὐτος
887 570 945 588 κοι-

157 614 166 629 ι
186 605 267 636 νωνδς
296 605 360 640 ὑμῖν
391 607 438 632 καὶ
468 607 640 642 συμμερίτης
666 608 794 641 γενέσθαι
824 608 870 635 καὶ
897 607 944 634 τοῦ

157 663 165 678 ι
185 652 267 679 κέπου
284 653 331 679 καὶ
347 653 395 679 τοῦ
414 654 512 688 μισθοῦ
525 663 531 669 ·
548 655 595 681 καὶ
610 655 642 690 δὴ
659 655 713 691 πρὸ
731 656 840 683 πάντων
857 664 946 691 παρα-

158 710 166 723 ι
185 698 259 725 καλῶ
272 700 342 733 ὑμᾶς
352 699 503 726 ἀποθέσθαι
515 700 611 736 θυμὸν,
622 701 729 735 φθόνον,
743 703 821 737 μῖσος
832 701 946 729 παλαιὸν

157 755 165 769 ι
188 745 202 779 ἦ
219 742 266 771 καὶ
281 746 350 778 νέον,
376 746 424 773 καὶ
438 747 536 774 κακίαν
550 748 657 774 ἃπασαν
672 748 767 784 πόρρω
780 757 826 775 ποι
843 748 946 776 ἀπελά-

156 799 165 815 ι
185 798 229 816 σαι
246 791 300 817 τῶν
315 791 409 826 ψυχῶν
428 792 522 827 ὑμῶν·
543 794 590 820 καὶ
609 793 647 829 μὴ
673 794 817 829 ἐριστικῶς
837 795 884 821 καὶ
899 803 946 828 φι-

157 845 165 860 ι
184 836 324 868 λονείκως,
337 837 404 865 ἀλλὰ
413 838 529 872 λογικῶς
541 840 587 866 καὶ
603 840 813 875 φιλανθρώπως,
826 840 863 875 μὴ
876 841 946 875 μετὰ

157 892 167 906 ο
185 883 418 918 προσιιιποληψίας
435 885 482 911 καὶ
503 885 552 918 τῆς
570 886 687 920 ματαίας
704 887 820 920 οἰήσεως
842 886 858 920 ἦ
875 886 946 921 μετά

157 937 166 953 ι
185 937 258 960 τινος
286 929 368 956 ἄλλου
392 930 564 966 ἀνθρωπίνου
590 931 753 968 θελήματος,
782 932 850 960 ἀλλὰ
877 933 946 967 μετὰ

158 985 166 999 ι
189 975 280 1008 πάσης
310 977 464 1013 πραότητος
484 978 531 1004 καὶ
561 978 735 1013 ἱλαρότητος,
763 979 809 1005 καὶ
833 978 946 1014 γνώμης

158 1029 167 1044 ι
185 1020 331 1055 ἐλευθέρας
354 1022 402 1048 καὶ
415 1021 550 1054 ἀπαθοῦς,
568 1023 616 1049 καὶ
632 1024 743 1059 εἰρήνης
760 1025 806 1050 καὶ
820 1024 946 1058 όμονοίας

159 1075 168 1090 ι
187 1066 353 1099 ποιήσασθαι
365 1067 413 1094 τοῦ
430 1068 593 1103 πράγματος
605 1069 654 1104 τὴν
665 1069 822 1103 διάγνωσιν,
839 1070 885 1096 τὴν
898 1070 947 1096 τοῦ

159 1120 168 1136 ι
186 1110 254 1137 Θεοῦ
269 1112 351 1146 φόϐον
361 1113 412 1147 πρὸ
427 1114 574 1148 ὀφθαλμῶν
588 1115 710 1149 ἔχοντας,
722 1116 768 1143 καὶ
779 1116 861 1142 αὐτὸν
875 1125 948 1151 παρ-

159 1166 168 1181 ι
187 1157 298 1184 εστάναι
327 1158 442 1185 ἐνώπιον
479 1159 554 1193 ὑμῶν
593 1160 752 1195 βλέποντας.
776 1161 857 1189 Ἀλλὰ
881 1162 948 1197 μηδὲ

160 1212 168 1227 ι
188 1203 279 1236 φιλίαν
304 1205 476 1239 ἀνθρωπίνην
493 1206 541 1239 τῆς
568 1206 698 1241 ἀληθείας
719 1209 946 1243 προτιμήσωμεν,

159 1257 168 1272 ι
190 1248 256 1282 μηδὲ
279 1250 323 1276 διὰ
340 1251 426 1282 πάθος
448 1252 620 1286 ἀνθρώπινον
634 1253 793 1288 παρίδωμεν
809 1254 858 1289 τὴν
876 1254 948 1289 ἀλή-

161 1303 170 1319 ‹
189 1294 275 1327 θειαν,
301 1295 318 1330 ἢ
338 1297 503 1333 καλύψωμεν
533 1298 549 1333 ἢ
575 1299 812 1335 παραδράμωμεν.
832 1300 870 1327 Οὺ
894 1301 948 1335 γὰρ

159 1350 168 1365 ι
190 1340 253 1374 περὶ
272 1337 430 1376 ’χρημάτων
446 1344 462 1379 ἢ
483 1345 642 1379 κτημάτων,
658 1345 675 1380 ἡ
701 1354 773 1377 τινος
800 1346 855 1373 τῶν
873 1347 949 1373 κάτω

160 1394 168 1409 ι
190 1386 238 1411 καὶ
255 1386 443 1422 φθειρομένων
458 1390 475 1423 ἡ
499 1389 624 1425 ζήτησις,
654 1391 774 1425 ἀδελφοὶ,
792 1391 860 1419 ἀλλὰ
883 1392 948 1427 περὶ

159 1440 169 1456 ι
188 1431 306 1464 πίστεως
317 1433 363 1459 καὶ
380 1434 521 1468 όρθοδόξου
538 1436 617 1470 ἡμῶν
633 1436 769 1471 δόγματος
787 1439 802 1473 ἡ
823 1439 926 1473 σπουδή
940 1447 946 1453 “

161 1485 170 1501 ι
186 1473 223 1503 ὧν
240 1477 447 1513 ἁμετακινήτων
472 1481 518 1507 καὶ
545 1481 780 1515 ἁπαρασαλεύτων
811 1483 948 1517 μενόντων

160 1531 169 1547 ι
188 1522 253 1557 παρ’
265 1523 332 1558 ἡμῖν
342 1523 410 1551 Θεοῦ
424 1525 528 1560 χάριτι,
541 1526 571 1552 τὸ
586 1526 680 1561 κέρδος
696 1527 803 1559 πάντως
814 1528 948 1563 ἀσύγκρι-

158 1575 170 1594 c
189 1576 235 1594 τον
252 1570 298 1596 καὶ
316 1571 332 1605 ή
349 1569 468 1604 ὠφέλεια
483 1572 676 1607 ἀνεκλάλητος,
690 1573 785 1608 ὥσπερ
798 1574 880 1601 πάλιν
895 1575 948 1602 τῶν

159 1623 169 1639 ι
186 1616 434 1650 ἀποτυγχανόντων
461 1617 477 1652 ἢ
503 1618 572 1645 κατὰ
599 1627 624 1644 τι
645 1620 910 1656 παρακεκινημένων
933 1621 947 1647 ό
962 1626 986 1656 c

160 1669 168 1685 ι
189 1660 312 1693 κίνδυνος
326 1662 372 1688 καὶ
388 1662 525 1698 ἀφόρητος
540 1663 587 1690 καὶ
597 1664 754 1699 ἀδιήγητος.
771 1675 781 1691 ι

192 1705 287 1733 Ταῦτα
296 1706 342 1733 τοῦ
350 1707 481 1742 βασιλέως
491 1703 626 1743 ήμῶν’τοῦ
640 1711 719 1745 ἁγίου
736 1713 877 1747 πατρικῶς
891 1713 949 1748 ἅμα

156 1753 203 1779 καὶ
218 1754 420 1788 παραινετικῶς
433 1757 724 1791 προαναφωνήσαντος,
739 1758 819 1789 εὑθὺ;
832 1759 904 1786 ἆπαν
919 1759 950 1785 τὸ

156 1800 210 1826 τῶν
221 1799 441 1835 συνεληλυθότων
455 1802 555 1836 πλῆθος
563 1804 609 1829 ἐπὶ
619 1805 674 1835 τοῖς
687 1804 770 1831 αὑτοῦ
781 1806 951 1842 παρακλητι-

157 1847 213 1878 κοτς
227 1846 277 1873 καὶ
284 1846 449 1880 ωυθετικοτς
464 1848 553 1882 λόγοις
569 1850 615 1876 καὶ
630 1851 816 1886 ωντριὸέντες
827 1852 871 1878 καὶ
886 1853 950 1886 ἀρί-

156 1889 281 1921 σ“έντες,
290 1890 337 1917 καὶ
348 1892 397 1917 iam
403 1894 668 1928 ρευχαριστήααντις
679 1896 726 1921 καὶ
736 1895 795 1929 Θεῷ
806 1896 853 1922 καὶ
861 1898 893 1930 τῇ
903 1896 950 1931 βα-

157 1936 250 1971 σιλείᾳ
265 1937 358 1968 αὐτοῦ,
374 1938 524 1973 ὑπέσχοντο
538 1940 671 1976 ἐλευθέρᾳ.
684 1942 731 1967 καὶ
749 1942 889 1977 ἁδεκάστῳ
903 1944 951 1969 καὶ

156 1981 231 2016 ψυχῇ
249 1983 295 2008 καὶ
308 1983 404 2019 γνώμῃ
423 1985 588 2020 ποιήσασθαι
606 1986 657 2021 τὴν
676 1987 800 2019 ἐξέτασιν
820 1988 868 2022 τῆς
883 1989 950 2015 ὐπο-

157 2026 275 2063 θέσεως,
294 2028 342 2055 καὶ
363 2029 400 2060 ὼς
421 2030 469 2055 τοῦ
492 2030 560 2057 Θεοῦ
585 2032 729 2066 βλέποντος
751 2033 896 2068 δοκιμάσαι
917 2035 951 2061 τὰ

157 2073 205 2099 τοῦ
223 2074 394 2109 ζητήματος.
412 2076 472 2102 'Fm‘t
484 2076 588 2108 τούτοις
605 2078 804 2114 εὐχαριστήσας
819 2080 864 2107 καὶ
877 2082 890 2107 ὁ
904 2080 951 2116 βα-

159 2118 252 2149 σιλεὺς
269 2119 347 2154 ἡμῶν
371 2121 384 2146 ὁ
404 2119 492 2156 ἅγιος,
511 2121 689 2157 ἐπιστραφεὶς
708 2123 788 2149 πάλιν
807 2123 873 2158 πρὸς
889 2125 951 2156 τοὺς

159 2165 334 2198 ἁγιωτάτονς
344 2167 516 2202 πατριάρχας
530 2169 576 2195 καὶ
588 2168 638 2203 τὴν
649 2169 860 2205 παρατυχοῦσαν
871 2171 951 2206 ἱερω-

159 2213 247 2248 τάτην
272 2213 381 2240 σύνοδον
395 2214 501 2247 ἐξεῖπεν
511 2224 517 2230 ·
540 2225 549 2241 ι
568 2216 724 2251 Παρακαλῶ
748 2216 796 2243 καὶ
809 2217 896 2249 τοῦτο,
909 2218 951 2244 δε-

163 2268 172 2283 ¢
191 2260 289 2286 σπὸται
304 2269 366 2294 μου,
383 2261 427 2287 ἵνα
441 2261 553 2296 γίνηται
568 2263 699 2298 πρότερον
715 2265 778 2298 παρ’
793 2264 869 2298 ἡμῶν
885 2265 952 2299 πρὸς

998 340 1007 357 ι
1032 332 1256 366 praedicationem
1286 335 1400 362 omnino
1424 336 1547 371 suscipi:
1564 342 1663 364 czctera
1690 337 1782 363 omnia

997 387 1006 403 ι
1030 379 1253 413 penitusoblitus
1264 387 1335 413 sum,
1344 389 1431 416 eaque
1442 383 1567 417 prmsenti
1587 384 1697 417 negotio
1710 388 1785 417 post-

998 434 1007 449 ι
1032 424 1159 459 ponenda
1186 425 1263 458 duxi.
1294 432 1435 462 totamque
1458 435 1546 455 meam
1569 428 1783 455 sollicitudinem

999 479 1007 495 ι
1032 469 1059 496 in
1077 470 1159 506 hujus
1174 471 1336 506 quaestionis
1351 472 1572 508 disquisitionem
1593 474 1728 505 converti,
1751 482 1784 500 eo

998 525 1007 540 ι
1031 515 1123 543 animo
1140 521 1171 543 ut
1195 517 1337 544 vobiscum
1360 518 1464 546 laboris
1488 527 1519 546 ac
1539 520 1645 554 praemii
1671 526 1785 546 consors

998 570 1007 586 ι
1030 561 1092 588 sim.
1108 562 1167 590 Prae
1192 563 1322 591 omnibus
1338 569 1430 592 autem
1455 573 1522 600 rogo
1543 565 1688 600 deponitis
1706 565 1784 597 iram,

1000 616 1008 632 ι
1031 607 1279 639 invidiam,odium
1292 617 1340 636 seu
1367 616 1445 637 vetus
1464 619 1511 638 seu
1532 619 1638 643 recens,
1654 615 1683 638 et
1707 611 1785 637 nlull-

1000 662 1009 678 ι
1034 654 1098 680 tiam
1110 662 1220 682 omnem
1238 656 1332 690 procul
1346 656 1447 684 animis
1466 657 1565 684 vestris
1580 657 1696 692 abigatis
1709 666 1716 690 ;
1729 664 1785 684 non

1000 708 1009 724 ι
1031 699 1149 734 litigiose
1164 705 1211 728 aut
1222 702 1404 736 conlentiose,
1416 703 1463 730 sed
1476 704 1679 731 rationabiliter
1690 709 1719 731 et
1733 703 1785 736 Ιιιι⁴

1001 754 1009 768 ι
1032 744 1158 777 maniter,
1180 753 1234 773 non
1260 754 1323 774 cum
1351 755 1532 782 personarum
1553 748 1711 783 acceptione
1741 748 1784 774 vel

1001 799 1009 814 ι
1034 798 1101 817 vana
1111 791 1316 819 existimatione
1328 796 1376 820 attt
1386 793 1441 820 alio
1448 793 1578 828 quopiam
1592 801 1662 820 vano
1673 793 1785 823 aﬂectu.

1002 845 1011 861 ι
1036 836 1082 863 sed
1099 844 1162 863 cum
1180 837 1256 865 omni
1274 839 1487 867 mansuetudine
1512 844 1542 866 et
1558 839 1708 871 hilaritate,
1724 847 1786 866 cum

1001 890 1009 906 ι
1034 881 1172 909 sententia
1210 882 1297 910 libera
1331 883 1398 911 nulli
1424 884 1535 913 aﬂectui
1570 884 1699 915 obnoxia,
1724 891 1786 910 cum

1002 935 1011 951 ι
1031 934 1097 961 pace
1107 931 1135 954 et
1151 935 1287 956 consensu
1304 929 1344 956 rei
1365 929 1589 964 disquisitionem
1607 929 1722 961 faciatis,
1739 929 1786 956 Dei

1002 983 1011 998 ι
1035 973 1160 1001 timorem
1175 981 1232 1009 prae
1243 975 1331 1002 oculis
1343 975 1487 1008 habentes,
1499 976 1645 1010 ipsumque
1660 975 1744 1002 Deum
1760 975 1787 1001 in

1001 1028 1009 1046 ι
1031 1025 1180 1055 conspectu
1193 1025 1285 1049 vestro
1300 1026 1420 1049 stantem
1431 1023 1582 1057 aspiciatis.
1597 1022 1649 1050 Sed
1668 1029 1701 1050 ne
1717 1022 1786 1048 anni.

1000 1074 1010 1091 ι
1034 1066 1126 1094 citiam
1153 1066 1301 1095 humanam
1334 1068 1443 1096 veritati
1476 1073 1688 1103 anteponamus.
1719 1075 1788 1096 neve

1001 1120 1010 1136 ι
1034 1111 1070 1138 ob
1096 1111 1246 1139 humanum
1269 1112 1399 1140 arrectum
1426 1112 1573 1140 veritatem
1591 1111 1786 1146 despiciantus.

1002 1165 1011 1181 ι
1035 1161 1082 1184 aut
1097 1157 1255 1192 operiamus
1286 1163 1334 1185 aut
1359 1158 1612 1194 praetermittamus.
1626 1158 1684 1185 Non
1714 1157 1786 1184 enim

1003 1213 1012 1229 ι
1035 1203 1069 1231 de
1083 1204 1210 1238 pecuniis
1226 1209 1274 1231 aut
1292 1205 1523 1240 possessionibus,
1538 1209 1585 1232 aut
1600 1205 1727 1239 quapiam
1747 1212 1789 1230 re-

1003 1259 1012 1274 I
1035 1257 1095 1276 rum
1122 1250 1283 1278 inferiorum
1303 1254 1331 1278 et
1352 1250 1575 1286 corruptibilium
1601 1249 1718 1285 quaestio
1735 1253 1788 1280 est,

1003 1304 1012 1321 ι
1035 1296 1143 1328 fratres,
1161 1296 1209 1324 sed
1230 1297 1265 1324 de
1281 1297 1334 1324 ﬁde
1353 1302 1383 1325 et
1398 1297 1550 1324 orthodoxa
1565 1296 1690 1324 doctrina
1709 1294 1788 1322 nobis

1004 1350 1013 1366 ι
1034 1341 1193 1369 sollicitudo
1219 1347 1281 1373 est;
1297 1342 1400 1377 quibus
1423 1342 1545 1369 immotis
1566 1345 1594 1369 et
1617 1340 1789 1369 inconcussi:

1003 1396 1012 1413 ι
1035 1387 1107 1422 apud
1124 1396 1174 1415 nos
1195 1396 1244 1423 per
1272 1388 1321 1416 Dei
1343 1389 1459 1424 gratiam
1477 1389 1667 1421 manentibus,
1683 1389 1788 1415 lucrum

1003 1443 1012 1459 ι
1036 1441 1102 1461 sane
1118 1434 1335 1470 incomparabile
1347 1441 1375 1462 et
1393 1435 1542 1464 inetl’abilis
1559 1436 1663 1463 utilitas
1676 1435 1767 1463 aderit
1781 1443 1788 1466 ;

1003 1490 1012 1506 ι
1037 1472 1132 1507 contra
1148 1488 1215 1508 vero
1230 1481 1424 1509 excidentibus
1441 1482 1484 1509 vel
1502 1482 1529 1509 in
1546 1482 1678 1517 quopiam
1697 1485 1787 1508 muta-

1004 1534 1013 1550 ι
1039 1525 1082 1557 tis,
1101 1525 1275 1553 intolerabile
1297 1527 1537 1562 inenarrabileque
1559 1526 1714 1562 periculum
1743 1533 1789 1553 sc‘

1003 1579 1013 1596 ι
1036 1576 1148 1607 quetur.
1168 1581 1177 1597 ι

1039 1705 1100 1733 llzcc
1116 1714 1178 1733 cum
1192 1711 1304 1734 sanctus
1314 1706 1463 1742 imperator
1477 1712 1571 1734 noster
1583 1711 1698 1742 paterno
1727 1707 1791 1734 hor-

1004 1752 1159 1787 tatorioque
1190 1760 1267 1780 tnore
1297 1753 1428 1787 praefatus
1457 1757 1541 1783 esset.
1580 1753 1673 1780 statim
1701 1753 1790 1779 muttis

1003 1799 1161 1826 coeuntium
1189 1804 1289 1830 ccelus,
1320 1799 1380 1833 ejus
1407 1799 1670 1826 commouitionibus
1696 1799 1788 1825 horta-

1005 1844 1182 1878 tionibusque
1196 1848 1392 1878 compunctus,
1408 1844 1496 1878 iisque
1518 1844 1706 1878 acquiescens,
1726 1852 1789 1878 gra-

1005 1890 1112 1924 tiasque
1126 1898 1210 1925 agens
1223 1891 1279 1918 Deo
1303 1895 1331 1917 et
1354 1890 1491 1926 majestati
1507 1891 1584 1925 ejus,
1609 1890 1735 1924 promisit
1762 1898 1790 1917 se

1004 1935 1094 1962 libero
1117 1936 1263 1970 omnisque
1282 1936 1454 1971 acceptionis
1475 1940 1588 1970 experte
1606 1936 1699 1963 animo
1727 1944 1790 1963 scn-

1005 1981 1147 2017 tentiaque
1162 1982 1246 2017 huius
1256 1983 1358 2017 negotii
1375 1989 1491 2009 examen
1505 1982 1654 2013 facturum,
1671 1987 1699 2009 et
1714 1982 1791 2016 quasi

1004 2028 1061 2055 Deo
1076 2028 1187 2055 vidente
1207 2029 1366 2063 quazstionis
1387 2028 1588 2056 discussionem
1615 2033 1789 2063 pet-acturum

1004 2083 1075 2103 esse.
1104 2075 1144 2102 Ad
1162 2076 1221 2102 haec
1247 2075 1350 2111 gratias
1374 2083 1459 2110 agens
1494 2079 1609 2102 sanctus
1642 2075 1791 2110 imperator

1004 2126 1110 2152 noster,
1124 2128 1275 2148 conversus
1289 2120 1389 2147 iterum
1412 2121 1446 2148 ad
1471 2119 1661 2147 sanctissimos
1676 2121 1793 2155 patriar-

1003 2168 1070 2195 chas
1083 2172 1112 2194 et
1126 2167 1159 2194 ad
1172 2171 1334 2202 praesentem
1348 2167 1621 2201 sacratissimamque
1633 2167 1767 2202 synodum
1782 2177 1789 2194 :

1007 2224 1016 2240 ι
1037 2214 1070 2241 Ει
1094 2214 1156 2245 hoc,
1175 2213 1276 2248 inquit,
1294 2214 1414 2248 postulo,
1441 2213 1545 2241 domini
1576 2213 1640 2244 mei,
1660 2217 1689 2239 ιιι
1716 2213 1792 2247 prius

1008 2270 1017 2286 ι
1039 2261 1126 2288 Deum
1137 2268 1283 2295 prccetuur
1303 2268 1352 2295 pro
1365 2261 1509 2295 prarscnlis
1526 2261 1628 2296 negotii
1642 2260 1790 2292 solutione,

164 2316 172 2330 ι
189 2306 257 2331 Θεὸν
269 2306 386 2339 ἔντευξις
402 2309 464 2344 περὶ
477 2308 527 2343 τῆς
542 2309 589 2335 τοῦ
603 2311 782 2344 προκειμένου
793 2310 950 2342 διαλύσεως,

1009 2317 1018 2332 ι
1038 2307 1194 2341 deindeque
1210 2307 1434 2341 disquisitionem
1456 2308 1631 2343 incipiamus,
1647 2313 1790 2342 postquam

166 2361 174 2376 ι
191 2353 240 2378 καὶ
262 2350 312 2379 εἷθ’
337 2354 424 2386 οὓτως
449 2355 492 2381 ἴνα
517 2355 706 2390 ἀπαρξώμεθα
730 2357 779 2388 τῆς
802 2356 952 2392 ζητήσεως,

166 2407 175 2422 ι
193 2399 251 2427 ταῖς
268 2399 359 2431 ἁγίαις
379 2401 456 2435 ὑμῶν
477 2401 570 2436 εὐχαῖς
593 2403 704 2434 ἑαυτοὺς
721 2404 919 2438 ὀχυρώσαντες.
942 2413 951 2429 ι

164 2443 264 2476 Γέγονε
276 2444 308 2478 δὴ
322 2447 368 2472 καὶ
385 2447 472 2473 τοῦτο.
496 2449 550 2475 Καὶ
569 2449 616 2475 τοῦ
633 2450 785 2483 ἁγιωτάτου
802 2451 849 2477 καὶ
863 2451 952 2476 οἰκου-

166 2489 280 2523 μενικοῦ
294 2492 460 2527 πατριάρχου
477 2495 526 2528 τὴν
543 2496 644 2530 συνήθη
658 2495 739 2530 εὐχὴν
752 2495 954 2528 ἐκτελέσαντοῇ

165 2534 249 2566 εὐθὺς
267 2536 313 2561 καὶ
332 2537 346 2562 ό
370 2538 424 2563 ἀπὸ
450 2540 619 2573 Χαλκηδόνος
648 2542 816 2576 μετάκλητος
841 2542 953 2575 γέγονε’

166 2581 214 2607 καὶ
231 2581 342 2613 στάντος
367 2583 396 2608 ὲν
420 2584 459 2618 τῷ
479 2585 553 2620 μέσῳ
570 2587 664 2619 αὑτοῦ,
685 2588 699 2613 ὁ
725 2588 852 2622 βασιλεὺς
877 2589 955 2623 ήμῶν

164 2627 179 2650 ὁ
196 2626 272 2660 ἅγιος
295 2627 395 2662 ἱλαρῶς
406 2637 436 2655 τε
451 2630 498 2656 καὶ
512 2632 656 2666 προσηνῶς
674 2633 742 2667 πρὸς
755 2633 836 2660 αὑτὸν
852 2634 955 2660 ἀπιδὼν

164 2671 279 2699 τοιαῦτα
293 2673 442 2707 ἐφθέγξατο
455 2682 463 2690 ο
487 2684 496 2700 ι
516 2676 669 2711 Παρακαλῶ
682 2679 729 2705 καὶ
744 2679 783 2709 σὲ,
802 2679 854 2714 κῦρ
877 2679 954 2711 Δέον,

168 2728 176 2743 ι
196 2718 240 2744 ἵνα
257 2719 301 2745 τὸν
323 2720 370 2745 τοῦ
391 2719 458 2746 Θεοῦ
477 2720 558 2754 φόϐον
577 2722 662 2758 λάῆῃς
678 2724 724 2750 ἐπὶ
740 2724 870 2759 λογισμόν
882 2732 889 2739 ·
908 2724 955 2750 καλ¹

169 2773 178 2787 σ
196 2764 277 2799 εἴπερ
292 2766 362 2797 νοεῖς
377 2766 405 2792 ὲν
425 2766 514 2802 ἑαυτῷ
528 2768 564 2799 ὡς
579 2768 612 2794 δι’
626 2769 794 2804 ἀνθρώπινόν
818 2780 844 2797 τι
870 2770 955 2802 πάθος

170 2819 178 2834 ι
197 2810 214 2844 ἢ
228 2809 260 2836 δι’
271 2811 330 2846 ἔριν
343 2811 404 2838 τινὰ
418 2811 434 2847 ἤ
449 2812 561 2848 ἄκαιρον
574 2813 699 2841 ἔνστασιν
715 2816 744 2842 τὸ
756 2816 866 2850 γεγονὸς
880 2816 956 2851 παρὰ

171 2867 179 2879 ο
195 2856 243 2881 σοῦ
258 2856 366 2892 ἐξετέθη
387 2857 473 2893 ἔγγρα
488 2857 585 2895 [una],
607 2861 645 2895 μὴ
668 2861 784 2896 θελήσῃς
809 2862 955 2896 ἀνωφελῶς

170 2911 178 2925 ι
196 2900 267 2927 οὕτω
294 2903 340 2929 καὶ
354 2903 443 2938 μάτην
456 2904 622 2937 ἐνίστασθαι,
637 2906 683 2932 καὶ
697 2907 787 2941 ζητεῖν
801 2908 852 2939 ἕως
863 2908 955 2939 τέλους

169 2956 177 2971 ι
194 2947 232 2982 τῷ
251 2948 343 2984 οἰκείῳ
367 2949 498 2985 ἐμμένειν
524 2951 656 2988 θελήματι
684 2953 728 2979 καὶ
758 2954 954 2988 συγγράμματι

1009 2363 1018 2379 ι
1039 2354 1169 2388 pret-ibus
1180 2354 1280 2380 vestris
1295 2362 1343 2381 nos
1360 2353 1625 2381 confirmavcrimus.
1652 2364 1660 2379 ι
1677 2355 1705 2381 Ιι]
1726 2362 1791 2381 vero

1007 2400 1106 2426 factum
1124 2405 1177 2427 est.
1196 2400 1228 2426 Et
1245 2404 1389 2434 postquam
1421 2400 1613 2427 sanctissimus
1628 2406 1655 2427 et
1671 2409 1791 2427 (Boume-

1007 2446 1086 2472 nicus
1097 2445 1253 2479 patriarclta
1270 2450 1430 2472 consuetam
1444 2445 1598 2472 orationem
1622 2445 1790 2478 absolverat,

1007 2491 1098 2518 statim
1123 2491 1359 2518 Chalcedonensis
1384 2491 1484 2526 prmsul
1512 2491 1662 2518 accersitus
1678 2496 1732 2524 est;
1750 2493 1790 2526 ip-

1006 2545 1122 2572 sumqtte
1147 2537 1174 2564 in
1201 2537 1292 2564 tnedio
1331 2541 1450 2564 slantem
1482 2536 1563 2563 hilari
1593 2541 1791 2571 mansuctoqnc

1006 2584 1108 2610 iuttlitu
1124 2589 1236 2610 sanctus
1254 2584 1404 2617 imperator
1421 2583 1460 2609 sic
1487 2582 1637 2617 alloquitur
1653 2592 1659 2609 :
1684 2593 1693 2608 ι
1716 2582 1791 2617 Rogo

1007 2641 1016 2657 I
1043 2638 1079 2663 te,
1098 2631 1209 2658 domine
1225 2631 1291 2661 Leo,
1320 2631 1446 2657 timorem
1468 2631 1516 2658 Dei
1535 2631 1562 2657 in
1580 2636 1672 2658 mente
1688 2638 1790 2665 ponas;

1010 2686 1018 2702 ι
1040 2682 1067 2703 ct
1084 2677 1105 2703 si
1118 2677 1166 2703 tibi
1183 2677 1312 2704 conscius
1324 2677 1372 2708 sis,
1391 2681 1417 2704 te
1434 2677 1469 2704 ob
1488 2677 1638 2704 humanum
1662 2677 1790 2704 affectum

1009 2734 1017 2748 ι
1039 2727 1087 2750 aut
1105 2723 1310 2750 contentionem
1328 2723 1474 2757 quamdam
1499 2728 1547 2750 aut
1570 2723 1789 2757 intempestivam

1008 2778 1017 2794 ι
1039 2769 1212 2796 occasionem
1245 2769 1402 2804 huiusmodi
1435 2769 1559 2796 libellutn
1590 2769 1728 2800 edidisse,
1757 2777 1790 2796 ne

1008 2824 1017 2839 ι
1042 2815 1108 2841 velis
1132 2815 1266 2841 inutiliter
1287 2819 1315 2842 et
1332 2814 1433 2842 frustra
1451 2814 1590 2846 insistere,
1615 2822 1668 2842 neu
1684 2822 1791 2849 quaer

1010 2869 1019 2885 ι
1041 2868 1127 2894 usque
1144 2860 1177 2887 ad
1193 2860 1274 2888 tinent
1302 2868 1412 2888 manere
1436 2861 1462 2887 in
1484 2861 1627 2896 proposito
1645 2866 1672 2888 et
1689 2861 1790 2894 scripto

1009 2917 1017 2931 ε
1041 2912 1098 2939 ιιιο,
1116 2907 1190 2942 qtlod
1221 2915 1317 2934 omnes
1342 2908 1434 2934 SCilllll
1465 2915 1545 2934 St‘t’US
1572 2916 1652 2942 quam
1682 2910 1790 2941 oportet

1009 2963 1017 2979 ι
1041 2955 1152 2987 habere,
1181 2959 1209 2982 ct
1237 2954 1401 2982 sententiam
1424 2954 1524 2982 divina:
1543 2954 1676 2982 doctrin-fc
1701 2960 1788 2988 oppo-
