2023 3164
240 221 293 253 979

871 223 1003 253 ALEXll
1025 224 1196 255 COMNENI

1815 228 1863 261 990

242 288 251 304 ι
274 278 354 304 sitam
369 277 520 304 vnndicare.
538 276 565 303 ld
580 276 654 303 enim
670 285 760 310 neque
776 277 922 311 prudentis
933 286 1023 313 neque

1080 289 1089 305 1
1106 280 1343 315 ὃιαγινωακομένῳ
1351 280 1426 316 παρὰ
1433 281 1540 308 πάντων
1549 282 1677 314 ἐναντίως
1689 283 1772 319 ἔχειν,
1781 285 1825 311 καὶ
1832 286 1864 312 τὰ

242 335 250 347 ι
273 323 425 352 Christiani
446 322 496 349 viri
513 322 655 357 proprium
680 327 733 350 est.
750 332 760 348 ›
780 323 828 350 llis
855 323 958 351 auditis
980 324 1026 351 ille

239 370 379 403 pollicitus
392 373 434 395 est
452 376 481 395 se
496 375 558 394 cum
579 367 654 394 omni
674 367 802 395 libertate
818 372 845 395 et
859 369 950 396 animo
969 369 1026 396 sin-

237 424 302 443 cero
318 423 429 443 causam
442 422 519 442 suam
535 414 714 442 defensurum
728 422 800 447 esse,
816 420 844 442 et
864 415 1026 450 repudiatu-

238 471 298 489 ntm
314 462 449 497 quidquid
466 461 567 489 divina:
592 461 703 489 Patrum
725 462 858 489 doctrinm
870 470 1024 497 repugnare

238 508 390 535 videretur.
421 506 484 534 Haec
508 515 570 534 cum
591 507 637 534 ille
662 507 848 542 promisisset,
873 512 972 542 potens
998 513 1027 535 et

237 558 349 582 sanctus
359 554 509 589 imperator
524 558 618 581 noster
632 554 772 589 praecepit,
789 554 1024 581 utEuehaitarum

238 600 424 635 metropolita,
440 604 469 627 et
483 604 654 627 memoratus
667 600 902 627 Chalcedonensis
926 600 1025 635 praesul

237 655 299 674 sese
326 651 424 674 mutuo
459 647 683 679 reconciliarent,
719 654 884 682 omnemque
919 648 1026 682 injuria:

238 693 397 721 memoriam
426 701 541 728 prorsus
567 693 602 720 ab
618 694 710 720 animo
739 693 890 728 abjicerent
914 702 920 720 :
949 693 1023 728 quod

237 748 299 767 cum
316 740 445 768 fecissent.
458 740 540 767 ambo
562 740 670 774 sibique
687 745 782 767 mutuo
803 740 1017 771 condonassenl,

238 793 299 813 sese
322 787 442 813 fraterne
469 785 586 812 invicem
612 785 760 820 amplexati
779 790 854 812 sunt.
869 785 927 812 lmo
942 785 1024 812 etiam

238 830 301 858 eum
315 833 436 866 reliquus
453 833 646 867 episcoporum
661 837 749 860 ccetus
759 833 863 867 optimo
879 833 1022 867 proposito

237 879 345 906 veniam
365 879 414 914 ipsi
440 879 571 910 dedisset,
603 879 639 906 ita
672 884 794 914 emptum
810 885 853 906 est
870 880 1024 914 negotium.

239 925 352 952 Lectum
376 930 419 952 est
439 927 512 953 enim
542 934 574 953 ex
613 926 746 961 synodico
775 926 899 960 septimae
916 926 1023 961 synodi,

237 971 311 1006 quod
340 972 367 998 in
396 972 537 999 Dominica
566 972 742 999 Orthodoxiae
770 981 802 999 ex
828 972 946 999 amboue
973 972 1024 1006 legi

238 1018 356 1050 solebat,
375 1018 480 1045 dictum
499 1018 566 1045 illud
582 1018 609 1045 in
624 1026 679 1053 quo
700 1018 734 1045 de
755 1023 913 1045 sani-tarum
931 1017 1025 1052 imagi-

237 1071 302 1090 num
318 1064 478 1091 adoratione
488 1064 588 1098 agitur,
600 1064 728 1091 omnibus
736 1063 795 1098 qui,
812 1068 841 1090 ut
852 1063 956 1090 dictum
971 1068 1022 1094 est,

236 1109 396 1144 congregati
431 1114 495 1136 sunt
521 1109 709 1141 audientibus,
742 1108 822 1135 cuius
852 1109 910 1136 hrec
941 1109 1024 1135 verba

237 1159 301 1182 sunt
312 1163 318 1181 :

277 1295 286 1311 1
304 1286 382 1314 Omni
399 1294 461 1314 cum
476 1287 618 1321 diligentia
633 1291 662 1314 ct
679 1286 865 1314 sollicitudine
881 1286 1023 1313 deﬁnitum

238 1339 293 1364 σει,
306 1333 422 1368 perinde
437 1337 519 1368 atque
546 1333 660 1367 ﬁguram
683 1332 852 1360 honorandae
877 1332 968 1359 crucis
988 1332 1025 1358 ita

239 1380 397 1407 consecrari
423 1379 525 1407 debere
553 1379 724 1406 venerandos
745 1378 888 1413 imagines,
910 1378 967 1405 sive
992 1385 1025 1404 ex

239 1425 391 1456 coloribus,
409 1425 466 1452 sive
479 1433 511 1452 ex
530 1425 644 1452 calculis
655 1429 703 1452 aut
718 1424 830 1460 lapillis,
851 1423 910 1451 sive
925 1431 956 1450 ex
972 1423 1024 1449 alia

239 1470 368 1504 quapiam
406 1470 520 1497 materia
540 1474 603 1505 apte
628 1469 763 1505 disposita
788 1469 815 1496 in
842 1469 945 1496 sanctis
978 1468 1024 1495 Dei

237 1517 374 1549 ecclesiis,
396 1516 423 1543 in
446 1517 532 1543 sacris
548 1517 620 1544 vasis
635 1521 663 1544 et.
676 1516 813 1548 vestibus,
828 1515 982 1550 parietibus
998 1518 1026 1540 ct

238 1562 351 1593 tabulis.
368 1562 498 1589 domibus
515 1566 543 1589 et
558 1562 625 1589 \‘iis:
641 1569 738 1595 nempe
755 1561 904 1596 imaginem
916 1559 1024 1586 Domini

237 1607 286 1634 Dei
301 1611 329 1634 et
343 1607 493 1634 Salvatoris
515 1606 603 1633 nostri
627 1607 691 1634 Jesu
708 1606 825 1638 Christi,
845 1605 1025 1633 immaculata:

241 1652 367 1679 Domina:
386 1656 488 1679 nostra;
507 1657 534 1679 et
549 1658 651 1678 sanctm
670 1652 804 1686 Deiparze,
822 1651 1023 1679 venerabilium

238 1697 412 1731 angelorum,
423 1701 452 1724 et
468 1697 592 1723 omnium
606 1701 765 1724 sanctorum
777 1697 897 1724 virorum
911 1700 1024 1731 (quanto

238 1743 315 1771 enim
333 1743 420 1778 magis
435 1751 482 1778 per
503 1751 662 1778 expressam
679 1744 826 1779 imaginem
849 1744 1026 1778 conspiciun-

239 1795 298 1824 tur,
319 1795 395 1818 tanto
407 1791 493 1826 magis
514 1799 609 1818 earum
630 1797 801 1826 spectatores
820 1791 977 1818 excitantur
991 1790 1025 1817 ad

239 1841 450 1872 prototyporum
468 1837 629 1864 memoriam
642 1841 670 1864 et
687 1837 880 1870 desiderium),
904 1837 1026 1872 ipsisque

239 1882 395 1917 amplexum
410 1887 438 1910 et
459 1882 630 1910 adorationis
646 1883 781 1910 honorem
801 1883 885 1910 tribui
906 1883 1026 1915 debere;

239 1935 296 1954 non
314 1927 424 1962 quidem
442 1928 550 1955 latriam
578 1928 652 1956 illam
668 1936 762 1956 veram
785 1936 847 1963 quze
872 1928 1025 1955 secundum

238 1975 323 2002 ﬁdem
344 1980 465 2002 nostram
488 1975 538 2002 soli
564 1975 664 2002 divinae
686 1979 793 2003 naturaa
813 1975 956 2010 competit,
979 1975 1026 2002 sed

241 2022 333 2056 qualis
344 2021 462 2049 debetur
474 2022 567 2056 ﬁgurae
575 2022 739 2049 venerandae
753 2029 786 2048 ac
796 2022 911 2048 vivitiem
925 2022 1026 2053 crucis,

241 2069 345 2095 sanctis
370 2068 538 2102 Evangeliis,
563 2067 736 2102 reliquisque
761 2068 847 2095 sacris
877 2067 1026 2102 depositis;

242 2122 275 2141 ac
287 2113 462 2149 thymiamata
479 2113 639 2148 luminaque
652 2114 679 2140 in
695 2121 788 2140 earum
804 2113 936 2141 honorem
952 2113 1029 2140 adhi-

241 2161 332 2188 benda
359 2169 431 2193 esse,
459 2161 692 2196 quemadmodum
713 2167 742 2189 et
759 2162 880 2196 antiquis
911 2162 956 2196 pio
978 2170 1028 2189 usu

216 2209 220 2214 '
241 2211 384 2233 assuetum
399 2211 469 2233 erat.
482 2205 548 2233 Nam
559 2207 686 2242 imaginis
701 2207 790 2233 honor
806 2207 838 2234 ad
854 2211 1028 2243 prototypum

242 2253 361 2283 transit;
377 2257 404 2279 et.
430 2252 477 2286 qui
500 2252 644 2287 imaginem
667 2251 773 2283 adorat,
799 2252 824 2279 in
845 2252 902 2287 ipsa
926 2252 1028 2288 depicti

1081 334 1090 350 1
1108 333 1174 358 φανε
1180 325 1296 360 ρῶςταίς
1305 326 1389 358 Θείαις
1396 326 1583 358 διδασκαλίαις
1591 327 1780 355 ἀντιϐαίνοντα
1790 331 1865 355 ἐπεκ-

1080 379 1091 396 1
1107 371 1201 399 δικεῖν,
1211 370 1296 398 Τοῦτο
1308 372 1362 407 γὰρ
1370 371 1431 398 οὔτε
1440 373 1536 407 ἀνδρὸς
1547 373 1657 399 συνετοῦ
1670 374 1686 410 ἢ
1699 374 1863 410 Χριστιανοῦ

1080 427 1088 442 1
1106 417 1268 444 καθίσταται
1292 419 1368 445 ἴδιον.
1384 427 1392 444 ι
1409 419 1528 445 Ἰῐκουσε
1545 419 1592 445 καὶ
1604 419 1687 450 αὑτὸς
1704 418 1802 451 ταῦτα,
1816 420 1862 446 καὶ

1077 463 1212 498 ὑπέσχετο
1221 465 1290 499 μετὰ
1301 465 1390 500 πάσης
1402 464 1562 500 ἐλευθερίαις
1576 465 1624 490 καὶ
1639 465 1765 500 καθαρᾶς
1777 465 1865 500 ψυχῆς

1078 509 1312 544 ἀπολογήσασθαι,
1327 511 1373 537 καί
1390 511 1575 537 ἀποῦαλέσθαι
1588 512 1656 545 ὅπερ
1669 512 1701 538 ἂν
1713 513 1863 545 προσιστά-

1079 563 1160 589 μενον
1169 556 1265 592 φανείη
1275 557 1308 591 τῇ
1316 556 1375 591 θείᾳ
1383 556 1436 584 τῶν
1445 557 1572 591 Πατέρων
1581 557 1636 583 τῶν
1647 557 1731 591 ἁγίων
1740 556 1865 583 διδασκα-

1078 601 1131 637 λίᾳ.
1150 602 1242 628 Ταῦτα
1261 602 1354 628 τούτου
1377 603 1575 637 ὑποσχομένου,
1588 603 1756 637 προσέταξεν
1771 603 1785 629 ὁ
1799 611 1864 637 κρα-

1077 648 1152 679 ταιὸς
1166 649 1211 674 καὶ
1223 647 1300 682 ἅγιος
1317 649 1395 683 ήμῶν
1416 649 1543 683 βασιλεὺς
1558 649 1605 675 καὶ
1619 648 1695 684 αὖτῷ
1711 649 1750 683 τῷ
1765 656 1866 683 μητρο-

1078 694 1173 729 πολιτῃ
1189 694 1330 728 Εὑχαῖτων
1344 695 1521 730 διαλλαγῆναι
1539 695 1606 729 πρὸς
1617 695 1663 721 τὸν
1683 693 1801 730 ρηθέντα
1815 695 1866 719 ἀπο

1077 739 1261 775 Χαλκηδόνος,
1284 741 1331 768 καὶ
1352 741 1424 768 ἅπαν
1449 741 1573 775 λείψανον
1593 741 1778 776 μνησικακίας
1796 740 1867 770 τινὸς

1076 787 1125 821 τῆς
1142 786 1208 818 ιδίας
1220 787 1368 820 ἀπαλεῖψαι
1383 786 1523 818 παντελῶς
1534 786 1624 821 ψυχῆς
1635 793 1644 801 ο
1659 785 1673 811 ὃ
1684 785 1715 820 δὴ
1727 785 1775 811 καὶ
1785 785 1867 819 ἄμφω

1077 833 1238 865 ποιήσαντες
1256 835 1304 860 καὶ
1317 831 1441 867 ἀλλήλοις
1460 831 1701 866 συγχωρήσαντες,
1715 829 1847 863 ﬁdele:th
1854 838 1867 862 ς

1077 879 1125 904 καὶ
1150 878 1279 913 ἀλλήλους
1309 878 1479 912 ἠσπάσαντο.
1510 876 1592 904 Ἀ).λά
1623 877 1669 903 καὶ
1695 878 1746 911 τῆς
1772 876 1868 911 λοιπῆς

1077 924 1272 960 ἀρχιερατικῆς
1296 924 1459 960 ὁμηγύρεως
1484 923 1586 958 ὁμοίως
1601 922 1776 958 συγχώρησιν
1800 922 1868 957 πρὶς

1077 969 1158 995 αὑτὸν
1181 970 1250 1003 μετὰ
1273 968 1436 1000 καλοθελοῦς
1463 968 1650 1003 ποιησαμένης
1669 968 1866 1003 προαιρέσεως,

1076 1016 1162 1047 οὕτως
1178 1016 1308 1051 ἀπήρχθη
1326 1017 1362 1043 τὰ
1376 1016 1427 1051 τῆς
1441 1015 1607 1045 ὑποθέσεως.
1628 1014 1798 1049 Ἀνεγνὼσθη
1814 1014 1867 1048 γὰρ

1076 1061 1130 1088 ἀπὸ
1141 1061 1187 1088 τοῦ
1201 1062 1245 1087 ἐπ’
1257 1061 1384 1096 ἄμϐωνος
1398 1061 1468 1088 κατά
1483 1061 1533 1096 τὴν
1550 1061 1693 1096 Κυριακὴν
1707 1060 1757 1094 τῆς
1773 1060 1866 1094 Ὀρθο-

1076 1107 1166 1139 δοξίας
1178 1107 1432 1142 ἀναγινωσκομένου
1450 1106 1588 1133 συνοδικοῦ
1602 1107 1652 1141 τῆς
1669 1106 1788 1142 ἑϐδόμης
1804 1114 1865 1132 συν-

1076 1154 1136 1181 όδου
1157 1155 1173 1189 ή
1197 1154 1262 1189 περ)⁸
1282 1154 1331 1188 τῆς
1347 1153 1402 1180 τῶν
1417 1153 1503 1186 ἁγίων
1524 1153 1637 1180 εἰκόνων
1653 1152 1864 1187 προσκυνήσεως

1078 1201 1168 1235 ῥῆσις,
1182 1201 1211 1227 ὲν
1225 1199 1335 1234 ἐπηκόῳ
1349 1199 1403 1226 τῶν
1419 1198 1626 1234 ἀθροισθέντων,
1637 1198 1672 1230 ὡς
1688 1197 1807 1233 εἴρηται,
1821 1197 1863 1222 λέ-

1077 1256 1161 1281 γουσα
1173 1247 1244 1273 κατὰ
1257 1246 1330 1279 λέξιν
1346 1245 1424 1273 ταυτί
1439 1253 1446 1260 ·

1115 1301 1124 1318 1
1146 1291 1322 1327 Ὀριζομένου
1341 1292 1389 1317 σὺν
1413 1290 1542 1325 ἀκριϐείᾳ
1565 1290 1639 1325 πάσῃ
1664 1289 1712 1316 καὶ
1734 1287 1864 1323 ἐμμελείᾳ

1077 1338 1276 1374 παραπλησίως
1292 1331 1331 1372 τῷ
1353 1338 1431 1372 τύπῳ
1453 1337 1500 1363 τοῦ
1520 1337 1612 1372 τιμίου
1635 1335 1753 1370 σταυροῦ
1777 1333 1865 1360 ἀνατί·

1078 1385 1171 1412 θεσθαι
1195 1384 1243 1415 τὰς
1267 1383 1369 1415 σεπτάς
1385 1383 1505 1415 εἰκόνας,
1527 1384 1575 1414 τὰς
1599 1383 1631 1409 ὲκ
1651 1381 1806 1417 χρωμάτων
1820 1380 1864 1406 καὶ

1076 1431 1200 1466 ψηφίδων
1214 1430 1261 1456 καὶ
1275 1429 1370 1464 ἑτέρας
1383 1429 1448 1464 ὕλης
1466 1428 1626 1463 ἐπιτηδείως
1639 1427 1755 1462 ἐχούσης
1768 1427 1796 1452 ὲν
1808 1425 1865 1456 ταῖς

1078 1477 1171 1510 ἁγίαις
1195 1475 1242 1501 τοῦ
1274 1474 1342 1500 Θεοῦ
1361 1475 1532 1509 ἐκκλησίαις,
1551 1474 1579 1500 ὲν
1600 1474 1682 1508 ἱεροῖς
1698 1471 1807 1498 σκεύεσι
1820 1471 1865 1496 καὶ

1078 1522 1183 1556 ἐσθῆσι,
1198 1521 1299 1556 τοίχοις
1313 1529 1342 1546 τε
1364 1521 1411 1546 καὶ
1430 1519 1547 1550 σανίσιν,
1564 1519 1649 1549 οἴκοις
1669 1526 1699 1544 τε
1717 1517 1763 1544 καὶ
1777 1516 1844 1546 ὁδοῖς
1855 1523 1863 1530 ⁸

1077 1568 1127 1603 τήν
1149 1575 1180 1593 τε
1204 1566 1251 1593 τοῦ
1274 1566 1376 1601 Κυρίου
1403 1567 1449 1592 καὶ
1474 1565 1541 1592 Θεοῦ
1569 1564 1615 1591 καὶ
1638 1564 1766 1598 Σωτῆρος
1790 1561 1867 1597 ἡμῶν

1039 1623 1061 1653 ρ
1084 1614 1168 1650 Ἰησοῦ
1182 1613 1312 1648 Χριστοῦ,
1328 1612 1438 1647 καὶτῆς
1461 1613 1596 1647 ἀχράντου
1618 1610 1697 1646 ἡμῶν
1719 1608 1866 1642 Δεσποίνης

1076 1660 1126 1695 τῆς
1153 1659 1234 1693 ἁγίας
1251 1658 1394 1689 Θεοτόκου,
1409 1658 1462 1684 τῶν
1477 1657 1575 1691 τιμίων
1589 1656 1725 1690 ἀγγέλων,
1739 1654 1786 1680 καὶ
1799 1654 1864 1680 πάν-

1076 1714 1130 1732 των
1142 1705 1194 1731 τῶν
1208 1705 1289 1731 ὁσίων
1304 1704 1351 1730 καὶ
1370 1703 1454 1738 ἁγίων
1476 1702 1581 1736 ἀνδρῶν
1602 1702 1668 1736 (ὅσῳ
1683 1700 1738 1735 γάρ
1751 1699 1785 1726 δι’
1797 1699 1866 1725 είκο-

1077 1753 1154 1787 νικῆς
1180 1751 1381 1781 ἀνατυπώσεως
1409 1749 1539 1784 ὁρῶνται,
1571 1747 1692 1782 τοσούτῳ
1716 1746 1741 1772 οἱ
1766 1746 1866 1775 ταύτας

1077 1798 1209 1833 θεώμενοι
1229 1796 1411 1822 διανίστανται
1435 1795 1503 1829 πρὸς
1526 1793 1576 1828 τὴν
1603 1793 1658 1820 τῶν
1682 1791 1866 1827 πρωτοτύπων

1080 1845 1191 1878 μνήμην
1206 1851 1236 1868 τε
1260 1842 1307 1868 καὶ
1329 1840 1515 1876 ἐπιπόθησιν),
1530 1840 1577 1866 καὶ
1593 1839 1705 1870 ταύταις
1724 1837 1868 1872 ἀσπασμὸν

1079 1889 1125 1916 καὶ
1143 1888 1290 1923 τιμητικὴν
1314 1886 1500 1921 προσκύνησιν
1519 1885 1679 1919 ἀπονέμειν,
1696 1884 1726 1910 οὺ
1749 1883 1802 1918 μὴν
1821 1881 1867 1916 τὴν

1079 1933 1150 1960 κατὰ
1165 1932 1256 1959 πίστιν
1281 1931 1361 1967 ἡμῶν
1378 1930 1506 1966 λατρείαν
1520 1930 1570 1964 τὴν
1589 1928 1720 1964 ἀληθινὴν
1735 1929 1752 1962 ἣ
1770 1927 1867 1962 πρέπει

1081 1979 1148 2014 μόνῃ
1161 1980 1195 2014 τῇ
1211 1979 1271 2013 θείᾳ
1299 1977 1390 2012 φύσει,
1419 1976 1477 2003 ἀλλ’
1497 1975 1526 2002 ὃν
1547 1975 1648 2011 τρόπον
1663 1974 1702 2009 τῷ
1724 1973 1804 2008 τύπῳ
1823 1971 1867 1998 τοῦ

1079 2026 1169 2061 τιμίου
1183 2025 1232 2053 καὶ
1247 2024 1381 2057 ζωοποιοῦ
1398 2023 1527 2059 σταυροῦ,
1544 2023 1592 2049 καὶ
1608 2023 1666 2054 τοῖς
1679 2021 1767 2055 ἁγίοις
1783 2020 1868 2052 Εὐαγ-

1080 2071 1196 2105 γελίοις,
1222 2070 1269 2097 καὶ
1298 2070 1355 2101 τοῖς
1381 2069 1484 2101 λοιποῖς
1509 2069 1592 2104 ἰεροῖς
1616 2067 1796 2103 ἀναθήμασι·
1824 2065 1868 2092 καὶ

1081 2116 1264 2152 θυμιαμάτων
1278 2116 1326 2142 καὶ
1342 2116 1440 2150 φώτων
1455 2114 1640 2151 προσαγωγὴν
1660 2114 1728 2148 πρὸς
1744 2113 1795 2148 τὴν
1809 2111 1869 2138 τού-

1080 2171 1134 2188 των
1149 2161 1232 2197 τιμὴν
1249 2160 1396 2193 ποιεῖσθαι,
1411 2160 1502 2192 καθὼς
1523 2161 1569 2186 καὶ
1583 2163 1639 2191 τοῖς
1656 2158 1782 2194 ἀρχαίοις
1795 2158 1871 2183 εὐσε-

1081 2208 1136 2239 ϐῶς
1154 2207 1281 2234 εἴθισται.
1304 2207 1336 2233 'H
1352 2206 1407 2241 γὰρ
1421 2206 1471 2241 τῆς
1485 2205 1589 2237 εἰκόνος
1605 2205 1672 2240 τιμὴ
1693 2204 1738 2231 ἐπὶ
1751 2204 1782 2230 τί,
1796 2211 1871 2237 πρω-

1081 2253 1196 2280 τότυτιον
1219 2252 1372 2279 διαϐαίνει·
1402 2252 1448 2278 καὶ
1476 2253 1489 2278 ὸ
1513 2251 1674 2286 προσκυνῶν
1703 2250 1753 2284 τὴν
1781 2249 1871 2275 εἰκόνα

241 2306 389 2334 personam
406 2299 513 2326 adorat.
541 2299 633 2326 Palam
652 2304 743 2326 autem
761 2304 804 2327 est
820 2299 846 2326 id
873 2305 1026 2327 antecesso-

1084 2298 1233 2333 προσκυνεῐ
1248 2298 1276 2323 ὲν
1288 2297 1358 2333 αὐτῇ
1367 2295 1414 2324 τοῦ
1429 2296 1637 2332 ἐγγραφομένου
1648 2295 1698 2330 τὴν
1711 2294 1869 2321 ὑπόστασιν.

243 2343 323 2370 ribus
340 2343 442 2370 nostris
455 2343 636 2376 declaratum,
651 2344 830 2378 prmdicatum
846 2349 873 2371 et
888 2345 1029 2379 cognitum

243 2390 340 2422 fuisse,
359 2390 491 2418 nimirum
508 2399 557 2426 per
574 2391 706 2426 imagines
721 2396 749 2418 et.
764 2391 790 2418 in
806 2391 972 2426 imaginibus
985 2399 1031 2418 ve-

244 2437 356 2464 ritatem
377 2437 508 2464 honorari
523 2442 551 2464 et
566 2437 687 2464 adorari.
707 2446 716 2463 ι

281 2483 331 2511 His
345 2491 428 2518 porro
448 2483 527 2511 lectis
543 2487 656 2510 sanctus
672 2483 822 2518 imperator
838 2491 935 2511 omnes
948 2483 1030 2510 simul

244 2529 435 2564 interrogavit,
448 2537 512 2556 num
530 2537 627 2556 omnes
643 2530 678 2556 ita
699 2530 845 2562 sentirent,
859 2534 887 2556 et
902 2537 936 2556 an
956 2529 1032 2564 quis—

243 2575 316 2610 piam
341 2576 368 2602 in
391 2575 484 2610 aliquo
512 2575 661 2603 dubitaret.
697 2575 910 2610 Responderunt
937 2582 1032 2602 omnes

246 2630 300 2650 una
315 2630 392 2653 voce.
414 2630 443 2650 se
457 2623 494 2650 ita
511 2623 625 2654 sentire,
644 2622 680 2649 ita
696 2621 856 2656 prmdicare.
881 2621 1033 2656 Imperator

244 2676 323 2701 vero,
350 2672 496 2702 postquam
522 2667 648 2699 dixisset,
669 2677 678 2693 1
702 2667 796 2695 Gloria
820 2671 916 2694 sancto
932 2667 999 2698 Deo,
1020 2676 1029 2692 ι

244 2721 355 2743 rursum
373 2714 562 2748 interrogavit,
580 2723 588 2739 1
605 2713 765 2742 Relativene
783 2723 817 2741 an
843 2714 930 2741 latrite
955 2714 1031 2741 cultu

245 2761 339 2788 dicitis
357 2759 526 2787 adorandam
546 2767 608 2787 esse
638 2759 785 2794 imaginem
803 2759 911 2786 Domini
941 2763 969 2785 et
987 2759 1033 2786 Dei

245 2810 273 2833 ct
284 2805 437 2833 Salvatoris
446 2805 533 2832 nostri
551 2805 614 2832 Jesu
627 2804 748 2831 Christi?
760 2816 769 2831 ι
784 2805 916 2832 Dixerunt
926 2812 1043 2836 omnes,.

250 2859 260 2874 1
281 2849 408 2877 Relative
426 2850 575 2877 adoramus
590 2851 687 2884 ipsam,
710 2856 739 2878 ut
755 2851 899 2885 imaginem
926 2851 1032 2878 Domini

249 2901 277 2922 et
291 2895 339 2922 Dei
357 2900 384 2922 et
399 2896 550 2923 Salvatoris
567 2896 654 2923 nostri
679 2897 743 2924 Jesu
774 2896 893 2930 Christi;
919 2898 952 2925 iis
969 2905 1034 2924 vero

247 2944 295 2977 qui
314 2949 369 2969 non
385 2942 423 2969 sic
437 2942 563 2975 adorant,
577 2943 721 2970 anathema
755 2953 763 2968 ι
788 2943 857 2970 Τιιηι
886 2943 1035 2979 imperator

1084 2345 1169 2380 Δῆλον
1185 2344 1214 2370 δὲ
1230 2343 1309 2370 τοῦτο
1326 2344 1373 2371 καὶ
1389 2344 1445 2375 τοῖς
1469 2343 1522 2379 πρὸ
1544 2342 1622 2378 ἡμῶν
1645 2340 1871 2376 πεφανερωμένον

1085 2391 1132 2417 καὶ
1154 2389 1360 2425 κεκηρυγμένον
1381 2390 1429 2416 καὶ
1452 2388 1635 2424 ἐγνωσμένον,
1659 2387 1696 2418 ὡς
1715 2387 1746 2420 ἐξ
1762 2386 1871 2412 εἰκόνιον

1086 2437 1133 2464 καὶ
1147 2438 1176 2462 ἐν
1191 2436 1277 2462 εἰκόσι
1293 2436 1406 2470 τιμᾶται
1423 2435 1440 2469 ἡ
1457 2434 1570 2469 ἀλήθεια
1585 2434 1633 2460 καὶ
1648 2432 1868 2465 προσκυνεῖταω

1122 2483 1177 2509 Καὶ
1190 2481 1291 2508 τούτων
1304 2480 1533 2514 ἀναγνωσθέντων
1541 2478 1668 2515 ἠρώτησε
1678 2477 1776 2508 κοινῶς
1789 2477 1874 2503 atav-

1085 2537 1134 2560 τας
1150 2529 1164 2555 ὁ
1188 2527 1314 2563 βασιλεὺς
1336 2527 1350 2553 ό
1373 2527 1460 2560 ἅγιος,
1478 2527 1502 2552 εί
1528 2525 1599 2552 οὕτω
1616 2525 1718 2552 πάντες
1734 2522 1871 2559 φρονοῦσι,

1087 2575 1134 2601 καὶ
1147 2574 1234 2605 οὐδεὶς
1254 2573 1324 2600 κατά
1339 2582 1366 2600 τι
1382 2572 1585 2608 διαμφιϐάλλει.
1606 2571 1662 2598 Καὶ
1686 2569 1873 2604 ἀπεκρίθησαν

1088 2620 1207 2652 ἅπαντες
1226 2620 1275 2655 μιᾷ
1297 2621 1386 2654 φωνῇ,
1405 2619 1476 2646 οὕτω
1494 2619 1603 2654 φρονεῖν
1619 2618 1665 2644 καὶ
1681 2616 1754 2643 οὕτω
1771 2614 1873 2651 κηρύσ-

1089 2675 1156 2692 σειν.
1172 2666 1226 2692 Καὶ
1241 2666 1254 2692 ὁ
1268 2664 1396 2700 βασιλεὺς
1411 2664 1507 2698 εἰπὼν,
1526 2673 1535 2690 1
1555 2663 1622 2696 Δόξα
1638 2663 1677 2698 τῷ
1690 2662 1761 2698 ἀγίῳ
1778 2661 1847 2696 Θεῷ,
1861 2668 1870 2684 ι

1088 2710 1166 2744 αὖθις
1188 2711 1334 2747 ἡρώτησε’
1361 2721 1371 2738 1
1390 2711 1527 2746 Σχετικῶς
1552 2710 1569 2745 ἢ
1597 2709 1783 2745 λατρευτικῶς
1809 2714 1872 2741 φατε

1089 2760 1252 2794 προσκυνεῖν
1266 2758 1315 2793 τὴν
1327 2757 1420 2784 εἰκόνα
1429 2757 1476 2784 τοῦ
1493 2756 1596 2792 Κυρίου
1611 2756 1658 2782 καὶ
1672 2754 1740 2781 θεοῦ
1753 2755 1802 2781 καὶ
1816 2754 1872 2779 Σω-

1088 2805 1172 2839 τῆρος
1183 2804 1263 2839 ἡμῶν
1284 2804 1371 2839 Ἰησοῦ
1388 2803 1526 2838 Χριστοῦ;
1546 2811 1555 2828 ι
1580 2802 1636 2828 Καὶ
1653 2799 1730 2827 εἷπον
1746 2800 1872 2828 ἅπαντες·

1092 2859 1101 2875 1
1116 2850 1254 2886 Σχετικῶς
1269 2849 1473 2886 προσκυνοῦμεν
1488 2849 1582 2884 αὐτὴν,
1597 2847 1635 2879 ὡς
1650 2847 1742 2874 εἰκόνα
1761 2845 1806 2873 τοῦ
1821 2846 1873 2871 Κυ-

1091 2897 1148 2931 ρίου
1162 2897 1208 2922 καὶ
1224 2896 1290 2923 Θεοῦ
1308 2897 1353 2922 καὶ
1373 2897 1497 2931 Σωτῆρος
1513 2895 1591 2930 ἡμῶν
1604 2894 1694 2929 Ἰησοῦ
1712 2891 1837 2928 Χριστοῦ
1850 2890 1872 2915 οἱ

1089 2944 1116 2971 δὲ
1133 2942 1170 2979 μὴ
1191 2943 1263 2971 οὕτω
1287 2943 1519 2979 προσκυνοῦντες,
1538 2941 1672 2977 ἀνάθεμα,
1692 2950 1701 2967 ι
1722 2939 1776 2966 Καὶ
1792 2939 1805 2964 ὁ
1826 2938 1870 2971 βι-
