2023 3164
150 191 201 224 981

701 192 885 224 NOVELLE
904 192 999 222 CONS
1009 191 1241 222 l‘l'l‘U'l‘lONES.

1729 193 1782 223 9‘2

151 249 243 280 σιλεὺς
259 249 290 275 ἐκ
303 248 391 284 ψυχῆς
404 249 577 286 ἐξεφώνησεν
589 258 595 266 ·
615 260 624 275 1
637 251 667 277 Οἱ
682 251 719 286 μὴ
735 251 807 278 οὕτω
820 250 945 286 φρονοῦν-

1000 257 1033 276 ex
1048 248 1132 276 animi
1145 247 1243 275 atTeetu
1259 247 1298 274 sic
1313 247 1479 274 vociferatus
1491 251 1532 274 est
1554 257 1560 273 :
1577 257 1586 272 1
1610 247 1644 274 lis
1668 247 1714 281 qui
1729 255 1781 273 non

148 303 205 326 τες,
221 294 356 329 ἀνάθεμα.
371 303 380 320 1
400 295 484 321 Πάλιν
500 295 643 332 ἠρώτησεν
655 297 669 323 ὁ
684 297 820 331 βασιλεὺς,
838 306 846 322 1
862 297 941 323 Εἰκό-

148 349 197 370 νας
216 339 295 371 ποίας
309 339 424 373 λέγετες
441 340 491 371 τὰς
507 341 646 372 εἰκονικὰς
663 341 730 373 ὔλας
746 342 762 377 ἢ
783 342 817 368 τὰ
831 343 859 367 ἐν
875 341 940 368 ταύ-

148 394 211 416 ταις
235 385 385 420 φαινόμενα
407 386 583 421 ὀμοιώματα;
606 396 614 412 1
643 387 697 414 Καὶ
713 385 789 414 εἶπον
810 387 941 425 ἀπαντες,

152 439 161 454 1
176 430 216 456 Τὰ
245 429 407 463 ὁμοιώματα
436 432 465 457 ὲν
490 433 551 463 ταῖς
575 431 653 463 ὕλαις
676 432 837 467 φαινόμενα.
853 443 862 458 1
887 433 942 459 Καὶ

148 475 227 507 αὖθις
241 475 366 511 ἠρώτησε
377 484 384 491 '
407 485 415 502 1
432 477 551 504 Δύναται
572 478 602 504 τὸ
617 478 745 513 ὁμοίωμα
762 478 809 505 τοῦ
824 479 942 514 Χριστοῦ

148 520 178 547 τὺ
190 522 220 547 ὲν
233 523 266 556 τῇ
282 521 334 557 ὕλῃ
344 522 483 557 ὁρώμενον
495 523 682 559 λατρευτικῶς
694 525 903 559 προσκυνεῖσθαι
915 533 940 558 ;1

149 566 198 592 καὶ
210 564 289 594 εἶπον
303 575 311 582 ·
330 577 339 593 1
354 567 430 603 Οὐχί.
449 578 459 594 1
477 569 531 595 Kal.
546 568 623 596 εἷπεν
635 571 648 596 ὁ
664 569 805 604 βασιλεύς·
825 579 834 596 1
850 571 943 602 Οὕτως

147 611 207 646 ἔχει
228 614 244 647 ἡ
265 613 390 648 ἀλήθεια,
410 614 448 646 ὡς
463 616 570 642 εἴπατε.
594 625 603 642 1
621 614 688 642 Εῐπε
708 615 736 642 δὲ
763 616 777 642 ὁ
794 615 942 642 Κλαυδιουυ

149 657 267 689 πόλεως,
292 659 333 685 ὅτι
356 659 451 692 «Τινὲς
468 661 498 686 οὐ
518 661 643 696 μετέχειν
664 661 775 696 λέγουσι
797 662 871 693 θείας
895 663 943 696 χά-

149 711 224 738 ριτος
250 703 299 736 τὰς
319 705 402 738 ἁγίας
421 705 538 737 εἰκόνας.
560 715 569 733 1
599 707 654 733 Καὶ
678 705 755 734 εἶπεν
777 709 791 734 ὁ
816 707 943 742 βασιλεὺς

149 747 220 782 μετὰ
238 748 347 776 πάντων
361 759 368 765 ·
387 759 396 775 1
424 751 561 786 ’Δνάθεμα
584 752 622 787 τῷ
635 752 706 779 οὕτω
728 753 848 786 λέγοντι·
869 753 943 784 θείας

149 795 200 830 μὲν
218 795 273 830 γὰρ
295 796 405 831 χάριτος
423 797 582 832 μετέχουσιν
606 797 634 824 αι
654 798 729 831 ἅγιαι
750 799 943 834 εἰκόνες,ὁμο-

149 842 229 874 φυείς
255 841 283 868 δὲ
309 843 364 873 τοῖς
391 843 580 878 πρωτοτύποις
607 845 657 871 οὐκ
681 845 743 872 είσί.
765 854 774 872 1
797 846 850 872 Καὶ
875 846 943 881 πρὶς

149 887 230 914 τοῦτο
252 889 266 914 δ
281 889 522 921 Κλαυδιουπόλεως
545 891 696 925 ἐπήγαγεν,
711 891 781 918 οὕτω
795 892 842 918 καὶ
862 893 942 919 αὑτὸν

149 937 272 970 φρονεῖν.
293 934 375 963 Εἶπεν
391 938 406 963 ὁ
422 937 550 972 βασιλεύς
562 946 569 952 ·
586 948 595 964 1
606 939 637 965 '0
649 939 858 975 ἐναντιούμενος
872 941 942 968 κατά

149 990 176 1008 τι
192 983 252 1014 ταῖς
279 983 370 1017 ἁγίαις
390 983 439 1010 καὶ
457 985 660 1019 οίκουμενικαῖς
682 985 753 1012 ἑπτὰ
778 987 908 1018 συνόδοις,
926 987 942 1021 ἢ

149 1028 312 1064 προσθήκην
328 1029 344 1064 ἢ
360 1029 504 1065 ὑφαίρεσιν
520 1031 604 1057 ποιῶν
618 1031 764 1066 δόγματος,
777 1032 793 1067 ἦ
808 1039 835 1059 τι
847 1032 901 1059 τῶν
915 1034 943 1059 ἐν

149 1074 247 1105 αὐταῖς
262 1075 427 1110 ὁρισθέντων
447 1076 665 1111 παρερμηνεύων
679 1077 695 1111 ἢ
713 1077 943 1112 ἁποὸαλλόμενος,

149 1120 288 1155 ἀνάθεμα.
306 1130 315 1146 1
334 1121 390 1147 Καὶ
406 1119 482 1148 εἷπον
494 1122 625 1154 ἅπαντες,
643 1131 653 1148 1
673 1123 820 1158 ’Λνάοεμα.
838 1133 846 1149 1
862 1121 943 1154 Αὖθις

149 1164 279 1199 ’ἠρώτησε
294 1173 301 1180 ·
322 1165 375 1191 ιΤὺ
397 1167 426 1192 ὲν
446 1167 478 1202 τῇ
497 1166 547 1202 ὕλῃ
565 1167 738 1202 γραφόμενον
754 1168 880 1203 ὁμοίωμα
898 1169 944 1194 τοῦ

150 1210 283 1245 Χριστοῦ,
309 1211 389 1238 tuine
416 1213 491 1238 ἐστιν
511 1214 527 1248 ἡ
548 1213 608 1240 θεία
634 1214 734 1248 φύσις;
753 1224 762 1241 1
790 1214 846 1241 Καὶ
868 1212 944 1241 εἶπον

149 1256 272 1289 amans;
284 1266 291 1274 ·
305 1267 314 1284 1
330 1259 397 1293 υὺχί
409 1267 415 1274 ·
428 1261 444 1295 ἡ
462 1260 515 1295 γὰρ
534 1260 593 1287 θεία
608 1260 688 1294 φύσις
700 1261 918 1296 ἀπερίγραπτος.
932 1271 941 1287 1

150 1300 238 1328 Εἶπεν
251 1304 265 1330 ὁ
284 1303 411 1338 βασιλεύς
423 1313 430 1319 ·
449 1314 458 1330 1
474 1304 567 1337 Οὕτως
582 1306 638 1341 ἔχει
653 1307 669 1341 ἠ
693 1306 818 1341 ἀλήθεια,
834 1318 844 1332 1
861 1315 944 1342 προσ-

151 1349 210 1380 θεὶς
231 1349 379 1383 καὶτοῦτο,
404 1351 456 1378 ὄτι.
478 1361 486 1377 1
508 1352 578 1386 Ἐγὼ
596 1353 665 1384 τέως
688 1353 760 1386 λέγω
777 1353 823 1379 καὶ
843 1353 943 1388 φρονῶ,

153 1395 192 1430 μὴ
207 1396 393 1422 ἐναντιοῦσθαι
417 1397 542 1432 ἀλλήλοις
557 1398 591 1424 τὰ
612 1398 738 1425 συνοδικά
762 1399 886 1434 δόγματα
898 1400 946 1426 καὶ

152 1440 320 1476 κηρύγματα
329 1448 339 1457 ·
351 1443 416 1477 ὑμῖν
427 1443 473 1469 οὖν
485 1444 511 1469 τί
524 1443 597 1470 δοχεί
609 1452 616 1476 ;
634 1453 643 1469 1
656 1444 712 1470 Καὶ
728 1442 807 1472 εἶπον
816 1445 944 1478 ἅπαντες,

153 1488 312 1521 συμφωνεῖν
325 1488 395 1514 αὐτὰ
414 1488 482 1522 πρὸς
495 1488 598 1523 ἄλληλα
610 1489 658 1515 καὶ
672 1489 741 1524 πρὸς
753 1491 847 1517 ἑαυτά.
862 1489 945 1517 Εἶπεν

152 1533 167 1558 ὁ
182 1533 328 1567 βασιλεύς·
364 1543 372 1559 1
387 1534 427 1560 Τὰ
455 1534 499 1560 ἐπ’
524 1534 649 1569 ἆμόιονος
681 1536 871 1571 κηρυττόμενα
899 1536 945 1563 καὶ

1000 295 1037 323 ita
1061 295 1196 326 sentiunt,
1218 294 1374 321 anathema.
1392 303 1400 318 1
1418 294 1521 320 lterum
1541 294 1720 327 interregni-it
1736 295 1785 319 im-

997 346 1124 376 perator:
1146 351 1154 365 1
1169 340 1302 375 Imagines
1314 348 1382 374 quas
1397 340 1575 367 cssedicitis'!
1593 348 1626 366 an
1642 341 1783 366 materiam

996 388 1158 422 imaginum,
1174 394 1207 414 an
1226 387 1421 414 similitiulines
1437 387 1464 413 in
1482 394 1513 414 ea
1527 386 1757 421 repraesentatas?
1772 395 1780 410 1

995 433 1184 468 Dixeruntque
1209 441 1306 460 omnes
1327 442 1334 460 τ
1363 432 1593 459 1Similitudines
1618 432 1644 458 in
1669 432 1782 458 materia

996 484 1218 514 reprazsentatas.
1240 489 1248 504 1
1273 479 1367 506 Denuo
1396 478 1602 514 interrogavit:
1622 487 1630 503 1
1651 478 1782 504 Potestne

998 525 1151 552 similitudo
1179 525 1280 552 Christi
1312 533 1372 559 qua!
1398 525 1424 551 in
1453 524 1569 552 materia
1600 524 1782 558 eonspieitun

997 571 1085 598 latrise
1102 572 1176 598 cultu
1195 570 1325 597 adorari?
1341 580 1350 596 1
1378 570 1590 605 Responderunt
1612 578 1620 597 :
1652 579 1661 594 1
1678 569 1785 604 Nequa-

998 623 1092 650 quam.
1108 625 1117 641 1
1141 615 1215 642 Dixit
1231 616 1382 650 imperator
1402 624 1407 641 :
1439 626 1446 641 1
1461 616 1506 644 Sic
1531 623 1559 643 se
1585 623 1628 643 res
1646 615 1738 646 habet,
1756 620 1785 642 ut

997 661 1117 689 dixistis.
1144 671 1152 686 1
1182 662 1227 688 Ait
1259 668 1351 689 autem
1388 662 1577 696 Claudiopolis
1607 663 1782 697 episcopus:

1002 718 1011 733 1
1030 707 1146 741 Quidam
1165 707 1262 734 dicunt
1277 712 1388 735 sanctas
1400 707 1533 742 imagines
1550 715 1603 734 non
1620 708 1785 742 participare

997 754 1090 789 gratiae
1108 754 1217 781 divinae.
1239 763 1247 779 1
1268 755 1339 781 D‘xit
1365 754 1515 789 imperatur
1535 762 1598 781 cum
1623 754 1752 780 omnibus
1776 763 1782 780 :

1003 808 1011 825 1
1033 799 1186 826 Anathema
1202 799 1227 826 ci
1242 800 1288 834 qui
1303 800 1340 826 ita
1363 799 1483 832 dixerit;
1510 807 1571 826 nam
1595 803 1696 826 sanetre
1716 799 1784 825 ima-

999 845 1078 880 gines
1092 845 1186 880 gratia:
1202 845 1302 872 divina:
1321 846 1497 880 participant,
1523 845 1570 873 sed
1593 845 1718 872 eamdem
1735 853 1784 871 na-

1000 897 1086 918 turam
1117 900 1171 919 non
1195 891 1297 919 habent
1323 900 1404 926 quam
1434 892 1581 926 prototypi.
1617 901 1625 916 1
1658 891 1697 918 Ad
1727 891 1785 917 iure

996 937 1254 972 Claudiopolitanus
1270 939 1418 973 episcopus
1431 938 1554 965 subdidit
1570 946 1599 965 se
1615 946 1728 973 quoque
1747 938 1784 964 ita

995 983 1109 1011 sentire.
1129 984 1198 1011 Tum
1211 983 1361 1019 imperator
1382 992 1388 1010 :
1409 994 1418 1010 1
1439 984 1569 1019 Quisquis
1588 984 1690 1011 sanctis
1707 991 1784 1010 areu-

996 1030 1165 1065 menicisque
1180 1035 1284 1065 septem
1300 1031 1412 1066 synodis
1427 1031 1454 1058 in
1477 1039 1507 1058 re
1521 1030 1649 1065 quapiam
1673 1034 1784 1057 contra-

995 1075 1106 1107 dixerit.
1136 1076 1211 1103 eisve
1235 1075 1387 1110 quidquam
1412 1075 1548 1109 dogmatis
1571 1074 1710 1102 addiderit
1738 1078 1785 1100 aut

996 1121 1157 1155 dempserit,
1180 1126 1227 1148 aut
1250 1121 1362 1156 aliquod
1392 1129 1425 1148 ex
1442 1129 1535 1148 earum
1563 1120 1684 1148 decretis
1700 1127 1784 1155 prave

998 1166 1198 1200 interpretatus
1233 1166 1315 1194 fuerit
1349 1167 1392 1193 vel
1413 1166 1556 1202 ahjecerit,
1586 1165 1744 1192 anathema.
1771 1174 1780 1189 1

996 1211 1183 1245 Dixeruntque
1198 1219 1303 1242 omnes.
1320 1212 1512 1239 1Anathema.1
1529 1212 1648 1238 Rursum
1665 1210 1784 1237 interro-

997 1258 1090 1292 gavit:
1112 1266 1121 1283 1
1138 1257 1204 1290 Quae
1219 1258 1245 1284 in
1261 1258 1374 1284 materia
1391 1257 1550 1292 depingitur
1564 1257 1653 1292 imago
1669 1256 1782 1287 Christi.

997 1309 1130 1331 naturane
1142 1305 1202 1340 ejus
1217 1304 1278 1331 est?
1290 1313 1298 1329 1
1326 1303 1539 1338 Responderunt
1560 1311 1677 1331 omnes:
1694 1312 1704 1328 1
1729 1303 1784 1330 Nc-

997 1358 1152 1385 quaquam;
1175 1354 1273 1377 natura
1300 1350 1402 1385 quippe
1422 1350 1514 1377 divina
1544 1350 1783 1384 ineircumscripta

996 1400 1049 1423 est.
1070 1405 1079 1422 1
1096 1395 1169 1423 Dixit
1185 1396 1352 1431 imperator:
1379 1406 1387 1421 1
1409 1397 1447 1423 Ita
1463 1403 1527 1423 vere
1537 1403 1566 1423 se
1582 1403 1626 1423 res
1650 1396 1748 1428 habet;
1773 1405 1782 1421 1

997 1441 1119 1476 illudque
1131 1441 1238 1468 addidit
1252 1449 1259 1468 :
1279 1450 1286 1465 1
1302 1441 1359 1476 Ego
1380 1449 1445 1468 salte
1460 1440 1523 1468 dico
1538 1441 1684 1474 sentioquc
1700 1447 1783 1475 syno-

997 1487 1058 1515 dica
1073 1487 1199 1522 dogmata
1216 1492 1244 1514 et
1270 1487 1380 1515 decreta
1405 1495 1459 1514 non
1478 1487 1532 1514 sibi
1554 1486 1671 1514 invicem
1688 1486 1784 1513 adver-

998 1533 1062 1560 sari.
1074 1532 1145 1565 Quid
1156 1533 1264 1560 videtur
1275 1533 1372 1560 vobis?
1389 1542 1397 1558 1
1417 1533 1550 1560 Dixerunt
1562 1540 1668 1565 omnes,
1684 1540 1715 1559 ea
1727 1537 1783 1559 tum

151 1578 397 1613 ἀναγινωσκόμενα
407 1578 437 1605 τὺ
452 1579 480 1605 ἓν
493 1579 658 1614 κηρύσσουσι
671 1581 718 1607 καὶ
731 1581 781 1608 οὐκ
792 1582 944 1608 ἐναντιοῦν-

999 1577 1052 1606 sibi
1065 1582 1162 1605 mutuo
1172 1583 1229 1606 tum
1239 1586 1333 1605 secum
1349 1579 1407 1614 ipsa
1421 1579 1588 1607 consentire.
1609 1579 1682 1606 Dixit
1696 1579 1783 1614 impc-

152 1632 197 1650 ται
221 1624 349 1659 ἀλλήλοις
375 1624 404 1650 ἕν
431 1633 495 1652 τινι.
513 1634 521 1650 1
541 1625 678 1658 ’Ἅπαντες
703 1624 797 1654 εἷπον⁸
821 1637 829 1653 1
850 1627 943 1660 Οὕτως

152 1670 218 1705 ἔχει.
240 1680 250 1696 1
266 1671 321 1698 Καὶ
338 1672 351 1697 ὁ
367 1671 493 1705 βασιλεὺς
510 1671 712 1707 ηὐχαρίστησεν
729 1673 816 1700 εἰπών
828 1681 835 1688 ·
853 1683 862 1699 1
876 1673 944 1706 Δόξα

151 1717 190 1751 τῷ
216 1717 290 1752 ἁγίῳ
311 1717 370 1751 Θεῷ
395 1717 434 1752 τῷ
459 1718 670 1753 οίκονομήσαντι
691 1719 802 1752 οὑτωσὶ,
826 1720 945 1752 ἅπαντες

151 1762 369 1797 ὁμοφρονοῦμεν.
391 1771 400 1789 1
419 1762 496 1790 Μετὰ
515 1762 601 1789 ταῦτα
621 1763 778 1799 ἀνεγνώσθη
798 1764 945 1799 κεφάλαιον

152 1809 248 1844 ἓτερον
263 1810 296 1835 ὲκ
308 1809 355 1836 τοῦ
381 1809 519 1837 συνοδικοῦ
541 1810 587 1837 τοῦ
609 1810 735 1846 δευτέρου
756 1811 807 1846 τῆς
824 1811 946 1846 ἀναμνή-

153 1863 221 1887 σεως
240 1855 287 1882 καὶ
311 1856 487 1892 εὐχαριστίας
507 1856 554 1884 τοῦ
574 1858 830 1893 ἀναγινωσκομένου
845 1857 946 1892 ὁμοίως

154 1902 196 1927 ἐπ’
213 1901 355 1937 ἄμϐωνας.

190 2004 199 2021 ‹
216 1995 253 2022 Οἱ
271 1995 409 2030 προφῆται
431 1996 469 2028 ὡς
488 1994 569 2029 εἶδον,
597 1998 621 2023 oi
639 1996 783 2023 ἀπόστολοι
805 1995 842 2027 ὡς
859 1995 946 2022 ἐδίδα-

154 2040 211 2072 ξαν.
239 2041 256 2075 ἠ
282 2041 430 2076 Ἐκκλησία
456 2041 493 2074 ὡς
518 2042 667 2078 παρέλαϐε,
692 2044 716 2069 ot
739 2041 894 2069 διδάσκαλοι
909 2041 947 2073 ὡς

155 2086 349 2122 ἐδογμάτισαν,
379 2087 396 2121 ἡ
424 2087 571 2123 οἰκουμένη
597 2088 634 2119 ὡς
661 2087 898 2123 ωμπεφρόνηκεν,
929 2088 945 2122 ἡ

155 2132 236 2166 χάρις
254 2130 292 2162 ὡς
317 2131 448 2166 ἔλαμψεν,
474 2133 491 2168 ἡ
509 2132 623 2167 ἀλήθεια
640 2133 677 2163 1b;
704 2133 892 2165 ἀποδέδεκται,
917 2133 948 2159 τὸ

155 2175 252 2210 ψεῦδος
262 2176 298 2208 ὡς
310 2177 490 2212 ἀπελήλαται,
504 2179 521 2213 ἡ
541 2179 620 2212 σοφία
633 2179 670 2211 ὡς
684 2179 917 2215 ἐπαρρησιάσατο,
933 2179 947 2204 ὁ

157 2223 276 2258 Χριστὸς
291 2224 329 2255 ὡς
349 2224 515 2258 ἐϐράϐευσεν
527 2232 535 2240 ·
551 2225 622 2252 οὕτω
637 2225 800 2260 φρονοῦμεν.
814 2225 886 2252 οὕτω
901 2225 946 2252 λα-

996 1628 1090 1651 rator:
1111 1633 1120 1649 1
1137 1624 1201 1657 que
1217 1632 1250 1652 ex
1265 1625 1382 1652 ambone
1401 1625 1545 1660 praadicata
1567 1626 1692 1660 lectaque
1708 1629 1784 1655 sunt.

996 1677 1082 1697 unum
1099 1674 1127 1697 et
1140 1670 1213 1697 idem
1226 1671 1387 1704 priedicant,
1404 1679 1456 1698 nec
1470 1671 1497 1698 in
1512 1671 1642 1706 quopiam
1657 1671 1708 1698 sibi
1725 1679 1785 1697 mu-

997 1720 1045 1743 tuo
1070 1716 1264 1743 adversantur.
1289 1726 1297 1742 1
1320 1717 1537 1751 Responderunt
1565 1725 1662 1744 omnes
1682 1725 1718 1744 :1
1745 1717 1783 1743 Ita

996 1769 1026 1789 se
1037 1762 1130 1789 habet.
1145 1771 1153 1787 1
1174 1762 1243 1789 Tum
1263 1763 1415 1797 imperator
1423 1763 1525 1798 gratias
1537 1763 1591 1798 egit
1613 1763 1656 1790 his
1669 1762 1760 1790 verbis
1777 1772 1783 1788 π

999 1817 1008 1833 1
1027 1808 1119 1836 Gratia
1136 1813 1232 1836 sancto
1253 1809 1309 1836 Deo
1323 1810 1371 1843 qui
1391 1808 1429 1836 ita
1452 1809 1584 1844 providit,
1605 1816 1703 1836 omnes
1717 1816 1784 1835 con-

996 1855 1140 1881 sentimus.
1164 1864 1172 1880 1
1191 1854 1255 1881 Post
1282 1853 1341 1880 haec
1366 1853 1469 1881 lectum
1484 1859 1526 1881 est
1546 1859 1628 1889 caput
1650 1854 1724 1881 aliud
1751 1862 1783 1881 ex

997 1900 1128 1935 synodico
1146 1899 1268 1927 secundo
1296 1899 1570 1927 commemorationis
1590 1904 1619 1927 et
1633 1900 1784 1935 gratiarum

999 1945 1127 1978 actionis,
1143 1946 1216 1980 quod
1228 1954 1262 1973 ex
1278 1945 1407 1977 ambone.
1418 1950 1448 1972 ut
1458 1945 1590 1979 diximus,
1603 1946 1656 1981 legi
1670 1946 1785 1974 solebat.

1038 2001 1046 2017 1
1067 1992 1211 2026 Propheta:
1226 1996 1256 2018 ut
1270 1991 1413 2021 viderunt.
1430 1991 1546 2026 apostoli
1574 1996 1604 2019 ιιι
1617 1992 1784 2022 docuerunt.

1005 2037 1129 2066 Ecclesia
1142 2041 1172 2064 ut
1186 2035 1307 2072 accepit,
1330 2037 1458 2065 doctores
1476 2041 1506 2065 ut
1531 2037 1696 2070 docuerunt,
1713 2038 1788 2066 orbis

1000 2090 1031 2113 ut
1044 2093 1096 2112 una
1113 2085 1265 2118 consensit,
1282 2085 1367 2119 gratia
1385 2090 1415 2112 ut
1436 2085 1550 2118 elIulsit,
1565 2085 1668 2114 veritas
1696 2090 1725 2113 ut
1740 2085 1788 2112 de-

999 2136 1152 2159 monstrata
1176 2137 1230 2164 est,
1257 2131 1432 2159 mendacium
1455 2136 1485 2158 ut
1501 2132 1645 2166 expulsum
1661 2137 1715 2163 est,
1744 2140 1788 2159 sa-

1000 2178 1102 2213 pientia
1117 2182 1147 2205 ut
1168 2178 1285 2206 ﬁdenter
1301 2179 1392 2206 locuta
1409 2184 1462 2211 est,
1479 2179 1606 2207 Christus
1630 2185 1660 2207 ut
1675 2181 1786 2216 pnemia

999 2224 1142 2252 distribuit
1159 2234 1166 2257 ;
1186 2225 1226 2252 sic
1244 2225 1391 2258 sentimus,
1408 2226 1447 2253 sic
1467 2226 1619 2262 loquimur,
1634 2228 1673 2255 sic
1690 2228 1788 2262 praedi—

157 2269 202 2296 λοῦ
207 2279 268 2305 μεν,
280 2270 351 2297 οὕτω
367 2271 542 2306 κηρύσσομεν
551 2272 668 2306 Χριστὸν
681 2271 725 2298 τὸν
739 2271 865 2306 ἀληθινὸν
876 2271 943 2298 Θεὸν

1001 2278 1097 2298 camus
1111 2271 1250 2299 Christum
1263 2280 1358 2298 verum
1379 2273 1465 2300 Deum
1486 2278 1611 2300 nostrum
1632 2278 1660 2300 et
1678 2266 1788 2301 sanctos

158 2315 237 2349 ἡμῶν
255 2317 301 2342 καὶ
323 2317 387 2348 τοὺς
407 2317 502 2351 ἁγίους
524 2317 619 2351 αὑτοῦ,
642 2318 671 2344 ἐν
690 2317 779 2351 λόγοις
801 2317 947 2352 τιμῶντες,

160 2361 188 2386 ὲν
206 2363 390 2396 συγγραφαῖς,
408 2363 438 2389 ἑν
459 2364 604 2398 νοήμασιν,
630 2364 658 2389 ὲν
683 2363 800 2395 Θυσίαις,
819 2364 848 2390 ὲν
862 2365 947 2395 ναοῖς,

160 2406 188 2431 ἐν
214 2407 385 2443 εἱκονίσμασι
405 2417 412 2424 ·
432 2409 477 2436 τὸν
503 2410 553 2445 μὲν
589 2411 626 2442 ὡς
647 2410 713 2437 Θεὸν
740 2411 787 2436 καὶ
810 2410 949 2445 Δεσπότην

161 2453 375 2485 προσκυνοῦντες
391 2455 438 2481 καὶ
454 2455 589 2489 λέγοντες,
607 2457 671 2488 τοὺς
689 2455 717 2482 δὲ
739 2455 783 2482 διὰ
799 2455 845 2482 τὸν
861 2456 950 2482 κοινὸν

162 2497 301 2532 Δεσπότην
324 2499 372 2525 καὶ
396 2499 434 2531 ὡς
456 2501 538 2527 αὑτοῦ
564 2502 692 2536 γνησίους
717 2501 887 2536 θεράποντας
909 2509 949 2531 τιτ

163 2542 279 2577 μῶντες,
300 2544 346 2570 καὶ
364 2544 413 2579 τὴν
433 2546 503 2572 κατά
523 2548 614 2582 σχέσιν
638 2548 826 2583 προσκύνησιν
850 2547 950 2574 ἀπονέ-

163 2597 269 2623 μοντες.
287 2599 297 2616 1

198 2636 277 2663 Μετὰ
295 2637 345 2671 τὴν
364 2636 517 2671 ἀνάγνωσιν
533 2639 639 2671 τούτου,
656 2640 670 2665 δ
688 2640 814 2675 βασιλεὺς
833 2648 951 2674 συναγα-

164 2682 219 2715 γὼν
241 2683 295 2709 τῶν
312 2683 544 2718 ἀναγνωσθέντων
566 2685 612 2711 δύο
639 2686 796 2720 κεφαλαίων
819 2687 865 2713 τὸν
889 2686 951 2712 νοῦν

165 2725 239 2754 εἶπεν
254 2737 260 2743 ·
277 2738 286 2754 1
303 2729 334 2755 El
360 2729 385 2755 οῑ
408 2729 552 2756 ἀπόστολοι
567 2729 605 2761 ὡς
619 2730 750 2763 ἐδίδαξαν,
768 2732 792 2758 οι
813 2731 951 2767 προφῆται

168 2782 177 2799 1
194 2774 231 2806 ὡς
245 2773 323 2806 εἶδον,
334 2776 358 2802 οἱ
373 2774 528 2802 διδάσκαλοι
543 2776 580 2807 ὡς
595 2776 788 2811 ὲδογμάτισαν,
807 2778 820 2803 δ
835 2779 952 2813 Χριστὸς

169 2828 178 2845 1
194 2820 231 2852 ὡς
245 2821 404 2856 ἐὸράὸευσε,
429 2821 476 2848 καὶ
504 2823 538 2849 τὰ
563 2822 661 2849 λοιπόν
690 2823 762 2849 οὕτω
786 2824 817 2859 δὴ
844 2825 952 2860 φρονεῖν

169 2872 178 2889 1
197 2866 378 2900 παραδίδωσιν
396 2867 463 2901 ἡμῖν
482 2866 512 2894 τὸ
529 2867 676 2899 συνοδικὸν,
694 2868 741 2894 καὶ
759 2868 807 2903 οὐχ
832 2870 950 2904 ἑτέρως·

169 2918 178 2935 1
196 2910 314 2948 εὔδηλον,
331 2913 371 2940 ὅτι
393 2913 462 2940 κατά
476 2914 524 2950 τὴν
539 2914 635 2940 τούτου
657 2914 805 2950 παράδοσιν
820 2916 881 2947 τοὺς
903 2916 951 2950 μὲν

999 2317 1071 2351 ejus,
1095 2318 1196 2349 verbis,
1224 2318 1345 2352 scriptis,
1373 2318 1598 2353 cogitationibus.
1632 2318 1787 2348 sacritieiis.

1001 2362 1120 2397 templis,
1141 2362 1307 2398 imaginibus
1320 2363 1505 2396 honorantes;
1534 2364 1611 2390 illum
1631 2363 1742 2398 quidem
1760 2370 1790 2390 ut

1000 2409 1085 2436 Deum
1097 2416 1128 2436 ac
1143 2409 1289 2437 Dominum
1309 2409 1456 2437 adorantes
1468 2414 1495 2436 et
1515 2409 1706 2444 praedicantes,
1721 2410 1786 2437 illos

1001 2462 1067 2481 vero
1080 2458 1193 2490 propter
1205 2462 1378 2482 communem
1397 2455 1542 2482 Dominum
1559 2459 1628 2482 etut
1645 2463 1789 2490 germanos

1002 2501 1062 2535 ejus
1076 2500 1194 2527 famulos
1212 2501 1392 2534 honorantes,
1419 2505 1448 2528 et
1468 2500 1581 2528 relative
1599 2501 1666 2534 ipsis
1689 2500 1788 2528 adora-

1004 2547 1106 2575 tionem
1121 2547 1296 2574 exhibentes.
1315 2557 1323 2573 1

1039 2637 1088 2665 llis
1105 2637 1247 2672 perlectis,
1263 2636 1423 2670 imperator,
1442 2635 1558 2663 collecto
1573 2635 1691 2662 duorum
1716 2636 1790 2670 capi-

1004 2689 1060 2711 tum
1080 2691 1141 2718 quae
1164 2683 1234 2710 lecta
1248 2683 1356 2709 inerant
1379 2690 1473 2714 sensu,
1491 2681 1580 2709 dixit:
1597 2691 1606 2707 1
1629 2681 1657 2709 Si
1674 2681 1790 2716 apostoli

1007 2739 1016 2755 1
1042 2735 1072 2756 ut
1094 2729 1260 2761 docuerunt,
1279 2728 1421 2763 propheta:
1447 2732 1477 2755 ut
1503 2727 1642 2760 viderunt,
1664 2727 1790 2754 doctores

1008 2785 1016 2802 1
1039 2780 1344 2808 utcommonstrarunt,
1360 2775 1490 2802 Christus
1511 2780 1538 2802 ut
1551 2774 1662 2809 pra-mia
1677 2774 1790 2809 largitus

1007 2832 1016 2848 1
1039 2827 1090 2854 est,
1106 2828 1135 2849 et
1149 2826 1258 2854 czetera,
1278 2822 1317 2849 sic
1336 2822 1417 2849 nobis
1434 2822 1607 2850 senticndmn
1628 2827 1688 2848 esse
1707 2820 1791 2847 tradit

1007 2880 1015 2895 1
1039 2869 1198 2904 synodicum
1215 2874 1242 2896 et
1260 2877 1314 2896 non
1334 2870 1387 2896 alio
1400 2869 1493 2900 modo.
1521 2869 1607 2903 palam
1623 2872 1665 2895 est
1682 2874 1714 2894 ex
1731 2867 1792 2901 ejus

1009 2926 1017 2941 1
1041 2915 1191 2943 traditione
1208 2923 1257 2942 nos
1276 2915 1398 2950 quidem,
1417 2920 1525 2943 sanctus
1540 2919 1568 2942 ut
1585 2913 1686 2942 Christi
1701 2913 1793 2941 fatuu-
