2023 3164
253 168 307 201 983

612 169 747 200 ALEXII
767 170 938 202 COMNENI
956 172 1140 204 NOVELL/E
1158 175 1498 208 CONSTITUTIONES.

1837 181 1889 212 984

259 237 268 250 ι
290 227 331 254 los
346 231 460 261 propter
472 226 612 254 Christum
623 231 652 254 et
668 234 765 254 eorum
778 234 843 263 erga
857 227 947 263 ipsum
957 228 1044 255 famu-

1100 238 1109 254 1
1126 230 1222 264 ἁγίους
1235 231 1274 263 ὡς
1291 232 1462 267 θεράποντας
1486 233 1604 268 Χριστοῦ
1622 233 1831 269 προσκυνοῦμεν
1846 234 1888 262 διὰ

258 284 266 299 ι
289 273 387 306 latum,
407 273 551 301 Christum
581 280 648 304 vero
676 278 707 302 ut
731 274 819 302 Deum
841 282 873 302 ac
898 275 1045 303 Dominum

257 331 266 345 ε
290 320 407 348 adorare
432 323 546 354 propter
570 319 661 355 ipsum
684 319 828 354 videlicet,
856 329 912 349 non
934 328 1048 358 propter

258 376 267 392 1
291 366 395 399 alium;
409 366 447 393 ita
461 370 491 392 ut
508 371 669 393 sanctorum
686 366 820 402 imagines
831 367 982 395 adoremus
1000 374 1045 394 re-

257 420 266 433 ‹
288 409 370 437 lative
388 413 503 444 propter
519 409 604 444 ipsos,
621 410 696 444 ipsos
709 416 802 439 autem
817 418 930 447 propter
947 419 1045 440 eorum

257 463 266 476 ε
289 460 353 488 erga
382 461 560 481 communem
588 454 736 482 Dominum
769 455 944 483 famulatum.
976 455 1045 488 Quze

257 510 266 524 ‹
290 505 383 527 autem
400 500 434 528 ad
450 500 593 529 Christum
606 505 713 536 spectat
733 501 871 535 adoratio,
894 502 975 529 latria
993 505 1045 529 est.

257 557 266 571 1
290 547 358 574 Nam
375 547 423 582 qui
437 547 527 582 ipsum
545 547 654 580 adorat,
670 556 726 576 una
745 548 855 576 Patrem
869 552 897 575 et
911 547 1045 583 Spiritum

256 601 265 616 1
290 596 416 619 sanctum
431 592 539 621 adorat.
555 593 622 626 Qua:
632 597 723 620 autem
736 593 797 629 ejus
821 593 969 628 imaginem
1001 601 1047 620 re-

258 649 266 662 1
290 638 383 673 spicit,
400 646 432 666 ea
454 639 512 674 ipsa
529 643 581 667 est.
608 639 680 673 Quid
709 639 783 667 enim
808 640 902 667 vetat?
919 639 1045 673 Quorum

257 695 266 709 ι
290 685 363 713 enim
375 685 466 712 virtus
475 693 528 713 una
539 690 567 713 et
578 686 665 721 gloria
680 694 746 718 una,
755 694 852 714 eorum
864 687 961 722 uLique
976 694 1048 714 unus

259 742 268 755 1
293 737 337 760 est
353 732 446 759 cultus
462 737 490 760 et
514 741 568 760 una
593 733 731 760 adoratio.
750 733 803 760 Sed
829 733 887 761 haec
901 737 992 761 tamen
1005 737 1048 760 est

259 788 268 802 1
295 778 409 806 relativa
420 778 478 806 sive
487 779 690 814 homonymica,
699 783 730 806 ut
740 778 778 805 ait
787 783 898 807 sanctus
907 778 1049 806 confessor

260 835 268 848 1
292 824 456 853 Theodorus
477 825 589 853 Studita
606 826 632 853 in
650 833 699 853 sua
723 825 757 853 ad
785 825 966 854 Athanasium
986 825 1046 860 epi-

259 880 267 895 1
291 871 371 898 stola.
393 881 402 896 ι
526 897 531 900 .

293 917 342 944 llis
369 917 451 945 dictis
478 918 631 953 imperator
664 918 846 954 interrogavit
871 927 876 945 :

256 963 336 991 vobis
361 964 490 992 omnibus
506 965 543 992 ita
561 965 672 992 videtur
689 973 760 997 esse,
781 970 811 992 ut
825 973 876 992 nos
887 965 1044 993 diximus?»

256 1024 291 1029 »—-
302 1019 311 1035 1
326 1009 376 1042 Ita,
392 1010 524 1038 dixerunt
539 1019 647 1045 omnes,
659 1019 690 1039 ac
699 1019 780 1040 secus
791 1012 975 1040 sentientibus
983 1019 1047 1039 ana-

257 1056 361 1084 thema.
382 1066 392 1083 ι
409 1057 512 1085 lterum
529 1058 683 1093 imperator
700 1067 729 1085 :1
744 1057 836 1085 Gloria
859 1063 957 1086 sancto
976 1058 1046 1090 Deo,

256 1102 304 1137 qui
323 1103 446 1131 servavit
462 1111 513 1131 nos
533 1104 560 1131 in
584 1103 735 1132 concordia
750 1109 778 1131 et
794 1111 872 1138 pace,
889 1111 941 1131 nec
961 1104 989 1131 in
1018 1112 1047 1131 re

256 1150 384 1185 quapiam
410 1150 608 1178 dissentientes
643 1155 690 1178 aut
720 1155 907 1186 repugnantes
945 1150 1049 1178 sanctis

257 1196 386 1224 l’atribus
403 1196 517 1224 nostris.
536 1206 545 1223 ι
575 1196 624 1224 His
649 1196 684 1224 de
714 1197 797 1224 rebus
823 1204 921 1224 omnes
945 1197 1049 1231 gratias

257 1247 382 1277 agentes,
411 1243 527 1277 gloriam
551 1243 609 1270 Deo
635 1242 804 1274 retulerunt,
838 1247 867 1269 et
885 1247 1047 1269 consuetam

258 1289 418 1322 imperatori
442 1288 665 1316 benedictionem
696 1288 847 1316 dederunt.
885 1288 951 1315 Post
989 1288 1049 1315 hac

259 1336 420 1369 imperator,
441 1343 523 1362 verso
547 1335 580 1362 ad
598 1335 630 1363 D.
655 1335 777 1363 Leonem
805 1334 1047 1369 archiepiscopum

257 1380 510 1408 Chalcedonensem
534 1388 662 1408 sermone
691 1385 871 1416 percontatus
905 1384 948 1407 est
970 1387 1046 1412 cum,

258 1435 325 1454 num
342 1426 479 1462 reciperet
494 1432 620 1455 sanctum
649 1427 825 1455 Theodorum
842 1427 992 1459 Studitam,
1017 1434 1050 1454 ac

258 1481 325 1501 num
337 1473 433 1508 ctipse
452 1473 485 1501 iis
499 1481 560 1508 qua:
575 1473 646 1501 lecta
664 1473 772 1501 fuerant
784 1473 967 1504 consentiret,
986 1480 1050 1500 ncc-

257 1527 313 1546 non
330 1519 599 1555 interrogationibus
623 1524 652 1547 et
668 1519 896 1554 responsionibus
923 1518 1048 1546 omnium

1100 285 1110 302 1
1127 277 1173 303 τὸν
1188 277 1306 312 Χριστὸν
1322 279 1370 305 καὶ
1386 278 1436 314 τὴν
1454 279 1524 314 πρὸς
1541 278 1623 305 αὐτὸν
1637 279 1786 312 οικεὶωσιν,
1803 279 1850 306 τὸν
1863 280 1888 307 δὲ

1101 332 1111 348 1
1127 323 1247 358 Χριστὸν
1258 324 1297 355 ὡς
1309 323 1376 350 Θεὸν
1391 325 1438 351 καὶ
1451 324 1590 360 Δεσπότην
1601 325 1634 351 δι’
1647 325 1743 352 ἑαυτὸν
1757 324 1888 360 δηλονότι,

1102 378 1111 394 1
1128 369 1176 396 καὶ
1192 369 1223 395 οὐ
1240 369 1273 396 δι’
1289 369 1384 405 ἕτερον
1395 378 1402 386 ·
1422 370 1492 398 ὥστε
1511 370 1565 397 τῶν
1587 371 1637 406 μὲν
1651 371 1738 405 ἁγίων
1751 371 1802 402 τὰς
1817 371 1888 397 εικὸ·

1100 425 1111 442 1
1129 425 1177 448 νας
1194 416 1402 452 προσκυνοῦμεν
1416 417 1454 449 ὡς
1468 416 1643 452 θεραπόντων
1664 417 1785 452 Χριστοῦ
1802 425 1890 452 σχετι-

1101 472 1111 488 1
1127 462 1184 494 κῶς
1202 463 1236 489 δι’
1249 463 1360 495 αὐτοὺς,
1380 463 1478 495 αὐτοὺς
1493 463 1520 490 δὲ
1538 462 1582 490 διὰ
1597 463 1646 498 τὴν
1657 463 1747 490 αὐτῶν
1761 463 1832 498 πρὸς
1847 462 1892 489 τὸν

1101 517 1110 534 1
1128 509 1219 536 κοινὸν
1243 509 1384 545 Δεσπότην
1406 510 1485 545 ἡμῶν
1507 509 1656 538 οἰκείωσιν.
1681 509 1740 537 Ἐπ’
1757 509 1843 536 αὑτοῦ
1865 510 1891 536 δὲ

1103 564 1113 580 ι
1129 555 1248 589 Χριστοῦ
1261 555 1426 590 λατρευτικὴ
1439 556 1456 590 ἠ
1471 555 1668 590 προσκύνησις.
1687 555 1717 582 ’0
1731 555 1891 590 προσκυνῶν

1101 609 1111 625 1
1127 601 1181 636 γὰρ
1198 602 1404 637 συμπροσκυνεϊ
1423 602 1468 628 τὸν
1490 601 1601 637 Πατέρα
1617 602 1665 628 καὶ
1679 601 1711 628 τὸ
1729 601 1845 636 Πνεῦμα
1864 601 1891 628 τδ

1100 655 1110 672 1
1129 646 1217 681 ἅγιον.
1230 647 1293 674 Ἐπὶ
1304 647 1332 674 δὲ
1349 647 1399 683 τῆς
1413 647 1518 679 εἰκόνος
1530 647 1614 674 αὑτοῦ
1632 647 1649 683 ἡ
1666 647 1735 682 αὐτὴ
1752 647 1819 682 μέν’
1836 647 1893 679 πῶς

1102 702 1111 718 1
1128 692 1182 728 γὰρ
1196 692 1227 720 οὗ
1241 701 1250 726 ;
1267 690 1305 721 ὧν
1318 693 1372 729 γὰρ
1385 693 1415 720 τὸ
1428 694 1529 728 κράτος
1542 694 1572 720 ἓν
1585 694 1633 720 καὶ
1649 694 1666 727 ἡ
1679 693 1743 726 δόξα
1759 694 1820 727 μία,
1834 693 1894 720 τού-

1102 748 1111 764 1
1129 748 1183 765 των
1202 739 1304 774 δηλαδὴ
1321 739 1351 766 ἓν
1368 739 1398 766 τὸ
1416 740 1497 771 σέϐας
1519 739 1568 767 καὶ
1591 740 1640 775 μία
1656 741 1673 775 ἡ
1694 739 1892 776 προσκύνησις.

1101 795 1111 810 1
1131 785 1246 820 Σχιτικὴ
1261 784 1290 811 δὲ
1304 786 1380 820 ὅμως
1403 786 1488 820 ἤγουν
1512 785 1687 821 ὀμωνυμικὴ,
1703 785 1741 818 ὥς
1761 794 1831 821 φησι
1848 787 1893 812 καὶ

1102 841 1111 856 1
1128 831 1142 857 ὁ
1158 831 1236 865 ἅγιος
1257 832 1305 858 καὶ
1319 831 1490 867 ὁμολογητὴς
1509 832 1648 868 Θεόδωρος
1663 833 1678 859 ό
1701 832 1850 865 Στουδὶτῃς
1866 833 1892 858 ὲν

1103 887 1112 902 1
1131 878 1164 912 τῇ
1178 877 1246 912 πρὸς
1267 878 1426 906 Ἄθανάσιον
1441 879 1571 914 ἐπιστολῇ
1586 878 1681 906 αὑτοῦ.
1702 889 1711 905 ι

913 928 922 944 1
947 919 1046 946 Annon
1063 905 1085 932 Β
1136 905 1230 950 {dies
1250 923 1336 952 εἰπὼν
1349 925 1363 951 ὁ
1384 924 1510 960 βασιλεὺς
1527 905 1691 961 ὴςίίῦτησεν·
1717 934 1726 950 1
1743 923 1824 952 Οὕτω
1850 924 1893 951 καὶ

1099 971 1165 1006 ὑμῖν
1176 973 1244 1000 πᾶσι
1261 973 1336 1000 δοκεί
1345 973 1382 1004 ὼς
1398 973 1444 1000 καὶ
1455 974 1537 1008 ἡμεῖς
1549 973 1677 1008 εἷπομενς
1694 982 1702 998 ι
1715 987 1750 992 -—
1765 981 1774 998 1
1788 972 1894 1003 Οὖτως,

1099 1014 1176 1045 εἷπον
1188 1018 1301 1051 πάντες,
1313 1019 1427 1050 καὶτοῖς
1441 1020 1479 1054 μὴ
1493 1018 1565 1046 οὕτω
1578 1018 1724 1053 φρονοῦσιν
1737 1017 1890 1053 ἀνάθεμα.»

1099 1065 1155 1092 Καὶ.
1177 1064 1260 1092 πάλιν
1287 1065 1301 1091 ὁ
1330 1064 1476 1099 βασιλεύς·
1495 1073 1503 1090 1
1519 1065 1587 1097 Δόξα
1614 1063 1652 1090 τῶ
1681 1064 1752 1099 ἁγίῳ
1771 1064 1834 1100 Θεῷ
1857 1063 1893 1098 τῷ

1099 1109 1249 1143 φνλάξαντι
1269 1110 1343 1144 ἡμᾶς
1359 1110 1389 1136 έν
1405 1109 1517 1145 ὁμονοία
1535 1110 1582 1136 καὶ
1599 1110 1706 1145 εἰρήνῃ.
1725 1109 1762 1144 μὴ
1783 1109 1857 1135 κατά
1870 1117 1893 1134 τι

1098 1154 1321 1190 διασχιζομένους
1345 1155 1363 1190 ἢ
1390 1154 1701 1189 ὲναντιοφρονουμένους
1728 1155 1785 1184 τοῖς
1807 1154 1893 1187 ἁγίοις

1100 1201 1241 1236 Πατράσιν
1256 1200 1345 1235 ἡμῶν.
1367 1210 1376 1226 ι
1401 1200 1464 1227 Ἐπὶ
1478 1200 1582 1232 τούτοις
1598 1200 1717 1232 ἅπαντες
1732 1201 1894 1236 εὐχαριστή-

1101 1256 1208 1278 σαντες,
1226 1246 1266 1282 τῷ
1279 1246 1339 1281 Θεῷ
1357 1247 1437 1279 δόξαν
1460 1246 1634 1281 ἀνέπεμψαν,
1652 1245 1701 1273 καὶ
1721 1247 1770 1280 τὴν
1793 1245 1891 1280 συνήθη

1100 1293 1240 1328 εὐφημίαν
1252 1292 1291 1327 τῷ
1307 1292 1413 1327 βασιλεῖ
1429 1292 1592 1327 ἀπένειμαν.
1616 1291 1697 1320 Μετὰ
1711 1291 1801 1318 ταῦτα
1814 1293 1828 1318 ὁ
1847 1292 1892 1327 βα-

1101 1339 1205 1373 σιλεὺς,
1220 1339 1322 1375 τρέψας
1335 1339 1381 1365 τὸν
1400 1339 1479 1373 λόγον
1491 1338 1561 1374 πρὸς
1581 1339 1628 1365 τὸν
1642 1338 1892 1373 ἀρχιερατεύσαντα

1100 1389 1130 1414 ὲν
1145 1387 1298 1422 Χαλκηδόνι
1315 1388 1400 1422 κυρδν
1415 1387 1529 1420 Λέοντα,
1547 1386 1663 1414 ἐπύθετο
1682 1387 1731 1413 καὶ
1748 1386 1855 1419 τοῦτον,
1870 1387 1892 1412 εἰ

1099 1434 1208 1469 δέχεται
1227 1433 1273 1460 τδν
1289 1434 1367 1468 ἅγιον
1386 1434 1524 1469 Θεόδωρον
1546 1433 1592 1460 τὸν
1618 1433 1775 1468 Στουδίτην,
1800 1433 1846 1460 καὶ
1869 1433 1892 1459 εἰ

1102 1480 1244 1515 συμφωνεῖ
1258 1480 1307 1506 καὶ
1328 1479 1410 1511 αὐτὸς
1429 1481 1487 1511 τοῖς
1504 1479 1703 1513 άναγνωσθεῖσι
1723 1479 1771 1505 καὶ
1789 1479 1891 1514 ἐρωτη-

1101 1525 1170 1552 θείσι
1184 1524 1233 1551 καὶ
1251 1524 1329 1560 παρὰ
1343 1525 1451 1551 πάντων
1464 1524 1638 1560 ἀποκριθεῖσι
1651 1524 1782 1560 τήμερον,
1798 1524 1892 1552 κάκεί-

259 1568 318 1602 ipsa
333 1567 378 1595 die
397 1569 513 1603 prolatis
533 1569 736 1603 acquiesceret,
754 1570 781 1595 in
801 1569 890 1604 iisque
911 1573 1047 1596 maneret.

1104 1579 1158 1602 νοις
1179 1571 1305 1606 ἐμμένει.
1327 1570 1356 1596 '0
1370 1570 1399 1597 δὲ
1419 1570 1582 1606 ἀποκριθεὶς
1600 1570 1647 1596 τὸν
1669 1570 1719 1605 μὲν
1732 1570 1811 1604 ἅγιον
1830 1569 1892 1596 Θεό-

259 1613 413 1649 Respondit
429 1614 474 1641 ille
492 1621 522 1641 se
539 1618 665 1641 sanctum
684 1614 862 1642 Theodorum
880 1619 910 1641 ut
923 1621 1049 1641 commu-

258 1667 323 1686 nem
340 1659 501 1694 magistrum
517 1664 575 1687 toto
591 1660 689 1695 spiritu
706 1660 865 1692 admittere.
897 1668 929 1688 ac
953 1660 1050 1688 lectio-

258 1713 333 1736 nem.
369 1705 613 1740 interrogationes,
646 1706 896 1742 responsionesqne
924 1707 1048 1734 omnium

257 1759 394 1779 consensu
419 1751 498 1780 datas
522 1760 552 1780 se
569 1753 652 1780 etiam
675 1753 816 1788 amplecti,
838 1754 864 1781 in
887 1754 976 1789 iisque
993 1762 1050 1782 ma-

257 1805 335 1824 nere.
357 1797 421 1825 Haec
436 1797 519 1826 etiam
547 1798 649 1834 adjecit
667 1808 673 1825 :
708 1808 717 1824 1
744 1799 934 1834 Quaecumque
955 1807 1004 1828 vos
1023 1801 1048 1827 in

257 1844 352 1872 libello
376 1852 439 1872 meo
462 1845 627 1880 repudiatis,
655 1849 683 1873 et
700 1852 752 1881 ego
769 1846 901 1881 repudio;
932 1851 960 1874 et
975 1854 1049 1882 qua:-

257 1897 377 1924 cumque
393 1890 551 1923 admittitis,
568 1890 696 1919 admitto.
717 1901 726 1917 ι
756 1892 819 1919 Haec
842 1899 905 1919 cum
934 1892 1049 1920 dixisset

256 1935 313 1963 Leo
341 1935 587 1970 Chalcedonensis,
615 1937 680 1972 quia
711 1938 845 1965 nonnulla
875 1939 903 1965 in
932 1939 1048 1973 epistola

256 1982 326 2017 ejus,
345 1982 379 2009 iis
390 1990 451 2017 quae
466 1982 494 2010 in
507 1983 627 2011 ambone
641 1991 676 2011 ex
691 1984 832 2019 synodicis
842 1985 914 2012 lecta
937 1985 1049 2012 fuerant

256 2035 366 2055 necnon
379 2028 442 2056 aliis
466 2036 528 2062 qua:
555 2029 687 2063 superius
704 2034 832 2056 enarrata
860 2034 935 2061 sunt,
966 2037 1048 2064 repu-

257 2081 341 2108 gnare
368 2081 401 2100 ac
426 2081 490 2101 cum
519 2074 645 2101 doctrina
672 2074 830 2102 divinorum
856 2075 969 2102 Patrum
993 2083 1047 2102 non

257 2119 415 2147 consentire
428 2119 601 2153 deprehensa
620 2125 696 2151 sunt,
710 2120 854 2148 decretum
870 2126 913 2148 est
925 2121 983 2148 haec
999 2129 1048 2156 pro

257 2165 411 2200 repudiatis
433 2165 561 2192 habenda
585 2172 656 2198 esse,
677 2166 909 2200 quemadmodum
933 2171 961 2194 et
984 2174 1047 2194 eum

258 2211 305 2245 qui
325 2210 370 2237 his
385 2210 546 2238 adha-serit.
576 2210 657 2238 Circa
673 2216 841 2239 memoratas
852 2216 945 2239 autem
964 2212 1049 2240 inter-

258 2252 427 2291 rogationes,
442 2255 642 2291 responsiones
654 2261 682 2284 et
695 2256 872 2284 definitiones
897 2257 1048 2292 imperator

257 2302 388 2329 omnibus
410 2301 590 2330 audientibus
606 2302 796 2330 vociferatur:
819 2313 828 2329 1
849 2303 877 2331 Si
895 2304 958 2339 quis
975 2304 1047 2332 circa

259 2347 373 2375 definita
392 2348 421 2375 in
449 2348 579 2384 quopiam
599 2348 780 2383 dubitaverit,
805 2354 882 2377 stans
905 2351 932 2378 in
958 2351 1050 2378 medio

257 2393 459 2422 dubitationem
486 2401 633 2430 proponat.
659 2406 668 2422 ι
694 2395 838 2431 Nemoque
862 2402 991 2432 repertus
1006 2401 1050 2425 est

257 2440 305 2474 qui
316 2439 467 2474 dubitaret,
490 2445 539 2469 aut
561 2442 741 2471 definitorum
759 2443 879 2479 cuipiam
905 2444 1048 2472 contradi-

257 2490 346 2519 ceret,
367 2486 415 2515 sed
435 2494 532 2516 omnes
554 2496 570 2516 a
588 2489 687 2524 primis
712 2497 800 2526 usque
819 2490 853 2518 ad
881 2491 1048 2519 novissimos

258 2532 423 2568 supradictis
435 2534 644 2564 deﬁnitionibus
653 2537 812 2565 consentire
823 2538 958 2572 comperti
969 2543 1045 2566 sunt.

1102 1617 1188 1652 δωρον
1211 1617 1249 1649 ὠς
1271 1617 1360 1644 κοινὸν
1379 1617 1525 1644 ἁναπνέειν
1547 1616 1716 1648 διδάσκαλον,
1739 1616 1772 1643 τά
1787 1616 1815 1642 δὲ
1838 1616 1894 1642 δια-

1101 1663 1258 1697 γνωσθέντα
1274 1663 1305 1699 [Ι.
1322 1662 1543 1698 ἀναγνωσθέντα]
1564 1663 1611 1689 καὶ
1629 1661 1800 1698 ἐρωτηθέντα
1817 1662 1892 1696 παρὰ

1102 1710 1210 1736 πάντων
1224 1717 1253 1735 τε
1276 1709 1433 1744 συμφώνως
1448 1707 1635 1742 ἀποκριθέντα
1657 1707 1830 1740 ἀσπάζεσθαι
1847 1707 1892 1734 καὶ

1101 1755 1194 1787 αὐτὸν,
1213 1756 1260 1782 καὶ
1287 1754 1420 1790 ἐμμένειν
1445 1755 1548 1786 αὐτοῖς.
1576 1754 1779 1789 Προσεπήγαγε
1800 1754 1829 1780 δὲ
1847 1753 1892 1780 καὶ

1100 1799 1206 1827 ταῦτα·
1229 1809 1238 1824 1
1261 1799 1305 1830 Ὠς
1332 1799 1382 1825 ὅσα
1409 1798 1489 1826 αὐτοὶ
1520 1798 1575 1825 ἀπὸ
1599 1799 1646 1825 τοῦ
1673 1799 1816 1834 ἐγγράφου
1844 1806 1890 1833 μου

1101 1844 1297 1877 ἀποϐάλλεσθε,
1324 1844 1517 1879 άποϐάλλομαι
1541 1844 1628 1872 ταῦτα
1652 1844 1746 1878 κάγὼ·
1773 1845 1821 1870 καὶ
1846 1845 1890 1870 ὅσα

1101 1891 1222 1927 δέχεσθε,
1235 1892 1349 1927 δέχομαι
1365 1900 1374 1916 ι
1391 1890 1485 1917 Ταῦτα
1499 1890 1545 1917 τοῦ
1562 1891 1616 1918 ἀπὸ
1626 1891 1799 1926 Χαλκηδόνος
1812 1891 1890 1917 Δέον-

1100 1947 1147 1970 τος
1161 1938 1294 1971 εἷπόντος,
1310 1937 1371 1964 ἐπεὶ
1386 1936 1590 1972 διεγνώσθησάν
1602 1945 1664 1964 τινα
1676 1936 1732 1963 τῶν
1744 1937 1773 1963 ὲν
1785 1937 1817 1971 τῇ
1829 1936 1891 1972 παρ’

1101 1983 1184 2010 αὑτοῦ
1202 1982 1346 2017 ἐκτεθείσῃ
1361 1982 1492 2017 ἐπιστολῇ
1515 1982 1732 2017 ἐγγραφομένων
1746 1983 1804 2014 τοῖς
1820 1990 1891 2008 συνο-

1101 2028 1184 2060 suo;
1200 2027 1260 2064 (sic)
1278 2027 1322 2054 ἐπ’
1339 2027 1467 2062 ἄμϐωνας
1481 2027 1751 2062 ἀναγινωσκομένοις
1775 2027 1821 2053 καὶ
1840 2027 1890 2057 τοῖς

1101 2073 1204 2100 ἄνωθεν
1218 2072 1406 2107 διαληφθεῖσιν
1417 2072 1624 2107 ἐναντιούμενα,
1634 2072 1681 2099 καὶ
1692 2073 1725 2108 τῇ
1738 2071 1890 2106 διδασκαλίᾳ

1101 2119 1155 2145 τῶν
1183 2118 1263 2145 θείων
1286 2118 1417 2154 Πατάρων
1443 2118 1615 2153 άσύμφωνα”
1643 2117 1732 2150 ἔδοξεν
1753 2118 1890 2153 ἀπόϐλητα

1101 2166 1189 2193 ταῦτα
1211 2165 1259 2192 καὶ
1283 2163 1354 2192 εἶναι
1371 2164 1418 2192 καὶ
1433 2164 1602 2198 λογίζεσθαι,
1619 2165 1657 2196 ὡς
1668 2164 1697 2191 δὲ
1712 2164 1761 2191 καὶ
1775 2165 1822 2191 τὸν
1835 2163 1890 2191 τού-

1102 2221 1160 2243 τοις
1171 2211 1380 2248 προσκείμενον.
1403 2210 1465 2237 Ἐπὶ
1481 2211 1581 2242 πάσαις
1601 2206 1630 2237 at
1644 2212 1704 2242 ταῖς
1718 2211 1891 2246 ἀναγεγραμ-

1105 2258 1199 2293 μέναις
1211 2257 1364 2292 ἐρωτήσεσι
1386 2257 1436 2284 καὶ
1449 2256 1612 2292 ἀποκρισεσι
1632 2257 1681 2284 καὶ
1703 2257 1889 2291 διαγνώσεσιν,

1099 2305 1219 2339 ἐκφωνεί
1238 2305 1252 2330 ὁ
1273 2303 1399 2338 βασιλεὺς
1419 2304 1461 2335 εἰς
1499 2303 1618 2338 ιπήκοον
1640 2303 1751 2330 πάντων
1772 2303 1818 2329 τό·
1834 2311 1844 2328 1
1862 2302 1892 2328 E.’

1103 2358 1144 2381 τις
1158 2350 1205 2376 ἐπὶ
1219 2350 1275 2381 τοῖς
1290 2349 1482 2384 διαγνωσθεῖσι
1498 2351 1570 2376 κατά
1584 2358 1609 2375 τι
1620 2348 1798 2384 ἀμφιϐάλλει,
1812 2348 1890 2383 μέσον

1104 2396 1171 2428 στάς
1185 2396 1291 2423 εἰπάτω
1304 2396 1334 2423 τὸ
1352 2395 1595 2431 ἀμφιϐαλλόμενον
1611 2395 1675 2430 περὶ
1690 2395 1786 2422 αὐτοῦ.
1810 2405 1819 2420 ›
1839 2394 1891 2421 Καὶ

1102 2442 1190 2474 οὐδεὶς
1205 2442 1306 2478 εὑρέθη
1321 2441 1501 2476 ἀμφιϐάλλων
1514 2441 1530 2476 ἦ
1547 2441 1696 2474 ἀντιλέγων
1709 2441 1756 2467 ἐπι
1771 2449 1825 2468 τινι
1839 2439 1890 2466 τῶν

1102 2489 1337 2524 διαγνωσθέντων,
1352 2488 1422 2515 ἀλλὰ
1441 2488 1543 2520 πάντες
1563 2488 1619 2515 ἀπὸ
1637 2488 1691 2514 τῶν
1710 2487 1828 2522 πρώτων
1843 2487 1892 2517 ἕως

1102 2537 1158 2563 τῶν
1172 2536 1294 2571 ἐσχάτων
1306 2534 1459 2571 εὑρέθησαν
1467 2533 1683 2570 ὁμοφρονοῦντες
1693 2534 1738 2560 ἐπὶ
1748 2534 1809 2565 ταῖς
1820 2532 1891 2568 εἰρη-

1106 2581 1202 2612 μέναις
1214 2580 1404 2615 διαγνώσεσιν.
