2023 3164
286 229 340 262 9’35

915 224 1056 255 IRENES
1071 224 1258 256 AUGUST/E

1857 229 1909 261 996

288 285 341 313 bus
350 289 379 312 et
392 283 517 311 moribus
532 282 615 317 (absit
627 281 730 308 invidia
745 286 773 308 et
786 281 925 316 jactantize
939 281 1073 317 molestia)

1133 282 1179 309 'mb
1194 282 1348 314 καλλίστοις
1362 282 1455 317 νόμοις
1468 283 1711 319 πεπαιδαγώγηται
1723 292 1729 299 ⁵
1743 285 1791 311 καὶ
1811 287 1841 312 ὲν
1857 286 1911 313 ἐθε-

287 331 357 358 nihil
373 328 501 357 dissoluti
522 328 564 355 vel
579 335 670 362 prava:
683 327 892 354 consuetudinis
909 335 1001 355 secum
1018 333 1074 355 tra-

1127 336 1168 354 σιν
1184 328 1305 360 (ἀπέστω
1318 328 1427 362 φθόνος,
1442 328 1490 354 καὶ
1507 329 1616 364 κόμπου
1633 330 1727 364 βάρος)
1747 331 1825 358 οὐδὲν
1849 335 1911 359 ἐπα-

287 377 419 404 hentibus
438 379 534 402 curata
556 378 608 401 est.
624 375 658 401 Et
671 374 724 401 hoc
741 375 820 409 plane
839 375 898 407 Dei,
921 379 948 402 et
965 375 1003 401 tui
1026 374 1075 401 Dei

1133 373 1251 407 γομένοις
1266 374 1490 408 ἔπιτεσυρμένον,
1507 375 1523 410 ἢ
1542 375 1748 409 δυσανάγωγον.
1766 377 1821 403 Καὶ
1835 377 1913 404 τοῦτο

288 421 383 448 Matris
398 420 511 447 donum.
533 419 610 452 Quod
633 425 726 447 autem
746 420 779 448 ad
793 421 972 455 temporalem
987 420 1075 447 felici-

289 470 372 494 tatem
392 466 499 500 liquido
517 465 635 498 attinet,
653 467 696 493 cui
711 466 834 494 omnium
851 466 972 501 cujusvis
984 474 1075 497 sexus.

289 517 320 538 ut
331 510 397 537 mihi
411 510 518 537 famulae
534 515 596 541 tum,
610 510 643 536 ad
658 510 780 538 feliciora
793 518 953 545 prosperum
965 511 1016 537 iter
1029 518 1078 545 per

289 556 381 583 omnia
395 556 539 591 parasti“)
550 557 651 590 liegina
663 556 864 591 spiritualibus,
875 561 902 583 et
911 564 974 583 vere
989 556 1078 583 incor-

1127 419 1236 451 πάντως
1251 419 1337 455 δῶρον
1354 419 1433 452 Θεοῦ,
1448 421 1495 446 καὶ
1509 421 1559 455 τῆς
1575 421 1747 457 Θεομήτορός
1760 431 1818 450 σου.
1832 423 1872 449 Τά.
1885 432 1912 450 τε

1127 465 1196 500 πρὸς
1218 465 1268 499 τὴν
1296 466 1426 501 χρονικὴν
1458 466 1552 499 σαφῶς
1579 467 1748 503 τελειότητα,
1776 469 1831 495 τίνι
1861 470 1912 496 τῶν

1128 511 1266 542 ἁπάντων,
1281 511 1297 547 ἢ
1313 511 1441 544 ἀπασῶν,
1457 511 1543 543 οὕτως
1559 512 1596 544 ὡς
1611 513 1672 547 ἐμοὶ
1689 515 1721 548 τῇ
1734 515 1767 549 σῇ
1781 514 1912 549 Θεραπαί-

1128 564 1172 591 νῃ,
1185 556 1230 582 διὰ
1243 556 1352 582 πάντων
1371 556 1517 588 εὑὼδωσας
1530 557 1599 591 πρὸς
1614 557 1643 583 ab
1660 558 1882 593 εὐμαρέστερονς
1896 561 1911 594 ή

291 603 380 635 ruptis
408 602 524 630 ﬁmbriis
554 602 772 632 cireumamicla,
798 602 931 629 varietate
958 601 1078 629 cireum-

1133 602 1184 632 τοῖς
1208 603 1313 636 νοητοῖς
1330 602 1376 628 καὶ
1391 603 1541 637 ἀκηράτοις
1564 603 1601 634 ὼ;
1617 604 1724 638 ἀληθῶς
1752 607 1912 639 κροκωτοῖς

291 647 354 674 data
371 649 391 680 ⁸,
408 653 435 675 et
449 652 526 675 stans
536 656 551 675 a
563 647 668 674 dextris
682 647 885 682 Omnipotentis
900 655 907 673 ε
923 654 984 674 eum
1005 647 1078 674 enim

1133 647 1362 682 περιϐεϐλημένη,
1397 648 1594 683 πεποικιλμένη
1625 648 1782 683 βασίλισσα,
1811 651 1858 676 καὶ
1885 652 1913 676 ἐκ

294 694 386 720 omnia
401 701 459 721 mea
472 693 600 721 secundis
611 693 700 727 quoad
721 693 859 720 hominem
871 693 952 720 rebus
963 693 1081 720 circum-

292 739 412 770 dederis,
438 739 481 766 vel
505 739 596 773 potius
619 738 782 773 pert‘udcris,
801 742 829 764 et
851 738 921 764 nihil
949 738 1076 765 humanae

294 784 482 818 prosperitatis
494 792 509 811 a
528 784 647 812 cireuitu
661 791 721 810 meo
741 784 891 816 amoveris;
910 791 953 810 me
970 784 1082 819 insuper

293 831 326 857 ad
346 830 480 857 felicitatis
501 830 628 856 humanae
649 829 800 864 fastigium,
822 829 923 863 quibus
947 829 1018 856 nosti
1037 837 1081 856 ra—

295 875 426 905 tionibus.
437 876 468 902 ad
483 875 625 910 imperium
639 874 878 902 seilieetevexisti.
889 874 924 902 lis
936 875 1081 903 maximam

295 926 322 952 in
336 932 456 960 purpura
473 924 667 951 fecunditatem
676 922 816 954 addidisti,
829 930 891 949 cum
906 930 949 949 me
967 928 1082 950 matrem

295 970 371 1005 prius
386 969 483 996 factam
503 972 532 996 et
547 973 683 998 vocatam,
695 967 782 994 aviam
796 967 908 1002 insuper
921 973 1082 1000 maternam,

295 1021 323 1043 et
336 1016 423 1042 aviam
441 1018 584 1049 paternam
598 1013 667 1040 eiliei
687 1018 716 1040 et
730 1013 884 1048 nuncupari
897 1013 1031 1040 tribuisti.
1049 1013 1086 1041 lis

295 1061 419 1097 adjeeisti
434 1060 583 1086 maximum
600 1059 785 1094 imperatoriae
805 1059 949 1094 potestatis
964 1059 998 1086 ad
1015 1060 1086 1087 hanc

296 1115 383 1142 usque
408 1106 480 1132 diem
507 1105 725 1138 incrementum;
746 1105 876 1139 praclara
906 1108 934 1132 et
964 1105 1086 1132 victricia

297 1153 454 1188 imperatori
467 1152 494 1179 in
511 1152 605 1179 arduis
619 1152 729 1178 casibus
745 1151 962 1186 periculosisque
981 1155 1086 1185 tempo-

297 1199 372 1226 ribus
385 1199 484 1226 auxilia
497 1207 505 1226 :
516 1198 639 1233 ejusdem
653 1204 761 1232 magna,
776 1197 953 1231 Romano1ue
971 1196 1085 1231 imperio

297 1244 426 1272 salutaria
450 1249 560 1278 tropzea,
590 1251 650 1278 quae
672 1248 700 1270 te
722 1243 874 1277 opitulante
898 1242 932 1269 de
957 1241 1085 1269 Barbaris

297 1289 392 1316 retulit
404 1297 411 1316 :
425 1289 649 1316 charissimorum
663 1293 821 1315 nostrorum
837 1288 934 1314 morbo
958 1288 1086 1315 laboran-

298 1335 365 1362 tium
396 1336 552 1362 restitutam
578 1334 740 1365 sanitatem,
762 1333 820 1361 sive
846 1333 937 1368 potius
959 1341 976 1360 e
999 1333 1086 1360 fauci-

298 1381 348 1408 bus
360 1381 491 1416 rapientis
509 1381 598 1408 leonis
613 1380 815 1407 liberationem.
835 1389 843 1405 ι
856 1379 919 1406 Dies
931 1387 1014 1414 super
1026 1379 1086 1407 dies

299 1427 373 1462 regis
385 1428 498 1462 insuper
514 1426 629 1461 adiicias
637 1427 659 1459 ³,
680 1436 689 1452 ι
702 1430 730 1453 et
743 1431 802 1453 esto
814 1426 854 1453 illi
869 1425 971 1452 invicta
986 1425 1086 1452 adver-

297 1478 343 1499 sus
359 1471 492 1498 Barbaros
502 1471 566 1498 belli
580 1471 653 1499 socia
670 1479 677 1498 :
696 1475 727 1498 ut
745 1470 890 1498 hatreditas
910 1475 955 1498 tua
971 1475 998 1498 et
1014 1478 1086 1498 curae

298 1521 351 1544 tua:
363 1517 466 1544 credita
483 1525 580 1552 magna
597 1517 675 1550 urbs,
692 1517 753 1544 fons
763 1522 792 1545 et
805 1517 881 1545 radix
894 1517 1004 1553 pietatis
1015 1524 1086 1544 sem-

297 1569 348 1596 per
361 1561 453 1589 virens
474 1567 502 1589 et
517 1562 646 1597 perennis
660 1566 795 1589 servetur.

334 1710 499 1745 Angelorum
513 1708 596 1744 igitur
610 1708 712 1744 linguis
731 1709 790 1736 hzec
810 1709 965 1743 dimittens,
985 1710 1085 1745 quibus

299 1756 410 1791 quidem
423 1755 581 1790 angelorum
595 1755 696 1789 linguis
713 1755 739 1782 id
765 1759 863 1782 natura
884 1755 1018 1782 tributum
1033 1761 1086 1790 est,

300 1807 331 1830 ut
343 1801 558 1836 magnitudinem
575 1806 659 1833 tuam,
673 1808 780 1828 necnon
795 1801 1043 1829 incontaminatam
1059 1807 1087 1829 et

300 1847 505 1875 immaculatam
524 1851 599 1874 tuam
615 1846 773 1882 puritatem,
788 1847 862 1882 ipsos
874 1855 1020 1882 supremos
1040 1856 1087 1875 an-

300 1893 526 1929 tiquissimosque
548 1892 676 1919 'l‘hronos
690 1896 717 1919 et
729 1891 880 1919 Cherubim
898 1897 1086 1927 superantem,

300 1940 443 1968 celebrare
469 1939 588 1970 valeant,
613 1942 642 1966 et
665 1938 795 1966 laudibus
815 1946 931 1971 ornare,
953 1946 984 1966 ac
1006 1940 1088 1974 spiri—

300 1986 410 2014 ttaliter
426 1985 475 2012 tibi
491 1984 616 2012 conﬁteri
635 1983 671 2011 ob
695 1989 768 2011 tuam
787 1991 851 2020 erga
869 1991 921 2011 nos
940 1985 1086 2012 commise—

301 2032 437 2059 rationem
460 2035 489 2057 et
506 2030 722 2065 benignitatem;
739 2030 828 2057 solum
845 2037 896 2065 ego
913 2029 1087 2058 ferventissi-

301 2085 376 2104 mum
401 2084 523 2102 amorem
547 2076 575 2102 in
601 2075 691 2101 vicem
720 2074 808 2102 otl’ero
838 2075 900 2107 tibi,
935 2083 996 2109 quae
1024 2082 1087 2102 cum

302 2120 449 2154 L'nigenito
476 2126 508 2145 ac
530 2118 717 2153 Primogenito
744 2122 792 2146 tuo
814 2119 1086 2153 providentissimum

301 2165 571 2198 saluberrimumque
595 2171 660 2198 erga
688 2164 840 2192 humanum
860 2171 947 2200 genus
966 2172 1087 2193 amorem

303 2211 457 2238 nutrivisti.

339 2257 372 2284 Et
386 2257 452 2284 mihi
469 2257 581 2292 quidem
598 2256 829 2293 iucundissimum
846 2260 899 2287 est,
916 2257 1086 2284 tremendam

1129 693 1224 726 δεξιῶν
1239 693 1345 719 ἑστῶσα
1358 693 1405 720 τοῦ
1421 694 1652 729 παντοκράτορος.
1667 696 1733 726 Ταῖς
1746 697 1799 730 γὰρ
1811 696 1844 730 δὴ
1859 696 1913 722 κατ’

1131 738 1290 773 ἀνθρώπους
1309 738 1475 774 εὐετηρίαις,
1494 739 1529 765 τὰ
1543 739 1603 766 κατ’
1621 739 1670 774 ἐμὲ
1687 740 1857 775 πανταχόθεν
1873 749 1914 766 τίε-

1133 784 1334 820 ρικυκλώσασα,
1351 784 1368 819 ἢ
1383 784 1564 817 ἐπικλύσασα,
1581 784 1628 811 καὶ
1641 785 1716 811 οὐδὲν
1732 785 1771 812 ὅτι
1785 788 1835 820 τῆς
1847 787 1914 812 κάτω

1132 830 1306 865 ἀνθρωπίνης
1320 830 1429 864 εὐροίας
1456 830 1510 856 τῶν
1527 831 1590 865 περὶ
1617 831 1666 865 ἐμὲ
1683 831 1839 866 περιϐόλων
1853 833 1913 866 στή-

1133 881 1205 899 σασα.
1233 873 1384 908 πόρρωθεν,
1415 874 1456 900 ἔτι
1471 882 1506 908 με
1523 875 1569 900 καί
1588 875 1656 909 πρὸς
1675 875 1705 900 τὸ
1729 875 1778 909 τῆς
1796 877 1860 902 κατ’
1873 877 1914 902 ἁν-

1135 918 1260 953 θρώπους
1288 919 1462 954 εὐδαιμονίας
1485 921 1645 955 ἀκρότατον,
1671 917 1712 952 οἷς
1729 919 1802 952 οἷδις
1820 921 1914 955 λόγοις,

1134 966 1184 999 τὴν
1201 965 1340 1000 βασιλείαν
1362 967 1509 1001 ἀνήγαγες.
1526 967 1637 998 Τούτοις
1652 967 1681 993 τὸ
1700 968 1729 993 ὲν
1743 968 1914 1003 πορφύρᾳῷ)

1134 1011 1260 1044 τέθεικας
1275 1012 1460 1047 γονιμώτατον
1478 1014 1510 1048 τῇ
1536 1015 1655 1048 μητρυιῇ
1673 1022 1718 1048 μοι
1744 1015 1846 1048 σχέσει,
1875 1017 1916 1040 καὶ

1135 1056 1240 1091 κλήσει,
1254 1057 1304 1092 τὴν
1317 1058 1513 1093 μητρομήτορα
1539 1059 1724 1094 προσθεμένη,
1749 1060 1796 1086 καὶ
1820 1069 1916 1095 πατρο-

1136 1104 1253 1139 μήτορα.
1271 1103 1381 1135 Τούτοις
1395 1104 1426 1131 τὸ
1440 1105 1491 1139 τῆς
1508 1105 1652 1140 βασιλικῆς
1665 1106 1827 1138 δυναστείας
1841 1107 1916 1142 μέχρι

1136 1150 1182 1176 καὶ
1196 1150 1315 1185 τήμερον
1330 1150 1502 1186 παρέζευξας
1517 1152 1789 1188 παρατατικώτερον,
1799 1154 1848 1184 τὰς
1859 1155 1916 1180 καλ-

1134 1195 1252 1227 λινίκους
1273 1196 1344 1232 ὑπὲρ
1361 1197 1492 1231 βασιλέως
1520 1198 1670 1233 ἐπιμαχίας
1694 1200 1723 1225 ἑν
1739 1199 1848 1232 δεινοῖς,
1876 1202 1916 1227 καὶ

1134 1243 1241 1276 καιροῖς
1254 1241 1438 1274 κινδυνώδεσι,
1456 1243 1490 1269 τὰ
1505 1243 1600 1270 τούτου
1616 1246 1686 1271 κατά
1704 1244 1852 1280 βαρϐάρων
1870 1247 1916 1273 ὑπδ

1136 1289 1176 1314 σοὶ
1190 1289 1328 1323 συμμάχῳ
1345 1289 1450 1323 μεγάλα
1467 1298 1496 1315 τε
1518 1291 1565 1317 καὶ
1580 1291 1612 1326 τῇ
1637 1291 1780 1327 Ῥωμαίων
1802 1294 1915 1328 ἐπικρα-

1134 1332 1195 1367 τείᾳ
1222 1335 1343 1369 σωτήρια
1370 1335 1508 1370 τρόπαια,
1537 1336 1587 1368 τὰς
1606 1337 1660 1362 τῶν
1692 1338 1830 1371 φιλτάτων
1857 1340 1916 1374 ἡμῖν

1135 1381 1305 1416 ἀναρῤώσεις
1319 1383 1347 1408 ὲν
1362 1382 1459 1416 νόσοις,
1473 1383 1490 1418 ἢ
1508 1384 1555 1410 καὶ
1579 1385 1744 1421 ἁναρῤύσεις
1759 1386 1791 1412 ὲκ
1813 1387 1916 1422 φάρυγ-

1136 1434 1182 1460 γος
1200 1426 1367 1462 ἁρπάζοντος
1384 1428 1500 1460 λέοντος.
1520 1438 1529 1454 ι
1547 1429 1716 1464 Προσθήσοις
1733 1430 1762 1456 δέ
1774 1439 1806 1464 γε
1822 1431 1869 1457 καὶ
1882 1431 1918 1457 ἔτι

1137 1473 1243 1508 ἡμέρας
1256 1473 1302 1500 τοῦ
1324 1473 1467 1508 βασιλέως,
1487 1484 1496 1499 ι
1519 1475 1567 1502 καὶ
1588 1476 1733 1511 σύμμαχος
1749 1477 1838 1511 τούτῳ
1851 1479 1918 1504 κατὰ

1138 1518 1283 1553 βαρϐάρων
1299 1520 1476 1555 ἀπρόσμαχος
1492 1521 1577 1554 γίνοιο
1588 1529 1595 1536 ·
1613 1522 1655 1548 ῐνα
1667 1522 1699 1554 δή
1717 1530 1757 1548 σοι
1770 1523 1816 1549 καὶ
1827 1524 1844 1558 ἡ
1860 1523 1919 1558 κλη-

1140 1564 1261 1600 ρονομία,
1278 1565 1326 1592 καὶ
1341 1567 1357 1601 ή
1374 1566 1543 1601 χειρισθεῖσά
1568 1575 1610 1594 σοι
1630 1568 1821 1602 μεγαλόπολις,
1848 1571 1918 1603 πηγὴ

1099 1615 1120 1644 c
1137 1610 1184 1637 καὶ
1209 1611 1271 1646 ῥίζα
1295 1611 1344 1646 τῆς
1362 1612 1505 1645 εὐσεϐείας
1526 1613 1654 1648 autem;
1678 1614 1848 1650 διασὼζηται
1873 1618 1918 1643 καὶ

1136 1655 1258 1688 ἀένναος.

1179 1702 1314 1736 Ἀγγέλων
1329 1702 1376 1730 οὖν
1390 1703 1436 1730 ἐπὶ
1448 1703 1553 1736 τούτοις
1568 1705 1669 1739 ἀφεῖσα
1682 1705 1832 1740 γλώσσαις,
1851 1707 1920 1734 αἴτι’

1138 1748 1182 1780 νές
1195 1757 1260 1775 ποτε
1275 1749 1399 1784 ἀγγέλων
1415 1750 1537 1784 γλῶσσαι
1552 1751 1690 1785 πεφύκασι
1706 1752 1756 1787 τὴν
1772 1753 1822 1788 σὴν
1840 1754 1923 1787 εὺφῃσ

1139 1796 1200 1829 μεῖν
1215 1804 1244 1822 τε
1262 1796 1309 1822 καὶ
1333 1797 1472 1832 γεραίρειν
1491 1798 1700 1833 μεγαλειότητα,
1725 1800 1772 1825 καὶ
1796 1800 1826 1825 τὸ
1853 1800 1922 1835 ὑπὲρ

1138 1841 1201 1872 τοὺς
1216 1841 1357 1874 ἀνωτάτω,
1383 1843 1432 1869 καὶ
1459 1844 1665 1878 πρεσϐυτάτους
1682 1845 1804 1881 θρόνους,
1823 1847 1869 1872 καὶ
1890 1847 1924 1873 τὰ

1138 1887 1272 1923 χερουόὶμ
1298 1889 1475 1924 ἀκηλίδωτον,
1501 1890 1549 1916 καὶ
1578 1891 1737 1926 ἀμόλυντον,
1761 1893 1807 1918 καὶ
1823 1894 1922 1928 νοεριῗς

1139 1932 1379 1968 ἀνθομολογεῖσθαί
1408 1943 1461 1967 σοι,
1489 1935 1534 1962 διὰ
1550 1935 1580 1962 τδ
1607 1937 1672 1972 περὶ
1691 1939 1766 1972 ἡμᾶς
1782 1939 1923 1972 συμπαθές

1138 1988 1168 2006 τε
1194 1981 1242 2007 καὶ
1259 1980 1451 2016 φιλάνθρωπον
1464 1991 1470 1996 ·
1490 1983 1570 2016 μόνον
1585 1983 1640 2016 ἐγὼ
1655 1984 1700 2010 τὸν
1713 1985 1923 2020 ὲπιστρεπτικὸν

1138 2025 1309 2060 ἅντεισφέρω
1332 2034 1372 2052 σοι
1403 2027 1474 2061 μάλα
1492 2026 1587 2059 ζέοντα
1615 2029 1714 2063 ἔρωτα,
1742 2030 1788 2056 τὸν
1805 2039 1921 2065 προνοη-

1138 2071 1287 2098 τικώτατόν
1301 2082 1331 2098 τε
1357 2074 1405 2100 καὶ
1422 2075 1640 2107 σωστικώτατον,
1658 2077 1727 2110 μετὰ
1741 2077 1789 2103 τοῦ
1804 2078 1922 2111 Μονογε-

1139 2117 1200 2148 νοῦς
1211 2126 1240 2144 τε
1255 2119 1301 2145 καὶ
1314 2120 1490 2154 Πρωτοτόκου
1506 2122 1644 2157 τρεφοὺσῃ
1660 2131 1690 2148 πε
1697 2123 1722 2157 ρὶ
1736 2123 1766 2149 τὸ
1786 2123 1923 2158 ἀνθρώπι-

1139 2171 1184 2189 νον
1197 2163 1296 2199 ἔρωτα.

1174 2249 1228 2275 Καί
1243 2258 1287 2285 μοι
1315 2252 1345 2277 τὸ
1361 2253 1474 2288 φρικτόν
1488 2263 1518 2280 τε
1537 2256 1584 2281 καὶ
1600 2256 1671 2290 μέγα
1684 2257 1734 2289 τῆς
1756 2257 1807 2292 σῆς
1827 2258 1923 2284 8:010—

301 2306 330 2330 ct
341 2309 466 2337 magnam
479 2286 568 2331 divini
587 2286 626 2328 tiri
641 2305 733 2336 partus
750 2286 912 2336 dignitatem
929 2300 1083 2336 decantare,

1139 2295 1201 2327 χίας
1217 2297 1335 2332 ἀξίωμα,
1362 2286 1535 2336 περιλάλημα
1549 2286 1765 2338 θυμηρεστατον,
1851 2305 1923 2331 ἐννό-

302 2349 382 2383 cujus
404 2348 554 2383 cogitatum
575 2355 708 2375 enarrare
732 2355 856 2382 nequeo;
876 2347 911 2374 ad
932 2352 1008 2375 tuum
1024 2356 1083 2375 verc

1139 2349 1198 2376 ημα
1222 2343 1398 2379 ἀδιάληπτον,
1427 2347 1474 2373 ἐπί
1499 2356 1527 2374 τε
1556 2348 1605 2384 τὴν
1635 2350 1685 2384 σὴν
1700 2350 1777 2385 ἱερὰν
1805 2351 1921 2386 λοχείαν,

302 2403 412 2422 sacrum
438 2395 615 2430 puerperium
643 2401 752 2421 omnem
780 2399 901 2421 sanctam
923 2394 1045 2422 lmtitiam
1063 2400 1083 2422 el

1139 2388 1229 2414 πᾶσαν
1253 2389 1351 2426 ἡδονὴν
1367 2392 1453 2427 εὐαγῆ
1479 2395 1525 2420 καὶ
1538 2395 1644 2430 τρυφὴν
1661 2396 1746 2423 καλῶ.
1777 2398 1833 2424 Καὶ
1847 2398 1923 2424 οὐδέν

301 2443 470 2477 voluptatem
486 2441 599 2468 advoco.
615 2441 654 2468 Ac
670 2440 816 2468 nihilmihi
829 2440 901 2467 inter
912 2440 1003 2467 omnia
1011 2447 1083 2475 atque

1139 2441 1185 2467 μοι
1200 2434 1309 2462 πάντων
1325 2436 1397 2463 οὕτω
1411 2439 1590 2473 χαριέστατον
1604 2442 1740 2476 ἄκουσμα,
1755 2443 1771 2478 ἦ
1788 2443 1919 2477 δίηγημα,

299 2488 452 2523 jucundum
472 2487 566 2515 auditu
580 2487 622 2514 vel
640 2492 763 2519 narratu,
786 2491 868 2521 atque
886 2491 932 2514 tua
951 2486 1083 2515 mirabilia

1137 2479 1175 2511 ὼς
1189 2480 1222 2506 τὰ
1246 2482 1310 2516 περὶ
1323 2482 1351 2508 σὲ
1368 2482 1519 2518 θαυμάσια,
1532 2487 1579 2512 καὶ
1600 2487 1750 2522 μυστήρια,
1767 2488 1815 2514 καὶ
1829 2488 1859 2514 τὸ
1872 2488 1920 2521 τῆς

301 2538 330 2561 et
349 2533 489 2568 mysteria,
511 2539 618 2560 necnon
641 2532 772 2566 perennis
794 2531 930 2559 bonorum
955 2532 1083 2564 inﬂuxus,

1138 2525 1181 2558 ἐφ’
1195 2526 1268 2560 ἡμᾶς
1279 2527 1422 2564 ἐπιρροίας
1436 2530 1492 2557 τῶν
1506 2531 1617 2565 ἀγαθῶν
1629 2533 1661 2559 ὲκ
1673 2533 1740 2559 Θεοῦ
1752 2533 1796 2560 διὰ
1810 2534 1856 2560 σοῦ
1874 2534 1920 2568 μέ-

300 2579 348 2612 qui
378 2585 394 2604 a
422 2578 478 2604 Deo
498 2585 558 2612 per
591 2582 617 2605 te
646 2577 839 2604 intermediam
865 2577 898 2604 ad
926 2584 976 2605 nos
997 2585 1083 2606 usoue

1139 2578 1188 2604 σης
1202 2571 1325 2602 ἁένναον.

299 2623 435 2652 decurrit.
831 2646 835 2649 .

336 2670 435 2698 Verum
450 2677 500 2704 pro
512 2669 571 2697 istis
585 2669 653 2696 nihil
671 2669 742 2704 apud
757 2676 806 2696 nos
821 2676 881 2696 esse
895 2668 957 2696 n0vi
971 2668 1083 2703 dignum

301 2723 346 2745 tua
365 2724 474 2744 omnem
500 2723 654 2743 sermonem
682 2720 710 2742 et
735 2715 907 2742 intellectum
935 2718 1084 2748 superante

1180 2662 1259 2690 Ἀλλὰ
1272 2663 1325 2699 γὰρ
1340 2665 1385 2691 ἐπὶ
1400 2674 1506 2697 τουτοις
1522 2666 1597 2700 ἄξιον
1614 2669 1663 2702 μὲν
1679 2669 1754 2694 οὐδὲν
1770 2667 1839 2696 εἶναι
1856 2675 1921 2704 παρ

1138 2711 1202 2745 ἡμῖν
1212 2709 1280 2742 οἶδα,
1298 2711 1346 2745 τῆς
1372 2713 1421 2746 σῆς
1438 2713 1508 2748 ὑπὲρ
1527 2713 1606 2747 λόγον
1618 2715 1664 2740 καὶ
1679 2715 1740 2741 νοῦν
1757 2715 1901 2750 ἁγιότητος
1917 2722 1925 2730 ·

363 2774 435 2802 l’sal.
453 2781 512 2800 λιιν
540 2772 582 2800 10.
621 2773 631 2788 ⁸
644 2771 715 2799 Psal.
729 2779 773 2804 ωε,
787 2772 812 2798 7.

516 2823 528 2832 ·
926 2816 1153 2848 Montfauconii
1173 2821 1267 2848 notm.

339 2872 378 2906 (ὃ)
392 2871 542 2905 Πορφύρᾳ.
560 2870 604 2896 Sic
620 2869 770 2896 vocabatur
783 2869 880 2896 domus
895 2867 1085 2907 Constantino-
1137 2869 1233 2930 feni“.
1252 2871 1328 2896 Anna
1339 2869 1436 2897 Comn.
1446 2869 1595 2902 Alexiadis,
1609 2869 1627 2897 l.
1640 2877 1687 2902 vn,
1702 2874 1729 2896 et
1739 2869 1784 2897 alii
1796 2869 1931 2898 iliswrim

339 2907 365 2930 Ii.
377 2907 403 2930 in
421 2911 498 2930 scuto
515 2905 664 2930 inmerialis
690 2904 781 2930 oalalii
802 2904 864 2930 sita.
880 2904 907 2929 in
926 2910 979 2930 uua
994 2910 1081 2930 unne-
1148 2905 1291 2930 ivzantinte
1304 2910 1428 2930 auctores
1447 2905 1556 2930 passim.

301 2904 403 2938 poli,'in
421 2911 498 2939 septo
515 2905 664 2939 imperialis
690 2904 781 2938 palatii
802 2904 864 2934 sila,
880 2904 907 2929 in
926 2910 979 2939 qua
994 2904 1081 2939 itnpe-
1137 2904 1291 2939 Byzantina:
1304 2910 1428 2932 auctores
1445 2905 1556 2939 passim.

301 2941 415 2966 ratriccs
439 2938 534 2973 parere
556 2938 699 2972 'solebant,
719 2939 789 2966 unde
812 2945 911 2966 nomen
926 2938 1082 2972 l'orpbyro-
