2023 3164
139 232 191 265 991

857 225 1039 256 TYI‘ICUM.

1705 227 1758 258 998

141 286 264 319 καθάπερ
277 284 336 311 οὐδὲ
352 283 397 311 τοῦ
409 283 439 310 τι
460 283 594 318 ἡμέτερον
610 283 642 309 ἐκ
658 281 704 308 σοῦ
719 281 926 316 πτωχεύσαντος

979 286 1122 310 sanctitate
1135 290 1142 309 :
1160 285 1187 309 ut
1202 289 1290 316 neque
1304 281 1350 309 illo
1363 281 1409 316 qui
1424 286 1544 309 nostram
1557 289 1589 309 ex
1603 287 1628 310 te
1644 290 1760 310 massam

141 333 264 368 φύραμα,
276 328 316 361 οἷς
328 331 403 357 οὐδὲν
417 330 531 363 ἑαυτῶν,
548 329 615 356 ἀλλᾶ
632 329 667 356 τὰ
683 328 772 355 πάντα
784 327 865 360 Θεοῦ,
880 328 927 354 καὶ

141 379 229 412 ἡμεῖς.
249 377 405 412 Γεννησάσῃ
434 376 490 411 γάρ
506 384 548 402 σοι
578 375 625 401 τὸν
640 374 726 408 Λόγον
750 373 818 407 ὑπὲρ
836 373 926 406 λόγον,

141 423 186 449 τὸν
202 422 295 453 ἇῡλον,
314 421 345 448 τό
359 430 389 448 τε
406 421 528 453 ἁνενδεὲς
541 419 668 447 ἐντεῦθεν
683 418 868 454 ἀπεκληρώοη
880 419 927 445 καὶ

140 468 251 497 τέλειον.
278 467 326 494 καὶ
352 468 386 494 τὰ
412 467 462 502 τῆς
488 466 564 493 κάτω
587 465 704 501 ῥεούσης
727 464 792 499 ὕλης
816 464 866 490 οὐκ
883 463 927 489 ἒν-

141 522 217 547 τιμα.

183 601 292 635 Ἐπειδὴ
310 601 338 626 δὲ
355 601 403 627 καὶ
422 601 477 632 τοῖς
491 601 531 626 ἔτι
557 600 622 635 περὶ
636 600 670 626 τὰ
684 600 758 627 κάτω
774 598 927 635 στρεφομέ-

143 661 205 676 ω...
223 647 269 672 καὶ
285 646 352 676 ζῶσι
376 646 437 672 κατ’
452 646 606 679 ἄνθρωπον,
620 646 762 681 ἀμήχανον
778 645 927 680 θειοτέροις

139 693 212 717 τισὶν·
229 691 378 726 ἀπαρχαῖς,
406 692 453 718 καὶ
474 692 544 726 ὑπὲρ
560 692 612 725 τὴν
629 691 697 724 ὓλην
714 691 744 717 τὸ
755 691 806 725 τῆς
819 690 883 726 περὶ
898 691 927 716 σε

140 737 260 768 πίστι-ὐς
286 737 347 768 ζέον
376 737 581 764 ὲνδείκνυσθαι”
605 737 646 763 σοί
664 745 693 762 τε
719 738 752 771 τῇ
773 735 819 764 τοῦ
841 736 928 770 Λόγου

141 785 245 819 Μητρὶ,
255 785 285 811 τὸ
299 784 346 811 τοῦ
358 784 444 818 Λόγου
458 783 694 818 συγκαταῦατικόν
705 792 734 809 τε
746 783 793 809 καὶ
804 782 927 817 μέτριον,

140 831 184 856 διὰ
207 831 289 865 ζήλου
307 839 336 857 τι
361 831 407 856 καὶ
428 831 580 866 μιμήσεως,
610 830 642 856 ἐκ
657 829 710 855 τῶν
738 829 802 864 παρ’
820 830 886 864 ἡμῖν
898 837 928 854 τε

141 875 189 901 καὶ
204 875 264 901 καθ’
284 876 367 910 ἡμᾶς,
383 876 469 910 εὐαγῆ
489 875 537 902 καὶ
549 875 618 909 αὕτη
636 875 698 901 ναδν
721 875 872 910 δειμαμένη
889 873 929 908 τῷ

140 921 211 956 ἁγίῳ
227 925 283 956 ναῷ
297 930 349 952 σοι,
363 922 409 948 καὶ
423 922 452 948 ἐν
465 921 633 955 δικαιοσύνῃ,
654 920 724 947 κατὰ
737 920 783 946 τὸν
799 920 844 946 σὺν
859 928 927 955 προ-

139 967 257 1001 πάτορα,
274 967 321 993 καὶ
339 967 425 1001 μέγαν
441 967 532 1000 Δαϐὶδ,
551 966 711 1001 θαυμαστῷ,
730 966 869 1001 ὑμνῳδούς
886 974 927 992 σοι

139 1012 335 1047 μονοτρόπους,
353 1013 400 1039 καὶ
411 1014 443 1047 τῇ
461 1012 521 1048 θείᾳ
536 1012 772 1048 μακαριότητιτοῦ
787 1012 852 1047 παρ’
862 1013 928 1047 ἡμῖν

141 1057 282 1092 σώφρονος
308 1058 403 1092 θήλεος
425 1060 533 1092 γένους,
563 1060 592 1085 ὲν
617 1059 704 1094 τούτῳ
725 1059 880 1094 κατῴκισα·
895 1058 929 1085 τὰ

139 1103 238 1138 ἐτήσιά
260 1113 290 1130 τε
314 1105 361 1130 καὶ
383 1105 520 1139 ήμερήσια
541 1105 612 1132 κατὰ
639 1105 717 1138 λόγον
733 1105 870 1138 ἀναγκαῖα
890 1104 929 1139 τῷ

138 1148 290 1184 ἁπορῥύτῳ
305 1148 351 1175 τοῦ
364 1148 501 1183 σώματος,
515 1149 569 1176 ἀπὸ
585 1149 639 1176 τῶν
653 1149 708 1176 σῶν
724 1149 850 1184 μεγάλων
867 1149 930 1184 ἐμοὶ

135 1194 251 1228 δωρεῶν
271 1194 374 1230 ἑκάστῃ
391 1194 493 1221 τούτων
512 1195 721 1230 ὲπιμετρήσασα
736 1196 807 1222 κατὰ
821 1195 849 1221 τὸ
863 1194 928 1222 ἀνά-

138 1238 231 1271 λογον.
246 1239 353 1266 Μᾶλλον
363 1240 391 1266 δὲ
411 1240 459 1266 καὶ
472 1240 646 1276 κοινοσιακὴν
662 1241 707 1267 διὰ
722 1241 831 1267 πάντων
845 1249 927 1267 κατα-

138 1283 266 1317 στήσασα
281 1284 394 1315 ταύταις
405 1286 454 1320 τὴν
471 1285 598 1319 ἄσκησιν,
614 1285 661 1312 καὶ
680 1286 848 1320 πανταχόθεν
864 1287 929 1322 περὶ

137 1327 189 1361 τὴν
205 1328 282 1362 ἱερὰν
301 1329 437 1356 πολιτείαν
462 1331 502 1366 τῷ
519 1331 583 1366 θείῳ
606 1331 693 1366 τούτῳ
711 1333 882 1366 συντάγματι
898 1333 929 1360 τὺ

137 1373 346 1408 ἀπερίσπαστον
360 1377 597 1411 περιποιησαμένη
612 1379 658 1404 καὶ
675 1379 896 1413 συγκροτήσασα.

173 1462 211 1488 ΛΞ
223 1462 255 1497 δή
273 1463 375 1497 μοικαὶ
387 1464 448 1489 κατ’
465 1463 560 1490 ἐλπίδα
573 1472 601 1490 τε
615 1465 664 1490 οιαὶ
678 1465 771 1501 εὐχὴν,
789 1466 834 1493 τὸν
846 1467 930 1502 ἀσκη-

136 1507 217 1533 τικὸν
229 1507 365 1534 διαθέουσι
382 1508 501 1541 δίαυλον,
516 1508 546 1541 ἐξ
561 1507 592 1536 οὗ
607 1509 639 1545 δὴ
652 1509 701 1544 τὴν
716 1510 802 1545 καλὴν
818 1511 928 1546 ἐκείνην

114 1550 117 1553 ’
135 1551 287 1586 ὁμολογίαν
304 1554 369 1588 περὶ
391 1554 440 1588 τὴν
455 1554 530 1589 ἱερὰν
550 1555 652 1590 ταύτην
666 1556 799 1592 μάνδραν,
817 1557 884 1583 Θεοῦ
898 1566 927 1584 τε

977 328 1177 360 emendicavit;
1195 327 1267 362 apud
1278 335 1337 359 nos,
1356 328 1478 362 inquam,
1490 328 1537 362 qui
1549 328 1617 355 nihil
1634 333 1760 356 nostrum

978 373 1123 406 habemus,
1138 372 1185 400 sed
1201 372 1293 400 omnia
1315 372 1373 403 Dei,
1392 377 1420 399 et
1445 380 1494 399 nos
1518 372 1580 407 ipsi.
1605 373 1665 400 'l‘ihi
1686 374 1761 401 enim

977 424 1038 452 quae
1047 424 1131 451 supra
1151 423 1261 443 omnem
1279 416 1413 443 rationem
1434 417 1552 443 Verbum
1569 418 1691 444 materia:
1712 425 1761 444 cx-

977 469 1040 496 pers
1052 461 1184 496 genuisti,
1203 461 1268 488 hinc
1285 461 1420 488 tributum
1432 466 1474 488 est
1492 466 1521 488 ut
1535 462 1610 488 nullo
1627 469 1720 497 egeas,
1736 467 1764 489 ct

978 507 1099 543 perfecta
1123 507 1171 538 sis,
1193 511 1222 534 et
1249 511 1279 533 ut
1301 515 1472 542 quaecunque
1489 507 1627 535 deﬂuente
1649 509 1763 536 materia

977 557 1116 586 constant,
1133 553 1236 580 nullius
1254 553 1327 587 apud
1345 557 1370 580 te
1388 553 1443 580 sint
1458 554 1549 588 pretii.

1012 598 1047 625 At
1064 597 1287 632 quandoquidem
1303 597 1472 632 impossibile
1491 603 1544 629 est,
1563 603 1593 625 ut
1608 599 1655 633 qui
1674 599 1764 626 adhuc

979 643 1051 670 inter
1062 644 1120 670 haec
1135 643 1227 670 intima
1241 648 1397 675 versantur,
1413 649 1440 671 et
1455 644 1500 678 qui
1514 645 1665 672 secundum
1679 645 1765 671 homi-

979 695 1041 715 nem
1071 688 1154 715 vitam
1183 688 1296 724 degunt,
1328 688 1513 715 divinioribus
1548 689 1711 723 quibusdam
1737 694 1765 716 et

979 735 1094 763 materia
1118 735 1326 763 sublimioribus
1346 736 1486 770 primitiis,
1518 736 1651 764 ferventis
1682 737 1710 764 in
1739 741 1764 763 le

979 780 1043 808 ﬁdei
1058 780 1124 807 deut
1140 781 1295 816 specimen;
1314 780 1362 808 tibi
1381 781 1461 808 Verbi
1483 781 1561 807 Matri
1581 781 1673 814 (Verbi
1689 781 1765 807 scili-

979 830 1024 853 cet
1044 827 1271 861 attemperatione
1293 830 1322 853 et
1342 826 1508 861 humilitate)
1537 834 1585 861 per
1618 826 1708 853 zelum
1736 830 1764 852 et

980 871 1173 905 imitatiOnem,
1186 873 1265 900 exiis
1276 880 1337 907 qua:
1353 873 1426 907 apud
1443 880 1493 900 nos
1504 877 1530 899 et
1546 872 1698 900 secundutu
1714 879 1765 898 nos

980 922 1056 949 sunt,
1074 917 1133 952 ipsa
1147 925 1257 945 sacrum
1274 917 1405 952 templum
1423 917 1567 950 :ediﬁeavi,
1587 917 1647 949 tibi,
1670 927 1679 942 ‹
1696 924 1762 943 san-

979 968 1024 990 eto
1041 964 1153 998 templo,
1171 973 1180 990 ι
1199 968 1227 991 et
1240 964 1316 998 juxta
1339 963 1544 999 progenitorem
1567 968 1644 990 tuum
1656 967 1684 990 et
1705 970 1764 989 ma-

978 1016 1061 1044 gnum
1087 1009 1171 1037 David
1202 1018 1212 1035 ι
1240 1009 1268 1036 in
1289 1009 1418 1044 aequitate
1437 1009 1554 1036 mirabili
1580 1009 1590 1024 °
1606 1017 1614 1035 :
1633 1018 1643 1035 ι
1665 1008 1693 1035 in
1709 1015 1764 1043 quo

978 1055 1145 1083 cantatrices
1159 1055 1210 1082 tibi
1225 1060 1253 1082 et
1269 1055 1369 1083 divinae
1386 1055 1552 1082 beatitudini
1572 1063 1580 1080 ι
1604 1054 1686 1082 unius
1706 1061 1766 1080 mo-

979 1100 1019 1128 ris
1035 1110 1045 1126 ›
1059 1108 1074 1128 e
1087 1100 1189 1136 pudico
1207 1101 1278 1136 apud
1292 1108 1342 1129 nos
1361 1101 1480 1128 femineo
1499 1109 1565 1128 sexu
1586 1110 1595 1126 ‹
1609 1100 1763 1128 inhabitare

978 1147 1032 1174 feci
1048 1147 1067 1174 ⁷.
1088 1157 1097 1172 ι
1117 1147 1150 1174 Et
1168 1147 1324 1175 necessaria
1341 1155 1434 1175 annuo
1447 1152 1474 1175 et
1487 1147 1647 1182 quotidiano
1667 1146 1763 1174 caduci

979 1193 1103 1229 corporis
1116 1194 1188 1225 usui,
1200 1201 1233 1221 ex
1245 1195 1351 1229 magnis
1366 1202 1381 1221 a
1396 1199 1422 1222 te
1439 1194 1505 1221 mihi
1522 1193 1661 1221 concessis
1672 1192 1762 1225 donis,

979 1244 1085 1266 servata
1096 1240 1285 1273 proportione,
1299 1240 1414 1274 singulis
1422 1243 1604 1274 congruenter
1615 1238 1762 1272 assignavi.

979 1283 1050 1317 Quin
1063 1291 1090 1311 et
1101 1285 1295 1312 cmnobitieam
1309 1286 1421 1312 omnino
1434 1286 1499 1320 ipsis
1509 1283 1606 1311 tradidi
1621 1284 1763 1318 Regulam,

980 1329 1007 1356 id
1023 1331 1140 1358 maxime
1151 1335 1179 1358 et
1191 1339 1224 1359 ex
1241 1331 1316 1358 omni
1332 1335 1409 1366 parte
1423 1338 1535 1363 curans,
1550 1331 1657 1364 hocque
1669 1329 1763 1356 divino

979 1376 1110 1404 lnstituto
1124 1377 1177 1404 illis
1193 1377 1355 1410 concilians,
1373 1382 1402 1404 ut
1418 1378 1444 1404 in
1461 1385 1539 1404 sacra
1556 1377 1600 1404 illa
1616 1383 1765 1404 conversa-

979 1423 1054 1451 tione
1070 1423 1166 1451 alienis
1183 1424 1258 1451 curis
1271 1424 1465 1458 expediantur.

1014 1469 1070 1497 lllze
1085 1477 1150 1496 vero
1161 1470 1240 1505 juxta
1258 1477 1334 1504 spem
1351 1474 1378 1496 et
1395 1474 1489 1496 votum
1506 1476 1597 1496 meum
1614 1469 1763 1496 asceticum

979 1514 1132 1542 decurrunt
1146 1515 1277 1548 stadium,
1291 1523 1325 1542 ex
1339 1523 1394 1550 quo
1408 1515 1551 1550 pulchram
1570 1515 1642 1542 illam
1658 1515 1765 1550 profes-

979 1559 1085 1586 sionem
1109 1559 1179 1594 apud
1196 1567 1306 1587 sacrum
1323 1560 1376 1587 hoc
1399 1561 1481 1593 ovile,
1498 1561 1524 1587 in
1549 1564 1697 1595 conspectu
1718 1559 1764 1587 Dei

136 1598 186 1624 καὶ
210 1598 266 1624 τῶν
290 1599 425 1625 ἐκλεκτῶν
444 1600 568 1634 ἀγγέλων
595 1601 710 1627 ἐνώπιον
735 1602 925 1638 ὡμολόγησαν.

979 1610 1007 1632 ct
1023 1605 1174 1632 electorum
1189 1606 1348 1640 angelorum
1361 1606 1488 1634 emisere.
1504 1607 1599 1641 Neque
1619 1614 1679 1633 mea
1693 1607 1720 1633 in
1738 1611 1764 1634 te

135 1644 193 1669 Καὶ
207 1644 268 1670 οὐδὲ
280 1645 397 1672 ἐνταῦθα
414 1654 459 1681 μοι
487 1647 515 1672 at
537 1646 584 1672 ἐπὶ
605 1647 660 1678 σοι,
684 1647 804 1681 Παρθένε
834 1649 929 1684 Μῆτερ

135 1689 218 1722 Θεοῦ,
236 1691 341 1723 ἐλπίδις
355 1692 568 1727 διημαρτήκασι,
595 1694 642 1719 καὶ
658 1693 691 1720 τὰ
704 1695 748 1720 ἐπὶ
764 1694 868 1727 τούτοις
883 1697 928 1722 εὑ-

135 1735 307 1770 χαριστήρια
319 1736 393 1772 χοροί
407 1745 449 1763 σοι
464 1737 572 1769 πάντως
580 1738 703 1772 ἀγγέλων
711 1740 873 1772 ἀνοίσουσιν,
883 1741 929 1772 οὓς

134 1782 183 1807 ὲπὶ
199 1781 323 1816 σωτηρίᾳ
339 1782 446 1818 χαίρειν
460 1783 616 1818 ἀνθρώπου,
632 1786 678 1810 καὶ
693 1786 798 1820 μεγάλοι
816 1788 929 1822 σκιρτᾴν

133 1826 297 1862 διαγορεύει
310 1828 344 1854 τὰ
358 1829 522 1862 Εὐαγγέλια.

177 1872 254 1898 Ἀλλ’
269 1873 324 1906 ἐγὼ
339 1873 388 1908 μὲν
408 1874 479 1901 οὕτω
495 1875 526 1914 δή
554 1885 594 1903 σοι
617 1878 650 1913 τῇ
671 1878 789 1913 τεκούσῃ
810 1877 856 1904 τὸν
869 1886 929 1903 ποι-

133 1918 209 1952 μένα
227 1917 284 1945 τῶν
298 1919 442 1955 προϐάτων
456 1921 501 1948 τὸν
528 1923 625 1956 μέγαν,
643 1924 672 1950 ὲν
689 1923 756 1949 Θεοῦ
784 1923 866 1950 πόθου
882 1931 930 1949 πε-

134 1964 252 1999 ριουσίᾳ
266 1965 315 2000 τὴν
342 1965 416 2001 ἱερὰν
431 1967 581 2003 ἑδειμάμην
602 1969 735 2003 μάνδραν,
762 1968 808 1995 καὶ
828 1969 929 2003 ἀγέλην

131 2009 209 2043 λόγῳ
225 2010 423 2046 τετιμημένην,
446 2013 478 2046 τῇ
491 2011 538 2038 τοῦ
556 2013 675 2047 πρώτου,
689 2014 705 2047 ἦ
723 2014 772 2040 καὶ
793 2014 852 2046 ἑνός
867 2023 928 2040 ποι-

133 2055 235 2089 μένος,
255 2054 327 2081 κατὰ
341 2055 388 2082 τὸν
407 2056 487 2090 σοφὸν
503 2057 665 2092 Σολομῶντα
683 2059 767 2094 μητρί
786 2068 827 2086 σοι
844 2068 928 2095 προσ-

131 2101 256 2135 ήγαγον.
282 2101 318 2126 Σὺ
343 2101 370 2127 δέ
389 2110 434 2136 μοι
461 2102 503 2137 (ὼ,
528 2103 555 2129 τί
575 2103 607 2130 ἄν
623 2104 652 2130 σέ
677 2113 717 2136 τις
732 2104 816 2132 εἰπὼν
841 2105 928 2141 ὀρθῶς

131 2147 303 2181 προσείποις
320 2147 369 2183 τὴν
384 2149 606 2184 κεχαριτωμένην
622 2151 696 2186 παρὰ
710 2151 780 2186 θεῷ,
796 2151 845 2186 τὴν
857 2152 928 2186 ὑπὲρ

132 2195 168 2220 τὰ
184 2194 328 2229 ὁρώμενα,
341 2195 392 2229 τὴν
409 2194 480 2230 ὑπὲρ
495 2195 527 2221 τὰ
543 2195 685 2231 νοούμενα,
701 2197 749 2232 τὴν
760 2197 823 2229 τοὺς
848 2198 927 2232 ὄρους

132 2240 301 2275 ὑπερϐᾶσαν
331 2240 380 2276 τῆς
396 2239 513 2275 φύσεως,
541 2242 591 2276 τὴν
616 2241 684 2268 Θεοῦ
708 2242 755 2269 καὶ
776 2243 926 2278 ἀνθρώπων

131 2285 283 2320 μεσίτιδα·
308 2285 334 2312 τί
355 2287 390 2312 τὰ
418 2286 502 2312 πολλὰ
521 2287 652 2322 μηκύνω;
674 2289 723 2324 τὴν
744 2289 849 2324 ἀληθῶς
875 2290 926 2316 ὑπὸ
942 2286 963 2313 ι’)

131 2331 277 2366 παρθενίᾳ
305 2331 351 2358 καὶ
365 2332 494 2366 ἁγνότητι
510 2332 692 2369 Θεομήτορα),
719 2335 751 2361 σὺ
765 2334 794 2361 δέ
811 2343 857 2370 μοι
877 2335 928 2371 τὴν

131 2376 286 2411 ἐγκάρδιον
300 2378 391 2406 πίστιν
403 2378 531 2410 ἐπιεικῶς
543 2379 769 2413 διαϐασανίσασα,
784 2380 858 2414 δέξαι
877 2382 927 2416 τὴν

131 2422 270 2456 ἀπαρχὴν
284 2423 415 2457 εὐμενῶς,
435 2424 482 2451 καὶ
494 2425 531 2460 μὴ
543 2425 641 2462 ἀπώσῃ
663 2435 707 2461 μοι
721 2427 770 2462 τὴν
783 2436 927 2463 προσαγω-

131 2467 204 2500 γὴν,
226 2465 292 2499 μηδὲ
305 2467 478 2505 ἁποσερέψῃς
493 2470 546 2496 ἀπὸ
561 2470 612 2506 τῆς
628 2472 722 2503 παιδός
736 2481 782 2499 σου
799 2473 830 2500 τὸ
841 2473 927 2508 πρόσ-

131 2513 217 2539 ωπόν
235 2519 280 2537 σου
299 2520 306 2526 ·
322 2513 389 2539 ἀλλὰ
401 2515 439 2549 τῷ
450 2514 528 2550 δεξιῷ
541 2516 591 2550 τῆς
607 2518 694 2553 ἀρχῆς
705 2519 823 2553 πρόσθες
840 2520 928 2547 καὶτὸ

130 2559 184 2587 τοῦ
209 2558 330 2592 πέρατος
346 2560 443 2592 αἴσιον,
458 2561 506 2592 τὰς
521 2563 576 2593 τοῖς
591 2563 637 2589 τοῦ
659 2565 794 2598 παναγίου
810 2573 927 2600 περιηρ-

130 2604 307 2640 γυρωμένας
325 2605 474 2640 χαρῑσμασι
503 2607 670 2642 Πνεύματος,
697 2610 742 2636 καὶ
762 2609 830 2645 αὕτη
855 2611 927 2638 κατὰ

130 2653 182 2678 τὸν
205 2651 328 2678 Μωῦσέα
347 2651 444 2681 διείσα,
475 2653 673 2688 παναμώμητε,
701 2656 851 2692 πτέρυγας,
879 2656 927 2682 καὶ

129 2698 186 2732 τὴν
198 2696 288 2731 καλὴν
295 2697 395 2732 ταύτην
408 2697 529 2733 μάνδραν
540 2699 610 2724 οὓτω
619 2701 872 2736 περιοριγκώσασα,
881 2702 929 2729 καὶ

131 2743 176 2777 τῷ
193 2743 340 2776 περιιόντι,
360 2743 407 2769 καὶ
422 2743 484 2769 τίνα
508 2745 637 2771 καταπίοι
659 2745 796 2779 ζητοῦντι,
811 2749 858 2774 καὶ
868 2749 931 2780 τοὺς

132 2789 234 2824 ἱεροὺς
248 2788 404 2820 περιϐόλους
418 2788 469 2815 ὑπὸ
481 2788 553 2823 λιμῷ
565 2797 594 2815 τε
606 2790 651 2816 καὶ
664 2791 732 2826 δόλῳ
744 2792 928 2826 περιοδεύοντι

131 2837 244 2864 λέοντι,
274 2834 324 2869 τὴν
336 2834 510 2862 ἀνατεοεϊσαν
522 2835 623 2870 ταύτην
639 2836 739 2872 ἀγέλην
755 2839 786 2872 τῇ
801 2840 844 2873 σῇ,
859 2839 932 2873 Παρ-

172 2926 182 2940 ⁶
199 2925 273 2952 Psal,
292 2933 360 2952 ωιιν.
378 2926 403 2953 (i.
453 2927 461 2941 '
476 2927 545 2954 Psal.
560 2934 641 2959 urit,
654 2928 680 2955 6.

981 1659 1039 1685 spe,
1055 1659 1071 1677 ο
1084 1652 1165 1687 Virgo
1175 1652 1260 1679 Mater
1275 1652 1333 1684 Dei,
1347 1652 1398 1679 hac
1417 1653 1443 1679 in
1458 1658 1534 1687 parte
1547 1652 1621 1687 lapsa
1635 1660 1711 1685 sum;
1731 1660 1764 1680 ac

981 1705 1030 1731 pro
1048 1697 1081 1724 iis
1097 1698 1199 1731 gratias
1217 1698 1265 1725 tibi
1280 1706 1347 1726 sane
1364 1699 1483 1726 referent
1500 1700 1659 1734 angelorum
1674 1699 1763 1731 chori,

980 1750 1050 1777 quos
1078 1744 1112 1770 de
1140 1744 1228 1770 salute
1257 1744 1379 1771 hominis
1405 1745 1525 1780 gaudere
1551 1750 1580 1773 ct
1599 1752 1766 1781 magnopere

980 1789 1118 1817 exsultare
1133 1789 1229 1817 dicunt
1245 1790 1405 1825 Evangelia.

1015 1879 1060 1906 Sic
1081 1879 1193 1914 quidem
1215 1880 1278 1912 tibi,
1295 1889 1356 1915 qua:
1373 1889 1500 1916 magnum
1516 1881 1607 1908 orium
1625 1881 1764 1908 Pastorem

980 1925 1121 1958 peperisti,
1153 1925 1180 1951 in
1213 1924 1300 1952 divini
1334 1927 1435 1952 amoris
1468 1925 1635 1952 abundantia
1658 1934 1764 1953 sacrant

979 1969 1052 1996 illam
1068 1969 1188 1996 exstruxi
1205 1970 1326 2002 caulam;
1343 1976 1370 1998 et
1386 1978 1495 2006 gregem
1512 1971 1617 1998 ratione
1639 1971 1759 1998 honora~

980 2019 1048 2047 tum,
1063 2015 1113 2042 tibi
1124 2015 1216 2050 primi,
1229 2016 1284 2043 imo
1294 2015 1368 2043 unici
1381 2016 1595 2051 Pastoris,juxta
1612 2016 1763 2050 sapientein

979 2061 1163 2094 Salomouem,
1191 2062 1268 2089 Matri
1283 2062 1380 2089 obtuli.
1407 2062 1446 2090 Tu
1463 2070 1540 2094 vero,
1555 2062 1581 2098 (ο
1597 2063 1661 2097 quid
1679 2067 1704 2089 te
1720 2062 1764 2089 di-

978 2107 1066 2134 cendo
1092 2107 1156 2142 quis
1179 2112 1253 2134 recte
1280 2108 1507 2142 compellaverit?
1540 2109 1626 2143 gratia
1654 2109 1763 2143 plenam

978 2152 1050 2187 apud
1065 2153 1161 2184 Deum,
1173 2161 1234 2188 quae
1247 2161 1276 2181 es
1288 2161 1370 2188 super
1386 2154 1477 2181 omnia
1495 2154 1623 2188 risibilia,
1640 2160 1667 2182 et
1682 2163 1764 2188 super

977 2199 1068 2225 omnia
1081 2206 1141 2233 quae
1159 2199 1301 2226 intellectu
1315 2200 1571 2234 apprehenduntur,
1587 2208 1647 2234 qua:
1659 2206 1763 2227 natura:

979 2246 1111 2273 terminos
1125 2246 1277 2281 superasti;
1298 2247 1344 2274 Dei
1355 2253 1382 2274 et
1394 2247 1537 2274 hominum
1551 2248 1668 2274 mediam
1678 2249 1684 2274 ι
1696 2248 1762 2283 quid

979 2291 1072 2318 multis
1089 2292 1197 2318 moror?
1213 2292 1287 2319 salva
1305 2300 1400 2320 revera
1418 2293 1574 2328 virginitate
1595 2298 1623 2320 et
1639 2294 1764 2321 castitate

980 2335 1027 2362 Dei
1044 2336 1187 2371 Matrem!)
1203 2341 1243 2369 tu,
1269 2336 1390 2371 inquam,
1419 2338 1526 2365 interna
1550 2339 1603 2365 ﬁde
1619 2346 1676 2365 mea
1696 2339 1764 2366 satis

978 2383 1131 2417 explorata,
1150 2383 1198 2410 has
1214 2384 1352 2418 primitias
1365 2384 1497 2410 benevolo
1515 2384 1607 2410 animo
1618 2384 1762 2418 suscipias,

978 2433 1006 2455 et
1018 2436 1118 2455 munus
1138 2428 1211 2455 istud
1227 2436 1241 2455 a
1261 2436 1304 2456 me
1319 2429 1441 2456 oblatum
1458 2436 1491 2456 ne
1509 2429 1658 2463 respueris.
1674 2437 1763 2464 neque

978 2478 1086 2500 avertas
1099 2473 1195 2501 faciem
1215 2477 1288 2500 tuam
1311 2481 1326 2500 a
1341 2474 1394 2500 lilia
1415 2478 1459 2500 tua
1477 2482 1484 2500 :
1501 2473 1547 2500 sed
1569 2474 1658 2500 fausto
1682 2475 1764 2501 initio

982 2527 1144 2554 prosperum
1162 2519 1243 2546 linem
1269 2519 1421 2555 adjungas,
1449 2520 1663 2554 cxpandensque
1684 2523 1763 2556 juxta

981 2565 1089 2600 Moysen
1098 2565 1108 2580 ⁸
1121 2571 1181 2592 tuas
1190 2565 1353 2593 sanctissimi
1366 2566 1475 2600 Spritus
1485 2566 1566 2593 donis
1575 2566 1764 2600 deargentatas

980 2611 1048 2642 alas,
1062 2618 1078 2637 ο
1089 2610 1276 2642 immaculata,
1291 2611 1327 2636 ita
1348 2610 1487 2645 pulchram
1506 2611 1640 2646 ejusmodi
1656 2612 1762 2638 caulam

980 2656 1203 2688 circummunias,
1215 2664 1378 2691 gregemque
1393 2657 1474 2684 istum
1490 2662 1542 2683 tua:
1553 2657 1761 2692 utagnilicentia:

978 2706 1180 2734 consecratum,
1196 2711 1212 2730 ο
1235 2703 1316 2737 Virgo
1335 2707 1362 2729 ct
1379 2703 1474 2735 Mater,
1488 2711 1626 2737 nunquam
1641 2711 1760 2730 etrcum-

980 2747 1068 2774 veniri
1098 2749 1172 2775 sinas
1197 2756 1245 2783 per
1274 2748 1387 2775 insidias
1409 2748 1605 2776 circumeuntis
1629 2751 1656 2775 et
1680 2755 1761 2782 quem

981 2794 1094 2820 devoret
1105 2793 1252 2828 qu:rrcntis
1265 2793 1361 2825 leonis,
1378 2794 1424 2828 qui
1436 2794 1581 2838 cunjfatue
1597 2799 1625 2820 et
1637 2793 1699 2819 dolo
1715 2800 1760 2818 sa-

982 2847 1058 2866 crum
1076 2845 1182 2873 septum
1200 2839 1297 2867 circuit
1312 2849 1317 2866 :
1337 2840 1541 2874 {entixteumque
1557 2846 1682 2867 sororum
1702 2839 1761 2865 ani-

721 2928 730 2943 ⁸
748 2928 825 2955 Deut.
847 2936 931 2962 xxxu,
949 2929 990 2956 Η.
