  <div class='ocr_page' id='page_1' title='image "/cluster/home/n/w/nwhite01/storage/ocr_20150623/127/njp.32101077773040/611.png"; bbox 0 0 2023 3164; ppageno 0'>
   <div class='ocr_carea' id='block_1_1' title="bbox 261 229 317 262">
    <p class='ocr_par' dir='ltr' id='par_1_1' title="bbox 261 229 317 262">
     <span class='ocr_line' id='line_1_1' title="bbox 261 229 317 262; baseline 0 0"><span class='ocrx_word' id='word_1_1' title='bbox 261 229 317 262; x_wconf 78' lang='lat'><strong>999</strong></span> 
     </span>
    </p>
   </div>
   <div class='ocr_carea' id='block_1_2' title="bbox 896 220 1247 256">
    <p class='ocr_par' dir='ltr' id='par_1_2' title="bbox 896 220 1247 256">
     <span class='ocr_line' id='line_1_2' title="bbox 896 220 1247 256; baseline 0 -2"><span class='ocrx_word' id='word_1_2' title='bbox 896 224 1039 255; x_wconf 79' lang='lat' dir='ltr'><strong>lIlENES</strong></span> <span class='ocrx_word' id='word_1_3' title='bbox 1058 220 1247 256; x_wconf 70' lang='lat' dir='ltr'><strong>AUGUST/E</strong></span> 
     </span>
    </p>
   </div>
   <div class='ocr_carea' id='block_1_3' title="bbox 1825 227 1891 259">
    <p class='ocr_par' dir='ltr' id='par_1_3' title="bbox 1825 227 1891 259">
     <span class='ocr_line' id='line_1_3' title="bbox 1825 227 1891 259; baseline 0 0"><span class='ocrx_word' id='word_1_4' title='bbox 1825 227 1891 259; x_wconf 81' lang='lat'><strong>1000</strong></span> 
     </span>
    </p>
   </div>
   <div class='ocr_carea' id='block_1_4' title="bbox 264 281 1052 318">
    <p class='ocr_par' dir='ltr' id='par_1_4' title="bbox 264 281 1052 314">
     <span class='ocr_line' id='line_1_4' title="bbox 264 281 1052 314; baseline -0.008 0"><span class='ocrx_word' id='word_1_5' title='bbox 264 293 339 314; x_wconf 89' lang='lat' dir='ltr'><strong>mum</strong></span> <span class='ocrx_word' id='word_1_6' title='bbox 363 285 390 313; x_wconf 93' lang='lat' dir='ltr'><strong>in</strong></span> <span class='ocrx_word' id='word_1_7' title='bbox 413 285 520 313; x_wconf 75' lang='lat' dir='ltr'><strong>virilem</strong></span> <span class='ocrx_word' id='word_1_8' title='bbox 540 285 573 312; x_wconf 86' lang='lat' dir='ltr'><strong>ad</strong></span> <span class='ocrx_word' id='word_1_9' title='bbox 588 284 718 312; x_wconf 73' lang='lat' dir='ltr'><strong>virtutem</strong></span> <span class='ocrx_word' id='word_1_10' title='bbox 731 283 861 310; x_wconf 87' lang='lat' dir='ltr'><strong>immutes</strong></span> <span class='ocrx_word' id='word_1_11' title='bbox 879 290 886 309; x_wconf 93' lang='lat'><strong>:</strong></span> <span class='ocrx_word' id='word_1_12' title='bbox 902 281 1052 309; x_wconf 84' lang='lat' dir='ltr'><strong>lortissima</strong></span> 
     </span>
    </p>
   </div>
   <div class='ocr_carea' id='block_1_5' title="bbox 1102 281 1897 318">
    <p class='ocr_par' dir='ltr' id='par_1_5' title="bbox 1104 281 1897 318">
     <span class='ocr_line' id='line_1_5' title="bbox 1104 281 1897 318; baseline 0.004 -10"><span class='ocrx_word' id='word_1_13' title='bbox 1104 281 1164 308; x_wconf 69' lang='lat' dir='ltr'><strong>0h:</strong></span> <span class='ocrx_word' id='word_1_14' title='bbox 1179 282 1228 309; x_wconf 81' lang='grc' dir='ltr'>καὶ</span> <span class='ocrx_word' id='word_1_15' title='bbox 1244 282 1344 318; x_wconf 83' lang='grc' dir='ltr'>μῆτερ,</span> <span class='ocrx_word' id='word_1_16' title='bbox 1375 283 1565 318; x_wconf 76' lang='grc' dir='ltr'><strong>μεγαλειότητι</strong></span> <span class='ocrx_word' id='word_1_17' title='bbox 1581 283 1752 318; x_wconf 70' lang='grc' dir='ltr'><strong>συντηροῦσι</strong></span> <span class='ocrx_word' id='word_1_18' title='bbox 1769 283 1897 316; x_wconf 77' lang='grc' dir='ltr'>καθάπαξ</span> 
     </span>
    </p>
   </div>
   <div class='ocr_carea' id='block_1_6' title="bbox 263 328 1053 366">
    <p class='ocr_par' dir='ltr' id='par_1_6' title="bbox 263 328 1053 366">
     <span class='ocr_line' id='line_1_6' title="bbox 263 328 1053 366; baseline -0.005 -7"><span class='ocrx_word' id='word_1_19' title='bbox 263 333 375 360; x_wconf 80' lang='lat' dir='ltr'><strong>dextera</strong></span> <span class='ocrx_word' id='word_1_20' title='bbox 391 338 436 360; x_wconf 90' lang='lat' dir='ltr'><strong>tua</strong></span> <span class='ocrx_word' id='word_1_21' title='bbox 451 332 613 366; x_wconf 73' lang='lat' dir='ltr'><strong>praeclarum</strong></span> <span class='ocrx_word' id='word_1_22' title='bbox 631 331 705 358; x_wconf 89' lang='lat' dir='ltr'><strong>hunc</strong></span> <span class='ocrx_word' id='word_1_23' title='bbox 718 336 828 365; x_wconf 84' lang='lat' dir='ltr'><strong>gregem</strong></span> <span class='ocrx_word' id='word_1_24' title='bbox 839 328 948 356; x_wconf 84' lang='lat' dir='ltr'><strong>assidue</strong></span> <span class='ocrx_word' id='word_1_25' title='bbox 960 333 1053 363; x_wconf 86' lang='lat' dir='ltr'><strong>prote-</strong></span> 
     </span>
    </p>
   </div>
   <div class='ocr_carea' id='block_1_7' title="bbox 263 374 1051 412">
    <p class='ocr_par' dir='ltr' id='par_1_7' title="bbox 263 374 1051 412">
     <span class='ocr_line' id='line_1_7' title="bbox 263 374 1051 412; baseline -0.004 -8"><span class='ocrx_word' id='word_1_26' title='bbox 263 386 326 412; x_wconf 80' lang='lat' dir='ltr'><strong>gas,</strong></span> <span class='ocrx_word' id='word_1_27' title='bbox 353 381 384 404; x_wconf 92' lang='lat' dir='ltr'><strong>ut</strong></span> <span class='ocrx_word' id='word_1_28' title='bbox 408 377 539 411; x_wconf 81' lang='lat' dir='ltr'><strong>antiquus</strong></span> <span class='ocrx_word' id='word_1_29' title='bbox 562 376 756 411; x_wconf 82' lang='lat' dir='ltr'><strong>supplantator</strong></span> <span class='ocrx_word' id='word_1_30' title='bbox 781 380 810 403; x_wconf 89' lang='lat' dir='ltr'><strong>et</strong></span> <span class='ocrx_word' id='word_1_31' title='bbox 835 375 920 402; x_wconf 85' lang='lat' dir='ltr'><strong>draco</strong></span> <span class='ocrx_word' id='word_1_32' title='bbox 949 374 1051 411; x_wconf 84' lang='lat' dir='ltr'><strong>nullam</strong></span> 
     </span>
    </p>
   </div>
   <div class='ocr_carea' id='block_1_8' title="bbox 263 420 1054 458">
    <p class='ocr_par' dir='ltr' id='par_1_8' title="bbox 263 420 1054 458">
     <span class='ocr_line' id='line_1_8' title="bbox 263 420 1054 458; baseline -0.005 -8"><span class='ocrx_word' id='word_1_33' title='bbox 263 423 335 458; x_wconf 65' lang='lat' dir='ltr'><strong>apud</strong></span> <span class='ocrx_word' id='word_1_34' title='bbox 357 423 431 458; x_wconf 81' lang='lat' dir='ltr'><strong>ipsas</strong></span> <span class='ocrx_word' id='word_1_35' title='bbox 456 422 540 449; x_wconf 89' lang='lat' dir='ltr'><strong>Evam</strong></span> <span class='ocrx_word' id='word_1_36' title='bbox 569 429 667 449; x_wconf 84' lang='lat' dir='ltr'><strong>rursus</strong></span> <span class='ocrx_word' id='word_1_37' title='bbox 687 421 820 452; x_wconf 83' lang='lat' dir='ltr'><strong>inveniat,</strong></span> <span class='ocrx_word' id='word_1_38' title='bbox 839 422 918 456; x_wconf 80' lang='lat' dir='ltr'><strong>cujus</strong></span> <span class='ocrx_word' id='word_1_39' title='bbox 938 420 1054 447; x_wconf 82' lang='lat' dir='ltr'><strong>auribus</strong></span> 
     </span>
    </p>
   </div>
   <div class='ocr_carea' id='block_1_9' title="bbox 262 463 1054 502">
    <p class='ocr_par' dir='ltr' id='par_1_9' title="bbox 262 463 1054 502">
     <span class='ocr_line' id='line_1_9' title="bbox 262 463 1054 502; baseline -0.004 -6"><span class='ocrx_word' id='word_1_40' title='bbox 262 468 387 496; x_wconf 78' lang='lat' dir='ltr'><strong>exitiales</strong></span> <span class='ocrx_word' id='word_1_41' title='bbox 406 472 433 495; x_wconf 89' lang='lat' dir='ltr'><strong>et</strong></span> <span class='ocrx_word' id='word_1_42' title='bbox 448 468 482 495; x_wconf 88' lang='lat' dir='ltr'><strong>ad</strong></span> <span class='ocrx_word' id='word_1_43' title='bbox 504 469 604 495; x_wconf 83' lang='lat' dir='ltr'><strong>inferni</strong></span> <span class='ocrx_word' id='word_1_44' title='bbox 617 463 744 502; x_wconf 75' lang='lat' dir='ltr'><strong>laqueum</strong></span> <span class='ocrx_word' id='word_1_45' title='bbox 758 467 927 494; x_wconf 87' lang='lat' dir='ltr'><strong>deducentes</strong></span> <span class='ocrx_word' id='word_1_46' title='bbox 943 466 1054 494; x_wconf 85' lang='lat' dir='ltr'><strong>cavilla-</strong></span> 
     </span>
    </p>
   </div>
   <div class='ocr_carea' id='block_1_10' title="bbox 264 514 1054 542">
    <p class='ocr_par' dir='ltr' id='par_1_10' title="bbox 264 514 1054 542">
     <span class='ocr_line' id='line_1_10' title="bbox 264 514 1054 542; baseline -0.001 0"><span class='ocrx_word' id='word_1_47' title='bbox 264 517 354 542; x_wconf 77' lang='lat' dir='ltr'><strong>tiones</strong></span> <span class='ocrx_word' id='word_1_48' title='bbox 366 520 504 542; x_wconf 89' lang='lat' dir='ltr'><strong>susurret.</strong></span> <span class='ocrx_word' id='word_1_49' title='bbox 522 515 575 542; x_wconf 91' lang='lat' dir='ltr'><strong>Sed</strong></span> <span class='ocrx_word' id='word_1_50' title='bbox 591 516 671 542; x_wconf 86' lang='lat' dir='ltr'><strong>simul</strong></span> <span class='ocrx_word' id='word_1_51' title='bbox 688 523 786 542; x_wconf 84' lang='lat' dir='ltr'><strong>omnes</strong></span> <span class='ocrx_word' id='word_1_52' title='bbox 795 515 847 542; x_wconf 92' lang='lat' dir='ltr'><strong>sub</strong></span> <span class='ocrx_word' id='word_1_53' title='bbox 857 519 904 542; x_wconf 92' lang='lat' dir='ltr'><strong>tuo</strong></span> <span class='ocrx_word' id='word_1_54' title='bbox 917 514 1054 542; x_wconf 82' lang='lat' dir='ltr'><strong>validissi-</strong></span> 
     </span>
    </p>
   </div>
   <div class='ocr_carea' id='block_1_11' title="bbox 263 561 1053 597">
    <p class='ocr_par' dir='ltr' id='par_1_11' title="bbox 263 561 1053 597">
     <span class='ocr_line' id='line_1_11' title="bbox 263 561 1053 597; baseline 0 -9"><span class='ocrx_word' id='word_1_55' title='bbox 263 570 307 588; x_wconf 89' lang='lat' dir='ltr'><strong>mo</strong></span> <span class='ocrx_word' id='word_1_56' title='bbox 333 563 486 597; x_wconf 87' lang='lat' dir='ltr'><strong>patrocinio</strong></span> <span class='ocrx_word' id='word_1_57' title='bbox 522 562 672 589; x_wconf 91' lang='lat' dir='ltr'><strong>stationem</strong></span> <span class='ocrx_word' id='word_1_58' title='bbox 709 561 854 594; x_wconf 73' lang='lat' dir='ltr'><strong>habentes,</strong></span> <span class='ocrx_word' id='word_1_59' title='bbox 886 562 1053 596; x_wconf 89' lang='lat' dir='ltr'><strong>diversoque</strong></span> 
     </span>
    </p>
   </div>
   <div class='ocr_carea' id='block_1_12' title="bbox 263 607 1053 639">
    <p class='ocr_par' dir='ltr' id='par_1_12' title="bbox 263 607 1053 639">
     <span class='ocr_line' id='line_1_12' title="bbox 263 607 1053 639; baseline 0 -5"><span class='ocrx_word' id='word_1_60' title='bbox 263 608 355 635; x_wconf 89' lang='lat' dir='ltr'><strong>studio</strong></span> <span class='ocrx_word' id='word_1_61' title='bbox 371 607 572 639; x_wconf 68' lang='lat' dir='ltr'><strong>incumbentes,</strong></span> <span class='ocrx_word' id='word_1_62' title='bbox 586 608 659 635; x_wconf 85' lang='lat' dir='ltr'><strong>circa</strong></span> <span class='ocrx_word' id='word_1_63' title='bbox 677 615 785 635; x_wconf 83' lang='lat' dir='ltr'><strong>sacrum</strong></span> <span class='ocrx_word' id='word_1_64' title='bbox 799 607 852 634; x_wconf 91' lang='lat' dir='ltr'><strong>hoc</strong></span> <span class='ocrx_word' id='word_1_65' title='bbox 867 607 974 635; x_wconf 86' lang='lat' dir='ltr'><strong>alveare</strong></span> <span class='ocrx_word' id='word_1_66' title='bbox 990 615 1053 635; x_wconf 89' lang='lat' dir='ltr'><strong>cum</strong></span> 
     </span>
    </p>
   </div>
   <div class='ocr_carea' id='block_1_13' title="bbox 264 653 1054 682">
    <p class='ocr_par' dir='ltr' id='par_1_13' title="bbox 264 653 1054 682">
     <span class='ocr_line' id='line_1_13' title="bbox 264 653 1054 682; baseline 0 -1"><span class='ocrx_word' id='word_1_67' title='bbox 264 655 426 682; x_wconf 86' lang='lat' dir='ltr'><strong>suavissima</strong></span> <span class='ocrx_word' id='word_1_68' title='bbox 454 654 642 681; x_wconf 74' lang='lat' dir='ltr'><strong>modulatione</strong></span> <span class='ocrx_word' id='word_1_69' title='bbox 659 654 811 681; x_wconf 82' lang='lat' dir='ltr'><strong>bombilent</strong></span> <span class='ocrx_word' id='word_1_70' title='bbox 828 663 836 681; x_wconf 87' lang='lat'><strong>:</strong></span> <span class='ocrx_word' id='word_1_71' title='bbox 853 654 963 681; x_wconf 83' lang='lat' dir='ltr'><strong>virtutis</strong></span> <span class='ocrx_word' id='word_1_72' title='bbox 995 653 1054 681; x_wconf 80' lang='lat' dir='ltr'><strong>fru-</strong></span> 
     </span>
    </p>
   </div>
   <div class='ocr_carea' id='block_1_14' title="bbox 263 700 1053 736">
    <p class='ocr_par' dir='ltr' id='par_1_14' title="bbox 263 700 1053 736">
     <span class='ocr_line' id='line_1_14' title="bbox 263 700 1053 736; baseline -0.001 -9"><span class='ocrx_word' id='word_1_73' title='bbox 263 706 338 728; x_wconf 89' lang='lat' dir='ltr'><strong>ctum</strong></span> <span class='ocrx_word' id='word_1_74' title='bbox 354 708 437 736; x_wconf 80' lang='lat' dir='ltr'><strong>super</strong></span> <span class='ocrx_word' id='word_1_75' title='bbox 453 701 505 728; x_wconf 90' lang='lat' dir='ltr'><strong>mel</strong></span> <span class='ocrx_word' id='word_1_76' title='bbox 520 700 628 728; x_wconf 89' lang='lat' dir='ltr'><strong>dulcem</strong></span> <span class='ocrx_word' id='word_1_77' title='bbox 639 705 786 735; x_wconf 87' lang='lat' dir='ltr'><strong>operantes</strong></span> <span class='ocrx_word' id='word_1_78' title='bbox 807 709 813 727; x_wconf 93' lang='lat'>:</span> <span class='ocrx_word' id='word_1_79' title='bbox 831 700 858 727; x_wconf 95' lang='lat' dir='ltr'><strong>in</strong></span> <span class='ocrx_word' id='word_1_80' title='bbox 876 700 938 727; x_wconf 90' lang='lat' dir='ltr'><strong>aula</strong></span> <span class='ocrx_word' id='word_1_81' title='bbox 957 704 1053 727; x_wconf 88' lang='lat' dir='ltr'><strong>sancta</strong></span> 
     </span>
    </p>
   </div>
   <div class='ocr_carea' id='block_1_15' title="bbox 263 745 1054 780">
    <p class='ocr_par' dir='ltr' id='par_1_15' title="bbox 263 745 1054 780">
     <span class='ocr_line' id='line_1_15' title="bbox 263 745 1054 780; baseline 0 -8"><span class='ocrx_word' id='word_1_82' title='bbox 263 745 313 772; x_wconf 85' lang='lat' dir='ltr'><strong>Dei</strong></span> <span class='ocrx_word' id='word_1_83' title='bbox 328 745 477 772; x_wconf 83' lang='lat' dir='ltr'><strong>adorantes</strong></span> <span class='ocrx_word' id='word_1_84' title='bbox 492 746 502 761; x_wconf 83' lang='lat'><strong>&#39;</strong></span> <span class='ocrx_word' id='word_1_85' title='bbox 521 745 669 780; x_wconf 81' lang='lat' dir='ltr'><strong>purissime</strong></span> <span class='ocrx_word' id='word_1_86' title='bbox 683 745 827 772; x_wconf 90' lang='lat' dir='ltr'><strong>Dominum</strong></span> <span class='ocrx_word' id='word_1_87' title='bbox 856 755 862 771; x_wconf 88' lang='lat'>:</span> <span class='ocrx_word' id='word_1_88' title='bbox 883 745 939 772; x_wconf 89' lang='lat' dir='ltr'><strong>Deo</strong></span> <span class='ocrx_word' id='word_1_89' title='bbox 954 745 1054 773; x_wconf 80' lang='lat' dir='ltr'><strong>sacriﬁ-</strong></span> 
     </span>
    </p>
   </div>
   <div class='ocr_carea' id='block_1_16' title="bbox 267 791 1054 825">
    <p class='ocr_par' dir='ltr' id='par_1_16' title="bbox 267 791 1054 825">
     <span class='ocr_line' id='line_1_16' title="bbox 267 791 1054 825; baseline 0.001 -8"><span class='ocrx_word' id='word_1_90' title='bbox 267 794 363 818; x_wconf 87' lang='lat' dir='ltr'><strong>cantes</strong></span> <span class='ocrx_word' id='word_1_91' title='bbox 388 791 506 818; x_wconf 87' lang='lat' dir='ltr'><strong>hostiam</strong></span> <span class='ocrx_word' id='word_1_92' title='bbox 527 791 617 818; x_wconf 84' lang='lat' dir='ltr'><strong>laudis</strong></span> <span class='ocrx_word' id='word_1_93' title='bbox 637 792 659 807; x_wconf 81' lang='grc'><strong>¹⁶</strong></span> <span class='ocrx_word' id='word_1_94' title='bbox 682 799 690 818; x_wconf 90' lang='lat'><strong>:</strong></span> <span class='ocrx_word' id='word_1_95' title='bbox 711 791 814 825; x_wconf 77' lang='lat' dir='ltr'><strong>septies</strong></span> <span class='ocrx_word' id='word_1_96' title='bbox 837 791 864 818; x_wconf 93' lang='lat' dir='ltr'><strong>in</strong></span> <span class='ocrx_word' id='word_1_97' title='bbox 881 791 926 818; x_wconf 92' lang='lat' dir='ltr'><strong>die</strong></span> <span class='ocrx_word' id='word_1_98' title='bbox 944 791 1054 818; x_wconf 90' lang='lat' dir='ltr'><strong>laudem</strong></span> 
     </span>
    </p>
   </div>
   <div class='ocr_carea' id='block_1_17' title="bbox 264 835 1055 873">
    <p class='ocr_par' dir='ltr' id='par_1_17' title="bbox 264 835 1055 873">
     <span class='ocr_line' id='line_1_17' title="bbox 264 835 1055 873; baseline 0.004 -11"><span class='ocrx_word' id='word_1_99' title='bbox 264 835 388 864; x_wconf 83' lang='lat' dir='ltr'><strong>dicentes</strong></span> <span class='ocrx_word' id='word_1_100' title='bbox 403 844 486 871; x_wconf 82' lang='lat' dir='ltr'><strong>super</strong></span> <span class='ocrx_word' id='word_1_101' title='bbox 503 837 659 864; x_wconf 88' lang='lat' dir='ltr'><strong>testimonia</strong></span> <span class='ocrx_word' id='word_1_102' title='bbox 678 837 793 873; x_wconf 74' lang='lat' dir='ltr'><strong>iustitia:</strong></span> <span class='ocrx_word' id='word_1_103' title='bbox 807 837 906 864; x_wconf 61' lang='lat' dir='ltr'><strong>divina</strong></span> <span class='ocrx_word' id='word_1_104' title='bbox 922 838 942 853; x_wconf 88' lang='lat'>“</span> <span class='ocrx_word' id='word_1_105' title='bbox 964 846 971 864; x_wconf 72' lang='grc' dir='ltr'><strong>ι</strong></span> <span class='ocrx_word' id='word_1_106' title='bbox 985 837 1055 865; x_wconf 78' lang='lat' dir='ltr'><strong>divi-</strong></span> 
     </span>
    </p>
   </div>
   <div class='ocr_carea' id='block_1_18' title="bbox 265 881 1054 917">
    <p class='ocr_par' dir='ltr' id='par_1_18' title="bbox 265 881 1054 917">
     <span class='ocr_line' id='line_1_18' title="bbox 265 881 1054 917; baseline 0.004 -10"><span class='ocrx_word' id='word_1_107' title='bbox 265 889 328 907; x_wconf 88' lang='lat' dir='ltr'><strong>nam</strong></span> <span class='ocrx_word' id='word_1_108' title='bbox 362 881 561 909; x_wconf 84' lang='lat' dir='ltr'><strong>beatitudinem</strong></span> <span class='ocrx_word' id='word_1_109' title='bbox 585 887 715 916; x_wconf 89' lang='lat' dir='ltr'><strong>tuamque</strong></span> <span class='ocrx_word' id='word_1_110' title='bbox 737 883 954 917; x_wconf 78' lang='lat' dir='ltr'><strong>magnitudinem</strong></span> <span class='ocrx_word' id='word_1_111' title='bbox 981 884 1054 910; x_wconf 83' lang='lat' dir='ltr'><strong>cele-</strong></span> 
     </span>
    </p>
   </div>
   <div class='ocr_carea' id='block_1_19' title="bbox 266 927 1055 964">
    <p class='ocr_par' dir='ltr' id='par_1_19' title="bbox 266 927 1055 964">
     <span class='ocr_line' id='line_1_19' title="bbox 266 927 1055 964; baseline 0.003 -10"><span class='ocrx_word' id='word_1_112' title='bbox 266 927 377 954; x_wconf 88' lang='lat' dir='ltr'><strong>brantes</strong></span> <span class='ocrx_word' id='word_1_113' title='bbox 389 929 409 943; x_wconf 86' lang='lat'>&quot;</span> <span class='ocrx_word' id='word_1_114' title='bbox 427 937 433 954; x_wconf 88' lang='lat'><strong>:</strong></span> <span class='ocrx_word' id='word_1_115' title='bbox 448 928 481 955; x_wconf 85' lang='lat' dir='ltr'><strong>ad</strong></span> <span class='ocrx_word' id='word_1_116' title='bbox 493 928 681 956; x_wconf 81' lang='lat' dir='ltr'><strong>conﬁtendum</strong></span> <span class='ocrx_word' id='word_1_117' title='bbox 694 929 892 964; x_wconf 87' lang='lat' dir='ltr'><strong>superjudicia</strong></span> <span class='ocrx_word' id='word_1_118' title='bbox 908 929 1055 964; x_wconf 82' lang='lat' dir='ltr'><strong>supersub—</strong></span> 
     </span>
    </p>
   </div>
   <div class='ocr_carea' id='block_1_20' title="bbox 265 966 1089 1011">
    <p class='ocr_par' dir='ltr' id='par_1_20' title="bbox 265 966 1089 1011">
     <span class='ocr_line' id='line_1_20' title="bbox 265 966 1089 1011; baseline 0.002 -10"><span class='ocrx_word' id='word_1_119' title='bbox 265 974 400 1002; x_wconf 90' lang='lat' dir='ltr'><strong>stantialis</strong></span> <span class='ocrx_word' id='word_1_120' title='bbox 424 974 538 1002; x_wconf 82' lang='lat' dir='ltr'><strong>Deitatis</strong></span> <span class='ocrx_word' id='word_1_121' title='bbox 556 980 699 1011; x_wconf 77' lang='lat' dir='ltr'><strong>surgentes</strong></span> <span class='ocrx_word' id='word_1_122' title='bbox 717 984 723 1002; x_wconf 92' lang='lat'><strong>:</strong></span> <span class='ocrx_word' id='word_1_123' title='bbox 749 983 811 1002; x_wconf 93' lang='lat' dir='ltr'><strong>eum</strong></span> <span class='ocrx_word' id='word_1_124' title='bbox 836 975 939 1003; x_wconf 88' lang='lat' dir='ltr'><strong>Davide</strong></span> <span class='ocrx_word' id='word_1_125' title='bbox 961 975 1050 1003; x_wconf 86' lang='lat' dir='ltr'><strong>media</strong></span> <span class='ocrx_word' id='word_1_126' title='bbox 1068 966 1089 994; x_wconf 69' lang='grc' dir='ltr'><strong><em>Β</em></strong></span> 
     </span>
    </p>
   </div>
   <div class='ocr_carea' id='block_1_21' title="bbox 264 1020 1051 1053">
    <p class='ocr_par' dir='ltr' id='par_1_21' title="bbox 264 1020 1051 1053">
     <span class='ocr_line' id='line_1_21' title="bbox 264 1020 1051 1053; baseline 0 -6"><span class='ocrx_word' id='word_1_127' title='bbox 264 1025 345 1047; x_wconf 87' lang='lat' dir='ltr'><strong>nocte</strong></span> <span class='ocrx_word' id='word_1_128' title='bbox 358 1020 522 1048; x_wconf 74' lang='lat' dir='ltr'><strong>extollentes</strong></span> <span class='ocrx_word' id='word_1_129' title='bbox 544 1026 653 1048; x_wconf 86' lang='lat' dir='ltr'><strong>sanctas</strong></span> <span class='ocrx_word' id='word_1_130' title='bbox 668 1029 766 1048; x_wconf 87' lang='lat' dir='ltr'><strong>manus</strong></span> <span class='ocrx_word' id='word_1_131' title='bbox 783 1021 814 1053; x_wconf 87' lang='grc'><strong>¹³,</strong></span> <span class='ocrx_word' id='word_1_132' title='bbox 838 1021 897 1048; x_wconf 88' lang='lat' dir='ltr'><strong>sine</strong></span> <span class='ocrx_word' id='word_1_133' title='bbox 918 1020 1051 1048; x_wconf 85' lang='lat' dir='ltr'><strong>sermoci-</strong></span> 
     </span>
    </p>
   </div>
   <div class='ocr_carea' id='block_1_22' title="bbox 263 1067 1053 1100">
    <p class='ocr_par' dir='ltr' id='par_1_22' title="bbox 263 1067 1053 1100">
     <span class='ocr_line' id='line_1_22' title="bbox 263 1067 1053 1100; baseline 0.001 -7"><span class='ocrx_word' id='word_1_134' title='bbox 263 1067 433 1100; x_wconf 84' lang='lat' dir='ltr'><strong>nationibus,</strong></span> <span class='ocrx_word' id='word_1_135' title='bbox 458 1067 486 1094; x_wconf 90' lang='lat' dir='ltr'><strong>in</strong></span> <span class='ocrx_word' id='word_1_136' title='bbox 509 1073 624 1095; x_wconf 88' lang='lat' dir='ltr'><strong>sancta:</strong></span> <span class='ocrx_word' id='word_1_137' title='bbox 649 1067 676 1095; x_wconf 94' lang='lat' dir='ltr'><strong>in</strong></span> <span class='ocrx_word' id='word_1_138' title='bbox 703 1067 833 1094; x_wconf 89' lang='lat' dir='ltr'><strong>Ecclesiis</strong></span> <span class='ocrx_word' id='word_1_139' title='bbox 858 1067 1053 1094; x_wconf 88' lang='lat' dir='ltr'><strong>benedicentes</strong></span> 
     </span>
    </p>
   </div>
   <div class='ocr_carea' id='block_1_23' title="bbox 264 1113 1051 1141">
    <p class='ocr_par' dir='ltr' id='par_1_23' title="bbox 264 1113 1051 1141">
     <span class='ocr_line' id='line_1_23' title="bbox 264 1113 1051 1141; baseline 0 -1"><span class='ocrx_word' id='word_1_140' title='bbox 264 1113 320 1140; x_wconf 86' lang='lat' dir='ltr'><strong>Deo</strong></span> <span class='ocrx_word' id='word_1_141' title='bbox 330 1113 446 1140; x_wconf 88' lang='lat' dir='ltr'><strong>Domino</strong></span> <span class='ocrx_word' id='word_1_142' title='bbox 456 1113 489 1141; x_wconf 89' lang='lat' dir='ltr'><strong>de</strong></span> <span class='ocrx_word' id='word_1_143' title='bbox 507 1113 628 1141; x_wconf 79' lang='lat' dir='ltr'><strong>fontibus</strong></span> <span class='ocrx_word' id='word_1_144' title='bbox 639 1113 721 1140; x_wconf 85' lang='lat' dir='ltr'><strong>Israel</strong></span> <span class='ocrx_word' id='word_1_145' title='bbox 735 1113 757 1128; x_wconf 79' lang='lat'>“</span> <span class='ocrx_word' id='word_1_146' title='bbox 771 1123 777 1140; x_wconf 92' lang='lat'><strong>:</strong></span> <span class='ocrx_word' id='word_1_147' title='bbox 794 1117 894 1140; x_wconf 88' lang='lat' dir='ltr'><strong>terram</strong></span> <span class='ocrx_word' id='word_1_148' title='bbox 911 1121 1051 1140; x_wconf 87' lang='lat' dir='ltr'><strong>evacuan-</strong></span> 
     </span>
    </p>
   </div>
   <div class='ocr_carea' id='block_1_24' title="bbox 264 1160 1052 1195">
    <p class='ocr_par' dir='ltr' id='par_1_24' title="bbox 264 1160 1052 1195">
     <span class='ocr_line' id='line_1_24' title="bbox 264 1160 1052 1195; baseline 0.003 -9"><span class='ocrx_word' id='word_1_149' title='bbox 264 1164 315 1190; x_wconf 85' lang='lat' dir='ltr'><strong>tes,</strong></span> <span class='ocrx_word' id='word_1_150' title='bbox 358 1163 477 1187; x_wconf 85' lang='lat' dir='ltr'><strong>mentem</strong></span> <span class='ocrx_word' id='word_1_151' title='bbox 512 1160 589 1195; x_wconf 83' lang='lat' dir='ltr'><strong>quasi</strong></span> <span class='ocrx_word' id='word_1_152' title='bbox 626 1160 676 1187; x_wconf 92' lang='lat' dir='ltr'><strong>alis</strong></span> <span class='ocrx_word' id='word_1_153' title='bbox 707 1160 912 1188; x_wconf 80' lang='lat' dir='ltr'><strong>sublevantes:</strong></span> <span class='ocrx_word' id='word_1_154' title='bbox 937 1160 1052 1188; x_wconf 92' lang='lat' dir='ltr'><strong>Domino</strong></span> 
     </span>
    </p>
   </div>
   <div class='ocr_carea' id='block_1_25' title="bbox 263 1204 1054 1240">
    <p class='ocr_par' dir='ltr' id='par_1_25' title="bbox 263 1204 1054 1240">
     <span class='ocr_line' id='line_1_25' title="bbox 263 1204 1054 1240; baseline 0.004 -10"><span class='ocrx_word' id='word_1_155' title='bbox 263 1205 438 1237; x_wconf 80' lang='lat' dir='ltr'><strong>servientes,</strong></span> <span class='ocrx_word' id='word_1_156' title='bbox 469 1205 566 1240; x_wconf 88' lang='lat' dir='ltr'><strong>spiritu</strong></span> <span class='ocrx_word' id='word_1_157' title='bbox 591 1204 729 1232; x_wconf 77' lang='lat' dir='ltr'><strong>ferventes</strong></span> <span class='ocrx_word' id='word_1_158' title='bbox 756 1205 777 1221; x_wconf 84' lang='grc'><strong>¹⁸</strong></span> <span class='ocrx_word' id='word_1_159' title='bbox 808 1213 815 1231; x_wconf 92' lang='lat'>:</span> <span class='ocrx_word' id='word_1_160' title='bbox 846 1206 1054 1233; x_wconf 87' lang='lat' dir='ltr'><strong>considerantes</strong></span> 
     </span>
    </p>
   </div>
   <div class='ocr_carea' id='block_1_26' title="bbox 265 1250 1052 1285">
    <p class='ocr_par' dir='ltr' id='par_1_26' title="bbox 265 1250 1052 1285">
     <span class='ocr_line' id='line_1_26' title="bbox 265 1250 1052 1285; baseline 0.003 -8"><span class='ocrx_word' id='word_1_161' title='bbox 265 1250 382 1277; x_wconf 85' lang='lat' dir='ltr'><strong>invicem</strong></span> <span class='ocrx_word' id='word_1_162' title='bbox 411 1250 438 1277; x_wconf 91' lang='lat' dir='ltr'><strong>in</strong></span> <span class='ocrx_word' id='word_1_163' title='bbox 455 1250 678 1285; x_wconf 78' lang='lat' dir='ltr'><strong>provocationem</strong></span> <span class='ocrx_word' id='word_1_164' title='bbox 704 1250 850 1278; x_wconf 90' lang='lat' dir='ltr'><strong>charitatis</strong></span> <span class='ocrx_word' id='word_1_165' title='bbox 869 1255 897 1278; x_wconf 86' lang='lat' dir='ltr'><strong>et</strong></span> <span class='ocrx_word' id='word_1_166' title='bbox 917 1251 1052 1279; x_wconf 90' lang='lat' dir='ltr'><strong>bonorum</strong></span> 
     </span>
    </p>
   </div>
   <div class='ocr_carea' id='block_1_27' title="bbox 262 1295 842 1330">
    <p class='ocr_par' dir='ltr' id='par_1_27' title="bbox 262 1295 842 1330">
     <span class='ocr_line' id='line_1_27' title="bbox 262 1295 842 1330; baseline 0 -8"><span class='ocrx_word' id='word_1_167' title='bbox 262 1303 380 1330; x_wconf 90' lang='lat' dir='ltr'><strong>operum</strong></span> <span class='ocrx_word' id='word_1_168' title='bbox 395 1296 428 1327; x_wconf 84' lang='lat'><strong>&quot;,</strong></span> <span class='ocrx_word' id='word_1_169' title='bbox 440 1295 519 1330; x_wconf 79' lang='lat' dir='ltr'><strong>juxta</strong></span> <span class='ocrx_word' id='word_1_170' title='bbox 533 1300 658 1323; x_wconf 88' lang='lat' dir='ltr'><strong>sanctum</strong></span> <span class='ocrx_word' id='word_1_171' title='bbox 670 1295 842 1330; x_wconf 81' lang='lat' dir='ltr'><strong>Apostolum.</strong></span> 
     </span>
    </p>
   </div>
   <div class='ocr_carea' id='block_1_28' title="bbox 300 1435 1052 1472">
    <p class='ocr_par' dir='ltr' id='par_1_28' title="bbox 300 1435 1052 1472">
     <span class='ocr_line' id='line_1_28' title="bbox 300 1435 1052 1472; baseline -0.001 -7"><span class='ocrx_word' id='word_1_172' title='bbox 300 1438 330 1465; x_wconf 82' lang='lat' dir='ltr'><strong>In</strong></span> <span class='ocrx_word' id='word_1_173' title='bbox 351 1436 591 1472; x_wconf 87' lang='lat' dir='ltr'><strong>hisitaquemihi,</strong></span> <span class='ocrx_word' id='word_1_174' title='bbox 608 1436 725 1472; x_wconf 83' lang='lat' dir='ltr'><strong>ogratia</strong></span> <span class='ocrx_word' id='word_1_175' title='bbox 747 1436 826 1471; x_wconf 86' lang='lat' dir='ltr'><strong>plena</strong></span> <span class='ocrx_word' id='word_1_176' title='bbox 849 1435 930 1464; x_wconf 82' lang='lat' dir='ltr'><strong>Verbi</strong></span> <span class='ocrx_word' id='word_1_177' title='bbox 955 1436 1052 1470; x_wconf 83' lang='lat' dir='ltr'><strong>Mater,</strong></span> 
     </span>
    </p>
   </div>
   <div class='ocr_carea' id='block_1_29' title="bbox 264 1483 1054 1518">
    <p class='ocr_par' dir='ltr' id='par_1_29' title="bbox 264 1483 1054 1518">
     <span class='ocr_line' id='line_1_29' title="bbox 264 1483 1054 1518; baseline 0.001 -8"><span class='ocrx_word' id='word_1_178' title='bbox 264 1487 293 1511; x_wconf 92' lang='lat' dir='ltr'><strong>ct</strong></span> <span class='ocrx_word' id='word_1_179' title='bbox 320 1483 443 1510; x_wconf 89' lang='lat' dir='ltr'><strong>omnium</strong></span> <span class='ocrx_word' id='word_1_180' title='bbox 472 1483 587 1518; x_wconf 83' lang='lat' dir='ltr'><strong>Regina,</strong></span> <span class='ocrx_word' id='word_1_181' title='bbox 614 1491 722 1518; x_wconf 80' lang='lat' dir='ltr'><strong>gregem</strong></span> <span class='ocrx_word' id='word_1_182' title='bbox 754 1484 827 1511; x_wconf 90' lang='lat' dir='ltr'><strong>hunc</strong></span> <span class='ocrx_word' id='word_1_183' title='bbox 853 1492 1001 1511; x_wconf 84' lang='lat' dir='ltr'><strong>conserves</strong></span> <span class='ocrx_word' id='word_1_184' title='bbox 1027 1490 1054 1512; x_wconf 89' lang='lat' dir='ltr'><strong>et</strong></span> 
     </span>
    </p>
   </div>
   <div class='ocr_carea' id='block_1_30' title="bbox 265 1528 1054 1562">
    <p class='ocr_par' dir='ltr' id='par_1_30' title="bbox 265 1528 1054 1562">
     <span class='ocr_line' id='line_1_30' title="bbox 265 1528 1054 1562; baseline -0.003 -6"><span class='ocrx_word' id='word_1_185' title='bbox 265 1529 416 1560; x_wconf 83' lang='lat' dir='ltr'><strong>custodias,</strong></span> <span class='ocrx_word' id='word_1_186' title='bbox 437 1534 467 1556; x_wconf 92' lang='lat' dir='ltr'><strong>ut</strong></span> <span class='ocrx_word' id='word_1_187' title='bbox 490 1529 554 1555; x_wconf 92' lang='lat' dir='ltr'><strong>hinc</strong></span> <span class='ocrx_word' id='word_1_188' title='bbox 575 1528 664 1556; x_wconf 86' lang='lat' dir='ltr'><strong>omnis</strong></span> <span class='ocrx_word' id='word_1_189' title='bbox 688 1529 790 1556; x_wconf 87' lang='lat' dir='ltr'><strong>malitia</strong></span> <span class='ocrx_word' id='word_1_190' title='bbox 807 1532 833 1555; x_wconf 76' lang='lat' dir='ltr'><strong>et</strong></span> <span class='ocrx_word' id='word_1_191' title='bbox 852 1528 1004 1562; x_wconf 82' lang='lat' dir='ltr'><strong>ignorantia</strong></span> <span class='ocrx_word' id='word_1_192' title='bbox 1019 1528 1054 1555; x_wconf 88' lang='lat' dir='ltr'><strong>ab</strong></span> 
     </span>
    </p>
   </div>
   <div class='ocr_carea' id='block_1_31' title="bbox 266 1573 1053 1609">
    <p class='ocr_par' dir='ltr' id='par_1_31' title="bbox 266 1573 1053 1609">
     <span class='ocr_line' id='line_1_31' title="bbox 266 1573 1053 1609; baseline -0.001 -8"><span class='ocrx_word' id='word_1_193' title='bbox 266 1575 300 1601; x_wconf 87' lang='lat' dir='ltr'><strong>iis</strong></span> <span class='ocrx_word' id='word_1_194' title='bbox 312 1575 474 1608; x_wconf 76' lang='lat' dir='ltr'><strong>expellatur,</strong></span> <span class='ocrx_word' id='word_1_195' title='bbox 490 1579 517 1601; x_wconf 88' lang='lat' dir='ltr'><strong>et</strong></span> <span class='ocrx_word' id='word_1_196' title='bbox 529 1582 576 1608; x_wconf 88' lang='lat' dir='ltr'><strong>per</strong></span> <span class='ocrx_word' id='word_1_197' title='bbox 589 1574 779 1609; x_wconf 79' lang='lat' dir='ltr'><strong>purgationem</strong></span> <span class='ocrx_word' id='word_1_198' title='bbox 797 1582 906 1608; x_wconf 83' lang='lat' dir='ltr'><strong>semper</strong></span> <span class='ocrx_word' id='word_1_199' title='bbox 921 1573 1053 1600; x_wconf 85' lang='lat' dir='ltr'><strong>accedant</strong></span> 
     </span>
    </p>
   </div>
   <div class='ocr_carea' id='block_1_32' title="bbox 266 1619 1053 1654">
    <p class='ocr_par' dir='ltr' id='par_1_32' title="bbox 266 1619 1053 1654">
     <span class='ocr_line' id='line_1_32' title="bbox 266 1619 1053 1654; baseline 0.001 -8"><span class='ocrx_word' id='word_1_200' title='bbox 266 1619 299 1646; x_wconf 90' lang='lat' dir='ltr'><strong>ad</strong></span> <span class='ocrx_word' id='word_1_201' title='bbox 325 1620 488 1654; x_wconf 82' lang='lat' dir='ltr'><strong>puritatem;</strong></span> <span class='ocrx_word' id='word_1_202' title='bbox 504 1626 654 1653; x_wconf 84' lang='lat' dir='ltr'><strong>carumque</strong></span> <span class='ocrx_word' id='word_1_203' title='bbox 672 1619 888 1654; x_wconf 78' lang='lat' dir='ltr'><strong>supplicationes</strong></span> <span class='ocrx_word' id='word_1_204' title='bbox 912 1619 945 1646; x_wconf 87' lang='lat' dir='ltr'><strong>ad</strong></span> <span class='ocrx_word' id='word_1_205' title='bbox 973 1627 1053 1647; x_wconf 88' lang='lat' dir='ltr'><strong>aures</strong></span> 
     </span>
    </p>
   </div>
   <div class='ocr_carea' id='block_1_33' title="bbox 265 1665 1052 1701">
    <p class='ocr_par' dir='ltr' id='par_1_33' title="bbox 265 1665 1052 1701">
     <span class='ocr_line' id='line_1_33' title="bbox 265 1665 1052 1701; baseline 0.001 -9"><span class='ocrx_word' id='word_1_206' title='bbox 265 1666 375 1693; x_wconf 85' lang='lat' dir='ltr'><strong>Domini</strong></span> <span class='ocrx_word' id='word_1_207' title='bbox 397 1665 517 1693; x_wconf 87' lang='lat' dir='ltr'><strong>Sabaoth</strong></span> <span class='ocrx_word' id='word_1_208' title='bbox 537 1666 698 1693; x_wconf 86' lang='lat' dir='ltr'><strong>attollantur</strong></span> <span class='ocrx_word' id='word_1_209' title='bbox 720 1671 747 1693; x_wconf 86' lang='lat' dir='ltr'><strong>et</strong></span> <span class='ocrx_word' id='word_1_210' title='bbox 760 1666 944 1699; x_wconf 89' lang='lat' dir='ltr'><strong>inducantur;</strong></span> <span class='ocrx_word' id='word_1_211' title='bbox 963 1674 1052 1701; x_wconf 90' lang='lat' dir='ltr'><strong>eoque</strong></span> 
     </span>
    </p>
   </div>
   <div class='ocr_carea' id='block_1_34' title="bbox 268 1711 1051 1746">
    <p class='ocr_par' dir='ltr' id='par_1_34' title="bbox 268 1711 1051 1746">
     <span class='ocr_line' id='line_1_34' title="bbox 268 1711 1051 1746; baseline 0 -8"><span class='ocrx_word' id='word_1_212' title='bbox 268 1715 347 1746; x_wconf 88' lang='lat' dir='ltr'><strong>pacto</strong></span> <span class='ocrx_word' id='word_1_213' title='bbox 363 1711 443 1738; x_wconf 84' lang='lat' dir='ltr'><strong>nobis</strong></span> <span class='ocrx_word' id='word_1_214' title='bbox 471 1711 534 1738; x_wconf 88' lang='lat' dir='ltr'><strong>inde</strong></span> <span class='ocrx_word' id='word_1_215' title='bbox 562 1711 688 1738; x_wconf 85' lang='lat' dir='ltr'><strong>adveniat</strong></span> <span class='ocrx_word' id='word_1_216' title='bbox 713 1711 896 1746; x_wconf 82' lang='lat' dir='ltr'><strong>quodcunque</strong></span> <span class='ocrx_word' id='word_1_217' title='bbox 915 1711 1051 1745; x_wconf 85' lang='lat' dir='ltr'><strong>salutare,</strong></span> 
     </span>
    </p>
   </div>
   <div class='ocr_carea' id='block_1_35' title="bbox 267 1758 1054 1793">
    <p class='ocr_par' dir='ltr' id='par_1_35' title="bbox 267 1758 1054 1793">
     <span class='ocr_line' id='line_1_35' title="bbox 267 1758 1054 1793; baseline 0.003 -9"><span class='ocrx_word' id='word_1_218' title='bbox 267 1758 421 1785; x_wconf 86' lang='lat' dir='ltr'><strong>saecrdutio</strong></span> <span class='ocrx_word' id='word_1_219' title='bbox 437 1759 578 1791; x_wconf 87' lang='lat' dir='ltr'><strong>videlicet,</strong></span> <span class='ocrx_word' id='word_1_220' title='bbox 607 1758 732 1793; x_wconf 89' lang='lat' dir='ltr'><strong>imperio,</strong></span> <span class='ocrx_word' id='word_1_221' title='bbox 752 1763 780 1786; x_wconf 89' lang='lat' dir='ltr'><strong>et</strong></span> <span class='ocrx_word' id='word_1_222' title='bbox 802 1758 957 1793; x_wconf 70' lang='lat' dir='ltr'><strong>reipublicm</strong></span> <span class='ocrx_word' id='word_1_223' title='bbox 973 1758 1054 1786; x_wconf 90' lang='lat' dir='ltr'><strong>Chri-</strong></span> 
     </span>
    </p>
   </div>
   <div class='ocr_carea' id='block_1_36' title="bbox 266 1804 1051 1839">
    <p class='ocr_par' dir='ltr' id='par_1_36' title="bbox 266 1804 1051 1839">
     <span class='ocr_line' id='line_1_36' title="bbox 266 1804 1051 1839; baseline 0.001 -8"><span class='ocrx_word' id='word_1_224' title='bbox 266 1804 379 1837; x_wconf 67' lang='lat' dir='ltr'><strong>stianae;</strong></span> <span class='ocrx_word' id='word_1_225' title='bbox 398 1809 428 1831; x_wconf 95' lang='lat' dir='ltr'><strong>ut</strong></span> <span class='ocrx_word' id='word_1_226' title='bbox 446 1804 510 1832; x_wconf 91' lang='lat' dir='ltr'><strong>hinc</strong></span> <span class='ocrx_word' id='word_1_227' title='bbox 523 1805 570 1839; x_wconf 93' lang='lat' dir='ltr'><strong>qui</strong></span> <span class='ocrx_word' id='word_1_228' title='bbox 587 1804 689 1831; x_wconf 83' lang='lat' dir='ltr'><strong>Clu-isti</strong></span> <span class='ocrx_word' id='word_1_229' title='bbox 705 1804 850 1839; x_wconf 89' lang='lat' dir='ltr'><strong>imperium</strong></span> <span class='ocrx_word' id='word_1_230' title='bbox 864 1804 1051 1838; x_wconf 87' lang='lat' dir='ltr'><strong>administrat,</strong></span> 
     </span>
    </p>
   </div>
   <div class='ocr_carea' id='block_1_37' title="bbox 267 1850 1053 1886">
    <p class='ocr_par' dir='ltr' id='par_1_37' title="bbox 267 1850 1053 1886">
     <span class='ocr_line' id='line_1_37' title="bbox 267 1850 1053 1886; baseline 0 -8"><span class='ocrx_word' id='word_1_231' title='bbox 267 1851 294 1878; x_wconf 92' lang='lat' dir='ltr'><strong>in</strong></span> <span class='ocrx_word' id='word_1_232' title='bbox 309 1851 420 1886; x_wconf 87' lang='lat' dir='ltr'><strong>pictatis</strong></span> <span class='ocrx_word' id='word_1_233' title='bbox 430 1851 587 1886; x_wconf 79' lang='lat' dir='ltr'><strong>integritate</strong></span> <span class='ocrx_word' id='word_1_234' title='bbox 605 1850 729 1877; x_wconf 84' lang='lat' dir='ltr'><strong>subditos</strong></span> <span class='ocrx_word' id='word_1_235' title='bbox 741 1855 833 1885; x_wconf 82' lang='lat' dir='ltr'><strong>regat;</strong></span> <span class='ocrx_word' id='word_1_236' title='bbox 847 1858 940 1885; x_wconf 88' lang='lat' dir='ltr'><strong>pacem</strong></span> <span class='ocrx_word' id='word_1_237' title='bbox 950 1850 1053 1878; x_wconf 90' lang='lat' dir='ltr'><strong>mundo</strong></span> 
     </span>
    </p>
   </div>
   <div class='ocr_carea' id='block_1_38' title="bbox 264 1896 1054 1932">
    <p class='ocr_par' dir='ltr' id='par_1_38' title="bbox 264 1896 1054 1932">
     <span class='ocr_line' id='line_1_38' title="bbox 264 1896 1054 1932; baseline -0.001 -8"><span class='ocrx_word' id='word_1_238' title='bbox 264 1901 293 1924; x_wconf 91' lang='lat' dir='ltr'><strong>et</strong></span> <span class='ocrx_word' id='word_1_239' title='bbox 305 1897 530 1932; x_wconf 83' lang='lat' dir='ltr'><strong>tranquillitatem</strong></span> <span class='ocrx_word' id='word_1_240' title='bbox 547 1897 688 1924; x_wconf 84' lang='lat' dir='ltr'><strong>conciliet.</strong></span> <span class='ocrx_word' id='word_1_241' title='bbox 704 1896 732 1923; x_wconf 88' lang='lat' dir='ltr'><strong>in</strong></span> <span class='ocrx_word' id='word_1_242' title='bbox 748 1896 827 1923; x_wconf 87' lang='lat' dir='ltr'><strong>bonis</strong></span> <span class='ocrx_word' id='word_1_243' title='bbox 842 1897 932 1923; x_wconf 89' lang='lat' dir='ltr'><strong>omnis</strong></span> <span class='ocrx_word' id='word_1_244' title='bbox 944 1896 1054 1930; x_wconf 76' lang='lat' dir='ltr'><strong>generis</strong></span> 
     </span>
    </p>
   </div>
   <div class='ocr_carea' id='block_1_39' title="bbox 263 1938 1053 1974">
    <p class='ocr_par' dir='ltr' id='par_1_39' title="bbox 263 1938 1053 1974">
     <span class='ocr_line' id='line_1_39' title="bbox 263 1938 1053 1974; baseline 0 -8"><span class='ocrx_word' id='word_1_245' title='bbox 263 1945 403 1971; x_wconf 62' lang='lat' dir='ltr'><strong>servetur;</strong></span> <span class='ocrx_word' id='word_1_246' title='bbox 415 1939 604 1974; x_wconf 84' lang='lat' dir='ltr'><strong>Barbarosque</strong></span> <span class='ocrx_word' id='word_1_247' title='bbox 620 1939 648 1966; x_wconf 90' lang='lat' dir='ltr'><strong>in</strong></span> <span class='ocrx_word' id='word_1_248' title='bbox 658 1940 748 1974; x_wconf 80' lang='lat' dir='ltr'><strong>fugant</strong></span> <span class='ocrx_word' id='word_1_249' title='bbox 762 1943 861 1971; x_wconf 86' lang='lat' dir='ltr'><strong>vertat,</strong></span> <span class='ocrx_word' id='word_1_250' title='bbox 871 1946 918 1966; x_wconf 88' lang='lat' dir='ltr'><strong>seu</strong></span> <span class='ocrx_word' id='word_1_251' title='bbox 930 1938 1053 1966; x_wconf 88' lang='lat' dir='ltr'><strong>visibiles</strong></span> 
     </span>
    </p>
   </div>
   <div class='ocr_carea' id='block_1_40' title="bbox 264 1983 1049 2018">
    <p class='ocr_par' dir='ltr' id='par_1_40' title="bbox 264 1983 1049 2018">
     <span class='ocr_line' id='line_1_40' title="bbox 264 1983 1049 2018; baseline -0.003 -7"><span class='ocrx_word' id='word_1_252' title='bbox 264 1984 321 2011; x_wconf 90' lang='lat' dir='ltr'><strong>sive</strong></span> <span class='ocrx_word' id='word_1_253' title='bbox 332 1984 499 2017; x_wconf 87' lang='lat' dir='ltr'><strong>invisibiles;</strong></span> <span class='ocrx_word' id='word_1_254' title='bbox 510 1991 571 2011; x_wconf 92' lang='lat' dir='ltr'><strong>eum</strong></span> <span class='ocrx_word' id='word_1_255' title='bbox 580 1991 628 2011; x_wconf 89' lang='lat' dir='ltr'><strong>eos</strong></span> <span class='ocrx_word' id='word_1_256' title='bbox 638 1985 683 2018; x_wconf 92' lang='lat' dir='ltr'><strong>qui</strong></span> <span class='ocrx_word' id='word_1_257' title='bbox 700 1984 810 2010; x_wconf 86' lang='lat' dir='ltr'><strong>dorsum</strong></span> <span class='ocrx_word' id='word_1_258' title='bbox 822 1983 883 2017; x_wconf 90' lang='lat' dir='ltr'><strong>ejus</strong></span> <span class='ocrx_word' id='word_1_259' title='bbox 893 1983 1049 2016; x_wconf 77' lang='lat' dir='ltr'><strong>observant,</strong></span> 
     </span>
    </p>
   </div>
   <div class='ocr_carea' id='block_1_41' title="bbox 265 2029 1051 2065">
    <p class='ocr_par' dir='ltr' id='par_1_41' title="bbox 265 2029 1051 2065">
     <span class='ocr_line' id='line_1_41' title="bbox 265 2029 1051 2065; baseline -0.001 -8"><span class='ocrx_word' id='word_1_260' title='bbox 265 2033 322 2057; x_wconf 90' lang='lat' dir='ltr'><strong>tum</strong></span> <span class='ocrx_word' id='word_1_261' title='bbox 349 2037 397 2057; x_wconf 89' lang='lat' dir='ltr'><strong>eos</strong></span> <span class='ocrx_word' id='word_1_262' title='bbox 420 2030 468 2065; x_wconf 86' lang='lat' dir='ltr'><strong>qui</strong></span> <span class='ocrx_word' id='word_1_263' title='bbox 497 2034 593 2064; x_wconf 88' lang='lat' dir='ltr'><strong>pectus</strong></span> <span class='ocrx_word' id='word_1_264' title='bbox 620 2030 680 2064; x_wconf 86' lang='lat' dir='ltr'><strong>ejus</strong></span> <span class='ocrx_word' id='word_1_265' title='bbox 703 2029 786 2056; x_wconf 77' lang='lat' dir='ltr'><strong>ferire</strong></span> <span class='ocrx_word' id='word_1_266' title='bbox 816 2033 968 2061; x_wconf 89' lang='lat' dir='ltr'><strong>conantur;</strong></span> <span class='ocrx_word' id='word_1_267' title='bbox 993 2029 1051 2056; x_wconf 86' lang='lat' dir='ltr'><strong>sive</strong></span> 
     </span>
    </p>
   </div>
   <div class='ocr_carea' id='block_1_42' title="bbox 263 2074 1050 2110">
    <p class='ocr_par' dir='ltr' id='par_1_42' title="bbox 263 2074 1050 2110">
     <span class='ocr_line' id='line_1_42' title="bbox 263 2074 1050 2110; baseline -0.003 -8"><span class='ocrx_word' id='word_1_268' title='bbox 263 2080 382 2107; x_wconf 85' lang='lat' dir='ltr'><strong>exteros,</strong></span> <span class='ocrx_word' id='word_1_269' title='bbox 403 2075 461 2102; x_wconf 86' lang='lat' dir='ltr'><strong>sive</strong></span> <span class='ocrx_word' id='word_1_270' title='bbox 484 2075 637 2110; x_wconf 83' lang='lat' dir='ltr'><strong>indigenas,</strong></span> <span class='ocrx_word' id='word_1_271' title='bbox 655 2082 702 2102; x_wconf 85' lang='lat' dir='ltr'><strong>seu</strong></span> <span class='ocrx_word' id='word_1_272' title='bbox 718 2074 855 2101; x_wconf 83' lang='lat' dir='ltr'><strong>dracones</strong></span> <span class='ocrx_word' id='word_1_273' title='bbox 870 2075 896 2100; x_wconf 90' lang='lat' dir='ltr'><strong>in</strong></span> <span class='ocrx_word' id='word_1_274' title='bbox 913 2075 973 2109; x_wconf 84' lang='lat' dir='ltr'><strong>ejus</strong></span> <span class='ocrx_word' id='word_1_275' title='bbox 987 2074 1050 2101; x_wconf 86' lang='lat' dir='ltr'><strong>sinu</strong></span> 
     </span>
    </p>
   </div>
   <div class='ocr_carea' id='block_1_43' title="bbox 265 2119 1051 2154">
    <p class='ocr_par' dir='ltr' id='par_1_43' title="bbox 265 2119 1051 2154">
     <span class='ocr_line' id='line_1_43' title="bbox 265 2119 1051 2154; baseline -0.003 -6"><span class='ocrx_word' id='word_1_276' title='bbox 265 2124 418 2154; x_wconf 78' lang='lat' dir='ltr'><strong>versantes,</strong></span> <span class='ocrx_word' id='word_1_277' title='bbox 441 2121 641 2147; x_wconf 73' lang='lat' dir='ltr'><strong>exsecrandum</strong></span> <span class='ocrx_word' id='word_1_278' title='bbox 662 2124 690 2147; x_wconf 90' lang='lat' dir='ltr'><strong>et</strong></span> <span class='ocrx_word' id='word_1_279' title='bbox 705 2119 920 2147; x_wconf 90' lang='lat' dir='ltr'><strong>abominandum</strong></span> <span class='ocrx_word' id='word_1_280' title='bbox 937 2120 1051 2147; x_wconf 91' lang='lat' dir='ltr'><strong>malum.</strong></span> 
     </span>
    </p>
   </div>
   <div class='ocr_carea' id='block_1_44' title="bbox 298 2255 1049 2292">
    <p class='ocr_par' dir='ltr' id='par_1_44' title="bbox 298 2255 1049 2292">
     <span class='ocr_line' id='line_1_44' title="bbox 298 2255 1049 2292; baseline 0.005 -11"><span class='ocrx_word' id='word_1_281' title='bbox 298 2255 438 2290; x_wconf 86' lang='lat' dir='ltr'><strong>Ejusmodi</strong></span> <span class='ocrx_word' id='word_1_282' title='bbox 465 2256 557 2291; x_wconf 87' lang='lat' dir='ltr'><strong>itaque</strong></span> <span class='ocrx_word' id='word_1_283' title='bbox 587 2257 781 2292; x_wconf 87' lang='lat' dir='ltr'><strong>imperatorem</strong></span> <span class='ocrx_word' id='word_1_284' title='bbox 810 2265 871 2285; x_wconf 90' lang='lat' dir='ltr'><strong>cum</strong></span> <span class='ocrx_word' id='word_1_285' title='bbox 886 2257 954 2291; x_wconf 85' lang='lat' dir='ltr'><strong>suis,</strong></span> <span class='ocrx_word' id='word_1_286' title='bbox 978 2258 1049 2286; x_wconf 91' lang='lat' dir='ltr'><strong>utin</strong></span> 
     </span>
    </p>
   </div>
   <div class='ocr_carea' id='block_1_45' title="bbox 262 2301 1049 2338">
    <p class='ocr_par' dir='ltr' id='par_1_45' title="bbox 262 2301 1049 2338">
     <span class='ocr_line' id='line_1_45' title="bbox 262 2301 1049 2338; baseline 0.005 -10"><span class='ocrx_word' id='word_1_287' title='bbox 262 2302 334 2334; x_wconf 90' lang='lat' dir='ltr'><strong>aliis,</strong></span> <span class='ocrx_word' id='word_1_288' title='bbox 364 2301 392 2328; x_wconf 88' lang='lat' dir='ltr'><strong>in</strong></span> <span class='ocrx_word' id='word_1_289' title='bbox 421 2302 482 2329; x_wconf 84' lang='lat' dir='ltr'><strong>istis</strong></span> <span class='ocrx_word' id='word_1_290' title='bbox 513 2311 623 2338; x_wconf 85' lang='lat' dir='ltr'><strong>quoque</strong></span> <span class='ocrx_word' id='word_1_291' title='bbox 648 2303 778 2338; x_wconf 87' lang='lat' dir='ltr'><strong>primitiis</strong></span> <span class='ocrx_word' id='word_1_292' title='bbox 806 2304 955 2332; x_wconf 77' lang='lat' dir='ltr'><strong>otl&#39;crendis</strong></span> <span class='ocrx_word' id='word_1_293' title='bbox 981 2305 1049 2332; x_wconf 92' lang='lat' dir='ltr'><strong>mihi</strong></span> 
     </span>
    </p>
   </div>
   <div class='ocr_carea' id='block_1_46' title="bbox 263 2347 1047 2383">
    <p class='ocr_par' dir='ltr' id='par_1_46' title="bbox 263 2347 1047 2383">
     <span class='ocr_line' id='line_1_46' title="bbox 263 2347 1047 2383; baseline 0.005 -9"><span class='ocrx_word' id='word_1_294' title='bbox 263 2347 441 2379; x_wconf 83' lang='lat' dir='ltr'><strong>concordem,</strong></span> <span class='ocrx_word' id='word_1_295' title='bbox 481 2349 586 2376; x_wconf 89' lang='lat' dir='ltr'><strong>socium</strong></span> <span class='ocrx_word' id='word_1_296' title='bbox 622 2350 796 2383; x_wconf 84' lang='lat' dir='ltr'><strong>benevolum,</strong></span> <span class='ocrx_word' id='word_1_297' title='bbox 823 2356 851 2378; x_wconf 89' lang='lat' dir='ltr'><strong>et</strong></span> <span class='ocrx_word' id='word_1_298' title='bbox 884 2357 1047 2378; x_wconf 85' lang='lat' dir='ltr'><strong>conservum</strong></span> 
     </span>
    </p>
   </div>
   <div class='ocr_carea' id='block_1_47' title="bbox 263 2395 1047 2432">
    <p class='ocr_par' dir='ltr' id='par_1_47' title="bbox 263 2395 1047 2432">
     <span class='ocr_line' id='line_1_47' title="bbox 263 2395 1047 2432; baseline 0.005 -11"><span class='ocrx_word' id='word_1_299' title='bbox 263 2401 365 2426; x_wconf 83' lang='lat' dir='ltr'><strong>meum.</strong></span> <span class='ocrx_word' id='word_1_300' title='bbox 376 2395 503 2430; x_wconf 87' lang='lat' dir='ltr'><strong>egregius</strong></span> <span class='ocrx_word' id='word_1_301' title='bbox 514 2396 594 2431; x_wconf 88' lang='lat' dir='ltr'><strong>hujus</strong></span> <span class='ocrx_word' id='word_1_302' title='bbox 608 2396 689 2424; x_wconf 81' lang='lat' dir='ltr'><strong>ovilis</strong></span> <span class='ocrx_word' id='word_1_303' title='bbox 699 2402 786 2424; x_wconf 69' lang='lat' dir='ltr'><strong>coetus</strong></span> <span class='ocrx_word' id='word_1_304' title='bbox 799 2403 876 2432; x_wconf 86' lang='lat' dir='ltr'><strong>rogat</strong></span> <span class='ocrx_word' id='word_1_305' title='bbox 885 2396 1047 2425; x_wconf 62' lang='lat' dir='ltr'><strong>Christiana:</strong></span> 
     </span>
    </p>
   </div>
   <div class='ocr_carea' id='block_1_48' title="bbox 261 2440 1045 2479">
    <p class='ocr_par' dir='ltr' id='par_1_48' title="bbox 261 2440 1045 2479">
     <span class='ocr_line' id='line_1_48' title="bbox 261 2440 1045 2479; baseline 0.008 -13"><span class='ocrx_word' id='word_1_306' title='bbox 261 2440 419 2476; x_wconf 83' lang='lat' dir='ltr'><strong>reipublicae</strong></span> <span class='ocrx_word' id='word_1_307' title='bbox 448 2443 614 2470; x_wconf 86' lang='lat' dir='ltr'><strong>incolumem</strong></span> <span class='ocrx_word' id='word_1_308' title='bbox 641 2444 747 2472; x_wconf 84' lang='lat' dir='ltr'><strong>diutius</strong></span> <span class='ocrx_word' id='word_1_309' title='bbox 774 2444 898 2475; x_wconf 87' lang='lat' dir='ltr'><strong>servari;</strong></span> <span class='ocrx_word' id='word_1_310' title='bbox 914 2443 1045 2479; x_wconf 89' lang='lat' dir='ltr'><strong>omnique</strong></span> 
     </span>
    </p>
   </div>
   <div class='ocr_carea' id='block_1_49' title="bbox 261 2487 1045 2525">
    <p class='ocr_par' dir='ltr' id='par_1_49' title="bbox 261 2487 1045 2525">
     <span class='ocr_line' id='line_1_49' title="bbox 261 2487 1045 2525; baseline 0.005 -12"><span class='ocrx_word' id='word_1_311' title='bbox 261 2491 341 2521; x_wconf 88' lang='lat' dir='ltr'><strong>pacto</strong></span> <span class='ocrx_word' id='word_1_312' title='bbox 357 2487 391 2513; x_wconf 89' lang='lat' dir='ltr'><strong>ad</strong></span> <span class='ocrx_word' id='word_1_313' title='bbox 408 2487 478 2515; x_wconf 91' lang='lat' dir='ltr'><strong>hanc</strong></span> <span class='ocrx_word' id='word_1_314' title='bbox 504 2489 649 2516; x_wconf 88' lang='lat' dir='ltr'><strong>maximam</strong></span> <span class='ocrx_word' id='word_1_315' title='bbox 670 2490 786 2525; x_wconf 87' lang='lat' dir='ltr'><strong>orbique</strong></span> <span class='ocrx_word' id='word_1_316' title='bbox 809 2491 956 2517; x_wconf 88' lang='lat' dir='ltr'><strong>salutarem</strong></span> <span class='ocrx_word' id='word_1_317' title='bbox 974 2490 1045 2525; x_wconf 84' lang='lat' dir='ltr'><strong>peti-</strong></span> 
     </span>
    </p>
   </div>
   <div class='ocr_carea' id='block_1_50' title="bbox 262 2533 1048 2572">
    <p class='ocr_par' dir='ltr' id='par_1_50' title="bbox 262 2533 1048 2572">
     <span class='ocr_line' id='line_1_50' title="bbox 262 2533 1048 2572; baseline 0.008 -14"><span class='ocrx_word' id='word_1_318' title='bbox 262 2533 364 2559; x_wconf 88' lang='lat' dir='ltr'><strong>tionem</strong></span> <span class='ocrx_word' id='word_1_319' title='bbox 378 2533 590 2568; x_wconf 86' lang='lat' dir='ltr'><strong>impetrandam,</strong></span> <span class='ocrx_word' id='word_1_320' title='bbox 600 2540 647 2563; x_wconf 89' lang='lat' dir='ltr'><strong>tuo</strong></span> <span class='ocrx_word' id='word_1_321' title='bbox 661 2537 773 2569; x_wconf 80' lang='lat' dir='ltr'><strong>auxilio,</strong></span> <span class='ocrx_word' id='word_1_322' title='bbox 785 2537 930 2572; x_wconf 84' lang='lat' dir='ltr'><strong>validoque</strong></span> <span class='ocrx_word' id='word_1_323' title='bbox 947 2540 994 2564; x_wconf 92' lang='lat' dir='ltr'><strong>tuo</strong></span> <span class='ocrx_word' id='word_1_324' title='bbox 1006 2538 1048 2572; x_wconf 87' lang='lat' dir='ltr'><strong>(ut</strong></span> 
     </span>
    </p>
   </div>
   <div class='ocr_carea' id='block_1_51' title="bbox 260 2583 1047 2618">
    <p class='ocr_par' dir='ltr' id='par_1_51' title="bbox 260 2583 1047 2618">
     <span class='ocr_line' id='line_1_51' title="bbox 260 2583 1047 2618; baseline 0.006 -13"><span class='ocrx_word' id='word_1_325' title='bbox 260 2586 325 2606; x_wconf 91' lang='lat' dir='ltr'><strong>vero</strong></span> <span class='ocrx_word' id='word_1_326' title='bbox 338 2584 552 2608; x_wconf 86' lang='lat' dir='ltr'><strong>consentaneum</strong></span> <span class='ocrx_word' id='word_1_327' title='bbox 564 2583 616 2616; x_wconf 89' lang='lat' dir='ltr'><strong>est)</strong></span> <span class='ocrx_word' id='word_1_328' title='bbox 630 2584 786 2617; x_wconf 88' lang='lat' dir='ltr'><strong>patrocinio</strong></span> <span class='ocrx_word' id='word_1_329' title='bbox 799 2591 869 2618; x_wconf 88' lang='lat' dir='ltr'><strong>opus</strong></span> <span class='ocrx_word' id='word_1_330' title='bbox 878 2583 961 2610; x_wconf 89' lang='lat' dir='ltr'><strong>habet</strong></span> <span class='ocrx_word' id='word_1_331' title='bbox 973 2591 980 2609; x_wconf 91' lang='lat'><strong>:</strong></span> <span class='ocrx_word' id='word_1_332' title='bbox 992 2590 1047 2617; x_wconf 89' lang='lat' dir='ltr'><strong>quo</strong></span> 
     </span>
    </p>
   </div>
   <div class='ocr_carea' id='block_1_52' title="bbox 259 2625 1045 2664">
    <p class='ocr_par' dir='ltr' id='par_1_52' title="bbox 259 2625 1045 2664">
     <span class='ocr_line' id='line_1_52' title="bbox 259 2625 1045 2664; baseline 0.005 -12"><span class='ocrx_word' id='word_1_333' title='bbox 259 2625 415 2658; x_wconf 87' lang='lat' dir='ltr'><strong>detlciente,</strong></span> <span class='ocrx_word' id='word_1_334' title='bbox 428 2631 510 2661; x_wconf 91' lang='lat' dir='ltr'><strong>atque</strong></span> <span class='ocrx_word' id='word_1_335' title='bbox 523 2628 592 2655; x_wconf 89' lang='lat' dir='ltr'><strong>adeo</strong></span> <span class='ocrx_word' id='word_1_336' title='bbox 606 2629 700 2656; x_wconf 88' lang='lat' dir='ltr'><strong>divino</strong></span> <span class='ocrx_word' id='word_1_337' title='bbox 711 2637 765 2656; x_wconf 90' lang='lat' dir='ltr'><strong>non</strong></span> <span class='ocrx_word' id='word_1_338' title='bbox 777 2630 904 2657; x_wconf 85' lang='lat' dir='ltr'><strong>adstante</strong></span> <span class='ocrx_word' id='word_1_339' title='bbox 916 2629 1045 2664; x_wconf 89' lang='lat' dir='ltr'><strong>impulsu,</strong></span> 
     </span>
    </p>
   </div>
   <div class='ocr_carea' id='block_1_53' title="bbox 260 2673 1045 2711">
    <p class='ocr_par' dir='ltr' id='par_1_53' title="bbox 260 2673 1045 2711">
     <span class='ocr_line' id='line_1_53' title="bbox 260 2673 1045 2711; baseline 0.006 -11"><span class='ocrx_word' id='word_1_340' title='bbox 260 2674 327 2700; x_wconf 88' lang='lat' dir='ltr'><strong>nulli</strong></span> <span class='ocrx_word' id='word_1_341' title='bbox 336 2674 458 2701; x_wconf 92' lang='lat' dir='ltr'><strong>omnium</strong></span> <span class='ocrx_word' id='word_1_342' title='bbox 467 2673 569 2702; x_wconf 87' lang='lat' dir='ltr'><strong>bonum</strong></span> <span class='ocrx_word' id='word_1_343' title='bbox 578 2676 689 2710; x_wconf 87' lang='lat' dir='ltr'><strong>aliquod</strong></span> <span class='ocrx_word' id='word_1_344' title='bbox 700 2677 808 2711; x_wconf 87' lang='lat' dir='ltr'><strong>operari</strong></span> <span class='ocrx_word' id='word_1_345' title='bbox 818 2676 844 2703; x_wconf 94' lang='lat' dir='ltr'><strong>in</strong></span> <span class='ocrx_word' id='word_1_346' title='bbox 855 2681 982 2711; x_wconf 86' lang='lat' dir='ltr'><strong>promptu</strong></span> <span class='ocrx_word' id='word_1_347' title='bbox 992 2683 1045 2705; x_wconf 88' lang='lat' dir='ltr'><strong>est.</strong></span> 
     </span>
    </p>
   </div>
   <div class='ocr_carea' id='block_1_54' title="bbox 295 2761 1046 2800">
    <p class='ocr_par' dir='ltr' id='par_1_54' title="bbox 295 2761 1046 2800">
     <span class='ocr_line' id='line_1_54' title="bbox 295 2761 1046 2800; baseline 0.008 -11"><span class='ocrx_word' id='word_1_348' title='bbox 295 2761 436 2796; x_wconf 89' lang='lat' dir='ltr'><strong>Ejusmodi</strong></span> <span class='ocrx_word' id='word_1_349' title='bbox 463 2765 540 2792; x_wconf 89' lang='lat' dir='ltr'><strong>tibia</strong></span> <span class='ocrx_word' id='word_1_350' title='bbox 565 2765 644 2792; x_wconf 89' lang='lat' dir='ltr'><strong>nobis</strong></span> <span class='ocrx_word' id='word_1_351' title='bbox 669 2766 816 2800; x_wconf 89' lang='lat' dir='ltr'><strong>prodeunt,</strong></span> <span class='ocrx_word' id='word_1_352' title='bbox 844 2775 860 2793; x_wconf 93' lang='grc' dir='ltr'><strong>ο</strong></span> <span class='ocrx_word' id='word_1_353' title='bbox 887 2767 934 2796; x_wconf 85' lang='lat' dir='ltr'><strong>Dei</strong></span> <span class='ocrx_word' id='word_1_354' title='bbox 948 2768 1046 2800; x_wconf 85' lang='lat' dir='ltr'><strong>Mater,</strong></span> 
     </span>
    </p>
   </div>
   <div class='ocr_carea' id='block_1_55' title="bbox 260 2809 1045 2849">
    <p class='ocr_par' dir='ltr' id='par_1_55' title="bbox 260 2809 1045 2849">
     <span class='ocr_line' id='line_1_55' title="bbox 260 2809 1045 2849; baseline 0.01 -16"><span class='ocrx_word' id='word_1_355' title='bbox 260 2809 350 2836; x_wconf 61' lang='lat' dir='ltr'><strong>ominis</strong></span> <span class='ocrx_word' id='word_1_356' title='bbox 364 2812 636 2843; x_wconf 65' lang='lat' dir='ltr'><strong>creaturmoomina,</strong></span> <span class='ocrx_word' id='word_1_357' title='bbox 660 2819 710 2846; x_wconf 89' lang='lat' dir='ltr'><strong>pro</strong></span> <span class='ocrx_word' id='word_1_358' title='bbox 731 2813 879 2846; x_wconf 54' lang='lat' dir='ltr'><strong>prateritis</strong></span> <span class='ocrx_word' id='word_1_359' title='bbox 893 2814 1045 2849; x_wconf 79' lang='lat' dir='ltr'><strong>gratiarum</strong></span> 
     </span>
    </p>
   </div>
   <div class='ocr_carea' id='block_1_56' title="bbox 260 2854 1046 2894">
    <p class='ocr_par' dir='ltr' id='par_1_56' title="bbox 260 2854 1046 2894">
     <span class='ocr_line' id='line_1_56' title="bbox 260 2854 1046 2894; baseline 0.01 -15"><span class='ocrx_word' id='word_1_360' title='bbox 260 2854 391 2886; x_wconf 85' lang='lat' dir='ltr'><strong>actiones,</strong></span> <span class='ocrx_word' id='word_1_361' title='bbox 405 2864 456 2891; x_wconf 92' lang='lat' dir='ltr'><strong>pro</strong></span> <span class='ocrx_word' id='word_1_362' title='bbox 481 2857 582 2884; x_wconf 80' lang='lat' dir='ltr'><strong>futuris</strong></span> <span class='ocrx_word' id='word_1_363' title='bbox 606 2857 833 2892; x_wconf 85' lang='lat' dir='ltr'><strong>supplicationes.</strong></span> <span class='ocrx_word' id='word_1_364' title='bbox 849 2859 883 2885; x_wconf 89' lang='lat' dir='ltr'><strong>Et</strong></span> <span class='ocrx_word' id='word_1_365' title='bbox 904 2859 1046 2894; x_wconf 87' lang='lat' dir='ltr'><strong>contingat</strong></span> 
     </span>
    </p>
   </div>
   <div class='ocr_carea' id='block_1_57' title="bbox 295 2911 547 2942">
    <p class='ocr_par' dir='ltr' id='par_1_57' title="bbox 295 2911 547 2942">
     <span class='ocr_line' id='line_1_57' title="bbox 295 2911 547 2942; baseline 0.004 -6"><span class='ocrx_word' id='word_1_366' title='bbox 295 2911 306 2926; x_wconf 81' lang='lat'><strong><em>°</em></strong></span> <span class='ocrx_word' id='word_1_367' title='bbox 323 2911 393 2937; x_wconf 73' lang='lat' dir='ltr'><strong>l’sal.</strong></span> <span class='ocrx_word' id='word_1_368' title='bbox 409 2919 498 2942; x_wconf 80' lang='lat' dir='ltr'><strong>xcvnt.</strong></span> <span class='ocrx_word' id='word_1_369' title='bbox 520 2913 547 2938; x_wconf 74' lang='grc' dir='ltr'><strong>9Δ</strong></span> 
     </span>
    </p>
   </div>
   <div class='ocr_carea' id='block_1_58' title="bbox 261 2946 958 2981">
    <p class='ocr_par' dir='ltr' id='par_1_58' title="bbox 261 2946 958 2981">
     <span class='ocr_line' id='line_1_58' title="bbox 261 2946 958 2981; baseline 0.009 -12"><span class='ocrx_word' id='word_1_370' title='bbox 261 2951 344 2976; x_wconf 81' lang='lat' dir='ltr'><strong>uvn,</strong></span> <span class='ocrx_word' id='word_1_371' title='bbox 359 2946 404 2972; x_wconf 72' lang='lat'><strong>27.</strong></span> <span class='ocrx_word' id='word_1_372' title='bbox 445 2947 468 2962; x_wconf 83' lang='lat'>&quot;</span> <span class='ocrx_word' id='word_1_373' title='bbox 485 2946 565 2974; x_wconf 83' lang='lat' dir='ltr'><strong>Rom.</strong></span> <span class='ocrx_word' id='word_1_374' title='bbox 586 2955 634 2979; x_wconf 77' lang='lat' dir='ltr'><strong>xu,</strong></span> <span class='ocrx_word' id='word_1_375' title='bbox 651 2949 696 2974; x_wconf 85' lang='lat' dir='ltr'><strong>ll.</strong></span> <span class='ocrx_word' id='word_1_376' title='bbox 736 2949 758 2964; x_wconf 86' lang='lat'>”</span> <span class='ocrx_word' id='word_1_377' title='bbox 771 2948 855 2975; x_wconf 86' lang='lat' dir='ltr'><strong>Hebr.</strong></span> <span class='ocrx_word' id='word_1_378' title='bbox 871 2956 898 2981; x_wconf 72' lang='grc' dir='ltr'><strong>κ,</strong></span> <span class='ocrx_word' id='word_1_379' title='bbox 913 2949 958 2976; x_wconf 70' lang='lat' dir='ltr'><strong>2i.</strong></span> 
     </span>
    </p>
   </div>
   <div class='ocr_carea' id='block_1_59' title="bbox 1103 328 1897 365">
    <p class='ocr_par' dir='ltr' id='par_1_59' title="bbox 1103 328 1897 365">
     <span class='ocr_line' id='line_1_59' title="bbox 1103 328 1897 365; baseline 0.003 -11"><span class='ocrx_word' id='word_1_380' title='bbox 1103 328 1340 361; x_wconf 77' lang='grc' dir='ltr'>ἀνεπισούλευτον,</span> <span class='ocrx_word' id='word_1_381' title='bbox 1359 329 1405 355; x_wconf 75' lang='grc' dir='ltr'><strong>καὶ</strong></span> <span class='ocrx_word' id='word_1_382' title='bbox 1419 329 1450 355; x_wconf 79' lang='grc' dir='ltr'>τὸ</span> <span class='ocrx_word' id='word_1_383' title='bbox 1464 329 1532 364; x_wconf 79' lang='grc' dir='ltr'>θῆλυ</span> <span class='ocrx_word' id='word_1_384' title='bbox 1551 329 1620 365; x_wconf 79' lang='grc' dir='ltr'>πρὸς</span> <span class='ocrx_word' id='word_1_385' title='bbox 1649 329 1751 365; x_wconf 77' lang='grc' dir='ltr'>ἀρετὴν</span> <span class='ocrx_word' id='word_1_386' title='bbox 1767 331 1897 365; x_wconf 74' lang='grc' dir='ltr'>ἀρῤενοῦ-</span> 
     </span>
    </p>
   </div>
   <div class='ocr_carea' id='block_1_60' title="bbox 1105 374 1898 410">
    <p class='ocr_par' dir='ltr' id='par_1_60' title="bbox 1105 374 1898 410">
     <span class='ocr_line' id='line_1_60' title="bbox 1105 374 1898 410; baseline 0.003 -10"><span class='ocrx_word' id='word_1_387' title='bbox 1105 381 1140 400; x_wconf 87' lang='grc' dir='ltr'><strong>σα</strong></span> <span class='ocrx_word' id='word_1_388' title='bbox 1162 375 1195 410; x_wconf 78' lang='grc' dir='ltr'><strong>τῇ</strong></span> <span class='ocrx_word' id='word_1_389' title='bbox 1222 374 1396 410; x_wconf 62' lang='grc' dir='ltr'>ἁδελςθότητι,</span> <span class='ocrx_word' id='word_1_390' title='bbox 1428 374 1476 401; x_wconf 78' lang='grc' dir='ltr'>καὶ</span> <span class='ocrx_word' id='word_1_391' title='bbox 1497 375 1548 410; x_wconf 78' lang='grc' dir='ltr'>τὴν</span> <span class='ocrx_word' id='word_1_392' title='bbox 1577 374 1714 410; x_wconf 83' lang='grc' dir='ltr'>πανσθενῆ</span> <span class='ocrx_word' id='word_1_393' title='bbox 1742 383 1785 401; x_wconf 86' lang='grc' dir='ltr'><strong>σοι</strong></span> <span class='ocrx_word' id='word_1_394' title='bbox 1808 374 1898 408; x_wconf 68' lang='grc' dir='ltr'>δεξιὰν</span> 
     </span>
    </p>
   </div>
   <div class='ocr_carea' id='block_1_61' title="bbox 1104 420 1897 456">
    <p class='ocr_par' dir='ltr' id='par_1_61' title="bbox 1104 420 1897 456">
     <span class='ocr_line' id='line_1_61' title="bbox 1104 420 1897 456; baseline 0 -10"><span class='ocrx_word' id='word_1_395' title='bbox 1104 420 1277 456; x_wconf 73' lang='grc' dir='ltr'><strong>ὑπερέχουσα</strong></span> <span class='ocrx_word' id='word_1_396' title='bbox 1291 420 1340 447; x_wconf 82' lang='grc' dir='ltr'><strong>τοῦ</strong></span> <span class='ocrx_word' id='word_1_397' title='bbox 1356 420 1440 448; x_wconf 77' lang='grc' dir='ltr'>καλοῦ</span> <span class='ocrx_word' id='word_1_398' title='bbox 1453 420 1529 447; x_wconf 85' lang='grc' dir='ltr'>τοῦδε</span> <span class='ocrx_word' id='word_1_399' title='bbox 1544 421 1672 456; x_wconf 82' lang='grc' dir='ltr'><strong>ποιμνίου</strong></span> <span class='ocrx_word' id='word_1_400' title='bbox 1683 421 1755 448; x_wconf 76' lang='grc' dir='ltr'>κατὰ</span> <span class='ocrx_word' id='word_1_401' title='bbox 1772 421 1824 456; x_wconf 85' lang='grc' dir='ltr'>τὴν</span> <span class='ocrx_word' id='word_1_402' title='bbox 1841 421 1897 456; x_wconf 76' lang='grc' dir='ltr'>διη-</span> 
     </span>
    </p>
   </div>
   <div class='ocr_carea' id='block_1_62' title="bbox 1103 466 1897 502">
    <p class='ocr_par' dir='ltr' id='par_1_62' title="bbox 1103 466 1897 502">
     <span class='ocr_line' id='line_1_62' title="bbox 1103 466 1897 502; baseline -0.001 -9"><span class='ocrx_word' id='word_1_403' title='bbox 1103 467 1212 494; x_wconf 76' lang='grc' dir='ltr'>νέκειαν</span> <span class='ocrx_word' id='word_1_404' title='bbox 1224 475 1230 482; x_wconf 89' lang='grc'><strong>·</strong></span> <span class='ocrx_word' id='word_1_405' title='bbox 1257 467 1294 498; x_wconf 79' lang='grc' dir='ltr'>ὡς</span> <span class='ocrx_word' id='word_1_406' title='bbox 1311 467 1447 502; x_wconf 79' lang='grc' dir='ltr'>μηδεμίαν</span> <span class='ocrx_word' id='word_1_407' title='bbox 1472 467 1522 493; x_wconf 77' lang='grc' dir='ltr'>καὶ</span> <span class='ocrx_word' id='word_1_408' title='bbox 1538 467 1619 494; x_wconf 79' lang='grc' dir='ltr'>πάλιν</span> <span class='ocrx_word' id='word_1_409' title='bbox 1641 468 1670 493; x_wconf 87' lang='grc' dir='ltr'>ὲν</span> <span class='ocrx_word' id='word_1_410' title='bbox 1692 467 1807 498; x_wconf 79' lang='grc' dir='ltr'>ταύταις</span> <span class='ocrx_word' id='word_1_411' title='bbox 1826 466 1897 493; x_wconf 73' lang='grc' dir='ltr'>Εὕαν</span> 
     </span>
    </p>
   </div>
   <div class='ocr_carea' id='block_1_63' title="bbox 1104 512 1896 548">
    <p class='ocr_par' dir='ltr' id='par_1_63' title="bbox 1104 512 1896 548">
     <span class='ocr_line' id='line_1_63' title="bbox 1104 512 1896 548; baseline 0.003 -10"><span class='ocrx_word' id='word_1_412' title='bbox 1104 512 1196 547; x_wconf 72' lang='grc' dir='ltr'>εὑρεῖν</span> <span class='ocrx_word' id='word_1_413' title='bbox 1211 513 1256 539; x_wconf 84' lang='grc' dir='ltr'>τὸν</span> <span class='ocrx_word' id='word_1_414' title='bbox 1273 513 1386 548; x_wconf 78' lang='grc' dir='ltr'>ἀρχαῖον</span> <span class='ocrx_word' id='word_1_415' title='bbox 1408 514 1573 548; x_wconf 73' lang='grc' dir='ltr'>πτερνιστήν</span> <span class='ocrx_word' id='word_1_416' title='bbox 1597 522 1628 540; x_wconf 83' lang='grc' dir='ltr'><strong>τε</strong></span> <span class='ocrx_word' id='word_1_417' title='bbox 1647 514 1694 540; x_wconf 74' lang='grc' dir='ltr'>καὶ</span> <span class='ocrx_word' id='word_1_418' title='bbox 1708 513 1857 548; x_wconf 78' lang='grc' dir='ltr'>δράκοντα,</span> <span class='ocrx_word' id='word_1_419' title='bbox 1880 513 1896 546; x_wconf 85' lang='grc' dir='ltr'><strong>ἥ</strong></span> 
     </span>
    </p>
   </div>
   <div class='ocr_carea' id='block_1_64' title="bbox 1103 556 1896 594">
    <p class='ocr_par' dir='ltr' id='par_1_64' title="bbox 1103 556 1896 594">
     <span class='ocr_line' id='line_1_64' title="bbox 1103 556 1896 594; baseline 0.001 -10"><span class='ocrx_word' id='word_1_420' title='bbox 1103 558 1245 593; x_wconf 70' lang='grc' dir='ltr'>ψιθυρίσαι</span> <span class='ocrx_word' id='word_1_421' title='bbox 1262 559 1365 593; x_wconf 77' lang='grc' dir='ltr'>ταύτης</span> <span class='ocrx_word' id='word_1_422' title='bbox 1382 559 1450 593; x_wconf 68' lang='grc' dir='ltr'>πρὸς</span> <span class='ocrx_word' id='word_1_423' title='bbox 1462 556 1521 585; x_wconf 83' lang='grc' dir='ltr'>ὦτα</span> <span class='ocrx_word' id='word_1_424' title='bbox 1534 559 1711 594; x_wconf 77' lang='grc' dir='ltr'>θανατηφόρα</span> <span class='ocrx_word' id='word_1_425' title='bbox 1729 559 1896 594; x_wconf 79' lang='grc' dir='ltr'>σοφίσματα,</span> 
     </span>
    </p>
   </div>
   <div class='ocr_carea' id='block_1_65' title="bbox 1105 604 1900 640">
    <p class='ocr_par' dir='ltr' id='par_1_65' title="bbox 1105 604 1900 640">
     <span class='ocr_line' id='line_1_65' title="bbox 1105 604 1900 640; baseline 0.003 -10"><span class='ocrx_word' id='word_1_426' title='bbox 1105 605 1153 630; x_wconf 80' lang='grc' dir='ltr'>καὶ</span> <span class='ocrx_word' id='word_1_427' title='bbox 1169 605 1237 639; x_wconf 70' lang='grc' dir='ltr'>πρὸς</span> <span class='ocrx_word' id='word_1_428' title='bbox 1260 604 1324 640; x_wconf 75' lang='grc' dir='ltr'>ᾅδου</span> <span class='ocrx_word' id='word_1_429' title='bbox 1343 604 1499 638; x_wconf 77' lang='grc' dir='ltr'>κατάγοντα</span> <span class='ocrx_word' id='word_1_430' title='bbox 1515 604 1662 640; x_wconf 79' lang='grc' dir='ltr'>πέταυρον.</span> <span class='ocrx_word' id='word_1_431' title='bbox 1683 604 1755 631; x_wconf 81' lang='grc' dir='ltr'>Ἀλλ’</span> <span class='ocrx_word' id='word_1_432' title='bbox 1773 605 1900 639; x_wconf 57' lang='lat' dir='ltr'><strong>apam-</strong></span> 
     </span>
    </p>
   </div>
   <div class='ocr_carea' id='block_1_66' title="bbox 1106 650 1898 686">
    <p class='ocr_par' dir='ltr' id='par_1_66' title="bbox 1106 650 1898 686">
     <span class='ocr_line' id='line_1_66' title="bbox 1106 650 1898 686; baseline 0.001 -10"><span class='ocrx_word' id='word_1_433' title='bbox 1106 658 1156 681; x_wconf 86' lang='grc' dir='ltr'><strong>σας</strong></span> <span class='ocrx_word' id='word_1_434' title='bbox 1172 650 1224 676; x_wconf 76' lang='grc' dir='ltr'><strong>ὑπὸ</strong></span> <span class='ocrx_word' id='word_1_435' title='bbox 1237 651 1287 684; x_wconf 80' lang='grc' dir='ltr'>τὴν</span> <span class='ocrx_word' id='word_1_436' title='bbox 1307 651 1356 685; x_wconf 82' lang='grc' dir='ltr'>σὴν</span> <span class='ocrx_word' id='word_1_437' title='bbox 1373 650 1575 686; x_wconf 84' lang='grc' dir='ltr'>κραταιοτάτην</span> <span class='ocrx_word' id='word_1_438' title='bbox 1591 651 1772 686; x_wconf 75' lang='grc' dir='ltr'>αὑλιξομένας</span> <span class='ocrx_word' id='word_1_439' title='bbox 1787 652 1882 686; x_wconf 78' lang='grc' dir='ltr'>ἀντίλη</span> <span class='ocrx_word' id='word_1_440' title='bbox 1892 667 1898 671; x_wconf 84' lang='lat'><strong><em>-</em></strong></span> 
     </span>
    </p>
   </div>
   <div class='ocr_carea' id='block_1_67' title="bbox 1104 695 1898 732">
    <p class='ocr_par' dir='ltr' id='par_1_67' title="bbox 1104 695 1898 732">
     <span class='ocr_line' id='line_1_67' title="bbox 1104 695 1898 732; baseline 0.003 -11"><span class='ocrx_word' id='word_1_441' title='bbox 1104 695 1161 729; x_wconf 76' lang='grc' dir='ltr'>ψιν,</span> <span class='ocrx_word' id='word_1_442' title='bbox 1190 695 1236 722; x_wconf 69' lang='grc' dir='ltr'>τὸν</span> <span class='ocrx_word' id='word_1_443' title='bbox 1262 696 1344 730; x_wconf 71' lang='grc' dir='ltr'>ἱερὸν,</span> <span class='ocrx_word' id='word_1_444' title='bbox 1370 696 1432 722; x_wconf 82' lang='grc' dir='ltr'>καθ’</span> <span class='ocrx_word' id='word_1_445' title='bbox 1449 697 1547 731; x_wconf 77' lang='grc' dir='ltr'>ἑτέραν</span> <span class='ocrx_word' id='word_1_446' title='bbox 1572 696 1711 732; x_wconf 71' lang='grc' dir='ltr'>ἐπιϐολὴν,</span> <span class='ocrx_word' id='word_1_447' title='bbox 1743 697 1898 732; x_wconf 77' lang='grc' dir='ltr'>μελισσῶν-ι.</span> 
     </span>
    </p>
   </div>
   <div class='ocr_carea' id='block_1_68' title="bbox 1105 741 1898 777">
    <p class='ocr_par' dir='ltr' id='par_1_68' title="bbox 1105 741 1898 777">
     <span class='ocr_line' id='line_1_68' title="bbox 1105 741 1898 777; baseline 0.001 -10"><span class='ocrx_word' id='word_1_448' title='bbox 1105 741 1200 767; x_wconf 85' lang='grc' dir='ltr'>τοῦτον</span> <span class='ocrx_word' id='word_1_449' title='bbox 1225 741 1405 777; x_wconf 72' lang='grc' dir='ltr'>περιὸομὸεῖν</span> <span class='ocrx_word' id='word_1_450' title='bbox 1427 741 1630 776; x_wconf 79' lang='grc' dir='ltr'><strong>ἐμμελέστατα,</strong></span> <span class='ocrx_word' id='word_1_451' title='bbox 1656 743 1702 768; x_wconf 75' lang='grc' dir='ltr'>τὸν</span> <span class='ocrx_word' id='word_1_452' title='bbox 1727 744 1778 777; x_wconf 86' lang='grc' dir='ltr'>τῆς</span> <span class='ocrx_word' id='word_1_453' title='bbox 1799 743 1898 777; x_wconf 74' lang='grc' dir='ltr'>ἀρετῆς</span> 
     </span>
    </p>
   </div>
   <div class='ocr_carea' id='block_1_69' title="bbox 1105 787 1896 824">
    <p class='ocr_par' dir='ltr' id='par_1_69' title="bbox 1105 787 1896 824">
     <span class='ocr_line' id='line_1_69' title="bbox 1105 787 1896 824; baseline 0.001 -11"><span class='ocrx_word' id='word_1_454' title='bbox 1105 787 1295 822; x_wconf 78' lang='grc' dir='ltr'>ἑργαζομένας</span> <span class='ocrx_word' id='word_1_455' title='bbox 1311 788 1418 824; x_wconf 75' lang='grc' dir='ltr'>καρπὸν</span> <span class='ocrx_word' id='word_1_456' title='bbox 1427 788 1498 823; x_wconf 78' lang='grc' dir='ltr'>ὑπὲρ</span> <span class='ocrx_word' id='word_1_457' title='bbox 1511 789 1572 824; x_wconf 85' lang='grc' dir='ltr'>μέλι</span> <span class='ocrx_word' id='word_1_458' title='bbox 1590 788 1772 822; x_wconf 69' lang='grc' dir='ltr'>γλυκάζοντα,</span> <span class='ocrx_word' id='word_1_459' title='bbox 1788 790 1818 815; x_wconf 76' lang='grc' dir='ltr'>ἐν</span> <span class='ocrx_word' id='word_1_460' title='bbox 1831 789 1896 823; x_wconf 60' lang='grc' dir='ltr'>αὐλῇ</span> 
     </span>
    </p>
   </div>
   <div class='ocr_carea' id='block_1_70' title="bbox 1105 834 1897 870">
    <p class='ocr_par' dir='ltr' id='par_1_70' title="bbox 1105 834 1897 870">
     <span class='ocr_line' id='line_1_70' title="bbox 1105 834 1897 870; baseline -0.001 -8"><span class='ocrx_word' id='word_1_461' title='bbox 1105 835 1173 870; x_wconf 76' lang='grc' dir='ltr'>ἁγίᾳ</span> <span class='ocrx_word' id='word_1_462' title='bbox 1197 835 1264 861; x_wconf 76' lang='grc' dir='ltr'>Θεοῦ</span> <span class='ocrx_word' id='word_1_463' title='bbox 1282 834 1487 870; x_wconf 81' lang='grc' dir='ltr'>προσκυνούσας</span> <span class='ocrx_word' id='word_1_464' title='bbox 1510 835 1654 870; x_wconf 80' lang='grc' dir='ltr'>ἀχράντως</span> <span class='ocrx_word' id='word_1_465' title='bbox 1679 835 1718 870; x_wconf 83' lang='grc' dir='ltr'>τῷ</span> <span class='ocrx_word' id='word_1_466' title='bbox 1746 834 1897 870; x_wconf 78' lang='grc' dir='ltr'>κρείττονι-</span> 
     </span>
    </p>
   </div>
   <div class='ocr_carea' id='block_1_71' title="bbox 1105 880 1898 917">
    <p class='ocr_par' dir='ltr' id='par_1_71' title="bbox 1105 880 1898 917">
     <span class='ocr_line' id='line_1_71' title="bbox 1105 880 1898 917; baseline 0.001 -10"><span class='ocrx_word' id='word_1_467' title='bbox 1105 880 1166 915; x_wconf 85' lang='grc' dir='ltr'><strong>Θεῷ</strong></span> <span class='ocrx_word' id='word_1_468' title='bbox 1180 881 1276 907; x_wconf 75' lang='grc' dir='ltr'>θυσίαν</span> <span class='ocrx_word' id='word_1_469' title='bbox 1297 881 1413 912; x_wconf 72' lang='grc' dir='ltr'>θυούσας</span> <span class='ocrx_word' id='word_1_470' title='bbox 1430 881 1577 913; x_wconf 76' lang='grc' dir='ltr'>αἱνὲσεωςο</span> <span class='ocrx_word' id='word_1_471' title='bbox 1597 882 1646 916; x_wconf 80' lang='grc' dir='ltr'>τῆς</span> <span class='ocrx_word' id='word_1_472' title='bbox 1664 882 1771 917; x_wconf 80' lang='grc' dir='ltr'>ἡμέρας</span> <span class='ocrx_word' id='word_1_473' title='bbox 1783 882 1898 914; x_wconf 73' lang='grc' dir='ltr'>ἑπτάκις</span> 
     </span>
    </p>
   </div>
   <div class='ocr_carea' id='block_1_72' title="bbox 1105 927 1895 964">
    <p class='ocr_par' dir='ltr' id='par_1_72' title="bbox 1105 927 1895 964">
     <span class='ocr_line' id='line_1_72' title="bbox 1105 927 1895 964; baseline 0.003 -11"><span class='ocrx_word' id='word_1_474' title='bbox 1105 927 1152 953; x_wconf 67' lang='grc' dir='ltr'><strong>ἐπὶ</strong></span> <span class='ocrx_word' id='word_1_475' title='bbox 1167 927 1201 953; x_wconf 80' lang='grc' dir='ltr'><strong>τὰ</strong></span> <span class='ocrx_word' id='word_1_476' title='bbox 1216 928 1266 962; x_wconf 81' lang='grc' dir='ltr'>τῆς</span> <span class='ocrx_word' id='word_1_477' title='bbox 1283 927 1357 958; x_wconf 79' lang='grc' dir='ltr'>θείας</span> <span class='ocrx_word' id='word_1_478' title='bbox 1382 927 1559 961; x_wconf 75' lang='grc' dir='ltr'>δικαιοσύνης</span> <span class='ocrx_word' id='word_1_479' title='bbox 1579 928 1710 956; x_wconf 55' lang='lat' dir='ltr'><strong>ali/0631:</strong></span> <span class='ocrx_word' id='word_1_480' title='bbox 1737 929 1877 964; x_wconf 84' lang='grc' dir='ltr'>μαρτύρια</span> <span class='ocrx_word' id='word_1_481' title='bbox 1889 935 1895 941; x_wconf 92' lang='grc'><strong><em>“</em></strong></span> 
     </span>
    </p>
   </div>
   <div class='ocr_carea' id='block_1_73' title="bbox 1103 973 1898 1010">
    <p class='ocr_par' dir='ltr' id='par_1_73' title="bbox 1103 973 1898 1010">
     <span class='ocr_line' id='line_1_73' title="bbox 1103 973 1898 1010; baseline 0.003 -11"><span class='ocrx_word' id='word_1_482' title='bbox 1103 973 1151 1000; x_wconf 77' lang='grc' dir='ltr'>καὶ</span> <span class='ocrx_word' id='word_1_483' title='bbox 1167 974 1217 1008; x_wconf 83' lang='grc' dir='ltr'>τήν</span> <span class='ocrx_word' id='word_1_484' title='bbox 1230 982 1259 999; x_wconf 82' lang='grc' dir='ltr'><strong>τε</strong></span> <span class='ocrx_word' id='word_1_485' title='bbox 1274 973 1351 1000; x_wconf 82' lang='grc' dir='ltr'>Θείαν</span> <span class='ocrx_word' id='word_1_486' title='bbox 1365 974 1569 1009; x_wconf 65' lang='grc' dir='ltr'>μακαριότητα,</span> <span class='ocrx_word' id='word_1_487' title='bbox 1584 974 1635 1009; x_wconf 86' lang='grc' dir='ltr'>τήν</span> <span class='ocrx_word' id='word_1_488' title='bbox 1647 983 1677 1000; x_wconf 84' lang='grc' dir='ltr'><strong>τε</strong></span> <span class='ocrx_word' id='word_1_489' title='bbox 1696 974 1745 1009; x_wconf 78' lang='grc' dir='ltr'><strong>σὴν</strong></span> <span class='ocrx_word' id='word_1_490' title='bbox 1761 975 1898 1010; x_wconf 73' lang='grc' dir='ltr'>ἀνυμνούι</span> 
     </span>
    </p>
   </div>
   <div class='ocr_carea' id='block_1_74' title="bbox 1104 1019 1898 1056">
    <p class='ocr_par' dir='ltr' id='par_1_74' title="bbox 1104 1019 1898 1056">
     <span class='ocr_line' id='line_1_74' title="bbox 1104 1019 1898 1056; baseline 0 -10"><span class='ocrx_word' id='word_1_491' title='bbox 1104 1027 1154 1050; x_wconf 86' lang='grc' dir='ltr'><strong>σας</strong></span> <span class='ocrx_word' id='word_1_492' title='bbox 1167 1019 1383 1054; x_wconf 73' lang='grc' dir='ltr'>μεγαλειότητα·</span> <span class='ocrx_word' id='word_1_493' title='bbox 1402 1019 1449 1046; x_wconf 72' lang='grc' dir='ltr'><strong>ἐπὶ</strong></span> <span class='ocrx_word' id='word_1_494' title='bbox 1464 1020 1499 1046; x_wconf 78' lang='grc' dir='ltr'><strong>τὰ</strong></span> <span class='ocrx_word' id='word_1_495' title='bbox 1517 1021 1566 1056; x_wconf 78' lang='grc' dir='ltr'>τῆς</span> <span class='ocrx_word' id='word_1_496' title='bbox 1583 1021 1747 1055; x_wconf 80' lang='grc' dir='ltr'>ὕπερουσίου</span> <span class='ocrx_word' id='word_1_497' title='bbox 1763 1021 1898 1056; x_wconf 74' lang='grc' dir='ltr'>Θεότητος</span> 
     </span>
    </p>
   </div>
   <div class='ocr_carea' id='block_1_75' title="bbox 1103 1063 1897 1100">
    <p class='ocr_par' dir='ltr' id='par_1_75' title="bbox 1103 1063 1897 1100">
     <span class='ocr_line' id='line_1_75' title="bbox 1103 1063 1897 1100; baseline 0 -9"><span class='ocrx_word' id='word_1_498' title='bbox 1103 1065 1227 1100; x_wconf 88' lang='grc' dir='ltr'>κρίματα</span> <span class='ocrx_word' id='word_1_499' title='bbox 1239 1063 1463 1100; x_wconf 67' lang='grc' dir='ltr'>ἔξεγειρομέναςο</span> <span class='ocrx_word' id='word_1_500' title='bbox 1478 1065 1547 1099; x_wconf 76' lang='grc' dir='ltr'>μετὰ</span> <span class='ocrx_word' id='word_1_501' title='bbox 1559 1064 1606 1091; x_wconf 84' lang='grc' dir='ltr'><strong>τοῦ</strong></span> <span class='ocrx_word' id='word_1_502' title='bbox 1622 1065 1705 1092; x_wconf 65' lang='grc' dir='ltr'><strong>Δαϐὶδ</strong></span> <span class='ocrx_word' id='word_1_503' title='bbox 1719 1066 1897 1100; x_wconf 71' lang='grc' dir='ltr'>μεσονύκτιον</span> 
     </span>
    </p>
   </div>
   <div class='ocr_carea' id='block_1_76' title="bbox 1104 1110 1897 1146">
    <p class='ocr_par' dir='ltr' id='par_1_76' title="bbox 1104 1110 1897 1146">
     <span class='ocr_line' id='line_1_76' title="bbox 1104 1110 1897 1146; baseline 0 -10"><span class='ocrx_word' id='word_1_504' title='bbox 1104 1111 1133 1137; x_wconf 83' lang='grc' dir='ltr'>ὲν</span> <span class='ocrx_word' id='word_1_505' title='bbox 1147 1111 1209 1141; x_wconf 81' lang='grc' dir='ltr'>ταῖς</span> <span class='ocrx_word' id='word_1_506' title='bbox 1223 1110 1298 1142; x_wconf 74' lang='grc' dir='ltr'>νυξὶν</span> <span class='ocrx_word' id='word_1_507' title='bbox 1315 1110 1484 1144; x_wconf 78' lang='grc' dir='ltr'>ὲπαιρούσας</span> <span class='ocrx_word' id='word_1_508' title='bbox 1495 1111 1571 1142; x_wconf 82' lang='grc' dir='ltr'>ὁσίας</span> <span class='ocrx_word' id='word_1_509' title='bbox 1587 1111 1694 1146; x_wconf 76' lang='grc' dir='ltr'>χεῖρας,</span> <span class='ocrx_word' id='word_1_510' title='bbox 1706 1113 1791 1146; x_wconf 72' lang='grc' dir='ltr'>χωρὶς</span> <span class='ocrx_word' id='word_1_511' title='bbox 1807 1111 1897 1138; x_wconf 69' lang='lat'><strong>5.179-</strong></span> 
     </span>
    </p>
   </div>
   <div class='ocr_carea' id='block_1_77' title="bbox 1103 1155 1897 1191">
    <p class='ocr_par' dir='ltr' id='par_1_77' title="bbox 1103 1155 1897 1191">
     <span class='ocr_line' id='line_1_77' title="bbox 1103 1155 1897 1191; baseline 0.005 -11"><span class='ocrx_word' id='word_1_512' title='bbox 1103 1155 1222 1190; x_wconf 80' lang='grc' dir='ltr'>γισμῶν,</span> <span class='ocrx_word' id='word_1_513' title='bbox 1233 1156 1274 1186; x_wconf 84' lang='grc' dir='ltr'>εὶς</span> <span class='ocrx_word' id='word_1_514' title='bbox 1289 1155 1322 1180; x_wconf 64' lang='grc' dir='ltr'>τὰ</span> <span class='ocrx_word' id='word_1_515' title='bbox 1341 1155 1406 1189; x_wconf 72' lang='grc' dir='ltr'>ἅγια</span> <span class='ocrx_word' id='word_1_516' title='bbox 1418 1163 1426 1170; x_wconf 88' lang='grc'>·</span> <span class='ocrx_word' id='word_1_517' title='bbox 1444 1157 1474 1182; x_wconf 78' lang='grc' dir='ltr'>ὲν</span> <span class='ocrx_word' id='word_1_518' title='bbox 1495 1156 1654 1191; x_wconf 67' lang='grc' dir='ltr'>ἐκκλησίαις</span> <span class='ocrx_word' id='word_1_519' title='bbox 1671 1157 1717 1183; x_wconf 72' lang='grc' dir='ltr'><strong>τὸν</strong></span> <span class='ocrx_word' id='word_1_520' title='bbox 1733 1157 1800 1184; x_wconf 76' lang='grc' dir='ltr'>Θεὸν</span> <span class='ocrx_word' id='word_1_521' title='bbox 1819 1158 1897 1184; x_wconf 79' lang='grc' dir='ltr'>εὐλο-</span> 
     </span>
    </p>
   </div>
   <div class='ocr_carea' id='block_1_78' title="bbox 1103 1201 1898 1238">
    <p class='ocr_par' dir='ltr' id='par_1_78' title="bbox 1103 1201 1898 1238">
     <span class='ocr_line' id='line_1_78' title="bbox 1103 1201 1898 1238; baseline 0.005 -12"><span class='ocrx_word' id='word_1_522' title='bbox 1103 1201 1204 1234; x_wconf 79' lang='grc' dir='ltr'>γοὺσας</span> <span class='ocrx_word' id='word_1_523' title='bbox 1223 1201 1325 1236; x_wconf 80' lang='grc' dir='ltr'>Κύριον</span> <span class='ocrx_word' id='word_1_524' title='bbox 1341 1201 1373 1227; x_wconf 81' lang='grc' dir='ltr'>ὲκ</span> <span class='ocrx_word' id='word_1_525' title='bbox 1387 1201 1484 1236; x_wconf 85' lang='grc' dir='ltr'>πηγῶν</span> <span class='ocrx_word' id='word_1_526' title='bbox 1502 1202 1628 1237; x_wconf 70' lang='grc' dir='ltr'>Ἰτραήλ·</span> <span class='ocrx_word' id='word_1_527' title='bbox 1645 1202 1691 1229; x_wconf 74' lang='grc' dir='ltr'><strong>τὸν</strong></span> <span class='ocrx_word' id='word_1_528' title='bbox 1715 1203 1780 1238; x_wconf 83' lang='grc' dir='ltr'>χοῦν</span> <span class='ocrx_word' id='word_1_529' title='bbox 1801 1204 1898 1230; x_wconf 76' lang='grc' dir='ltr'>κενού-</span> 
     </span>
    </p>
   </div>
   <div class='ocr_carea' id='block_1_79' title="bbox 1105 1247 1895 1286">
    <p class='ocr_par' dir='ltr' id='par_1_79' title="bbox 1105 1247 1895 1286">
     <span class='ocr_line' id='line_1_79' title="bbox 1105 1247 1895 1286; baseline 0.004 -13"><span class='ocrx_word' id='word_1_530' title='bbox 1105 1256 1164 1280; x_wconf 86' lang='grc' dir='ltr'>σας,</span> <span class='ocrx_word' id='word_1_531' title='bbox 1179 1248 1225 1274; x_wconf 54' lang='grc' dir='ltr'>τὴν</span> <span class='ocrx_word' id='word_1_532' title='bbox 1249 1247 1310 1274; x_wconf 80' lang='grc' dir='ltr'>νοῦν</span> <span class='ocrx_word' id='word_1_533' title='bbox 1327 1249 1499 1283; x_wconf 68' lang='grc' dir='ltr'>πτεροῦσαςσ</span> <span class='ocrx_word' id='word_1_534' title='bbox 1524 1248 1703 1281; x_wconf 79' lang='grc' dir='ltr'>δουλευούσας</span> <span class='ocrx_word' id='word_1_535' title='bbox 1719 1249 1758 1284; x_wconf 84' lang='grc' dir='ltr'>τῷ</span> <span class='ocrx_word' id='word_1_536' title='bbox 1784 1251 1895 1286; x_wconf 80' lang='grc' dir='ltr'>Κυρίῳ·</span> 
     </span>
    </p>
   </div>
   <div class='ocr_carea' id='block_1_80' title="bbox 1104 1291 1896 1330">
    <p class='ocr_par' dir='ltr' id='par_1_80' title="bbox 1104 1291 1896 1330">
     <span class='ocr_line' id='line_1_80' title="bbox 1104 1291 1896 1330; baseline 0.004 -9"><span class='ocrx_word' id='word_1_537' title='bbox 1104 1295 1220 1327; x_wconf 81' lang='grc' dir='ltr'>ζεούσας</span> <span class='ocrx_word' id='word_1_538' title='bbox 1247 1295 1287 1330; x_wconf 79' lang='grc' dir='ltr'><strong>τῷ</strong></span> <span class='ocrx_word' id='word_1_539' title='bbox 1315 1291 1470 1330; x_wconf 59' lang='grc' dir='ltr'>πνεύματί·</span> <span class='ocrx_word' id='word_1_540' title='bbox 1500 1295 1618 1330; x_wconf 80' lang='grc' dir='ltr'>ἀλλήλας</span> <span class='ocrx_word' id='word_1_541' title='bbox 1644 1297 1832 1330; x_wconf 80' lang='grc' dir='ltr'>κατανοούσας</span> <span class='ocrx_word' id='word_1_542' title='bbox 1859 1299 1896 1329; x_wconf 79' lang='grc' dir='ltr'>εἰς</span> 
     </span>
    </p>
   </div>
   <div class='ocr_carea' id='block_1_81' title="bbox 1106 1341 1897 1379">
    <p class='ocr_par' dir='ltr' id='par_1_81' title="bbox 1106 1341 1897 1379">
     <span class='ocr_line' id='line_1_81' title="bbox 1106 1341 1897 1379; baseline 0.004 -12"><span class='ocrx_word' id='word_1_543' title='bbox 1106 1341 1282 1376; x_wconf 79' lang='grc' dir='ltr'>παροξυσμὸν</span> <span class='ocrx_word' id='word_1_544' title='bbox 1301 1342 1422 1377; x_wconf 79' lang='grc' dir='ltr'><strong>ἀγάπης,</strong></span> <span class='ocrx_word' id='word_1_545' title='bbox 1452 1342 1500 1369; x_wconf 81' lang='grc' dir='ltr'>καὶ</span> <span class='ocrx_word' id='word_1_546' title='bbox 1527 1343 1617 1370; x_wconf 83' lang='grc' dir='ltr'>καλῶν</span> <span class='ocrx_word' id='word_1_547' title='bbox 1642 1343 1730 1379; x_wconf 76' lang='grc' dir='ltr'>ἔργων</span> <span class='ocrx_word' id='word_1_548' title='bbox 1757 1345 1828 1371; x_wconf 73' lang='grc' dir='ltr'>κατὰ</span> <span class='ocrx_word' id='word_1_549' title='bbox 1853 1345 1897 1370; x_wconf 81' lang='grc' dir='ltr'><strong>τὺν</strong></span> 
     </span>
    </p>
   </div>
   <div class='ocr_carea' id='block_1_82' title="bbox 1076 1386 1370 1414">
    <p class='ocr_par' dir='ltr' id='par_1_82' title="bbox 1076 1386 1370 1414">
     <span class='ocr_line' id='line_1_82' title="bbox 1076 1386 1370 1414; baseline 0.003 -2"><span class='ocrx_word' id='word_1_550' title='bbox 1076 1396 1077 1399; x_wconf 50' lang='grc' dir='ltr'><strong>η</strong></span> <span class='ocrx_word' id='word_1_551' title='bbox 1105 1386 1176 1413; x_wconf 87' lang='grc' dir='ltr'>θεῖον</span> <span class='ocrx_word' id='word_1_552' title='bbox 1197 1386 1370 1414; x_wconf 81' lang='grc' dir='ltr'>Ἀπόστολον.</span> 
     </span>
    </p>
   </div>
   <div class='ocr_carea' id='block_1_83' title="bbox 1147 1432 1898 1471">
    <p class='ocr_par' dir='ltr' id='par_1_83' title="bbox 1147 1432 1898 1471">
     <span class='ocr_line' id='line_1_83' title="bbox 1147 1432 1898 1471; baseline 0.007 -13"><span class='ocrx_word' id='word_1_553' title='bbox 1147 1433 1191 1458; x_wconf 86' lang='grc' dir='ltr'>Ἐν</span> <span class='ocrx_word' id='word_1_554' title='bbox 1211 1432 1317 1464; x_wconf 79' lang='grc' dir='ltr'>τούτοις</span> <span class='ocrx_word' id='word_1_555' title='bbox 1336 1433 1367 1468; x_wconf 88' lang='grc' dir='ltr'><strong>δή</strong></span> <span class='ocrx_word' id='word_1_556' title='bbox 1387 1442 1431 1468; x_wconf 85' lang='grc' dir='ltr'><strong>μοι</strong></span> <span class='ocrx_word' id='word_1_557' title='bbox 1448 1433 1498 1469; x_wconf 77' lang='grc' dir='ltr'>τὴν</span> <span class='ocrx_word' id='word_1_558' title='bbox 1512 1433 1631 1470; x_wconf 82' lang='grc' dir='ltr'>ποίμνην</span> <span class='ocrx_word' id='word_1_559' title='bbox 1653 1434 1765 1470; x_wconf 82' lang='grc' dir='ltr'>ταύτην,</span> <span class='ocrx_word' id='word_1_560' title='bbox 1779 1432 1802 1462; x_wconf 80' lang='grc' dir='ltr'>ὦ</span> <span class='ocrx_word' id='word_1_561' title='bbox 1816 1445 1898 1471; x_wconf 74' lang='grc' dir='ltr'><strong>κεχτι⁴</strong></span> 
     </span>
    </p>
   </div>
   <div class='ocr_carea' id='block_1_84' title="bbox 1106 1478 1896 1515">
    <p class='ocr_par' dir='ltr' id='par_1_84' title="bbox 1106 1478 1896 1515">
     <span class='ocr_line' id='line_1_84' title="bbox 1106 1478 1896 1515; baseline 0.005 -11"><span class='ocrx_word' id='word_1_562' title='bbox 1106 1478 1245 1513; x_wconf 85' lang='grc' dir='ltr'>ριτωμένη</span> <span class='ocrx_word' id='word_1_563' title='bbox 1257 1479 1304 1504; x_wconf 88' lang='grc' dir='ltr'><strong>τοῦ</strong></span> <span class='ocrx_word' id='word_1_564' title='bbox 1319 1478 1406 1513; x_wconf 83' lang='grc' dir='ltr'>Λόγου</span> <span class='ocrx_word' id='word_1_565' title='bbox 1420 1480 1526 1515; x_wconf 82' lang='grc' dir='ltr'>Μῆτερ,</span> <span class='ocrx_word' id='word_1_566' title='bbox 1539 1481 1585 1507; x_wconf 66' lang='grc' dir='ltr'><strong>καὶ</strong></span> <span class='ocrx_word' id='word_1_567' title='bbox 1599 1481 1653 1507; x_wconf 84' lang='grc' dir='ltr'>τῶν</span> <span class='ocrx_word' id='word_1_568' title='bbox 1670 1481 1796 1508; x_wconf 71' lang='grc' dir='ltr'>ἁπάντων</span> <span class='ocrx_word' id='word_1_569' title='bbox 1813 1483 1896 1509; x_wconf 74' lang='grc' dir='ltr'>Βασί-</span> 
     </span>
    </p>
   </div>
   <div class='ocr_carea' id='block_1_85' title="bbox 1105 1523 1896 1558">
    <p class='ocr_par' dir='ltr' id='par_1_85' title="bbox 1105 1523 1896 1558">
     <span class='ocr_line' id='line_1_85' title="bbox 1105 1523 1896 1558; baseline 0.006 -9"><span class='ocrx_word' id='word_1_570' title='bbox 1105 1523 1194 1555; x_wconf 85' lang='grc' dir='ltr'>λισσα,</span> <span class='ocrx_word' id='word_1_571' title='bbox 1220 1523 1344 1558; x_wconf 75' lang='grc' dir='ltr'>διατήρει</span> <span class='ocrx_word' id='word_1_572' title='bbox 1360 1532 1389 1550; x_wconf 87' lang='grc' dir='ltr'><strong>τε</strong></span> <span class='ocrx_word' id='word_1_573' title='bbox 1405 1526 1452 1551; x_wconf 70' lang='grc' dir='ltr'><strong>καὶ</strong></span> <span class='ocrx_word' id='word_1_574' title='bbox 1465 1525 1591 1558; x_wconf 76' lang='grc' dir='ltr'>διάσωζε,</span> <span class='ocrx_word' id='word_1_575' title='bbox 1605 1526 1643 1557; x_wconf 79' lang='grc' dir='ltr'>ὡς</span> <span class='ocrx_word' id='word_1_576' title='bbox 1656 1526 1784 1553; x_wconf 71' lang='grc' dir='ltr'>ἐντεῦθεν</span> <span class='ocrx_word' id='word_1_577' title='bbox 1798 1527 1896 1555; x_wconf 84' lang='grc' dir='ltr'>κακίαν</span> 
     </span>
    </p>
   </div>
   <div class='ocr_carea' id='block_1_86' title="bbox 1105 1569 1897 1605">
    <p class='ocr_par' dir='ltr' id='par_1_86' title="bbox 1105 1569 1897 1605">
     <span class='ocr_line' id='line_1_86' title="bbox 1105 1569 1897 1605; baseline 0.006 -9"><span class='ocrx_word' id='word_1_578' title='bbox 1105 1578 1133 1596; x_wconf 82' lang='grc' dir='ltr'><strong>τε</strong></span> <span class='ocrx_word' id='word_1_579' title='bbox 1149 1569 1251 1596; x_wconf 83' lang='grc' dir='ltr'>τούτων</span> <span class='ocrx_word' id='word_1_580' title='bbox 1269 1571 1358 1597; x_wconf 73' lang='grc' dir='ltr'>πᾶσαν</span> <span class='ocrx_word' id='word_1_581' title='bbox 1372 1572 1419 1597; x_wconf 74' lang='grc' dir='ltr'>καὶ</span> <span class='ocrx_word' id='word_1_582' title='bbox 1436 1571 1549 1604; x_wconf 81' lang='grc' dir='ltr'>ἄγνοιαν</span> <span class='ocrx_word' id='word_1_583' title='bbox 1565 1571 1768 1605; x_wconf 73' lang='grc' dir='ltr'>ἐξελαύνεσθαι,</span> <span class='ocrx_word' id='word_1_584' title='bbox 1793 1575 1841 1600; x_wconf 68' lang='grc' dir='ltr'>καὶ</span> <span class='ocrx_word' id='word_1_585' title='bbox 1854 1575 1897 1601; x_wconf 74' lang='grc' dir='ltr'>διὰ.</span> 
     </span>
    </p>
   </div>
   <div class='ocr_carea' id='block_1_87' title="bbox 1104 1615 1896 1656">
    <p class='ocr_par' dir='ltr' id='par_1_87' title="bbox 1104 1615 1896 1656">
     <span class='ocr_line' id='line_1_87' title="bbox 1104 1615 1896 1656; baseline 0.008 -15"><span class='ocrx_word' id='word_1_586' title='bbox 1104 1615 1155 1650; x_wconf 84' lang='grc' dir='ltr'>τῆς</span> <span class='ocrx_word' id='word_1_587' title='bbox 1165 1615 1324 1651; x_wconf 76' lang='grc' dir='ltr'>καθάρσεως</span> <span class='ocrx_word' id='word_1_588' title='bbox 1336 1616 1378 1642; x_wconf 70' lang='grc' dir='ltr'><strong>ἀεὶ</strong></span> <span class='ocrx_word' id='word_1_589' title='bbox 1389 1616 1507 1650; x_wconf 79' lang='grc' dir='ltr'>βαδίζειν</span> <span class='ocrx_word' id='word_1_590' title='bbox 1519 1618 1621 1648; x_wconf 78' lang='grc' dir='ltr'>ταύτας</span> <span class='ocrx_word' id='word_1_591' title='bbox 1631 1618 1697 1653; x_wconf 80' lang='grc' dir='ltr'>πρὸς</span> <span class='ocrx_word' id='word_1_592' title='bbox 1709 1619 1896 1656; x_wconf 71' lang='grc' dir='ltr'>καθαρότητα,</span> 
     </span>
    </p>
   </div>
   <div class='ocr_carea' id='block_1_88' title="bbox 1106 1661 1896 1702">
    <p class='ocr_par' dir='ltr' id='par_1_88' title="bbox 1106 1661 1896 1702">
     <span class='ocr_line' id='line_1_88' title="bbox 1106 1661 1896 1702; baseline 0.008 -14"><span class='ocrx_word' id='word_1_593' title='bbox 1106 1662 1212 1693; x_wconf 74' lang='grc' dir='ltr'>καὶτὰς</span> <span class='ocrx_word' id='word_1_594' title='bbox 1225 1661 1328 1689; x_wconf 79' lang='grc' dir='ltr'>τούτων</span> <span class='ocrx_word' id='word_1_595' title='bbox 1347 1663 1488 1698; x_wconf 78' lang='grc' dir='ltr'>ἱκετηρὶα;</span> <span class='ocrx_word' id='word_1_596' title='bbox 1505 1663 1545 1695; x_wconf 73' lang='grc' dir='ltr'><strong>εἰς</strong></span> <span class='ocrx_word' id='word_1_597' title='bbox 1574 1661 1632 1692; x_wconf 82' lang='grc' dir='ltr'>ὦτα</span> <span class='ocrx_word' id='word_1_598' title='bbox 1650 1666 1755 1702; x_wconf 76' lang='grc' dir='ltr'>Κυρίου</span> <span class='ocrx_word' id='word_1_599' title='bbox 1779 1667 1896 1694; x_wconf 78' lang='grc' dir='ltr'>Σαϐαὼθ</span> 
     </span>
    </p>
   </div>
   <div class='ocr_carea' id='block_1_89' title="bbox 1105 1708 1897 1749">
    <p class='ocr_par' dir='ltr' id='par_1_89' title="bbox 1105 1708 1897 1749">
     <span class='ocr_line' id='line_1_89' title="bbox 1105 1708 1897 1749; baseline 0.008 -15"><span class='ocrx_word' id='word_1_600' title='bbox 1105 1708 1294 1735; x_wconf 81' lang='grc' dir='ltr'>ἀνατείνεσθαι</span> <span class='ocrx_word' id='word_1_601' title='bbox 1320 1717 1350 1734; x_wconf 84' lang='grc' dir='ltr'><strong>τε</strong></span> <span class='ocrx_word' id='word_1_602' title='bbox 1369 1708 1416 1735; x_wconf 83' lang='grc' dir='ltr'>καὶ</span> <span class='ocrx_word' id='word_1_603' title='bbox 1443 1709 1654 1742; x_wconf 73' lang='grc' dir='ltr'>εἰσοικίζεσθαι·</span> <span class='ocrx_word' id='word_1_604' title='bbox 1671 1714 1718 1739; x_wconf 69' lang='grc' dir='ltr'>καὶ</span> <span class='ocrx_word' id='word_1_605' title='bbox 1732 1712 1817 1744; x_wconf 72' lang='grc' dir='ltr'>οὕτως</span> <span class='ocrx_word' id='word_1_606' title='bbox 1831 1714 1897 1749; x_wconf 72' lang='grc' dir='ltr'>ἡμῖν</span> 
     </span>
    </p>
   </div>
   <div class='ocr_carea' id='block_1_90' title="bbox 1106 1756 1894 1796">
    <p class='ocr_par' dir='ltr' id='par_1_90' title="bbox 1106 1756 1894 1796">
     <span class='ocr_line' id='line_1_90' title="bbox 1106 1756 1894 1796; baseline 0.005 -14"><span class='ocrx_word' id='word_1_607' title='bbox 1106 1756 1211 1783; x_wconf 78' lang='grc' dir='ltr'>ἐκεῖθεν</span> <span class='ocrx_word' id='word_1_608' title='bbox 1229 1756 1343 1791; x_wconf 66' lang='grc' dir='ltr'>ὲφήκειν</span> <span class='ocrx_word' id='word_1_609' title='bbox 1363 1756 1436 1783; x_wconf 76' lang='grc' dir='ltr'>ἆπαν</span> <span class='ocrx_word' id='word_1_610' title='bbox 1460 1757 1474 1783; x_wconf 84' lang='grc' dir='ltr'><strong>ὅ</strong></span> <span class='ocrx_word' id='word_1_611' title='bbox 1491 1766 1517 1783; x_wconf 86' lang='grc' dir='ltr'><strong>τι</strong></span> <span class='ocrx_word' id='word_1_612' title='bbox 1533 1759 1684 1793; x_wconf 61' lang='grc' dir='ltr'>σωτήριον</span> <span class='ocrx_word' id='word_1_613' title='bbox 1701 1761 1734 1794; x_wconf 76' lang='grc' dir='ltr'>τῇ</span> <span class='ocrx_word' id='word_1_614' title='bbox 1761 1760 1894 1796; x_wconf 74' lang='grc' dir='ltr'>ἱερατεὶςι,</span> 
     </span>
    </p>
   </div>
   <div class='ocr_carea' id='block_1_91' title="bbox 1104 1801 1896 1840">
    <p class='ocr_par' dir='ltr' id='par_1_91' title="bbox 1104 1801 1896 1840">
     <span class='ocr_line' id='line_1_91' title="bbox 1104 1801 1896 1840; baseline 0.008 -13"><span class='ocrx_word' id='word_1_615' title='bbox 1104 1804 1136 1837; x_wconf 80' lang='grc' dir='ltr'><strong>τῇ</strong></span> <span class='ocrx_word' id='word_1_616' title='bbox 1154 1801 1287 1838; x_wconf 72' lang='grc' dir='ltr'>βασιλεὶα,</span> <span class='ocrx_word' id='word_1_617' title='bbox 1305 1804 1344 1838; x_wconf 84' lang='grc' dir='ltr'>τῷ</span> <span class='ocrx_word' id='word_1_618' title='bbox 1361 1803 1431 1830; x_wconf 84' lang='grc' dir='ltr'>κατὰ</span> <span class='ocrx_word' id='word_1_619' title='bbox 1446 1803 1565 1839; x_wconf 67' lang='grc' dir='ltr'>Χριστὸν</span> <span class='ocrx_word' id='word_1_620' title='bbox 1583 1804 1764 1840; x_wconf 74' lang='grc' dir='ltr'>πολιτεύματι</span> <span class='ocrx_word' id='word_1_621' title='bbox 1775 1814 1781 1820; x_wconf 94' lang='grc'><strong>·</strong></span> <span class='ocrx_word' id='word_1_622' title='bbox 1799 1807 1838 1838; x_wconf 85' lang='grc' dir='ltr'>ὼς</span> <span class='ocrx_word' id='word_1_623' title='bbox 1853 1807 1896 1833; x_wconf 79' lang='grc' dir='ltr'><strong>ὲν-</strong></span> 
     </span>
    </p>
   </div>
   <div class='ocr_carea' id='block_1_92' title="bbox 1104 1848 1896 1886">
    <p class='ocr_par' dir='ltr' id='par_1_92' title="bbox 1104 1848 1896 1886">
     <span class='ocr_line' id='line_1_92' title="bbox 1104 1848 1896 1886; baseline 0.008 -13"><span class='ocrx_word' id='word_1_624' title='bbox 1104 1848 1200 1874; x_wconf 82' lang='grc' dir='ltr'>τεῦοεν</span> <span class='ocrx_word' id='word_1_625' title='bbox 1219 1849 1266 1874; x_wconf 79' lang='grc' dir='ltr'>καὶ</span> <span class='ocrx_word' id='word_1_626' title='bbox 1288 1849 1334 1875; x_wconf 72' lang='grc' dir='ltr'><strong>τὸν</strong></span> <span class='ocrx_word' id='word_1_627' title='bbox 1351 1849 1396 1875; x_wconf 81' lang='grc' dir='ltr'><strong>τοῦ</strong></span> <span class='ocrx_word' id='word_1_628' title='bbox 1414 1850 1536 1884; x_wconf 77' lang='grc' dir='ltr'>Χριστοῦ</span> <span class='ocrx_word' id='word_1_629' title='bbox 1561 1850 1700 1886; x_wconf 78' lang='grc' dir='ltr'>βασιλείαν</span> <span class='ocrx_word' id='word_1_630' title='bbox 1714 1851 1852 1884; x_wconf 80' lang='grc' dir='ltr'>δίεποντα,</span> <span class='ocrx_word' id='word_1_631' title='bbox 1868 1854 1896 1879; x_wconf 76' lang='grc' dir='ltr'>ἐν</span> 
     </span>
    </p>
   </div>
   <div class='ocr_carea' id='block_1_93' title="bbox 1104 1894 1896 1933">
    <p class='ocr_par' dir='ltr' id='par_1_93' title="bbox 1104 1894 1896 1933">
     <span class='ocr_line' id='line_1_93' title="bbox 1104 1894 1896 1933; baseline 0.008 -14"><span class='ocrx_word' id='word_1_632' title='bbox 1104 1894 1282 1929; x_wconf 77' lang='grc' dir='ltr'>ἀκεραιότητι</span> <span class='ocrx_word' id='word_1_633' title='bbox 1295 1895 1437 1927; x_wconf 76' lang='grc' dir='ltr'>εὐσεϐείας</span> <span class='ocrx_word' id='word_1_634' title='bbox 1457 1895 1563 1922; x_wconf 77' lang='grc' dir='ltr'>διέπειν</span> <span class='ocrx_word' id='word_1_635' title='bbox 1585 1905 1615 1923; x_wconf 74' lang='grc' dir='ltr'><strong>τε</strong></span> <span class='ocrx_word' id='word_1_636' title='bbox 1634 1897 1664 1922; x_wconf 72' lang='grc' dir='ltr'>τὸ</span> <span class='ocrx_word' id='word_1_637' title='bbox 1684 1897 1820 1933; x_wconf 75' lang='grc' dir='ltr'>ὑπήκοον,</span> <span class='ocrx_word' id='word_1_638' title='bbox 1849 1899 1896 1925; x_wconf 77' lang='grc' dir='ltr'>καὶ</span> 
     </span>
    </p>
   </div>
   <div class='ocr_carea' id='block_1_94' title="bbox 1104 1940 1894 1979">
    <p class='ocr_par' dir='ltr' id='par_1_94' title="bbox 1104 1940 1894 1979">
     <span class='ocr_line' id='line_1_94' title="bbox 1104 1940 1894 1979; baseline 0.008 -14"><span class='ocrx_word' id='word_1_639' title='bbox 1104 1940 1218 1976; x_wconf 77' lang='grc' dir='ltr'>εἰρήνην</span> <span class='ocrx_word' id='word_1_640' title='bbox 1236 1940 1275 1976; x_wconf 80' lang='grc' dir='ltr'>τῷ</span> <span class='ocrx_word' id='word_1_641' title='bbox 1292 1941 1386 1976; x_wconf 76' lang='grc' dir='ltr'>κόσμῳ</span> <span class='ocrx_word' id='word_1_642' title='bbox 1401 1941 1449 1968; x_wconf 79' lang='grc' dir='ltr'>καὶ</span> <span class='ocrx_word' id='word_1_643' title='bbox 1462 1942 1623 1969; x_wconf 72' lang='grc' dir='ltr'>εὐστάθειαν</span> <span class='ocrx_word' id='word_1_644' title='bbox 1637 1944 1894 1979; x_wconf 66' lang='grc' dir='ltr'>πραγματεύεσθαι,</span> 
     </span>
    </p>
   </div>
   <div class='ocr_carea' id='block_1_95' title="bbox 1103 1985 1895 2025">
    <p class='ocr_par' dir='ltr' id='par_1_95' title="bbox 1103 1985 1895 2025">
     <span class='ocr_line' id='line_1_95' title="bbox 1103 1985 1895 2025; baseline 0.006 -14"><span class='ocrx_word' id='word_1_645' title='bbox 1103 1985 1132 2011; x_wconf 81' lang='grc' dir='ltr'>ὲν</span> <span class='ocrx_word' id='word_1_646' title='bbox 1146 1985 1240 2017; x_wconf 74' lang='grc' dir='ltr'>καλοῖς</span> <span class='ocrx_word' id='word_1_647' title='bbox 1261 1987 1385 2022; x_wconf 80' lang='grc' dir='ltr'>παγγενῆ</span> <span class='ocrx_word' id='word_1_648' title='bbox 1399 1986 1499 2023; x_wconf 62' lang='grc' dir='ltr'><strong>[Ῑρνεὶ]</strong></span> <span class='ocrx_word' id='word_1_649' title='bbox 1513 1988 1741 2024; x_wconf 77' lang='grc' dir='ltr'>συντηρούμενον,</span> <span class='ocrx_word' id='word_1_650' title='bbox 1758 1989 1806 2016; x_wconf 77' lang='grc' dir='ltr'>καὶ</span> <span class='ocrx_word' id='word_1_651' title='bbox 1828 1990 1895 2025; x_wconf 75' lang='grc' dir='ltr'>βαρ-</span> 
     </span>
    </p>
   </div>
   <div class='ocr_carea' id='block_1_96' title="bbox 1105 2031 1894 2072">
    <p class='ocr_par' dir='ltr' id='par_1_96' title="bbox 1105 2031 1894 2072">
     <span class='ocr_line' id='line_1_96' title="bbox 1105 2031 1894 2072; baseline 0.006 -14"><span class='ocrx_word' id='word_1_652' title='bbox 1105 2031 1206 2067; x_wconf 77' lang='grc' dir='ltr'>ϐάρους</span> <span class='ocrx_word' id='word_1_653' title='bbox 1221 2033 1420 2068; x_wconf 84' lang='grc' dir='ltr'>τροπούμενον,</span> <span class='ocrx_word' id='word_1_654' title='bbox 1436 2034 1493 2061; x_wconf 83' lang='grc' dir='ltr'>ὅσοι</span> <span class='ocrx_word' id='word_1_655' title='bbox 1509 2043 1538 2061; x_wconf 83' lang='grc' dir='ltr'><strong>τε</strong></span> <span class='ocrx_word' id='word_1_656' title='bbox 1551 2035 1653 2070; x_wconf 79' lang='grc' dir='ltr'>ὁρατοὶ,</span> <span class='ocrx_word' id='word_1_657' title='bbox 1671 2035 1718 2062; x_wconf 72' lang='grc' dir='ltr'>καὶ</span> <span class='ocrx_word' id='word_1_658' title='bbox 1734 2036 1792 2062; x_wconf 79' lang='grc' dir='ltr'>ὅσοι</span> <span class='ocrx_word' id='word_1_659' title='bbox 1808 2037 1894 2072; x_wconf 71' lang='grc' dir='ltr'>ἀόρα-</span> 
     </span>
    </p>
   </div>
   <div class='ocr_carea' id='block_1_97' title="bbox 1103 2079 1894 2117">
    <p class='ocr_par' dir='ltr' id='par_1_97' title="bbox 1103 2079 1894 2117">
     <span class='ocr_line' id='line_1_97' title="bbox 1103 2079 1894 2117; baseline 0.006 -13"><span class='ocrx_word' id='word_1_660' title='bbox 1103 2086 1163 2105; x_wconf 70' lang='grc' dir='ltr'>τοιο</span> <span class='ocrx_word' id='word_1_661' title='bbox 1180 2079 1236 2105; x_wconf 85' lang='grc' dir='ltr'>ὅσοι</span> <span class='ocrx_word' id='word_1_662' title='bbox 1263 2088 1292 2106; x_wconf 86' lang='grc' dir='ltr'><strong>τε</strong></span> <span class='ocrx_word' id='word_1_663' title='bbox 1317 2080 1351 2106; x_wconf 75' lang='grc' dir='ltr'>τὰ</span> <span class='ocrx_word' id='word_1_664' title='bbox 1369 2080 1441 2107; x_wconf 86' lang='grc' dir='ltr'>νῶτα</span> <span class='ocrx_word' id='word_1_665' title='bbox 1470 2081 1558 2116; x_wconf 88' lang='grc' dir='ltr'>τούτῳ</span> <span class='ocrx_word' id='word_1_666' title='bbox 1581 2080 1723 2117; x_wconf 82' lang='grc' dir='ltr'>τηροῦσιν,</span> <span class='ocrx_word' id='word_1_667' title='bbox 1747 2083 1804 2109; x_wconf 79' lang='grc' dir='ltr'>ὅσοι</span> <span class='ocrx_word' id='word_1_668' title='bbox 1823 2084 1894 2109; x_wconf 70' lang='grc' dir='ltr'>κατὰ</span> 
     </span>
    </p>
   </div>
   <div class='ocr_carea' id='block_1_98' title="bbox 1103 2124 1895 2164">
    <p class='ocr_par' dir='ltr' id='par_1_98' title="bbox 1103 2124 1895 2164">
     <span class='ocr_line' id='line_1_98' title="bbox 1103 2124 1895 2164; baseline 0.005 -14"><span class='ocrx_word' id='word_1_669' title='bbox 1103 2124 1222 2159; x_wconf 81' lang='grc' dir='ltr'>στέρνων</span> <span class='ocrx_word' id='word_1_670' title='bbox 1235 2125 1330 2152; x_wconf 87' lang='grc' dir='ltr'>τοῦτον</span> <span class='ocrx_word' id='word_1_671' title='bbox 1347 2127 1496 2161; x_wconf 76' lang='grc' dir='ltr'>πειρῶνται</span> <span class='ocrx_word' id='word_1_672' title='bbox 1522 2127 1615 2154; x_wconf 80' lang='grc' dir='ltr'>παίειν</span> <span class='ocrx_word' id='word_1_673' title='bbox 1627 2135 1633 2143; x_wconf 91' lang='grc'>·</span> <span class='ocrx_word' id='word_1_674' title='bbox 1653 2127 1711 2154; x_wconf 83' lang='grc' dir='ltr'>ὅσοι</span> <span class='ocrx_word' id='word_1_675' title='bbox 1736 2136 1766 2154; x_wconf 87' lang='grc' dir='ltr'><strong>τε</strong></span> <span class='ocrx_word' id='word_1_676' title='bbox 1792 2128 1895 2164; x_wconf 80' lang='grc' dir='ltr'>ὑπερό-</span> 
     </span>
    </p>
   </div>
   <div class='ocr_carea' id='block_1_99' title="bbox 1104 2169 1894 2209">
    <p class='ocr_par' dir='ltr' id='par_1_99' title="bbox 1104 2169 1894 2209">
     <span class='ocr_line' id='line_1_99' title="bbox 1104 2169 1894 2209; baseline 0.008 -15"><span class='ocrx_word' id='word_1_677' title='bbox 1104 2177 1167 2204; x_wconf 84' lang='grc' dir='ltr'>ριοι,</span> <span class='ocrx_word' id='word_1_678' title='bbox 1185 2169 1232 2196; x_wconf 73' lang='grc' dir='ltr'>καὶ</span> <span class='ocrx_word' id='word_1_679' title='bbox 1247 2170 1304 2197; x_wconf 81' lang='grc' dir='ltr'>ὅσοι</span> <span class='ocrx_word' id='word_1_680' title='bbox 1317 2170 1482 2206; x_wconf 77' lang='grc' dir='ltr'>αὐθιγενεῖς,</span> <span class='ocrx_word' id='word_1_681' title='bbox 1494 2171 1511 2207; x_wconf 80' lang='grc' dir='ltr'><strong>ἢ</strong></span> <span class='ocrx_word' id='word_1_682' title='bbox 1523 2172 1664 2205; x_wconf 84' lang='grc' dir='ltr'>ὲγκόλπιοι</span> <span class='ocrx_word' id='word_1_683' title='bbox 1678 2172 1766 2207; x_wconf 81' lang='grc' dir='ltr'>τούτῳ</span> <span class='ocrx_word' id='word_1_684' title='bbox 1776 2172 1894 2209; x_wconf 70' lang='grc' dir='ltr'>δρακον-</span> 
     </span>
    </p>
   </div>
   <div class='ocr_carea' id='block_1_100' title="bbox 1102 2216 1659 2253">
    <p class='ocr_par' dir='ltr' id='par_1_100' title="bbox 1102 2216 1659 2253">
     <span class='ocr_line' id='line_1_100' title="bbox 1102 2216 1659 2253; baseline 0.004 -10"><span class='ocrx_word' id='word_1_685' title='bbox 1102 2224 1158 2248; x_wconf 86' lang='grc' dir='ltr'>τες,</span> <span class='ocrx_word' id='word_1_686' title='bbox 1175 2216 1206 2243; x_wconf 84' lang='grc' dir='ltr'>τδ</span> <span class='ocrx_word' id='word_1_687' title='bbox 1220 2217 1386 2244; x_wconf 74' lang='grc' dir='ltr'>ἀπευκταῐὸν</span> <span class='ocrx_word' id='word_1_688' title='bbox 1400 2226 1430 2244; x_wconf 88' lang='grc' dir='ltr'><strong>τε</strong></span> <span class='ocrx_word' id='word_1_689' title='bbox 1443 2219 1490 2245; x_wconf 84' lang='grc' dir='ltr'>καὶ</span> <span class='ocrx_word' id='word_1_690' title='bbox 1502 2218 1659 2253; x_wconf 80' lang='grc' dir='ltr'>ἀπώμοτον.</span> 
     </span>
    </p>
   </div>
   <div class='ocr_carea' id='block_1_101' title="bbox 1138 2262 1891 2300">
    <p class='ocr_par' dir='ltr' id='par_1_101' title="bbox 1138 2262 1891 2300">
     <span class='ocr_line' id='line_1_101' title="bbox 1138 2262 1891 2300; baseline 0.005 -11"><span class='ocrx_word' id='word_1_691' title='bbox 1138 2262 1265 2290; x_wconf 84' lang='grc' dir='ltr'>Τοιοῦτον</span> <span class='ocrx_word' id='word_1_692' title='bbox 1288 2263 1320 2299; x_wconf 87' lang='grc' dir='ltr'><strong>δή</strong></span> <span class='ocrx_word' id='word_1_693' title='bbox 1337 2272 1379 2290; x_wconf 91' lang='grc' dir='ltr'><strong>σοι</strong></span> <span class='ocrx_word' id='word_1_694' title='bbox 1399 2264 1444 2291; x_wconf 74' lang='grc' dir='ltr'><strong>τὸν</strong></span> <span class='ocrx_word' id='word_1_695' title='bbox 1465 2264 1578 2299; x_wconf 81' lang='grc' dir='ltr'>βασιλέα</span> <span class='ocrx_word' id='word_1_696' title='bbox 1593 2265 1663 2300; x_wconf 84' lang='grc' dir='ltr'>μετὰ</span> <span class='ocrx_word' id='word_1_697' title='bbox 1677 2265 1731 2292; x_wconf 84' lang='grc' dir='ltr'><strong>τῶν</strong></span> <span class='ocrx_word' id='word_1_698' title='bbox 1753 2265 1891 2298; x_wconf 58' lang='lat' dir='ltr'><strong>iga-1:06.</strong></span> 
     </span>
    </p>
   </div>
   <div class='ocr_carea' id='block_1_102' title="bbox 1068 2308 1891 2348">
    <p class='ocr_par' dir='ltr' id='par_1_102' title="bbox 1068 2308 1891 2348">
     <span class='ocr_line' id='line_1_102' title="bbox 1068 2308 1891 2348; baseline 0.007 -14"><span class='ocrx_word' id='word_1_699' title='bbox 1068 2317 1088 2344; x_wconf 79' lang='grc' dir='ltr'>ο</span> <span class='ocrx_word' id='word_1_700' title='bbox 1103 2308 1148 2335; x_wconf 74' lang='grc' dir='ltr'><strong>τὸν</strong></span> <span class='ocrx_word' id='word_1_701' title='bbox 1162 2309 1197 2335; x_wconf 75' lang='grc' dir='ltr'>τά</span> <span class='ocrx_word' id='word_1_702' title='bbox 1215 2317 1246 2335; x_wconf 86' lang='grc' dir='ltr'><strong>τε</strong></span> <span class='ocrx_word' id='word_1_703' title='bbox 1272 2309 1352 2342; x_wconf 76' lang='grc' dir='ltr'>ἄλλα,</span> <span class='ocrx_word' id='word_1_704' title='bbox 1368 2310 1415 2336; x_wconf 75' lang='grc' dir='ltr'><strong>καὶ</strong></span> <span class='ocrx_word' id='word_1_705' title='bbox 1431 2311 1496 2346; x_wconf 82' lang='grc' dir='ltr'>περὶ</span> <span class='ocrx_word' id='word_1_706' title='bbox 1515 2310 1564 2346; x_wconf 75' lang='grc' dir='ltr'>τὴν</span> <span class='ocrx_word' id='word_1_707' title='bbox 1580 2312 1709 2347; x_wconf 82' lang='grc' dir='ltr'>ἀπαρχήν</span> <span class='ocrx_word' id='word_1_708' title='bbox 1726 2321 1771 2346; x_wconf 89' lang='grc' dir='ltr'><strong>μοι</strong></span> <span class='ocrx_word' id='word_1_709' title='bbox 1788 2313 1891 2348; x_wconf 76' lang='grc' dir='ltr'>ταύτην</span> 
     </span>
    </p>
   </div>
   <div class='ocr_carea' id='block_1_103' title="bbox 1101 2354 1891 2393">
    <p class='ocr_par' dir='ltr' id='par_1_103' title="bbox 1101 2354 1891 2393">
     <span class='ocr_line' id='line_1_103' title="bbox 1101 2354 1891 2393; baseline 0.006 -13"><span class='ocrx_word' id='word_1_710' title='bbox 1101 2354 1290 2390; x_wconf 81' lang='grc' dir='ltr'>ὁμογνώμονα,</span> <span class='ocrx_word' id='word_1_711' title='bbox 1308 2357 1355 2382; x_wconf 80' lang='grc' dir='ltr'>καὶ</span> <span class='ocrx_word' id='word_1_712' title='bbox 1374 2356 1513 2391; x_wconf 88' lang='grc' dir='ltr'>συνέριθον</span> <span class='ocrx_word' id='word_1_713' title='bbox 1523 2356 1694 2392; x_wconf 78' lang='grc' dir='ltr'>εὐγνώμονα,</span> <span class='ocrx_word' id='word_1_714' title='bbox 1714 2359 1761 2384; x_wconf 79' lang='grc' dir='ltr'><strong>καὶ</strong></span> <span class='ocrx_word' id='word_1_715' title='bbox 1775 2358 1891 2393; x_wconf 74' lang='grc' dir='ltr'>ὁμόδου-</span> 
     </span>
    </p>
   </div>
   <div class='ocr_carea' id='block_1_104' title="bbox 1100 2399 1890 2440">
    <p class='ocr_par' dir='ltr' id='par_1_104' title="bbox 1100 2399 1890 2440">
     <span class='ocr_line' id='line_1_104' title="bbox 1100 2399 1890 2440; baseline 0.005 -13"><span class='ocrx_word' id='word_1_716' title='bbox 1100 2401 1146 2428; x_wconf 88' lang='grc' dir='ltr'><strong>λον</strong></span> <span class='ocrx_word' id='word_1_717' title='bbox 1155 2409 1162 2416; x_wconf 81' lang='grc'>⁶</span> <span class='ocrx_word' id='word_1_718' title='bbox 1178 2402 1192 2427; x_wconf 84' lang='grc' dir='ltr'><strong><em>ὁ</em></strong></span> <span class='ocrx_word' id='word_1_719' title='bbox 1209 2401 1290 2433; x_wconf 71' lang='grc' dir='ltr'>καλὸς</span> <span class='ocrx_word' id='word_1_720' title='bbox 1304 2399 1381 2434; x_wconf 70' lang='grc' dir='ltr'>οὗτος</span> <span class='ocrx_word' id='word_1_721' title='bbox 1392 2403 1439 2438; x_wconf 82' lang='grc' dir='ltr'>τῆς</span> <span class='ocrx_word' id='word_1_722' title='bbox 1450 2402 1566 2438; x_wconf 78' lang='grc' dir='ltr'>ποίμνης</span> <span class='ocrx_word' id='word_1_723' title='bbox 1577 2403 1723 2439; x_wconf 77' lang='grc' dir='ltr'>εὐχόμενος</span> <span class='ocrx_word' id='word_1_724' title='bbox 1735 2404 1839 2438; x_wconf 82' lang='grc' dir='ltr'>ὅμιλος,</span> <span class='ocrx_word' id='word_1_725' title='bbox 1852 2405 1890 2440; x_wconf 82' lang='grc' dir='ltr'><strong>τῷ</strong></span> 
     </span>
    </p>
   </div>
   <div class='ocr_carea' id='block_1_105' title="bbox 1101 2447 1890 2485">
    <p class='ocr_par' dir='ltr' id='par_1_105' title="bbox 1101 2447 1890 2485">
     <span class='ocr_line' id='line_1_105' title="bbox 1101 2447 1890 2485; baseline 0.005 -12"><span class='ocrx_word' id='word_1_726' title='bbox 1101 2447 1172 2474; x_wconf 83' lang='grc' dir='ltr'>κατὰ</span> <span class='ocrx_word' id='word_1_727' title='bbox 1191 2447 1308 2483; x_wconf 69' lang='grc' dir='ltr'>Χριστὸν</span> <span class='ocrx_word' id='word_1_728' title='bbox 1331 2449 1512 2483; x_wconf 77' lang='grc' dir='ltr'>ἐπιμήκιπον</span> <span class='ocrx_word' id='word_1_729' title='bbox 1538 2449 1742 2485; x_wconf 78' lang='grc' dir='ltr'>περισώζεσθαι</span> <span class='ocrx_word' id='word_1_730' title='bbox 1764 2450 1890 2477; x_wconf 77' lang='grc' dir='ltr'>πολιτεύ-</span> 
     </span>
    </p>
   </div>
   <div class='ocr_carea' id='block_1_106' title="bbox 1101 2494 1891 2532">
    <p class='ocr_par' dir='ltr' id='par_1_106' title="bbox 1101 2494 1891 2532">
     <span class='ocr_line' id='line_1_106' title="bbox 1101 2494 1891 2532; baseline 0.004 -13"><span class='ocrx_word' id='word_1_731' title='bbox 1101 2502 1166 2528; x_wconf 87' lang='grc' dir='ltr'>ματι</span> <span class='ocrx_word' id='word_1_732' title='bbox 1176 2501 1182 2508; x_wconf 89' lang='grc'><strong>·</strong></span> <span class='ocrx_word' id='word_1_733' title='bbox 1198 2495 1269 2520; x_wconf 79' lang='grc' dir='ltr'>κατὰ</span> <span class='ocrx_word' id='word_1_734' title='bbox 1291 2494 1368 2527; x_wconf 72' lang='grc' dir='ltr'>λόγον</span> <span class='ocrx_word' id='word_1_735' title='bbox 1381 2495 1466 2530; x_wconf 68' lang='grc' dir='ltr'>δήπου</span> <span class='ocrx_word' id='word_1_736' title='bbox 1480 2495 1589 2527; x_wconf 82' lang='grc' dir='ltr'>πάντως</span> <span class='ocrx_word' id='word_1_737' title='bbox 1599 2495 1649 2531; x_wconf 82' lang='grc' dir='ltr'>τῆς</span> <span class='ocrx_word' id='word_1_738' title='bbox 1666 2496 1717 2531; x_wconf 83' lang='grc' dir='ltr'>σῆς</span> <span class='ocrx_word' id='word_1_739' title='bbox 1730 2497 1891 2532; x_wconf 77' lang='grc' dir='ltr'>ἐπικουρίας</span> 
     </span>
    </p>
   </div>
   <div class='ocr_carea' id='block_1_107' title="bbox 1102 2537 1891 2578">
    <p class='ocr_par' dir='ltr' id='par_1_107' title="bbox 1102 2537 1891 2578">
     <span class='ocr_line' id='line_1_107' title="bbox 1102 2537 1891 2578; baseline 0.006 -15"><span class='ocrx_word' id='word_1_740' title='bbox 1102 2537 1187 2564; x_wconf 76' lang='grc' dir='ltr'>δεῖται</span> <span class='ocrx_word' id='word_1_741' title='bbox 1203 2539 1249 2565; x_wconf 79' lang='grc' dir='ltr'>καὶ</span> <span class='ocrx_word' id='word_1_742' title='bbox 1266 2541 1410 2574; x_wconf 75' lang='grc' dir='ltr'>κραταιᾶς,</span> <span class='ocrx_word' id='word_1_743' title='bbox 1440 2541 1477 2573; x_wconf 84' lang='grc' dir='ltr'>ὠς</span> <span class='ocrx_word' id='word_1_744' title='bbox 1491 2541 1574 2573; x_wconf 79' lang='grc' dir='ltr'>εἰκὸς,</span> <span class='ocrx_word' id='word_1_745' title='bbox 1595 2541 1764 2577; x_wconf 76' lang='grc' dir='ltr'>ἀντιλήψεως</span> <span class='ocrx_word' id='word_1_746' title='bbox 1781 2543 1845 2578; x_wconf 73' lang='grc' dir='ltr'>περὶ</span> <span class='ocrx_word' id='word_1_747' title='bbox 1861 2542 1891 2568; x_wconf 79' lang='grc' dir='ltr'><strong>τὸ</strong></span> 
     </span>
    </p>
   </div>
   <div class='ocr_carea' id='block_1_108' title="bbox 1103 2583 1891 2623">
    <p class='ocr_par' dir='ltr' id='par_1_108' title="bbox 1103 2583 1891 2623">
     <span class='ocr_line' id='line_1_108' title="bbox 1103 2583 1891 2623; baseline 0.005 -13"><span class='ocrx_word' id='word_1_748' title='bbox 1103 2583 1174 2618; x_wconf 85' lang='grc' dir='ltr'>μέγα</span> <span class='ocrx_word' id='word_1_749' title='bbox 1188 2584 1248 2611; x_wconf 80' lang='grc' dir='ltr'>λίαν</span> <span class='ocrx_word' id='word_1_750' title='bbox 1275 2585 1379 2621; x_wconf 81' lang='grc' dir='ltr'>αττημα</span> <span class='ocrx_word' id='word_1_751' title='bbox 1402 2586 1492 2618; x_wconf 81' lang='grc' dir='ltr'>τοῦτο,</span> <span class='ocrx_word' id='word_1_752' title='bbox 1518 2587 1565 2613; x_wconf 80' lang='grc' dir='ltr'>καὶ</span> <span class='ocrx_word' id='word_1_753' title='bbox 1583 2588 1617 2622; x_wconf 88' lang='grc' dir='ltr'><strong>τῇ</strong></span> <span class='ocrx_word' id='word_1_754' title='bbox 1634 2588 1782 2623; x_wconf 83' lang='grc' dir='ltr'>οἰκουμένῃ</span> <span class='ocrx_word' id='word_1_755' title='bbox 1801 2589 1891 2623; x_wconf 84' lang='grc' dir='ltr'>σωτή-</span> 
     </span>
    </p>
   </div>
   <div class='ocr_carea' id='block_1_109' title="bbox 1103 2626 1890 2668">
    <p class='ocr_par' dir='ltr' id='par_1_109' title="bbox 1103 2626 1890 2668">
     <span class='ocr_line' id='line_1_109' title="bbox 1103 2626 1890 2668; baseline 0.008 -14"><span class='ocrx_word' id='word_1_756' title='bbox 1103 2637 1176 2663; x_wconf 87' lang='grc' dir='ltr'>ριον·</span> <span class='ocrx_word' id='word_1_757' title='bbox 1193 2626 1225 2664; x_wconf 78' lang='grc' dir='ltr'>ἦς</span> <span class='ocrx_word' id='word_1_758' title='bbox 1242 2629 1376 2664; x_wconf 73' lang='grc' dir='ltr'>ἀπούσης.</span> <span class='ocrx_word' id='word_1_759' title='bbox 1386 2631 1434 2657; x_wconf 77' lang='grc' dir='ltr'><strong>καὶ</strong></span> <span class='ocrx_word' id='word_1_760' title='bbox 1449 2631 1518 2666; x_wconf 81' lang='grc' dir='ltr'>μηδὲ</span> <span class='ocrx_word' id='word_1_761' title='bbox 1532 2632 1581 2667; x_wconf 82' lang='grc' dir='ltr'>τῆς</span> <span class='ocrx_word' id='word_1_762' title='bbox 1593 2632 1669 2665; x_wconf 81' lang='grc' dir='ltr'>θείας</span> <span class='ocrx_word' id='word_1_763' title='bbox 1686 2633 1774 2668; x_wconf 74' lang='grc' dir='ltr'>ῥοπῆς</span> <span class='ocrx_word' id='word_1_764' title='bbox 1784 2634 1890 2668; x_wconf 76' lang='grc' dir='ltr'>παρού-</span> 
     </span>
    </p>
   </div>
   <div class='ocr_carea' id='block_1_110' title="bbox 1102 2675 1890 2714">
    <p class='ocr_par' dir='ltr' id='par_1_110' title="bbox 1102 2675 1890 2714">
     <span class='ocr_line' id='line_1_110' title="bbox 1102 2675 1890 2714; baseline 0.008 -14"><span class='ocrx_word' id='word_1_765' title='bbox 1102 2683 1162 2710; x_wconf 81' lang='grc' dir='ltr'>σης,</span> <span class='ocrx_word' id='word_1_766' title='bbox 1176 2675 1253 2702; x_wconf 81' lang='grc' dir='ltr'>οὐδὲν</span> <span class='ocrx_word' id='word_1_767' title='bbox 1265 2675 1347 2703; x_wconf 75' lang='grc' dir='ltr'>καλὸν</span> <span class='ocrx_word' id='word_1_768' title='bbox 1360 2676 1449 2703; x_wconf 68' lang='grc' dir='ltr'>οὐδενὶ</span> <span class='ocrx_word' id='word_1_769' title='bbox 1466 2677 1521 2703; x_wconf 85' lang='grc' dir='ltr'>τῶν</span> <span class='ocrx_word' id='word_1_770' title='bbox 1538 2678 1666 2706; x_wconf 82' lang='grc' dir='ltr'>ἁπάντων</span> <span class='ocrx_word' id='word_1_771' title='bbox 1678 2678 1827 2714; x_wconf 79' lang='grc' dir='ltr'>κατορθοῦν</span> <span class='ocrx_word' id='word_1_772' title='bbox 1843 2680 1890 2706; x_wconf 78' lang='grc' dir='ltr'><strong>εὑ-</strong></span> 
     </span>
    </p>
   </div>
   <div class='ocr_carea' id='block_1_111' title="bbox 1099 2721 1190 2752">
    <p class='ocr_par' dir='ltr' id='par_1_111' title="bbox 1099 2721 1190 2752">
     <span class='ocr_line' id='line_1_111' title="bbox 1099 2721 1190 2752; baseline 0.022 -6"><span class='ocrx_word' id='word_1_773' title='bbox 1099 2721 1190 2752; x_wconf 79' lang='grc' dir='ltr'>πετὲς.</span> 
     </span>
    </p>
   </div>
   <div class='ocr_carea' id='block_1_112' title="bbox 1132 2767 1890 2807">
    <p class='ocr_par' dir='ltr' id='par_1_112' title="bbox 1132 2767 1890 2807">
     <span class='ocr_line' id='line_1_112' title="bbox 1132 2767 1890 2807; baseline 0.007 -13"><span class='ocrx_word' id='word_1_774' title='bbox 1132 2767 1251 2795; x_wconf 74' lang='grc' dir='ltr'>Τοιαῦτα</span> <span class='ocrx_word' id='word_1_775' title='bbox 1267 2777 1307 2794; x_wconf 84' lang='grc' dir='ltr'><strong>σοι</strong></span> <span class='ocrx_word' id='word_1_776' title='bbox 1327 2768 1362 2794; x_wconf 82' lang='grc' dir='ltr'><strong>τὰ</strong></span> <span class='ocrx_word' id='word_1_777' title='bbox 1378 2769 1443 2805; x_wconf 80' lang='grc' dir='ltr'>παρ’</span> <span class='ocrx_word' id='word_1_778' title='bbox 1460 2769 1549 2804; x_wconf 80' lang='grc' dir='ltr'>ἡμῶν,</span> <span class='ocrx_word' id='word_1_779' title='bbox 1566 2768 1588 2797; x_wconf 82' lang='grc' dir='ltr'>ὦ</span> <span class='ocrx_word' id='word_1_780' title='bbox 1608 2771 1760 2807; x_wconf 82' lang='grc' dir='ltr'>Θεομῆτορ,</span> <span class='ocrx_word' id='word_1_781' title='bbox 1776 2771 1890 2806; x_wconf 72' lang='grc' dir='ltr'>ἁπάσης</span> 
     </span>
    </p>
   </div>
   <div class='ocr_carea' id='block_1_113' title="bbox 1098 2813 1892 2852">
    <p class='ocr_par' dir='ltr' id='par_1_113' title="bbox 1098 2813 1892 2852">
     <span class='ocr_line' id='line_1_113' title="bbox 1098 2813 1892 2852; baseline 0.006 -13"><span class='ocrx_word' id='word_1_782' title='bbox 1098 2813 1214 2845; x_wconf 78' lang='grc' dir='ltr'>κτίσεως</span> <span class='ocrx_word' id='word_1_783' title='bbox 1229 2814 1377 2847; x_wconf 76' lang='grc' dir='ltr'>Δέσποινα,</span> <span class='ocrx_word' id='word_1_784' title='bbox 1399 2815 1445 2841; x_wconf 78' lang='grc' dir='ltr'>ὲττί</span> <span class='ocrx_word' id='word_1_785' title='bbox 1462 2823 1490 2842; x_wconf 85' lang='grc' dir='ltr'><strong>τε</strong></span> <span class='ocrx_word' id='word_1_786' title='bbox 1508 2817 1564 2848; x_wconf 85' lang='grc' dir='ltr'><strong>τοίς</strong></span> <span class='ocrx_word' id='word_1_787' title='bbox 1580 2817 1794 2852; x_wconf 73' lang='grc' dir='ltr'>παρεληλυθόσιν</span> <span class='ocrx_word' id='word_1_788' title='bbox 1807 2819 1892 2852; x_wconf 81' lang='grc' dir='ltr'>εὐχα-</span> 
     </span>
    </p>
   </div>
   <div class='ocr_carea' id='block_1_114' title="bbox 1098 2859 1891 2900">
    <p class='ocr_par' dir='ltr' id='par_1_114' title="bbox 1098 2859 1891 2900">
     <span class='ocr_line' id='line_1_114' title="bbox 1098 2859 1891 2900; baseline 0.008 -15"><span class='ocrx_word' id='word_1_789' title='bbox 1098 2859 1238 2895; x_wconf 86' lang='grc' dir='ltr'>ριστὴρια,</span> <span class='ocrx_word' id='word_1_790' title='bbox 1268 2860 1313 2887; x_wconf 83' lang='grc' dir='ltr'>ὲπί</span> <span class='ocrx_word' id='word_1_791' title='bbox 1343 2869 1373 2887; x_wconf 83' lang='grc' dir='ltr'><strong>τε</strong></span> <span class='ocrx_word' id='word_1_792' title='bbox 1404 2862 1459 2893; x_wconf 83' lang='grc' dir='ltr'>τοῖς</span> <span class='ocrx_word' id='word_1_793' title='bbox 1493 2863 1636 2897; x_wconf 79' lang='grc' dir='ltr'>μέλλουσιν</span> <span class='ocrx_word' id='word_1_794' title='bbox 1666 2864 1799 2900; x_wconf 73' lang='grc' dir='ltr'>ἱκετήρια.</span> <span class='ocrx_word' id='word_1_795' title='bbox 1830 2865 1891 2891; x_wconf 77' lang='grc' dir='ltr'><strong>Καὶ</strong></span> 
     </span>
    </p>
   </div>
   <div class='ocr_carea' id='block_1_115' title="bbox 589 2913 1884 2954">
    <p class='ocr_par' dir='ltr' id='par_1_115' title="bbox 589 2913 1884 2954">
     <span class='ocr_line' id='line_1_115' title="bbox 589 2913 1884 2954; baseline 0.008 -15"><span class='ocrx_word' id='word_1_796' title='bbox 589 2913 609 2928; x_wconf 80' lang='grc'><strong>¹⁰</strong></span> <span class='ocrx_word' id='word_1_797' title='bbox 624 2913 696 2954; x_wconf 31' lang='lat' dir='ltr'><strong>Pupil.</strong></span> <span class='ocrx_word' id='word_1_798' title='bbox 714 2913 834 2954; x_wconf 43' lang='grc' dir='ltr'>σενι-νζ.</span> <span class='ocrx_word' id='word_1_799' title='bbox 874 2914 893 2929; x_wconf 87' lang='grc'><strong>¹¹</strong></span> <span class='ocrx_word' id='word_1_800' title='bbox 908 2913 979 2954; x_wconf 62' lang='lat' dir='ltr'><strong>[:sal.</strong></span> <span class='ocrx_word' id='word_1_801' title='bbox 999 2922 1090 2949; x_wconf 77' lang='lat' dir='ltr'><strong>cxvni,</strong></span> <span class='ocrx_word' id='word_1_802' title='bbox 1110 2915 1170 2944; x_wconf 82' lang='lat' dir='ltr'><strong>l6l.</strong></span> <span class='ocrx_word' id='word_1_803' title='bbox 1209 2916 1314 2946; x_wconf 81' lang='lat' dir='ltr'><strong>&quot;Psal.</strong></span> <span class='ocrx_word' id='word_1_804' title='bbox 1336 2925 1397 2951; x_wconf 78' lang='lat' dir='ltr'><strong>tu,</strong></span> <span class='ocrx_word' id='word_1_805' title='bbox 1410 2917 1436 2945; x_wconf 85' lang='lat'><strong>8.</strong></span> <span class='ocrx_word' id='word_1_806' title='bbox 1476 2919 1498 2935; x_wconf 85' lang='grc'><strong>¹³</strong></span> <span class='ocrx_word' id='word_1_807' title='bbox 1515 2919 1588 2948; x_wconf 82' lang='lat' dir='ltr'><strong>Psal.</strong></span> <span class='ocrx_word' id='word_1_808' title='bbox 1607 2921 1746 2954; x_wconf 54' lang='lat' dir='ltr'><strong>cxunﬂ.</strong></span> <span class='ocrx_word' id='word_1_809' title='bbox 1767 2920 1790 2936; x_wconf 78' lang='lat'>“</span> <span class='ocrx_word' id='word_1_810' title='bbox 1804 2921 1884 2950; x_wconf 82' lang='lat' dir='ltr'><strong>Psal.</strong></span> 
     </span>
    </p>
   </div>
  </div>
