2023 3164
223 214 294 249 100⁵1

858 213 999 243 IRENES
1018 213 1205 244 AUGUSTE

1780 217 1845 250 1008

222 273 324 301 labitur
352 276 421 301 inter
445 278 566 306 prmsens
594 271 712 305 typicum
734 277 836 302 memn,
862 275 889 297 et
910 269 1007 305 Supre-

1062 270 1170 302 ἐξέσται
1187 280 1244 306 μοι,
1271 271 1316 298 καὶ
1330 272 1445 306 οὐδεμία
1467 273 1583 309 διαφορὰ
1601 273 1791 310 λογισθήσεται
1810 278 1846 310 τῷ

221 327 292 346 mam
318 326 405 346 meam
431 318 610 348 voluntatem,
640 321 776 350 quatenus
796 324 873 350 aeque
894 315 1007 343 ﬁrmiter

220 370 292 392 stent
322 372 382 399 quae
397 372 445 398 per
469 363 549 389 ambo
573 363 616 389 illa
633 362 666 393 de
695 363 778 389 rebus
798 362 958 389 monasterii
972 361 1006 388 ab

222 409 338 444 imperio
351 416 412 436 meo
441 408 550 435 decreta
578 407 701 434 fuerint:
718 407 770 435 nisi
786 408 856 434 forte
882 407 1006 442 quaadam

220 462 316 481 eorum
335 461 395 488 qua:
408 453 453 480 hic
466 453 602 487 descripta
618 459 693 486 sunt,
709 457 739 480 ut
761 453 866 481 dictum
883 458 936 485 est,
957 461 1006 489 per

221 504 414 527 testamentum
435 507 525 527 meum
539 499 618 526 irrita
635 499 740 527 ﬁerent.

255 591 312 618 lloc
327 596 416 618 tamen
436 594 568 625 praetextu
587 598 641 618 non
655 589 738 617 debet
749 590 882 625 quaapiam
899 597 1005 623 earum,

219 637 319 673 quibus
334 646 348 664 a
368 637 510 672 majestate
538 643 598 663 mea
625 643 787 663 concessum
808 635 891 663 fuerit
912 644 1007 663 mona-

219 682 532 717 steriipatroeinium,in
548 681 666 716 aliquam
682 681 840 709 monasterii
855 689 910 708 rem
926 687 1005 716 pote—

221 734 318 757 statem
334 730 386 756 sibi
399 736 538 763 arrogare,
553 728 595 755 vel
614 727 763 763 quidquam
793 728 820 754 in
837 728 890 755 hoc
916 730 1006 764 typico

219 775 363 803 deﬁnitum
376 773 544 805 adulterare,
572 777 620 799 aut
639 772 794 808 praelectam
810 780 948 803 amovere,
963 773 1005 800 vel

221 821 353 849 moniales
374 820 529 851 admittere,
541 827 588 846 seu
600 826 649 853 pro
667 819 747 846 libito
775 819 949 846 introducere
964 820 1006 846 vel

220 869 332 903 ejicere,
354 872 401 894 aut
420 874 453 893 ex
476 866 640 901 quibusdam
664 866 789 894 consiliis
811 866 897 900 ipsam
915 866 1008 901 prazfe-

221 917 304 944 ctam,
320 912 377 939 sive
394 918 577 942 (economum,
594 910 651 937 sive
669 910 788 944 aliquam
806 917 822 936 e
842 910 1006 937 monialibus

1062 317 1177 352 παρόντι
1192 326 1243 352 μου
1259 317 1366 351 τυπικῷ
1383 318 1450 353 πρὸς
1466 319 1514 353 τὴν
1535 319 1693 347 τελευταίαν
1710 329 1760 354 μου
1786 322 1840 355 βού-

1060 363 1147 399 λησιν,
1163 365 1225 391 ὅσον
1241 365 1280 397 εὶς
1296 366 1325 391 τὸ
1342 366 1439 400 ἐπίσης
1453 369 1564 402 κρατεῖν
1581 368 1699 403 ἰσχυρῶς
1710 369 1797 395 πάντα
1815 370 1846 395 τὶ

1060 409 1093 436 δι’
1111 410 1275 444 ἀμφοτέρων
1291 411 1336 437 ἐπὶ
1352 413 1408 443 τοῖς
1432 412 1479 446 τῆς
1494 414 1578 447 μονῆς
1603 415 1636 449 τῇ
1653 414 1778 450 βασιλείᾳ
1797 425 1846 450 μου

1060 456 1191 490 δόξαντα’
1215 459 1239 483 εἰ
1255 458 1291 492 μή
1311 458 1362 484 πού
1381 466 1440 484 τινα
1464 459 1518 484 τῶν
1541 459 1666 485 ἐνταυθοῖ
1687 462 1847 495 γεγραμμέ-

1061 512 1124 535 νων,
1142 504 1179 534 ὠς
1194 503 1313 539 εἴρηται,
1329 504 1426 539 σχολὴν
1441 504 1494 531 ἀπὸ
1512 506 1561 540 τῆς
1582 505 1715 540 διαθήκης
1733 515 1786 541 μου
1802 507 1846 534 δὲ-

1061 549 1160 581 ξονται.

1096 594 1135 629 Τῇ
1154 595 1288 630 προφάσει
1305 595 1331 622 δὲ
1348 596 1434 632 ταύτῃ
1456 597 1506 623 οὐκ
1532 597 1632 631 ὀφείλει
1657 607 1700 630 τις
1724 599 1780 626 τῶν
1805 597 1847 632 αἷς

1061 641 1309 676 ἀντιλαμϐάνεσθαι
1322 642 1370 676 τῆς
1389 642 1472 676 μονῆς
1489 644 1564 678 παρὰ
1580 644 1629 678 τῆς
1646 644 1784 678 βασιλείας
1797 655 1847 680 μου

1060 686 1260 722 ὲγκεχώρηται,
1285 687 1454 720 ἑξουσιάζειν
1482 690 1554 720 τινος
1581 689 1637 715 τῶν
1661 692 1690 716 ἐν
1715 692 1796 726 αὐτῇ.
1818 693 1847 718 οὐ

1061 736 1285 768 παραχαράττειν
1296 744 1321 761 τι
1336 734 1390 761 τῶν
1406 737 1435 761 ἐν
1451 735 1490 770 τῷ
1506 737 1620 770 παρόντι
1636 738 1743 772 τυπικῷ
1756 739 1847 773 διωρι-

1061 780 1176 814 σμένων,
1193 780 1224 806 οὺ
1252 780 1300 815 τὴν
1326 781 1482 816 ἡγουμένην
1499 781 1641 816 μεθιστᾷν,
1671 783 1701 808 οὺ
1728 785 1848 818 μοναχὰς

1061 827 1253 857 κατατάττειν.
1278 828 1327 854 οὐκ
1342 828 1474 861 εἰσάγειν,
1491 829 1540 855 οὐκ
1563 829 1681 863 ἐξάγειν,
1702 831 1753 856 οὐκ
1774 832 1849 858 ἐκλο-

1061 874 1169 907 γισμοίς
1179 881 1249 899 τισιν
1267 873 1434 905 ὑποτιθέναι,
1453 875 1469 909 ἢ
1485 874 1569 910 αὐτὴν
1584 875 1632 910 τὴν
1647 877 1815 912 ἡγουμένην,
1831 878 1847 913 ἦ

1060 918 1106 944 τὸν
1133 919 1285 954 οἰκονόμον,
1309 920 1326 954 ἦ
1353 928 1414 946 τινα¹
1439 929 1492 946 των
1522 922 1709 954 μοναζουσῶν,
1737 924 1784 956 ἐφ’
1810 921 1848 954 οἷς

221 960 248 986 in
266 959 299 985 iis
317 965 433 992 quarum
461 964 554 984 curam
569 961 597 983 et
613 956 882 984 administrationem
897 961 1007 991 gerunt,

1062 962 1191 990 διοικοῦσι
1204 973 1233 990 τε
1250 965 1296 990 καὶ
1309 965 1500 1000 προνοοῦνται,
1516 967 1546 992 οὺ
1556 967 1609 993 τῶν
1625 967 1849 1002 είσοδιαζομένων

221 1005 272 1032 sibi
289 1003 426 1038 subjicere
439 1023 446 1035 ,
463 1007 511 1030 aut
530 1003 666 1030 redituum
689 1006 717 1029 ct
731 1002 915 1037 impensarum
936 1002 1008 1029 noti-

223 1052 286 1078 tiam
315 1050 474 1085 postulare:
496 1057 548 1077 nec
570 1049 732 1085 quidlibete
759 1050 925 1077 monasterio
955 1049 1007 1077 sibi

221 1104 330 1124 sumere
345 1096 500 1127 conabitur,
517 1103 567 1123 nec
578 1095 729 1130 quidquam
745 1095 772 1122 in
783 1102 826 1122 res
838 1103 902 1123 suas
917 1099 1007 1123 trans-

221 1143 304 1175 ferre,
323 1141 364 1169 vel
381 1141 414 1168 de
431 1149 464 1168 eo
489 1141 636 1176 disponere
652 1141 835 1177 aggredictur.
862 1141 928 1168 Nam
950 1149 1009 1168 mo-

222 1189 334 1215 nasterii
350 1188 528 1222 omniumque
552 1195 643 1215 rerum
660 1188 720 1222 ejus
741 1187 1008 1215 administrationem

222 1234 272 1269 ipsi
287 1233 422 1268 praelecta;
438 1237 466 1261 et
482 1233 648 1260 monialibus
674 1233 901 1267 imperturbatum
930 1241 1008 1260 com-

222 1279 368 1310 mittimus,
385 1283 415 1305 ut
429 1279 455 1305 in
469 1278 560 1314 typico
579 1277 745 1304 declaratur.
755 1277 811 1304 Hac
829 1276 903 1304 enim
918 1278 1008 1305 solum

222 1325 256 1352 dc
282 1332 364 1352 causa
390 1323 535 1359 praedictas
561 1323 730 1350 monasterio
771 1323 949 1357 imponimus,
980 1328 1010 1350 ut

223 1373 312 1407 ipsum
337 1379 400 1399 cum
424 1370 504 1398 bonis
534 1370 591 1398 suis
618 1374 783 1397 conservent
805 1374 833 1397 et
856 1375 1009 1405 protegant,

223 1419 387 1445 altercantes
403 1415 535 1444 moniales
546 1415 572 1442 in
586 1422 681 1450 pacem
705 1419 796 1450 agant,
810 1415 925 1449 illosque
945 1415 1009 1442 abs-

224 1468 346 1492 terreant
368 1463 415 1498 qui
432 1463 495 1498 jura
520 1461 678 1489 monasterii
707 1469 850 1496 usurpare,
868 1466 916 1488 aut
931 1461 1010 1495 quid-

222 1509 294 1544 piam
311 1509 362 1537 lioc
384 1509 473 1544 typico
495 1507 630 1535 sancitum
653 1506 812 1534 rescindere
830 1506 939 1533 vellent.
956 1505 1010 1533 Sed

223 1555 291 1582 satis
307 1554 411 1581 habere
428 1555 539 1586 debent,
568 1553 633 1580 dum
656 1553 780 1588 quotidie
804 1553 832 1579 in
845 1552 1010 1579 monasterio

225 1599 357 1628 memoria
369 1607 464 1627 earum
481 1599 537 1632 ﬁat,
555 1602 656 1633 etpost
673 1598 779 1625 obitum
800 1598 828 1624 in
851 1597 939 1625 sacris
948 1597 1010 1632 dip-

225 1645 315 1681 tyehis
337 1644 540 1672 describantur.

259 1692 393 1719 Volumus
405 1691 478 1718 enim
493 1698 617 1726 praesens
638 1690 758 1726 typicum
775 1689 888 1717 omnino
900 1689 1008 1717 ﬁrmum

224 1738 441 1772 inviolatumque
464 1744 572 1772 semper
595 1736 696 1771 vigere,
724 1740 752 1762 et
780 1743 870 1770 neque
905 1735 1010 1762 addita-

224 1788 357 1816 mentum,
369 1784 410 1810 vel
428 1783 624 1810 detractionem
637 1785 684 1808 aut
698 1781 876 1808 mutationem
908 1781 1010 1808 admit-

224 1835 293 1857 tere.
320 1829 465 1864 Nunquam
494 1828 567 1856 enim
594 1827 733 1862 quidpiam
750 1827 778 1854 in
793 1834 826 1853 eo
842 1826 1008 1854 declaratum

224 1880 272 1903 aut
286 1875 481 1903 declarandum
502 1874 685 1906 rcscindetur,
703 1881 754 1901 nec
769 1873 850 1900 modo
862 1879 910 1900 aut
922 1874 1011 1900 varie-

224 1927 279 1950 tate
295 1922 391 1957 quavis
405 1929 420 1949 a
436 1928 611 1956 quocunque,
627 1920 670 1947 vel
689 1920 771 1947 unico
798 1920 928 1955 temporis
949 1927 1010 1947 mo-

225 1973 327 2001 mento,
356 1967 510 1999 aﬂicietur,
539 1967 646 1994 etiamsi
676 1966 762 1993 multo
792 1965 922 1992 meliores
947 1972 1010 1992 san-

223 2015 340 2047 ctiones,
357 2018 385 2041 et
399 2013 556 2041 domestica:
574 2012 615 2040 rei
637 2011 764 2047 gerenda:
786 2011 1009 2044 constitutiones,

223 2060 280 2087 sive
291 2059 325 2086 ab
345 2059 403 2092 ipsa
418 2059 554 2093 pmlecta,
568 2057 626 2085 sive
641 2057 822 2084 amonasterii
841 2061 956 2091 patrona
977 2057 1006 2084 in

225 2105 419 2132 monasterium
430 2104 636 2135 inducerentur,
650 2102 751 2138 quibus
763 2103 846 2129 etiam
860 2102 1009 2129 maximum

224 2152 283 2186 ejus
305 2151 496 2184 bonorumque
522 2148 609 2184 ipsius
635 2151 825 2183 augmentum,
857 2152 886 2175 et
912 2147 1010 2175 melior

225 2204 316 2223 rerum
331 2200 419 2223 status
445 2198 662 2230 exspectaretur.

519 2260 634 2289 CAPUT
663 2260 708 2289 IV.

224 2321 358 2355 Quomodo
368 2319 393 2346 in
408 2320 567 2346 monasterio
575 2320 675 2346 versari
686 2318 795 2345 debeant
808 2323 895 2355 neptes
905 2325 1005 2347 nostra:

257 2365 323 2392 quas
346 2355 480 2392 detonderi
495 2355 637 2389 continget.
653 2354 801 2392 quibusque
811 2354 838 2380 in
854 2353 1009 2392 illonegere

257 2388 420 2421 concedetur.
447 2397 545 2416 necnon
560 2388 619 2425 quia!
638 2388 669 2417 ea:
694 2388 801 2416 duriori
825 2393 850 2415 et
870 2388 1008 2424 splendida

257 2429 310 2454 vita
335 2426 369 2453 ad
389 2425 435 2452 hoc
457 2424 644 2453 monasterium
664 2424 826 2456 accedentes,
851 2425 880 2450 in
905 2433 935 2452 eo
953 2431 1011 2453 lon-

256 2463 362 2489 dentur.

258 2520 286 2547 Si
299 2527 361 2555 quze
380 2527 412 2546 ex
433 2518 542 2545 ﬁliabus
561 2518 667 2545 dilectae
682 2525 750 2544 meze
768 2517 1009 2553 porphyrogcnita'.

223 2568 331 2594 domnae
352 2566 447 2598 Anum,
466 2569 513 2592 aut
539 2564 647 2592 dilectae
677 2570 744 2591 mea:
769 2563 1009 2598 porphyrogenitaz

221 2614 327 2641 domna:
343 2611 443 2643 Mariae,
463 2611 491 2638 in
507 2610 559 2638 hoc
573 2610 739 2637 monasterio
755 2609 909 2636 mundanas
921 2608 1008 2643 capil-

221 2661 262 2688 los
281 2666 345 2686 suos
369 2656 513 2685 detonderi
529 2655 668 2688 voluerit,
685 2655 726 2682 vel
748 2655 831 2682 etiam
849 2655 884 2682 ab
911 2654 945 2681 iis
962 2654 1009 2688 qui

221 2706 288 2734 l'oris
309 2708 373 2732 sunt
397 2703 511 2730 detonsa
527 2701 685 2733 accesserit,
706 2701 874 2728 admittenda
891 2700 1009 2727 erit..Et

222 2751 369 2787 siquidem
384 2749 474 2777 eidem
492 2747 602 2775 vivendi
633 2747 728 2774 forma:
757 2752 786 2774 et
810 2747 909 2782 regulae
935 2752 1008 2774 stare

222 2797 348 2828 voluerit,
363 2797 399 2824 ita
415 2799 445 2822 ut
462 2795 489 2822 in
514 2793 670 2827 disciplina,
685 2793 712 2819 iu
736 2793 824 2820 vietus
842 2792 959 2825 ratione,
980 2792 1007 2819 in

222 2843 400 2874 habitatione,
417 2842 444 2868 in
462 2840 590 2868 universo
607 2838 725 2873 denique
742 2838 796 2865 alio
812 2839 1006 2866 monacbarum

222 2889 248 2915 in
264 2896 297 2915 eo
318 2887 487 2914 versantium
513 2884 651 2916 instituto,
681 2883 751 2911 nihil
779 2885 928 2916 diversum,
945 2889 972 2910 ct
989 2891 1003 2910 a

222 2939 382 2962 ea'terarum
401 2932 559 2959 monialium
577 2931 783 2958 conversatione
796 2930 914 2967 alienum
929 2930 1008 2957 exhi-

1059 1015 1089 1035 τε
1106 1010 1152 1036 καὶ
1169 1009 1383 1045 ἐξοδιαζομένων
1396 1011 1500 1046 εἴδησιν
1514 1013 1651 1043 ἀπαιτεῖν.
1665 1014 1681 1048 ἢ
1698 1014 1849 1049 λαμεάνειν

1059 1064 1085 1082 τι
1100 1056 1153 1082 ἀπὸ
1172 1056 1222 1091 τῆς
1249 1057 1332 1092 μονῆς
1350 1058 1380 1084 τὸ
1396 1057 1507 1084 σύνολον
1532 1060 1692 1094 ἐπιχειρεῖν,
1720 1061 1735 1095 ἢ
1758 1062 1850 1094 νοσφί-

1060 1101 1198 1133 ζεσθαιτὺ
1220 1103 1333 1136 οἱονοῦν,
1360 1103 1376 1139 ῆ
1399 1104 1590 1132 διατάττεσθαι
1611 1107 1774 1141 ἐπιχειρεῖν.
1797 1108 1849 1142 Τὴν

1059 1146 1114 1181 γὰρ
1131 1147 1265 1182 διοίκησιν
1280 1148 1330 1182 τ’ἠς
1347 1150 1441 1184 μονῆς,
1469 1150 1517 1176 καὶ
1537 1151 1591 1176 τῶν
1607 1151 1653 1177 ὑπ’
1676 1153 1764 1186 αὐτὴν
1784 1154 1850 1179 πάι-

1059 1200 1123 1225 των,
1136 1193 1349 1228 ἀπερικλὸνητον
1365 1194 1548 1229 ἁνατιθέειμεν
1559 1196 1629 1230 αὐτῇ
1640 1197 1673 1230 τῇ
1687 1197 1850 1233 προεστώση

1062 1238 1110 1264 καὶ
1125 1239 1185 1270 ταῖς
1197 1241 1339 1274 μοναχαϊς,
1353 1241 1423 1266 κατὰ
1435 1241 1484 1274 τὴν
1495 1240 1543 1267 τοῦ
1556 1241 1675 1267 τυπικοῦ
1691 1242 1848 1276 περίληψιν.

1066 1284 1129 1310 Ἐπὶ
1155 1284 1182 1311 δὲ
1211 1285 1300 1320 τούτῳ
1324 1286 1396 1321 μ’ἱνῳ
1417 1286 1465 1317 τὰς
1494 1286 1624 1322 ῥηθείσας
1645 1287 1804 1322 ἑφιστῶμεν
1819 1291 1848 1323 τῇ

1062 1330 1141 1364 μονῇ,
1158 1330 1204 1356 ἐπὶ
1220 1330 1259 1365 τῷ
1279 1333 1440 1365 συγκροτεῖν
1455 1340 1484 1357 τε
1501 1332 1548 1358 καὶ
1565 1332 1707 1367 περιέπειν
1721 1334 1809 1368 αὐτήν
1824 1343 1850 1359 τε

1061 1376 1109 1402 καὶ
1123 1376 1157 1402 τὰ
1182 1376 1228 1402 ὑπ’
1248 1376 1349 1411 αὐτήν·
1372 1377 1419 1403 καὶ
1444 1378 1694 1413 σκανδκλιζομένας
1711 1380 1780 1411 ἴσως
1803 1381 1851 1410 τὰς

1062 1421 1181 1456 μοναχὰς
1197 1422 1358 1457 εἰρηνεύειν,
1389 1423 1436 1449 καὶ
1454 1424 1602 1450 ἀποσοϐεῖν
1628 1425 1689 1456 τοὺς
1708 1425 1850 1456 ἐθέλοντας

1060 1468 1116 1498 τοῖς
1128 1468 1177 1501 τῆς
1191 1469 1274 1501 μονῆς
1290 1468 1469 1502 ὲπεμόαίνειν
1483 1469 1598 1500 δικαίοις
1608 1477 1616 1485 ⁸
1634 1469 1649 1505 ἢ
1662 1471 1852 1505 παραθραύειν

1060 1519 1087 1538 τι
1102 1511 1157 1537 τῶν
1173 1512 1202 1537 ἑν
1216 1512 1254 1546 τῷ
1272 1513 1385 1547 παρόντι
1403 1514 1513 1548 τυπικῷ
1535 1513 1767 1549 διηγορευμένων.
1790 1517 1846 1551 Ἀρ-

1061 1558 1136 1584 κέσει
1156 1557 1184 1584 δὲ
1209 1558 1304 1589 αὑταῖς
1319 1558 1350 1584 τὸ
1377 1559 1597 1594 μνημονεύεσθαι
1623 1560 1704 1594 μόνον
1730 1562 1848 1588 καθεκά-

1063 1611 1129 1637 στην
1156 1603 1185 1629 ὲν
1209 1604 1242 1638 τῇ
1267 1605 1346 1639 μονῇ,
1373 1605 1420 1630 καὶ
1447 1605 1516 1640 μετὰ
1543 1605 1658 1632 θάνατον
1685 1609 1740 1638 τοῖς
1769 1608 1849 1642 ἱεροῖς

1063 1647 1202 1683 διπτύχοις
1219 1649 1382 1683 γράφεσθαι.

1097 1693 1134 1720 Τὸ
1150 1694 1204 1729 γὰρ
1220 1694 1306 1729 παρὸν
1322 1695 1401 1729 ὴμῶν
1425 1695 1541 1722 τυπιχδν
1557 1695 1712 1732 βουλόμεθα
1733 1696 1807 1732 ἔχειν
1822 1698 1851 1724 τὸ

1063 1739 1163 1773 κράτος
1175 1740 1322 1776 ἀκλόνητόν
1333 1749 1362 1767 τε
1372 1742 1418 1768 καὶ
1430 1741 1629 1777 ἀπαράτρωτον
1640 1742 1721 1778 μέχρι
1738 1744 1849 1776 παντὸς,

1065 1786 1102 1821 μὴ
1117 1786 1277 1822 προσθήκην
1304 1788 1365 1813 τινὰ
1390 1787 1544 1822 δεχόμενον,
1570 1789 1607 1823 μὴ
1632 1790 1791 1824 ἀφαίρεσιν,
1812 1792 1848 1824 μὴ

1065 1834 1253 1867 μεταποίησιν.
1270 1832 1404 1859 Οὐδέποτε
1427 1834 1480 1869 γάρ
1498 1842 1524 1860 τι
1542 1835 1596 1860 τῶν
1609 1835 1638 1860 ὲν
1653 1835 1739 1870 τούτῳ
1756 1836 1850 1871 διηγοο

1065 1878 1205 1914 ρευμένων
1226 1879 1274 1905 καὶ
1298 1879 1590 1914 διαγορευθησομένων
1608 1880 1849 1916 παριὸαθήσεται,

1064 1924 1081 1959 ἡ
1098 1933 1159 1952 τινα
1178 1925 1289 1960 τρόπον,
1309 1925 1326 1960 ἢ
1351 1925 1531 1960 μεταποίησιν
1554 1925 1659 1957 δέξεται
1681 1926 1746 1961 παρ’
1776 1927 1852 1953 οὑτι-

1063 1970 1169 2002 νοσοῦν,
1185 1971 1248 2001 οὑδὲ,
1261 1972 1291 1998 ἐν
1307 1972 1356 2006 μιᾷ
1371 1971 1470 2006 καιροῦ
1488 1972 1571 2007 ῥοπῇ,
1582 1972 1633 1998 κᾶν
1651 1972 1740 2006 πολλῷ
1759 1973 1852 2007 κρειτ-

1063 2025 1127 2044 τονα
1139 2017 1313 2052 διατάγματα
1330 2017 1375 2043 καὶ
1386 2018 1603 2052 οἰκονομήματα,
1617 2018 1671 2044 εἴτε
1684 2018 1749 2053 παρ’
1765 2019 1850 2053 αὐτῆς

1064 2063 1115 2097 τῆς
1132 2063 1298 2098 ἡγουμένης,
1318 2063 1373 2089 εῐτε
1394 2063 1470 2098 παρὰ
1487 2064 1537 2097 τῆς
1550 2063 1599 2098 τῆς
1615 2063 1698 2097 μονῆς
1717 2064 1851 2097 ἀντιλαμ-

1064 2109 1216 2143 ϐανομένης
1242 2107 1378 2142 εἰσάγοιτο
1399 2109 1432 2143 τῇ
1460 2110 1537 2144 μονῇ,
1555 2109 1587 2140 ἐξ
1607 2105 1645 2135 ὧν
1667 2108 1851 2144 προσδοκᾶτιι

1064 2153 1151 2187 αὐτήν
1165 2161 1206 2184 τε,
1224 2153 1272 2179 καὶ
1283 2154 1317 2179 τὰ
1331 2153 1377 2180 ὑπ’
1394 2154 1490 2188 αὐτὴν,
1513 2154 1634 2181 ἐπίδοσιν
1646 2155 1778 2189 μεγίστην
1804 2155 1851 2182 λα-

1064 2197 1132 2231 ϐεῖν,
1144 2199 1190 2225 καὶ
1201 2199 1369 2227 κατάστασιν
1380 2200 1533 2235 κρείττονα.

1364 2267 1490 2295 ΚΕΦΑΛ.
1513 2266 1550 2295 Δ¹.

1063 2321 1132 2359 Περὶ
1146 2321 1198 2359 τοῦ
1211 2321 1274 2359 πῶς
1293 2321 1332 2359 ᾷν
1345 2322 1477 2359 διάγοιεν
1491 2323 1526 2350 ἐν
1540 2323 1577 2357 τῇ
1597 2324 1677 2359 μονῇ
1692 2326 1721 2351 al
1738 2325 1772 2351 ἐκ
1790 2324 1849 2359 τῶν

1097 2357 1228 2391 ἐγγόνων
1246 2357 1329 2393 quor
1350 2357 1675 2392 ἀποκειράμεναιίκαῖ
1689 2360 1724 2386 ἐν
1754 2357 1847 2393 ταύτῂ

1096 2392 1355 2428 παραχωρηθεῖσαι
1370 2393 1494 2427 διάγειν,
1510 2394 1560 2420 καὶ
1583 2396 1612 2421 αὶ
1633 2395 1666 2421 ἐκ
1689 2394 1748 2421 τῶν
1764 2403 1843 2428 περι-

1088 2427 1285 2467 ·ςρᾳνεστέρου
1307 2427 1380 2467 βίου
1397 2429 1447 2467 καὶ
1466 2429 1582 2467 σεμνοῦ
1596 2427 1847 2467 προσερχόμενοι

1097 2463 1133 2496 τῇ
1148 2463 1269 2496 τοιαύτῃ
1283 2463 1374 2497 μονῇ,
1392 2464 1440 2490 καὶ
1457 2464 1688 2499 ἁποκειρόμεναι
1704 2463 1739 2491 ἐν
1758 2463 1847 2498 αὐτῇ.

1103 2519 1166 2546 Ἐὰν
1182 2519 1209 2545 δέ
1227 2528 1266 2550 τις
1283 2519 1337 2545 τῶν
1352 2519 1508 2556 θυγατέρων
1528 2522 1574 2556 τῆς
1590 2522 1775 2556 περιποθήτου
1796 2531 1847 2556 μου

1061 2565 1318 2600 πορφυρογεννήτου
1334 2566 1420 2600 κυρᾶς
1434 2566 1544 2601 Ἀννης,
1562 2568 1577 2604 ἢ
1597 2567 1645 2601 τῆς
1662 2569 1844 2603 περιποθήτου

1061 2618 1113 2645 μου
1130 2611 1385 2646 πορφυρογεννήτου
1403 2612 1489 2646 κυρᾶς
1505 2611 1623 2646 Μαρίας,
1638 2614 1666 2638 ἐν
1685 2616 1718 2648 τῇ
1735 2614 1843 2647 τοιαύτῃ

1061 2656 1128 2690 μονῇ
1144 2657 1191 2690 τὴν
1203 2656 1339 2691 κωμικὴν
1362 2657 1444 2691 τρίχα
1459 2657 1581 2692 θελήσειε
1597 2659 1750 2694 κείρασθαι,
1767 2659 1782 2694 ἧ
1799 2662 1844 2683 και

1061 2701 1115 2727 ἀπὸ
1139 2700 1194 2727 τῶν
1226 2700 1280 2732 ἔξω
1307 2701 1481 2736 ἁποκαρεῐσα
1510 2702 1645 2735 εἰσέλθοι,
1673 2703 1844 2738 παραδεκτέα

1060 2745 1147 2773 Errat.
1167 2746 1223 2772 Καὶ
1235 2747 1260 2772 ει
1275 2746 1324 2781 μὲν
1339 2747 1378 2782 τῷ
1393 2747 1466 2782 αὐτῷ
1479 2747 1557 2783 τύπῳ
1573 2756 1600 2774 τε
1622 2750 1668 2775 καὶ
1682 2749 1774 2774 κανόνι
1794 2749 1844 2781 ἑμ-

1062 2794 1154 2827 μένειν
1170 2792 1290 2827 βούλοιτο
1304 2792 1332 2819 ἐν
1355 2801 1385 2819 τε
1406 2794 1440 2828 τῇ
1462 2793 1595 2829 διαγωγῇ.
1617 2795 1664 2821 καὶ
1680 2795 1778 2829 διαίτῃ,
1797 2793 1843 2818 καὶ

1062 2838 1196 2873 κατοικία,
1217 2838 1263 2864 καὶ
1290 2838 1365 2873 πάσῃ
1388 2837 1454 2874 ἄλλῃ
1472 2839 1525 2864 τῶν
1548 2840 1578 2864 ἐν
1595 2839 1682 2875 ταύτῃ
1703 2839 1841 2866 damon?»

1061 2885 1237 2917 καταστάσει,
1257 2885 1339 2919 μηδέν
1354 2893 1378 2911 τι
1402 2885 1639 2919 παρηλλαγμένον,
1657 2887 1702 2911 καὶ
1725 2887 1771 2919 τῆς
1789 2884 1840 2908 τὼν

1059 2930 1162 2957 λιιπῶν
1178 2930 1351 2965 μοναζουσὼν
1376 2932 1513 2962 πολιτείας
1536 2931 1673 2966 gmw-.0;
1693 2931 1840 2957 ὲτιδειιω-
