2023 3164
180 219 249 250 ιηθε)

879 219 1058 260 TYPICUM.

1731 225 1802 257 1010

179 275 256 308 μένη.
271 273 451 305 εὖαπόδεκτος
462 274 532 308 αὑτὴ
544 273 590 301 καὶ
602 273 661 308 Θεῷ
679 274 726 300 καὶ
741 274 813 308 ἐμοὶ,
831 273 901 309 ὑπὲρ
915 275 963 308 τῆς

1018 273 1118 307 buerit,
1144 279 1254 311 accepta
1282 277 1334 304 erit
1362 277 1419 305 haec
1444 278 1499 306 Deo
1526 283 1553 306 et
1577 279 1655 312 mihi,
1688 286 1799 315 propter

177 319 291 354 ἀρίστης
309 320 472 355 μεταϐολῆς,
490 320 537 346 καὶ
552 320 642 354 δεξιᾶς
657 319 836 351 ἀλλοιώσεως.

213 408 242 434 ΕΞ
257 407 280 434 δ’
297 408 329 434 ἐκ
344 408 392 442 τῆς
410 407 541 443 συνήθους
558 408 622 440 ἴσως
640 407 792 445 ἁδροτέρας
813 407 960 442 διαγωγῆς,

178 455 217 485 εἰς
238 454 288 490 τὴν
302 455 373 488 ἄγαν
387 455 509 490 σκληρὰν
531 456 695 489 μεταπεσεῖν
711 455 748 490 μὴ
766 454 884 485 δύναιτο,
898 452 962 484 τοὺς

178 499 228 533 μὲν
250 500 396 535 λογισμοὺς
416 500 526 534 ἑαυτῆς,
553 501 601 527 καὶ
627 501 676 532 τὰς
699 500 814 536 πράξεις
830 499 962 534 ἀναθήσει

176 546 223 572 καὶ
235 546 304 580 αὕτη
320 546 359 580 τῷ
379 546 461 581 κοινῷ
483 546 571 582 Πατρὶ
585 546 640 573 τῶν
665 545 851 581 μοναζουσῶν,
868 545 962 578 ἐξαγο-

178 591 312 626 ρευομένη
329 591 404 626 αὐτῷ
423 592 521 626 ἐπίσης
546 593 593 618 κα)¹
612 593 673 623 ταῖς
688 592 811 623 λοιπαῖς·
829 591 919 626 διαίτῃ
934 591 961 617 δὲ

177 638 223 662 καὶ
238 636 382 672 ψαλμῳδίᾳ
400 639 530 672 χρήσεται
545 639 578 673 τῇ
595 638 667 664 κατὰ
678 638 793 672 δύναμιν
807 638 917 672 ἑαυτῆς,
932 637 962 662 ὲν

176 682 214 716 τῷ
230 682 402 718 δοθησομένῳ
418 683 484 718 αὐτῇ
506 684 617 719 κελλίῳ,
638 684 722 718 ἤγουν
740 685 774 718 τῇ
789 683 899 710 ὄπισθεν
914 683 960 709 τοῦ

177 728 282 763 μύακος
293 729 342 763 τῆς
355 728 495 764 τραπέζης
510 729 564 756 τῶν
579 729 753 764 μοναζουσῶν
769 729 807 764 (5)
826 729 962 764 ἐχομένως

175 774 223 800 τοῦ
240 775 383 810 περιδό).ου
399 775 489 802 αὐτῶν
500 775 680 812 ἀνεγερθείσῃ
697 777 783 811 μικρᾷ
790 777 908 812 τροπικῇ
923 776 962 811 (6)

177 820 248 854 μετὰ
278 819 324 846 τοῦ
348 821 544 855 παρακελλίου,
573 822 620 848 καὶ
648 822 697 856 τῆς
713 821 860 857 χρειώδους
879 821 962 856 ἄλλης

176 865 337 897 ἀκολουθίας
357 865 404 892 τοῦ
424 866 546 893 τοιούτου
560 867 711 902 οἰκήματος
733 867 887 899 ἰδιαζόντως
902 866 962 893 διά-

176 918 273 944 γουσα,
289 912 336 939 καὶ
348 912 499 947 ἑστιωμένη
512 913 640 939 ἐπέκεινα
652 913 702 946 τῆς
714 913 768 940 τῶν
780 913 868 940 ἄλλων
880 921 961 947 μονα-

177 956 282 987 ζουσῶν
297 957 428 992 συνήθους
441 958 557 994 διαίτης,
572 958 662 990 καθὼς
678 959 710 985 ἂν
720 959 737 993 ἥ
752 967 781 984 τε
797 958 962 989 κατάστασις

176 1003 225 1036 τῆς
240 1003 463 1039 ἀποκειραμένης
478 1004 592 1039 ἀπαιτῇ,
607 1005 654 1031 καί
666 1005 682 1040 ή
693 1005 742 1039 τῆς
754 1004 965 1040 καθηγουμένης

176 1048 314 1084 διάκρισις
339 1050 515 1086 οἰκονομήσῃ.
544 1051 602 1077 Ἐπ’
621 1051 714 1082 ἀδείας
739 1059 768 1077 τε
791 1051 868 1077 ἔσται
896 1052 964 1086 αὐτῇ

177 1094 250 1129 ἔχειν
277 1095 324 1121 καὶ
348 1095 395 1122 δύο
421 1098 554 1130 γυναῖκας
582 1097 632 1128 τὰς
657 1096 869 1128 ὲκδουλευούσας
895 1098 964 1133 αὐτῇ

177 1140 336 1176 ἐλευθέρας,
349 1142 403 1168 εἴτε
415 1142 463 1169 καὶ
471 1142 576 1175 δούλας,
587 1142 747 1177 ὀφειλούσας
756 1143 916 1170 διοικεῖσθαι
925 1143 963 1178 (7)

177 1187 232 1213 ἀπὸ
246 1188 300 1214 τῶν
312 1189 360 1223 τῆς
381 1189 477 1224 μονῆς.

219 1233 345 1269 ’Δνδράξιι
362 1235 454 1268 μέντοι
472 1235 574 1262 ἀὸάτου
589 1236 742 1271 ὁρισθέντος
759 1236 831 1264 εἶναι
846 1237 894 1264 τοῦ
913 1246 964 1273 μο-

178 1279 339 1314 ναστηρίου,
352 1281 432 1316 εἴπερ
454 1282 507 1317 ἀρα
524 1282 645 1317 βούλοιτό
659 1291 714 1310 τισι
735 1285 877 1319 συντυχεῖν
894 1284 963 1321 αὐτὴ

179 1325 234 1350 τῶν
248 1326 356 1352 οἰκείων
375 1327 471 1362 αὐτῆς,
490 1328 545 1354 εἴτε
562 1329 700 1362 ἀναγκαία
719 1329 797 1364 χρεία
813 1330 899 1363 καλεῖ,
914 1331 964 1357 οὐκ

177 1369 286 1401 ἐξέσται
301 1371 370 1406 αὐτῇ
393 1372 468 1404 ἐντὸς
491 1372 540 1406 τῆς
557 1373 642 1408 μονῆς
663 1374 775 1406 τούτους
793 1374 962 1409 εἰσαγαγεῖν

177 1415 237 1441 ἀλλ’
251 1415 421 1449 ἐξελεύσεται
449 1417 519 1453 αὕτη
535 1418 604 1452 μετὰ
632 1419 678 1445 καὶ
701 1419 800 1454 βουλῆς
836 1421 885 1455 τῆς
900 1421 965 1448 καθ-

176 1461 335 1497 ηγουμένης
358 1463 399 1494 εἰς
412 1463 442 1489 τὸ
454 1464 520 1497 πρὸς
536 1464 582 1490 τὸν
599 1464 710 1491 πυλῶνα
729 1465 826 1500 ἐξάγον
843 1467 964 1494 διαϐατι-

177 1507 244 1539 κον,
271 1508 383 1535 κάκεῖσε
411 1509 517 1541 τούτοις
544 1510 764 1546 συνομιλήσασα,
780 1513 963 1541 εἰσελεύσεται

176 1548 257 1582 αὖθις
273 1551 313 1582 εἰς
324 1551 374 1586 τὴν
389 1553 484 1587 μονὴν,
500 1553 600 1580 ἄϐατον
611 1554 708 1591 αὐτὴν,
723 1555 761 1587 ὼς
778 1555 896 1591 εἴρηται,
914 1559 963 1585 ἀν-

175 1596 256 1631 δράσι
274 1597 498 1632 διαφυλάττουσα.

214 1643 245 1669 Εἰ
258 1643 288 1670 δι
309 1653 351 1675 τις
368 1645 422 1671 τῶν
438 1646 565 1673 τοιούτων
578 1647 608 1674 οὐ
629 1647 741 1675 δύναται
764 1649 803 1682 τῷ
827 1650 891 1685 περὶ
913 1650 965 1685 τῆς

175 1688 342 1721 ἐξελεύσεως
366 1690 416 1725 τῆς
443 1692 527 1726 μονῆς
550 1693 686 1727 ὀρισθέντι
709 1694 757 1720 ἐπὶ
779 1696 840 1727 ταῖς
855 1695 964 1728 λοιπαῖς

177 1735 361 1769 μοναζούσαις
381 1737 409 1762 ὲν
426 1737 465 1772 τῷ
484 1738 599 1773 παρόντι
614 1739 694 1774 ἡμῶν
711 1741 817 1777 τυπικῷ
834 1742 964 1777 ἐμμένειν

175 1780 268 1815 τύπῳ,
294 1782 564 1818 παραχωρηθήσεται
587 1785 663 1820 παρὰ
678 1786 727 1821 τῆς
743 1787 962 1823 καθηγουμινης,

175 1828 375 1863 περιστατικοῦ
391 1838 462 1861 τινος
477 1830 545 1866 αὐτῇ
562 1832 727 1866 συμὸαντος,
743 1833 902 1869 ὲξέρχεσθαι
915 1835 964 1869 τῆς

175 1874 263 1908 μονῆς
281 1874 349 1909 μετὰ
365 1876 430 1910 μιᾶς
446 1876 500 1902 τῶν
523 1878 710 1914 γηραιοτέρων
728 1880 776 1906 καὶ
793 1880 966 1916 σεμνοτέρων

173 1920 311 1954 ἀδελφῶν,
325 1920 359 1956 ἣν
372 1921 405 1948 ἂν
424 1923 440 1957 ή
456 1923 649 1959 κσθηγουμένη
665 1925 797 1959 βούλοιτο.
813 1927 867 1953 Καὶ
881 1927 897 1961 ὴ
916 1927 965 1962 μὲν

175 1966 285 2002 μοναχῆ
300 1967 381 1999 εὐθὺς
398 1968 581 2004 ὑποστρέψει-
597 1970 687 2005 ὲκείνη
704 1971 733 1997 δὲ
748 1965 902 2007 θεασαμένη
919 1973 965 1999 τὸν

174 2013 347 2040 ἀσθενοῦντα
361 2014 479 2048 συγγενῆ
492 2014 577 2050 αὐτῆς
588 2015 635 2042 δύο
646 2016 701 2042 εἴτε
710 2017 837 2052 καὶτρεῖς
848 2019 965 2054 ἡμέρας,

174 2059 344 2094 ὑποστρέφει
368 2061 435 2094 πρὸς
449 2061 498 2094 τὴν
515 2061 611 2096 μονήν.
634 2062 665 2088 Εἰ
689 2062 717 2088 δὲ
741 2062 787 2089 καί
813 2065 848 2090 τὰ
864 2064 966 2099 ἔσχατα

174 2105 242 2130 πνεῖ
257 2105 272 2130 ὀ
286 2105 408 2131 ἀσθενῶν
425 2105 561 2141 συγγενὴς
574 2107 671 2141 αὐτῆς,
693 2109 857 2143 καρτερήσει
875 2111 964 2136 ἐκεῖσε

175 2151 277 2186 μέχρις
293 2150 327 2177 ἂν
353 2151 458 2188 ἐκεῖνος
485 2151 556 2178 τέλει
578 2151 624 2178 τοῦ
655 2152 710 2187 βίου
732 2154 879 2189 χρήσηται.
900 2156 964 2190 Εῑγε

175 2198 225 2225 καὶ
241 2198 257 2232 ἡ
272 2196 367 2224 τούτου
385 2197 510 2233 τελευτὴ,
525 2197 593 2233 πρὸς
612 2198 706 2234 μίανῆ
727 2200 773 2226 καὶ
794 2199 840 2227 δύο
859 2201 965 2236 ἡμέρας

175 2243 378 2276 ἐπεκτείνεται,
403 2244 420 2280 ἦ
439 2244 486 2271 καὶ
501 2244 612 2281 ¹πλεῖον,
628 2244 676 2271 καὶ
693 2246 725 2272 ἐκ
741 2246 802 2272 τότε
828 2248 894 2282 πρὸς
916 2249 966 2283 τὴν

177 2290 264 2325 μονὴν
281 2290 458 2325 ὑποστρέφει.

221 2334 303 2362 Ἀλλὰ
329 2336 377 2362 καὶ
395 2335 479 2366 εἴτις
504 2336 584 2372 ἑτέρα
596 2337 650 2364 τῶν
674 2337 707 2363 ὲκ
736 2338 966 2374 περιφανεστέρου

178 2380 239 2415 βίου
267 2381 313 2407 καὶ
340 2381 535 2414 καταστάσεως
570 2383 683 2417 σεμνῆς,
711 2382 856 2418 βουληθείη
883 2383 911 2410 ὲν
933 2385 966 2418 τῇ

177 2426 296 2461 τοιαύτῃ
310 2429 375 2463 μονῇ
391 2428 441 2462 τὴν
458 2429 594 2464 κοσμικὴν
609 2429 757 2456 ἀποθέσθαι
774 2429 865 2464 τρίχα,
887 2429 902 2464 ἥ
919 2430 966 2456 καὶ

178 2470 236 2497 ἀπὸ
247 2471 300 2497 τῶν
315 2472 367 2504 ἔξω
378 2474 548 2508 ἀποκαρεῖσα
560 2475 687 2507 εἰσέλθοι,
704 2475 878 2510 παραδεκτέα
890 2475 966 2502 ἔσται

1017 321 1148 354 optimam
1178 322 1250 350 illam
1275 324 1452 352 mutationem
1492 331 1519 352 et
1547 326 1653 353 felicem
1686 334 1800 353 convcr-

1016 375 1135 395 sronem.

1053 413 1081 440 Si
1096 422 1162 442 vero
1176 423 1209 442 cx
1221 420 1330 443 assueta
1351 416 1420 444 forte
1433 417 1550 444 molliori
1564 417 1626 444 vita:
1645 418 1749 446 ratione
1765 419 1800 446 ad

1016 459 1094 486 valde
1110 459 1206 487 duram
1227 465 1251 488 e'
1273 469 1398 496 asperam
1420 462 1536 489 transire
1558 462 1732 497 nequiverit,
1752 471 1799 491 co-

1016 505 1165 540 gitationes
1179 506 1291 541 quidem
1307 512 1335 534 et
1353 515 1436 542 opera
1449 516 1497 535 sua
1518 508 1671 536 declarabit
1693 513 1720 536 et
1741 509 1798 544 ipsa

1016 550 1155 577 communi
1170 551 1244 578 Patri
1259 553 1430 583 monialium,
1444 557 1471 580 et
1488 557 1518 580 ut
1545 557 1651 580 caetera:
1666 553 1717 588 ipsi
1733 561 1798 581 con-

1016 591 1159 621 ﬁtebitur:
1175 594 1263 622 victus
1287 604 1353 624 vero
1370 597 1475 624 ratione
1495 602 1522 624 et
1541 597 1690 631 psalmodla
1708 602 1800 625 utetur

1013 639 1090 674 juxta
1106 639 1177 668 vires
1187 648 1252 668 suas
1268 641 1295 668 in
1321 643 1482 677 assignanda
1505 643 1556 670 sibi
1573 643 1650 674 cella.
1669 643 1799 670 nimirum

1015 685 1043 712 in
1052 686 1168 714 excitata
1178 694 1248 721 pone
1259 688 1392 723 mytulum
1403 697 1503 716 mensa:
1513 689 1682 721 monialium,
1691 697 1801 717 earum-

1016 738 1069 766 que
1080 731 1195 759 ambitui
1212 733 1352 769 adjacente
1363 742 1446 768 parva
1462 734 1576 769 tropica,
1594 743 1656 761 cum
1672 734 1798 769 adjuncta

1016 778 1068 805 sibi
1098 778 1196 806 cellula
1217 783 1245 806 et
1274 780 1388 814 reliquis
1403 780 1539 816 ejusmodi
1567 781 1706 808 domicilio
1732 788 1799 808 con-

1015 825 1196 859 gruentibus;
1226 825 1335 860 illicque
1358 826 1438 862 degat
1460 830 1486 854 et
1504 826 1630 854 comedat
1655 826 1800 861 peculiari,

1016 874 1044 896 et
1056 877 1071 897 a
1089 875 1218 898 consueta
1235 871 1401 906 reliquarum
1416 872 1575 900 monialium
1592 873 1698 900 diversa
1713 872 1805 900 victus

1017 915 1133 947 ratione,
1146 921 1227 951 prout
1241 916 1363 944 detonsa:
1379 917 1451 944 vires
1479 918 1655 952 postularint,
1669 922 1696 945 et
1709 918 1801 950 purie-

1016 966 1066 989 ctae.
1080 962 1210 990 discretio
1227 963 1411 990 constituerit.
1423 963 1457 991 Et
1474 971 1558 998 penes
1573 964 1717 999 ipsamjerit
1733 963 1801 990 duas

1016 1008 1119 1035 habere
1136 1009 1275 1042 mulieres,
1289 1009 1346 1037 sive
1359 1009 1461 1036 liberas
1475 1009 1532 1037 sive
1559 1017 1663 1041 servas,
1678 1009 1730 1035 sibi
1748 1010 1800 1035 mi-

1016 1054 1173 1086 nistrantes,
1191 1062 1252 1090 qua:
1276 1055 1392 1083 seorsim
1420 1063 1435 1082 a
1463 1054 1623 1082 monasterii
1647 1053 1802 1081 fanmlabus

1016 1100 1189 1129 habitabunt.

1051 1236 1119 1264 Cum
1133 1241 1224 1264 ausam
1243 1235 1441 1263 monasterium
1457 1235 1522 1262 viris
1541 1234 1710 1262 inaccessum
1739 1241 1800 1261 esse

1015 1282 1158 1310 definitum
1185 1282 1238 1314 sit,
1254 1282 1277 1309 si
1299 1281 1410 1316 quidem
1436 1281 1493 1316 ipsa
1515 1279 1647 1315 quosdam
1681 1280 1732 1306 sibi
1760 1279 1800 1306 l‘a-

1016 1328 1163 1355 miliarium
1195 1327 1298 1362 alloqui
1321 1326 1449 1358 voluerit,
1467 1325 1631 1353 necessitate
1654 1324 1681 1351 id
1706 1330 1800 1359 postu-

1014 1375 1104 1406 lante,
1119 1381 1173 1400 non
1190 1373 1283 1400 licebit
1295 1373 1333 1400 illi
1346 1380 1394 1400 eos
1408 1373 1435 1399 in
1448 1372 1645 1399 monasterium
1661 1371 1800 1397 intromit-

1016 1425 1073 1448 tere
1087 1428 1093 1447 :
1108 1420 1156 1448 sed
1171 1419 1228 1455 ipsa
1244 1427 1259 1447 e
1274 1419 1409 1447 sententia
1424 1418 1557 1454 pnel‘ectte
1579 1418 1665 1445 exibit
1692 1417 1726 1444 ad
1743 1425 1803 1451 per-

1015 1467 1090 1494 vium
1107 1466 1252 1494 transitum
1266 1466 1312 1501 qui
1340 1471 1382 1493 est
1407 1465 1441 1492 ad
1469 1465 1581 1496 atrium,
1597 1469 1625 1491 ct
1657 1468 1800 1498 postquam

1015 1514 1052 1542 ibi
1069 1521 1131 1541 cum
1147 1513 1202 1541 illis
1224 1517 1385 1540 conversala
1400 1511 1491 1543 fuerit,
1509 1510 1678 1546 ingredietur
1707 1517 1803 1537 rursus

1015 1560 1042 1587 in
1060 1559 1271 1592 monasterium,
1298 1558 1460 1592 curabitque
1479 1561 1508 1584 ut
1535 1556 1602 1583 viris
1631 1556 1800 1583 inaccessum

1015 1608 1062 1638 sit.
1077 1612 1108 1634 ut
1122 1607 1225 1635 dictum
1240 1610 1291 1633 est.
1577 1608 1581 1616 ν’

1052 1653 1079 1681 Si
1097 1660 1164 1681 vero
1181 1661 1275 1680 earum
1290 1652 1414 1687 quaedam
1428 1649 1541 1685 obsequi
1558 1652 1676 1684 nequeat
1701 1648 1801 1683 regula

1017 1700 1050 1728 de
1066 1708 1179 1734 egressu
1196 1707 1211 1726 e
1239 1698 1416 1729 monasterio,
1435 1704 1485 1732 pro
1503 1696 1613 1724 exteris
1638 1694 1803 1722 monialibus

1017 1746 1044 1774 in
1058 1746 1185 1781 praesenti
1201 1745 1291 1780 typico
1315 1745 1432 1775 traditae,
1457 1742 1625 1770 concedatur
1653 1741 1678 1768 ei
1702 1749 1717 1768 a
1733 1748 1803 1775 prte-

1016 1793 1086 1821 fccta
1099 1793 1173 1827 (casu
1190 1791 1318 1826 quopiam
1335 1791 1385 1825 ipsi
1400 1789 1566 1824 accidente),
1584 1793 1614 1815 ut
1633 1795 1648 1815 e
1666 1791 1803 1814 monaste-

1017 1839 1058 1865 rio
1070 1838 1184 1866 excedat
1198 1844 1260 1864 cum
1275 1844 1327 1863 una
1339 1843 1354 1863 e
1380 1835 1522 1862 sororibus
1541 1837 1620 1860 :etate
1651 1832 1803 1866 grandiori-

1017 1885 1068 1912 bus
1087 1888 1115 1911 et
1130 1883 1345 1915 lionestioribus,
1358 1888 1550 1916 quamcunque
1571 1879 1698 1914 praelecta
1710 1879 1805 1905 volue-

1017 1931 1062 1958 rit.
1088 1931 1121 1958 Et
1149 1929 1277 1957 monialis
1307 1928 1418 1963 quidem
1442 1926 1535 1954 statim
1554 1929 1734 1953 revertatur:
1757 1925 1802 1951 illa

1016 1985 1083 2004 vero
1109 1980 1251 2012 postquam
1275 1983 1377 2010 aegrum
1393 1977 1539 2009 cognatum
1554 1972 1649 2000 viserit
1669 1971 1739 1998 duos
1762 1971 1803 1997 vel

1018 2027 1074 2050 tres
1086 2022 1154 2051 dies.
1175 2020 1315 2048 redibitad
1334 2018 1543 2047 monasterium.
1560 2018 1587 2045 Si
1602 2025 1668 2045 vero
1679 2016 1805 2044 inﬁrmus

1017 2068 1238 2103 consanguineus
1252 2070 1390 2094 extremos
1403 2065 1476 2093 eﬂlet
1492 2064 1616 2100 spiritus,
1634 2064 1688 2090 illic
1709 2071 1804 2091 mane-

1017 2114 1056 2142 bit
1072 2114 1160 2142 donec
1176 2114 1230 2140 vita
1247 2113 1357 2140 functus
1371 2112 1417 2140 sil.
1429 2111 1507 2145 Quod
1522 2110 1544 2137 si
1569 2110 1628 2145 ejus
1652 2109 1743 2137 obitus
1769 2109 1803 2136 ad

1017 2168 1102 2188 unum
1118 2160 1160 2187 vel
1173 2160 1243 2187 duos
1263 2159 1332 2191 dies,
1353 2163 1400 2186 aut
1414 2159 1476 2193 plus
1487 2157 1671 2193 protrahatur.
1691 2163 1723 2183 ex
1738 2160 1805 2183 tunc

1017 2208 1050 2235 ad
1067 2208 1263 2235 monasterium
1278 2210 1442 2234 revertetur.

1052 2341 1105 2369 Sed
1116 2341 1178 2368 etsi
1194 2340 1247 2367 alia
1264 2339 1397 2374 qumpiam
1409 2347 1442 2366 ex
1460 2338 1575 2366 clariore
1597 2337 1651 2364 vita
1664 2341 1692 2364 et
1712 2337 1804 2371 splen—

1019 2387 1085 2415 dido
1098 2391 1181 2418 statu,
1204 2386 1323 2413 voluerit
1350 2385 1377 2412 in
1402 2385 1455 2411 hoc
1473 2383 1640 2410 monasterio
1661 2383 1805 2410 saeculares

1020 2433 1158 2467 deponere
1177 2432 1290 2466 capillos
1306 2440 1313 2458 :
1335 2431 1377 2458 vel
1393 2431 1415 2456 si
1439 2430 1474 2456 ab
1490 2429 1611 2456 externis
1629 2427 1743 2455 detonsa
1757 2434 1804 2454 ast--

1020 2479 1144 2510 cesserit,
1177 2478 1235 2512 ipsa
1261 2484 1371 2512 quoque
1398 2475 1568 2503 admittetur.
1587 2475 1621 2502 Et
1638 2474 1661 2501 si
1693 2473 1804 2508 quidem

816 2559 1044 2591 Montl'auconii
1072 2564 1166 2591 nota).

216 2616 256 2651 (5)
269 2616 358 2655 Μᾴαξ
369 2616 424 2655 τῇς
432 2618 574 2655 τραπέζης
590 2620 648 2646 τῶν
655 2620 861 2655 μοναζουσῶν,
881 2622 905 2649 id
915 2628 968 2655 est,

177 2652 313 2693 locusad
343 2652 530 2693 collocandam
548 2652 788 2693 sacram'mensam
804 2652 890 2693 iustar
909 2652 968 2693 my;

177 2686 231 2714 tuli
254 2686 312 2716 sive
336 2687 447 2715 conchae
474 2693 639 2716 exstructus.
659 2690 776 2718 Consule
807 2686 967 2720 Clossariu‘m

178 2723 277 2749 media:
290 2722 430 2764 etin/imre
459 2723 607 2751 Gravitatis
624 2725 658 2752 ab
667 2726 856 2754 eruditissimo
865 2727 967 2763 Caugio

176 2764 271 2790 nuper
283 2758 396 2785 editum.

217 2792 256 2826 (6)
275 2792 413 2826 Τροπικῇ.
449 2792 526 2820 Hanc
555 2801 648 2821 vocem
681 2796 765 2822 semel
798 2796 908 2823 invenio
938 2797 966 2824 in

176 2826 359 2866 Tbeopltauis
371 2827 603 2866 _Clironog_raphia.
617 2836 644 2863 p.
660 2829 722 2866 575,
740 2830 806 2857 edit.
833 2831 899 2866 Reg.
916 2832 965 2858 Ni.-

179 2864 327 2900 χήσας.....
343 2863 396 2900 sit,
425 2865 459 2900 ev
472 2863 512 2898 τῷ
529 2865 717 2900 πατριαρχείῳ
737 2866 844 2896 εἰκόνας
859 2863 905 2892 τόῦ
923 2875 966 2900 μι-

180 2896 407 2933 κρουγσεκρέτου,
422 2898 466 2925 διὰ
481 2896 611 2933 μξουσαίου
631 2896 715 2929 οὔσας
735 2900 837 2931 ἐξεσεν,
858 2902 903 2926 καὶ
918 2896 964 2927 τοῦ

182 2931 302 2966 μεγάλου
316 2931 443 2968 σεκρέτου
456 2931 506 2968 τῆς
518 2934 651 2969 τροπικῆς
663 2934 691 2966 ἐξ
702 2934 869 2969 olm/{13:761.-
882 2935 963 2970 οὔσης

1023 2625 1199 2658 κατήνεγκεν.
1221 2619 1379 2658 ῦνοατυεμίἰιὶ
1393 2620 1537 2656 τροπικὴν,
1561 2618 1803 2658 \'ertit__a_mbitu_m,

1023 2667 1076 2686 non
1086 2654 1265 2686 incommode
1281 2654 1418 2687 arbitror;
1437 2654 1594 2690 quanquam
1612 2654 1678 2681 mihi
1693 2655 1806 2682 omnino

1023 2695 1134 2729 planum
1152 2695 1266 2729 nonest
1280 2691 1345 2729 quid
1361 2691 1426 2729 illud
1442 2692 1488 2718 sit.

1059 2730 1097 2764 (7)
1115 2727 1304 2755 Διοικεῖσθαι.
1320 2725 1425 2760 Duplici
1453 2726 1558 2764 ratione
1579 2726 1623 2764 hic
1641 2725 1749 2764 etinfra
1765 2726 1806 2752 in-

1024 2761 1106 2799 telligi
1133 2767 1241 2799 potest»;
1261 2769 1279 2788 ι.
1298 2765 1329 2787 ut
1342 2769 1439 2799 sensus
1457 2762 1491 2788 sit
1503 2761 1574 2799 qillas
1590 2761 1704 2788 famulas
1719 2768 1732 2787 a
1746 2768 1805 2799 mo_-_

1023 2796 1140 2826 nastérii
1150 2797 1258 2825 ancillis
1268 2796 1399 2831 regendas
1411 2804 1487 2829 esse;
1500 2797 1526 2822 2.
1540 2797 1611 2830 ipsas
1621 2803 1636 2822 a
1647 2796 1804 2822 monasterii

1023 2833 1176 2861 famulabus
1205 2835 1360 2866 segregatas
1388 2837 1524 2866 oportere.
1542 2831 1616 2858 llanc
1641 2832 1805 2864 interpreta-

1022 2869 1124 2896 tionem
1150 2873 1180 2895 ut
1205 2865 1293 2902 magis
1326 2865 1471 2902 genuinam
1491 2871 1530 2901 pet
1554 2874 1618 2893 vero
1645 2865 1804 2893 similiorem

1021 2904 1137 2939 amplexi
1156 2910 1260 2931 sumus.
