2023 3164
132 213 194 244 l017

853 213 1033 244 TYPICUM.

1684 216 1751 249 1013

130 269 194 304 μονῇ
205 267 372 302 διορίζομαι,
388 267 489 302 σπουδῇ
503 267 550 293 τοῦ
564 266 716 299 ἁγιωτάτου
729 265 911 301 πατριάρχου,

971 269 1037 304 Ῑυοι]
1054 269 1201 296 alienatum
1215 274 1266 301 est,
1283 270 1449 297 monasterio
1477 270 1647 304 restituatur,
1660 273 1752 299 studio

127 315 158 341 ὲκ
172 313 226 340 τῶν
251 313 341 347 νόμιον
365 312 485 339 καὶτῶν
511 312 634 339 κανόνων
658 312 708 346 τὴν
725 312 790 347 περὶ
816 313 912 338 τούτου

129 358 255 394 φροντίδα
272 358 391 393 ἔχοντος,
403 357 454 392 τῆς
466 357 515 391 τῆς
532 357 615 392 μονῆς
629 356 912 392 ἀντιλαμϐανομένης,

126 405 171 431 καὶ
198 404 253 430 τῶν
281 403 382 430 λοιπῶν
412 403 538 437 μοναχῶν
565 403 847 438 ὑπομιμνησκουσῶν,
866 403 913 429 καὶ

127 448 355 483 ἀνακαλουμένων
374 449 439 476 αὐτό
450 457 456 464 ’
473 449 519 475 καὶ
535 449 636 480 παντὸς
648 449 741 483 ἐτέρου
758 449 805 474 τοῦ
821 448 915 483 βουλο-

128 497 207 531 μένου
221 497 270 530 τὴν
285 495 426 530 ἐκδίκησιν
442 494 604 526 σπεύδοντος
623 494 656 520 δι’
675 493 827 520 εὐσέϐειαν.

435 550 563 577 ΚΕΦΑΛ.
582 549 613 577 ι’.

127 597 197 632 Περὶ
216 597 269 625 τοῦ
295 597 367 624 πότε
391 596 515 632 κινητὸν
535 595 591 629 τῆς
610 595 709 631 μονῆς
731 595 914 622 ἐκποιεῖσθαι

449 631 586 658 δύναται.

167 691 199 717 Ἦ
215 691 264 726 μὲν
286 687 333 716 οὖν
346 688 400 716 τῶν
419 690 558 724 ἀκινήτων
573 687 717 723 ἔκποίησις
734 687 819 718 οὓτως
840 686 915 713 ἔσται

126 734 306 769 κεκωλυμένη
334 733 511 760 παντάπασι·
530 733 584 759 τῶν
607 732 636 759 δὲ
659 732 779 766 κινητῶν
803 732 835 758 ὲκ
852 732 915 766 μιᾶς

125 781 172 808 καὶ
186 780 270 815 μόνης
282 780 369 811 αίτίας
382 779 492 813 εὔλογον
507 779 615 814 ἡγεῖται
633 778 648 813 ἡ
664 777 789 812 βασιλεία
806 786 857 812 μου
868 776 916 812 τὴν

125 828 288 862 ἐκποίησιν·
306 826 425 860 ὁπηνίκα
441 834 484 856 τις
505 825 590 860 βλάϐη
608 825 715 860 μεγάλη
731 824 916 859 προσγένηται

125 874 157 908 τῇ
176 874 255 908 μονῇ,
278 871 294 907 ἢ
310 873 365 902 tot;
381 871 427 898 ὑπ’
442 872 528 906 αὑτὴν
554 871 693 906 κτήμασιν
713 869 742 902 ἐξ
765 869 917 905 ἐπιδρομῆς

124 919 222 952 ἐθνῶν⁹
249 918 265 954 ἦ
290 917 468 953 ἐμπρησμοῦ,
486 918 503 952 ἢ
532 917 656 953 σεισμοῦ,
682 917 800 952 ἀποροίη
832 917 860 943 δὲ
884 916 915 942 τὸ

125 964 309 999 μοναστήριον
333 963 493 999 χρημάτων,
515 963 556 994 είς
577 962 764 998 ἐπανόρθωσιν
785 961 831 988 τοῦ
848 961 913 997 βλα-

123 1011 231 1041 ϐέντος.
247 1010 406 1045 Τηνικαῦτα
418 1011 473 1044 γὰρ
487 1009 584 1047 ἐφίημι
600 1008 771 1036 ὲκποιεῐσθαί
783 1016 844 1034 τινα
861 1007 914 1034 τῶν

123 1055 246 1090 κινητῶν
270 1057 309 1087 εἰς
326 1055 515 1089 ἐπανόρθωσιν
536 1055 590 1081 τῶν
613 1054 761 1089 ἀκινήτων.
778 1054 833 1080 Καὶ
854 1053 914 1080 τότε

122 1101 163 1134 δὲ,
186 1101 230 1128 ἵνα
251 1102 320 1136 πρὸς
336 1100 417 1134 ἁγίας
435 1100 595 1135 ἐκκλησίας,
620 1099 667 1126 καὶ
688 1098 777 1130 θείους
803 1098 884 1130 ναοὺς
899 1099 916 1131 ή

123 1147 273 1181 ἑκποίησις
285 1147 402 1181 γίνεται,
418 1145 491 1172 ὥστε
509 1146 600 1181 μεῖναι
618 1145 652 1171 τὰ
670 1145 730 1180 ιερὰ
746 1144 828 1172 πάλιν
844 1144 916 1178 ἱερὰ,

122 1195 171 1219 καῖ
195 1193 232 1228 μὴ
249 1191 416 1226 κοινωθῆναι
430 1192 465 1217 τὰ
481 1190 558 1228 ᾇγια.
575 1190 616 1216 Τὰ
631 1190 687 1225 γὰρ
704 1189 779 1221 ἅπαξ
797 1190 918 1224 ἀφιερω-

121 1240 221 1271 θὲντα,
254 1238 291 1273 μὴ
318 1237 374 1264 δεῖν
399 1236 568 1268 κοινοῦσθαι,
591 1237 648 1268 τοῖς
671 1236 738 1262 πᾶσι
765 1235 917 1271 καθέστηκε

124 1284 285 1319 γνώριμον·

162 1329 377 1366 Προαιρούμεθα
392 1329 421 1356 δὲ
434 1330 484 1365 τὴν
501 1329 555 1357 τῶν
567 1328 686 1364 κινητῶν
713 1328 857 1363 ὲκποίησιν
873 1327 919 1355 διὰ

119 1378 175 1413 τὴν
192 1377 248 1403 τῶν
272 1376 410 1411 ἀκινήτων
426 1375 624 1410 ἐπανόρθωσιν,
639 1375 689 1410 οὐχ
703 1375 795 1406 ἅπλῶς
809 1374 857 1401 καὶ
880 1373 919 1404 ὡς

121 1425 236 1458 ἔτυχεν,
260 1423 297 1454 ὡς
314 1422 347 1449 ἂν
364 1421 469 1457 οἰηθείη
487 1429 529 1452 τις
540 1428 549 1436 ⁸
565 1419 624 1448 ἀλλ’
639 1421 680 1447 ὅτι
705 1420 796 1456 πολλῷ
818 1419 920 1455 μᾶλλον

119 1467 198 1496 οἶδεν
213 1467 330 1501 ὠφελεῖν
346 1467 395 1502 τὴν
411 1467 494 1502 μονὴν
509 1467 525 1502 ή
543 1466 598 1493 τῶν
618 1466 755 1501 ἀκινήτων
771 1466 918 1501 πρόσοδος·

119 1514 171 1542 καὶ
189 1514 233 1540 δτι
247 1514 279 1540 ὲκ
296 1513 346 1549 μὲν
360 1513 409 1548 τῆς
420 1513 473 1539 τῶν
491 1512 628 1547 ἀκινήτων
645 1511 789 1546 ὠφελείας,
806 1511 920 1539 δυνατόν

119 1562 201 1588 ἔστιν
218 1559 262 1586 ὅτε
279 1558 377 1593 κινητὰ
392 1558 595 1593 ἐπικτήσασθαι
606 1567 614 1575 ο
631 1557 662 1584 τδ
678 1557 701 1583 δ’
722 1557 844 1584 ἐναντίον
862 1557 920 1584 ἔστι

118 1605 268 1641 δυσχερές.

158 1652 218 1678 Καὶ
233 1650 336 1686 ταύτην
350 1650 379 1677 δὲ
404 1649 455 1686 τὴν
479 1649 622 1685 ὲκποίησιν
654 1650 704 1677 οὐκ
733 1649 920 1682 ἀνεξετάστως

118 1697 214 1729 οὕτως
235 1696 442 1731 συγχωροῦμεν.
469 1695 523 1723 οὐδ’
549 1697 578 1723 ὲν
603 1695 783 1731 παραϐύστῳ,
811 1695 865 1722 οὐδ’
892 1696 921 1721 ἐν

118 1742 215 1777 γωνίᾳ
240 1741 373 1776 γίνεσθαι,
400 1741 460 1768 οὐδὲ
481 1741 560 1776 μέρει
588 1742 641 1768 τινὶ
670 1740 724 1767 τῶν
743 1742 771 1767 ὲν
793 1743 826 1776 τῇ
854 1740 920 1775 μονῇ

117 1788 347 1825 γινωσκομένην,
373 1787 561 1822 ἀγνοουμένην
584 1787 613 1814 δὲ
635 1788 695 1819 ταῖς
711 1788 836 1820 λοιπαῖς·
853 1787 922 1814 ἀλλὰ

114 1836 171 1870 τῆς
190 1833 384 1869 προεστώσης,
401 1833 449 1860 τοῦ
468 1834 624 1868 οἰκονόμου,
640 1833 692 1869 τῆς
707 1833 921 1869 ὲκκλησιαρχίσ-

117 1891 172 1918 σης
203 1880 275 1916 (l0),
304 1880 355 1914 τῆς
386 1880 652 1916 σκευοφυλακίσσης,
679 1882 726 1907 καὶ
750 1881 804 1906 τῶν
819 1879 922 1906 λοιπῶν

116 1929 287 1964 προκρίτων
303 1926 511 1962 διακονητριῶν,
525 1927 572 1952 καὶ
591 1926 645 1952 τῶν
663 1927 759 1960 ιερέων
773 1926 822 1960 τῆς
839 1925 922 1960 μονῆς

117 1975 169 2000 ἐπὶ
186 1974 222 2000 τὸ
250 1972 315 1999 αὐτὸ
335 1973 492 2003 συνιόντων,
518 1972 564 1998 καὶ
584 1971 650 2006 περὶ
669 1971 720 2005 τῆς
738 1971 923 2006 προκειμένης

116 2021 218 2055 ἐξόδου
238 2019 484 2054 διαγινωσκόντων,
499 2019 547 2045 καὶ
561 2019 625 2053 περὶ
638 2018 684 2045 τοῦ
701 2018 922 2053 ὲκποιηθησομέ-

115 2075 166 2093 νου
180 2066 273 2096 εἴδους
290 2063 646 2098 διασκοπουμένων,ἔπειτά
657 2072 739 2090 τινων
755 2063 923 2098 μετακαλου-

117 2110 220 2145 μένων
238 2109 341 2143 εἴδησιν
362 2108 478 2143 ἐχόντων
497 2108 609 2144 ἀκριϐῆ,
629 2107 676 2134 τοῦ
692 2108 923 2144 ἀπεμποληοησο-

119 2157 227 2192 μένου,
242 2154 395 2190 πρακτικὸν
420 2154 448 2181 δὲ
469 2154 654 2189 διατιμήσεως
673 2153 867 2189 ἐκτιθεμένων,
893 2154 923 2180 τδ

117 2204 173 2230 σὺν
198 2203 262 2234 τοῖς
277 2202 401 2237 χαρτίοις
415 2202 464 2236 τῆς
485 2202 569 2237 μονῆς
585 2201 752 2237 ὰποτεθῆναι
767 2202 814 2228 καὶ
830 2203 921 2237 διατη-

117 2249 240 2285 ρεῖσθαι
262 2248 382 2283 ὀφεῖλον,
401 2247 512 2274 πάντων
525 2247 553 2273 δὲ
579 2246 681 2273 τούτων
705 2248 774 2282 μετὰ
793 2247 922 2282 εἰδήσεως

115 2296 171 2331 τῆς
194 2294 284 2331 μονῆς
299 2293 571 2330 ἀντιλαμϐανομένης
585 2293 747 2328 γινομένων.

426 2351 552 2378 ΚΕΦΔΛ.
575 2350 628 2378 1Α’.

113 2398 199 2434 Περὶ
220 2397 274 2424 τοῦ
288 2396 350 2430 πῶς
358 2397 404 2434 δεῖ
415 2396 675 2434 ἐπιλέγεσθιιι,καί
689 2395 924 2431 προχειρίζεσθαι

357 2432 414 2466 τὴν
433 2433 674 2466 καθηγουμένην.

156 2486 238 2521 Περὶ
264 2485 292 2511 δὲ
320 2485 450 2521 ὲπιλογῆς
473 2487 519 2512 καὶ
538 2487 737 2522 προχειρὲσεως
757 2486 923 2521 ἡγουμένης,

113 2535 174 2570 ἤδη
190 2530 376 2566 διαληπτέον*
392 2530 439 2557 νῦν
455 2532 504 2566 μὲν
515 2532 570 2567 γὰρ
587 2533 698 2568 ἐποίησε
714 2531 924 2567 καθηγουμένην

113 2582 132 2616 ἡ
151 2577 290 2615 βασιλεία
318 2584 380 2611 μου,
407 2576 442 2611 ἢν
463 2577 590 2611 ἐποίησε·
616 2579 663 2604 καὶ
683 2578 762 2610 αὖθις
786 2579 810 2604 ει
833 2578 922 2612 δεήσει

112 2623 302 2662 ἡγουμένης,
315 2623 367 2653 ἕως
381 2622 412 2649 ἃν
421 2622 468 2655 ζῶ,
477 2622 542 2657 παρ’
554 2623 620 2657 ἐμοῦ
633 2624 790 2659 γενήσεται.
803 2624 879 2650 Μετὰ
894 2623 922 2650 δὲ

110 2673 171 2709 τήν
196 2670 274 2705 ἐμὴν
301 2669 468 2705 μετάστασιν
498 2669 629 2704 κρατήσει
658 2670 691 2695 τὰ
707 2669 755 2705 τῆς
781 2669 922 2704 παρούσης

113 2727 174 2754 μου
191 2715 358 2749 διατάξεως,
376 2713 533 2750 Διορίζομαι
548 2714 611 2749 γὰρ,
629 2714 652 2740 ει
669 2714 719 2748 μὲν
735 2715 920 2750 προσδόκιμος

111 2765 167 2792 καὶ
186 2762 438 2797 προεγνωσμένηή
456 2761 505 2796 τῆς
521 2759 591 2787 κατὰ
607 2760 656 2796 τὴν
673 2761 778 2796 ἡμέραν
798 2762 920 2796 ὴγουμέν

111 2818 170 2845 νης
193 2807 314 2843 γένηται
327 2807 449 2842 τελευτὴ,
465 2805 665 2841 προσέρχεσθαι
677 2807 745 2842 αὐτῇ
765 2807 856 2833 πᾶσαν
871 2807 921 2842 τήν

965 315 1130 342 sanctissimi
1145 315 1317 349 patriarcltze,
1342 316 1385 342 cui
1403 316 1554 343 secundum
1570 316 1644 352 leges
1658 323 1686 345 et
1704 326 1751 345 ca—

964 368 1050 387 nones
1078 362 1116 388 rei
1133 361 1247 394 hujusce
1274 369 1339 388 cura
1360 361 1505 393 incumbit,
1520 367 1633 396 patrona
1657 371 1751 390 mona-

964 406 1054 437 sterii,
1066 406 1228 441 ueterisque
1239 407 1404 434 mouialibus
1421 407 1508 441 ipsum
1520 408 1707 436 monentibus.
1721 409 1753 435 il-

964 451 1067 486 ludque
1077 453 1280 484 revocantibus.
1295 458 1321 479 et
1332 461 1497 488 quocunque
1505 453 1569 485 alio,
1577 453 1621 481 cui
1629 453 1754 487 libuerit,

965 498 1076 534 pietatis
1089 507 1163 535 ergo,
1184 500 1385 527 re5titutionem
1396 505 1522 536 urgente.

1271 554 1384 583 CAPUT
1407 555 1442 582 X.

1019 599 1195 632 Quandonam
1210 600 1305 627 bonum
1324 600 1417 628 mobile
1430 602 1704 630 monasteriialienari

1320 638 1411 671 possit.

1001 692 1241 727 Alienatioitaque
1257 691 1439 720 immobilium
1454 694 1493 720 sic
1520 694 1632 722 onmiuo
1659 695 1754 730 prohi-

966 739 1024 767 bita
1036 739 1090 767 erit
1104 748 1109 766 :
1121 739 1264 766 mobilium
1275 746 1340 766 vero
1349 739 1541 767 alienationem
1555 748 1587 768 ex
1598 749 1649 767 una
1661 745 1688 767 et
1699 741 1754 767 sola

967 792 1048 812 causa
1066 785 1165 812 rationi
1178 789 1389 813 consentaneum
1414 786 1554 813 existimat
1579 786 1755 821 imperatoria

967 839 1027 858 mea
1038 831 1164 866 majestas
1179 840 1187 864 ;
1206 831 1316 866 quando
1332 832 1435 859 scilicet
1449 832 1544 866 ingens
1564 832 1674 867 aliquod
1706 832 1756 859 da-

968 885 1061 904 mnum
1085 878 1263 909 monasterio,
1276 882 1323 905 aut
1338 878 1419 906 rebus
1433 879 1492 914 ejus
1502 879 1650 906 accesserit
1662 886 1695 905 ex
1714 878 1756 905 in-

968 931 1050 950 cursu
1063 923 1194 951 videlicet
1209 923 1342 959 gentium,
1356 923 1398 951 vel
1413 932 1446 952 ex
1464 924 1602 956 incendio,
1617 928 1665 950 aut
1677 928 1756 950 terra:

965 975 1057 1003 motu;
1069 969 1319 1006 monasteriumque
1329 970 1489 998 destitutum
1500 970 1580 997 fuerit
1589 969 1713 1004 pecuniis
1721 968 1755 996 ad

965 1015 1194 1043 restaurationem
1206 1015 1290 1048 illius,
1299 1015 1371 1050 quod
1383 1015 1548 1042 detrimento
1561 1015 1690 1042 all'eetum
1702 1018 1755 1041 est.

966 1061 1005 1088 En
1017 1061 1090 1088 enim
1116 1069 1180 1089 casu
1201 1061 1323 1089 concedo
1345 1066 1374 1087 ut
1387 1061 1524 1088 alieuctur
1538 1060 1641 1095 aliquid
1668 1059 1757 1086 mobi-

967 1107 1046 1138 lium,
1072 1106 1105 1134 ad
1119 1107 1298 1135 restaurauda
1321 1107 1471 1134 immobilia
1489 1115 1496 1134 :
1513 1111 1541 1134 et
1559 1113 1624 1133 tune
1638 1114 1670 1133 ea
1687 1106 1757 1140 lege.

969 1157 999 1180 ut
1016 1153 1049 1180 ad
1064 1157 1172 1181 sanctas
1194 1153 1325 1181 ecclesias
1346 1158 1371 1181 et
1388 1153 1481 1181 divina
1503 1154 1604 1189 templa
1630 1153 1758 1180 alienatio

971 1199 1027 1230 ﬁat,
1040 1204 1141 1234 utquae
1158 1208 1234 1227 sacra
1256 1204 1330 1232 sunt,
1350 1207 1444 1228 rursus
1473 1207 1551 1227 sacra
1575 1203 1712 1231 maneant,
1731 1203 1759 1227 et

970 1250 1063 1273 sancta
1077 1253 1130 1272 non
1149 1246 1318 1280 polluantur.
1331 1245 1396 1279 Qua:
1408 1246 1481 1273 enim
1499 1246 1584 1273 semel
1598 1249 1759 1273 consecrata

970 1295 1044 1321 sunt,
1057 1297 1112 1316 non
1125 1289 1271 1324 polluenda
1289 1297 1359 1322 esse,
1375 1290 1503 1317 omnibus
1521 1294 1615 1316 notum
1633 1294 1686 1316 est.

1007 1335 1191 1370 Pmoptamus
1209 1340 1300 1362 autem
1317 1334 1460 1361 mobilium
1472 1334 1678 1365 alienationem,
1694 1340 1761 1368 pro-

970 1387 1032 1417 pter
1058 1380 1239 1408 immobilium
1260 1380 1286 1407 in
1312 1380 1448 1415 integrum
1474 1379 1755 1411 restitutionem,non

972 1433 1075 1455 temere
1100 1432 1128 1454 et
1143 1435 1174 1454 ex
1187 1427 1239 1454 levi
1251 1433 1342 1460 causa,
1368 1431 1397 1453 ut
1410 1426 1472 1461 quis
1490 1426 1560 1453 [orte
1574 1425 1694 1460 putarit;
1710 1424 1758 1452 sed

971 1473 1045 1509 quod
1056 1473 1236 1500 immobilium
1248 1478 1398 1507 proventus
1411 1472 1496 1500 multo
1506 1472 1618 1507 majoris
1629 1471 1759 1498 utilitatis

973 1519 1140 1547 monasterio
1168 1526 1230 1546 esse
1256 1519 1357 1551 soleat;
1384 1523 1413 1546 et
1438 1518 1502 1553 quia
1517 1526 1552 1544 ex
1578 1517 1759 1544 immobilium

973 1565 1062 1593 fructu
1079 1569 1194 1600 possunt
1217 1565 1383 1600 quandoque
1396 1564 1507 1592 mobilia
1523 1564 1690 1598 comparari;
1709 1571 1759 1598 op-

908 1618 915 1625 ·
934 1608 956 1637 C
973 1611 1092 1646 positum
1110 1618 1174 1637 vero
1191 1610 1301 1638 diﬂicile
1313 1614 1365 1638 est.

1009 1657 1084 1684 Hanc
1112 1661 1203 1684 autern
1227 1657 1421 1684 alienationem
1448 1664 1503 1683 non
1531 1655 1634 1690 absque
1660 1654 1761 1689 praevio

973 1702 1107 1734 examine,
1128 1709 1216 1737 neque
1229 1701 1255 1728 in
1270 1701 1378 1729 occulto
1395 1701 1437 1729 vel
1456 1702 1483 1728 in
1502 1701 1601 1736 angulo
1619 1700 1678 1727 ﬁeri
1693 1708 1760 1727 con-

972 1748 1114 1780 cedimus;
1126 1755 1216 1782 neque
1227 1747 1391 1783 quibusdam
1405 1747 1432 1774 in
1450 1745 1618 1774 monasterio
1633 1746 1659 1772 id
1671 1745 1759 1772 scien-

973 1794 1056 1826 tibus,
1083 1793 1194 1828 reliquis
1230 1801 1295 1820 vero
1313 1792 1513 1828 ignorantibus,
1543 1791 1591 1819 sed
1621 1791 1758 1826 praetecta,

972 1847 1126 1870 meonomo,
1144 1839 1267 1866 ecclesia:
1280 1839 1435 1873 prteposita.
1455 1836 1690 1872 seevopltylacissa
1713 1843 1760 1862 seu

973 1892 1100 1912 vasorum
1116 1884 1241 1917 custode,
1251 1884 1412 1918 catterisque
1426 1882 1573 1918 praecipuis
1585 1881 1761 1913 ollicialbus,

973 1936 1001 1958 et
1012 1930 1170 1958 monasterii
1183 1929 1375 1956 sacerdotibus
1386 1929 1413 1955 in
1425 1935 1509 1955 unum
1521 1925 1761 1958 convenientibus,

974 1985 1005 2004 ac
1021 1976 1054 2003 de
1071 1976 1195 2011 przesenti
1210 1979 1320 2010 sumptu
1332 1973 1557 2010 dijudieantibus.
1570 1973 1659 2007 deque
1671 1972 1763 2006 specie

973 2023 1116 2050 alienanda
1143 2021 1369 2049 deliberantibus.
1395 2020 1497 2048 Deinde
1513 2019 1624 2054 quidam
1646 2018 1763 2045 advoca—

974 2069 1089 2101 buntur,
1118 2068 1220 2103 quibus
1238 2075 1282 2095 res
1299 2066 1442 2094 vendenda
1462 2065 1547 2101 probe
1573 2070 1637 2092 nota
1652 2064 1696 2094 sit.
1714 2063 1762 2095 qui

975 2120 1066 2143 actum
1083 2113 1274 2142 azstimationis
1293 2113 1385 2144 edent,
1404 2119 1466 2139 cum
1483 2110 1587 2138 chartis
1603 2109 1762 2136 monasterii

975 2161 1163 2197 reponendum
1175 2165 1201 2188 et
1218 2159 1426 2187 asservandum.
1440 2157 1501 2186 llzec
1516 2156 1608 2184 omnia
1621 2163 1685 2183 vero
1698 2155 1764 2182 fient

974 2209 1078 2236 sciente
1094 2206 1252 2235 monasterii
1268 2210 1394 2241 patrona.

1266 2350 1379 2379 CAPUT
1416 2349 1464 2378 XI.

1030 2396 1164 2430 Quomodo
1188 2395 1307 2431 eligenda
1323 2401 1347 2422 et
1363 2395 1512 2422 ordinanda
1527 2396 1560 2421 ait
1577 2394 1710 2429 praefectis.

1016 2487 1054 2514 De
1069 2486 1203 2513 electione
1220 2490 1248 2512 ct
1261 2485 1434 2512 ordinatione
1453 2484 1588 2520 praetecta:
1600 2484 1655 2518 jam
1673 2483 1763 2510 disse-

978 2533 1093 2560 remlum
1105 2537 1164 2565 est;
1179 2536 1207 2559 et
1222 2539 1294 2558 nunc
1313 2531 1423 2566 quidem
1438 2539 1498 2558 cam
1514 2531 1669 2565 praefeetam
1697 2537 1764 2557 con-

976 2579 1067 2606 stituit
1080 2578 1209 2613 maiestas
1223 2585 1295 2610 mea,
1308 2585 1390 2612 quam
1405 2576 1575 2603 constituere
1589 2575 1679 2602 libuit.
1691 2575 1724 2602 Et
1738 2575 1762 2602 si

977 2633 1074 2652 rursus
1093 2624 1221 2660 praefecta
1243 2631 1313 2658 opus
1330 2622 1422 2654 fuerit,
1441 2622 1530 2649 donec
1545 2622 1573 2648 in
1586 2621 1654 2648 vivis
1668 2629 1733 2652 ero,
1747 2629 1761 2647 ει

976 2678 1019 2696 me
1044 2668 1213 2697 instituelur.
1235 2669 1300 2696 Post
1323 2667 1475 2695 discessum
1500 2673 1565 2694 vero
1579 2673 1763 2700 mcum,prae-

978 2724 1041 2744 scns
1055 2719 1188 2743 statutum
1206 2723 1296 2742 meum
1312 2714 1458 2742 obtinebit.
1483 2713 1582 2741 Sancio
1595 2713 1680 2742 enim.
1697 2715 1725 2737 ut
1739 2711 1762 2738 si

978 2762 1088 2797 quidem
1113 2767 1289 2797 exspectatus
1305 2766 1333 2789 et
1359 2760 1503 2796 prmscitus
1521 2759 1604 2786 fuerit
1626 2758 1762 2793 przefeetze

978 2808 1063 2835 illitus
1076 2808 1197 2842 emporis
1208 2807 1310 2841 obitus,
1325 2814 1435 2835 sorores
1446 2814 1543 2834 omnes
1552 2805 1637 2840 ipsam
1649 2804 1760 2836 adeant,

770 2863 996 2895 Montfauconii
1028 2870 1121 2896 notua.

155 2919 223 2954 (t0)
245 2918 281 2946 De
297 2917 356 2945 istis
372 2918 469 2946 olIieiis
485 2917 554 2946 infra
574 2925 625 2946 suo
641 2918 713 2946 loco.

1748 2945 1777 2955 μμ
