2023 3164
278 229 349 264 1023

908 222 1050 254 [RENES
1071 221 1257 251 AUGUSTE

1830 216 1895 248 1021

275 293 305 316 ct
319 293 382 314 cum
397 293 412 312 a
436 283 562 319 praelecta
581 282 626 311 ﬁat
646 282 803 310 oﬂicialium
832 281 964 312 delectus,
989 277 1060 306 absit

1113 277 1211 312 λούσης
1226 277 1359 311 γίνεσθαι,
1374 275 1420 303 καὶ
1442 277 1492 311 τῆς
1513 275 1568 302 τῶν
1583 274 1684 301 λοιπῶν
1699 274 1897 308 ὃιακονητριιὶν

276 330 509 362 contentio.’absit
518 329 629 360 invidia.
643 329 714 356 absit
726 335 793 355 vana
805 327 925 357 aﬂ'ectio.
936 332 963 354 et
974 326 1060 361 gratia

277 378 490 407 inconsiderata.
522 375 576 403 Sed
594 380 669 402 recto
685 375 800 411 judicio,
818 375 893 410 justo
916 380 1009 408 scopo,
1033 377 1061 399 et

275 433 338 453 cum
367 424 495 454 veritate.
526 423 604 458 quasi
629 422 794 449 observante
829 421 875 447 illo
907 419 988 447 oculo
1013 418 1059 454 qui

276 471 366 499 omnia
379 470 501 504 respicit,
514 470 554 497 sic
567 477 581 496 a
597 467 818 503 vobisjudicium
831 472 858 494 et
871 473 984 494 examen
1002 466 1058 492 liat.

275 517 313 544 Ne
327 517 482 552 procedatis
495 516 577 550 igitur
589 514 622 542 ad
637 522 740 549 pugnas
748 519 775 541 et
788 513 974 541 dissensiones
989 512 1061 539 inter

274 562 448 596 eligendum;
469 561 516 588 sed
535 569 597 588 cum
621 567 769 592 consensu,
792 567 859 594 pace
878 562 906 586 et
925 558 1060 586 charitate

274 609 389 636 electam
408 607 602 643 promoveatis.

312 736 451 763 Electione
466 743 532 763 vero
554 740 583 763 et
602 735 774 770 promotione
790 735 871 765 facta.
896 734 969 762 nulla
988 735 1058 762 iudi-

276 789 329 816 gne
348 781 451 809 insiliat
467 781 500 808 ad
518 781 720 816 praefecturam,
738 784 786 807 aut
799 781 872 808 aliud
887 780 984 815 quovis
1001 780 1060 807 oili-

275 827 348 854 cium
361 827 546 859 ambiendum,
570 835 656 854 annos
675 827 745 854 forte
767 827 950 862 pra-tendens.
973 827 1014 854 \‘el
1033 827 1059 854 in

276 871 382 907 agendo
408 872 559 905 solertiam,
576 873 617 900 vel
640 873 822 906 nobilitatem,
841 876 888 900 aut
903 873 980 900 datas
996 880 1060 907 pos-

275 917 422 951 sessiones,
449 918 490 946 vel
515 919 655 954 pecunias.
670 919 723 946 Sed
742 919 786 946 illa
800 919 871 946 inter
882 926 931 946 vos
944 923 1058 954 antepo-

275 964 364 991 nenda
377 964 442 996 erit,
456 972 516 999 qua:
529 965 590 992 talis
602 964 695 996 fuerit,
708 964 815 999 qualem
828 964 954 998 superior
968 972 1059 991 sermo

273 1010 434 1045 descripsit;
450 1011 574 1045 quamvis
589 1018 677 1045 nuper
695 1011 809 1038 detonsa
824 1010 915 1043 fuerit,
935 1010 1060 1045 quamvis

274 1064 306 1083 ex
322 1057 426 1091 privata
443 1057 552 1084 fortuna
567 1057 600 1084 ad
616 1056 813 1084 monasterium
832 1056 990 1084 accesserit.

309 1143 424 1170 Omnem
442 1143 525 1179 igitur
549 1143 779 1176 benevolentiam,
804 1151 911 1171 omnem
929 1143 1061 1171 obedien-

275 1188 352 1221 tiam,
376 1195 456 1216 omne
475 1188 640 1223 obsequium
662 1189 796 1224 prml‘ectaa
819 1194 915 1216 vestrae
930 1196 1058 1216 servave-

276 1234 348 1266 ritis,
374 1239 401 1261 ul
415 1243 429 1262 a
445 1236 564 1270 quodam
584 1235 740 1262 divinorum
756 1235 864 1262 Patrum
876 1235 980 1263 dictum
996 1240 1058 1262 est:

279 1289 288 1304 ι
305 1279 334 1307 Si
362 1281 436 1308 enim
453 1289 502 1315 pro
515 1281 597 1308 nobis
621 1281 755 1308 rationem
781 1281 913 1308 reddituri
929 1284 993 1308 sunt
1011 1280 1059 1315 qui

275 1327 362 1353 nostri
379 1335 471 1354 curam
485 1332 594 1362 gerunt,
608 1327 746 1362 quomodo
758 1333 811 1354 non
825 1327 938 1354 omnino
953 1327 986 1354 iis
995 1326 1060 1353 sub-

276 1371 325 1398 (Illi
344 1372 460 1404 erimus,
475 1377 502 1399 et
519 1377 548 1399 ut
573 1372 655 1406 capiti
675 1372 779 1406 reliqua
805 1371 926 1399 membra
937 1371 1060 1406 corporis

276 1417 448 1452 obediemus,
464 1422 493 1445 et
508 1418 734 1450 ministrabimus.
752 1427 761 1445 ι
775 1417 883 1446 utdicit
908 1422 937 1446 et
951 1418 1061 1446 divinus

274 1464 436 1499 apostolus:
456 1473 465 1489 ι
477 1463 595 1492 Obedite
615 1464 1059 1500 praepOsitisvestrisrtsuhjacete

275 1511 331 1541 eis;
352 1508 403 1544 ipsi
419 1508 492 1536 enim
505 1509 678 1544 pervigilant,
694 1509 772 1544 quasi
789 1509 920 1537 rationem
934 1517 983 1544 pro
999 1509 1059 1536 ani-

276 1553 373 1581 mabus
392 1554 492 1581 vestris
503 1550 638 1581 reddituri
652 1555 682 1580 '5.
698 1563 707 1580 ι

309 1599 362 1626 Sed
378 1605 406 1627 et
421 1599 454 1626 ad
472 1600 588 1627 invicem
607 1600 780 1633 charitatem,
795 1607 888 1635 pacem
904 1604 931 1627 et
945 1607 1056 1627 concor-
1074 1608 1096 1636 ο

276 1645 350 1672 diam
380 1646 567 1680 servaveritis,
595 1655 644 1682 pro
662 1647 724 1674 aliis
750 1653 845 1674 mutuo
869 1648 1061 1679 ardentes,in-

276 1692 362 1719 vicem
375 1692 572 1725 suﬂ’uleientes,
586 1693 776 1724 admonentes,
796 1694 979 1726 consolantes,
996 1701 1058 1721 sus-

279 1737 409 1769 tinentes.
438 1738 572 1772 quidquid
587 1739 664 1771 utile,
678 1738 809 1773 quidquid
827 1739 956 1771 salutare,
971 1739 992 1766 si
1005 1747 1059 1774 qua

276 1783 375 1816 virtus,
388 1784 409 1812 si
421 1792 474 1819 qua
482 1784 550 1815 laus.
562 1784 587 1812 id
604 1793 653 1820 pro
669 1785 773 1812 viribus
784 1785 892 1820 operari
908 1785 1058 1812 studentes.

277 1829 348 1857 Dicit
365 1831 438 1858 enim
452 1831 586 1858 Dominus
602 1836 696 1859 noster
706 1831 786 1859 Iesus
795 1831 922 1859 Christus
941 1841 947 1858 :
968 1842 977 1857 c
999 1831 1060 1859 Haec

277 1876 377 1903 mando
387 1877 466 1904 vobis
481 1881 511 1904 ut
522 1877 642 1912 diligatis
653 1877 782 1909 invicem,
795 1878 868 1905 sicut
877 1882 905 1905 et
917 1885 967 1912 ego
978 1877 1060 1904 dilexi

278 1929 326 1950 vos
342 1923 383 1955 '9;
402 1932 412 1949 ι
429 1927 475 1951 et:
492 1932 500 1948 ι
520 1923 549 1950 In
569 1923 620 1950 hoc
629 1929 797 1959 cognoscent
811 1931 907 1952 omnes
933 1924 1006 1959 quod
1016 1924 1060 1951 di~-

277 1967 374 2003 scipuli
388 1969 441 1997 mei
455 1969 534 2002 estis,
550 1969 572 1997 si
590 1969 741 1998 dilexeritis
755 1970 873 1998 invicem
891 1970 921 1997 '°.
942 1979 952 1997 ι

314 2056 354 2083 Tu
374 2064 494 2091 quoque,
505 2065 522 2084 ο
537 2056 621 2084 Mater
637 2057 787 2092 spiritualis
803 2057 875 2084 sacri
900 2057 982 2093 hujus
1000 2058 1060 2085 ovi-

279 2103 322 2135 lis,
336 2107 364 2129 et
378 2102 429 2130 vite
449 2102 516 2134 dux,
539 2104 678 2130 moderata
695 2108 754 2131 esto
770 2103 912 2131 sororibus
928 2104 1060 2137 curatrix,

281 2153 432 2175 maternam
453 2147 521 2182 ipsis
547 2148 660 2175 omnino
683 2156 797 2176 servans
821 2149 1060 2177 benevolentiam:

279 2194 361 2220 etiam
377 2193 403 2220 id
425 2200 562 2227 rogamus,
581 2201 677 2220 omnes
701 2199 807 2227 curato,
821 2195 944 2222 omnium
960 2195 1062 2222 sollici-

280 2238 403 2266 tudinem
433 2245 522 2274 geras,
545 2239 691 2270 mouendo.
721 2239 903 2273 adhortando,
928 2242 1061 2274 nocendo,

273 2283 504 2319 'rogando,wgras
521 2284 654 2316 sanando,
665 2284 787 2313 inﬁrmas
799 2286 987 2318 sustentando.
1000 2287 1059 2314 ani-
1078 2283 1099 2311 υ

279 2341 324 2360 mo
334 2331 493 2359 deﬁcientes
514 2331 691 2362 consolando,
701 2337 845 2366 peccantes
859 2333 1060 2366 convertendo;

278 2383 304 2406 et
328 2382 357 2405 ut
373 2377 438 2404 dicit
461 2380 573 2403 sanctus
599 2376 734 2405 Basilius:
751 2387 760 2404 ι
780 2378 840 2413 Ipso
867 2379 1010 2413 praefectus
1034 2384 1063 2407 ut

279 2430 356 2459 pater
378 2424 514 2459 genuinos
532 2424 602 2451 ﬁlios
631 2431 742 2456 curans,
756 2423 927 2460 singulorum
945 2426 1064 2452 necessi-

280 2474 348 2497 tates
364 2469 531 2502 observabit,
559 2474 588 2497 et
603 2477 652 2504 pro
677 2469 805 2498 facultate
825 2478 977 2505 congruum
996 2470 1062 2498 υσθ-

278 2520 321 2543 ret
346 2516 496 2543 remedium
510 2521 538 2543 et
550 2516 863 2552 sollicitudinemmuod
890 2525 955 2544 vero
979 2525 1062 2544 mem-

279 2562 357 2588 brum
375 2570 470 2589 revera
487 2562 651 2594 inlirmatur,
665 2563 723 2590 sive
734 2564 917 2598 corporaliter
935 2564 993 2591 sive
1007 2565 1061 2598 spi-

278 2607 424 2640 ritualiter,
436 2616 499 2636 cum
515 2609 648 2637 eharitate
662 2613 690 2636 ct
706 2609 845 2644 spirituali
869 2610 1061 2638 benevolentia

278 2654 407 2689 portabit.
421 2663 431 2680 ι

570 2753 683 2781 CAPUT
700 2753 771 2780 Xlll.

279 2799 317 2827 De
331 2801 461 2828 amotione
473 2800 529 2835 ejus
542 2807 601 2834 quin
625 2807 698 2826 secus
715 2807 803 2860 bqram
818 2808 868 2834 par
883 2804 920 2826 est
934 2799 1063 2834 prwfectw

592 2842 687 2860 munus
699 2842 714 2860 ο
732 2843 739 2860 ι
756 2854 762 2860 .

592 2842 687 2860 ntunus
699 2842 762 2860 οοιι.

313 2881 348 2908 Et
363 2881 421 2908 haec
437 2881 547 2916 quidem
565 2879 601 2907 ita
615 2888 644 2907 se
656 2880 783 2906 habeant.
796 2879 861 2911 Qua
871 2887 939 2907 vero
949 2881 1062 2914 posthac

1112 324 1282 358 προκρίσεως
1294 322 1368 358 παρὰ
1379 323 1427 357 τῆς
1439 321 1646 356 καθηγουμένης
1658 321 1817 354 γινομένης,
1845 321 1897 346 ἀπ-

1113 369 1184 396 ἐῑτω
1198 369 1265 404 ἔρις,
1284 369 1394 395 ἀπέστω
1409 367 1516 402 φθόνος,
1527 367 1636 393 ἀπέστω
1649 366 1754 400 ματαία
1770 366 1896 399 προσπα-

1113 414 1182 444 οεια,
1201 414 1248 440 καὶ
1263 415 1341 448 χάρις
1364 413 1506 447 ἀλόγιστος
1517 420 1525 426 ·
1541 411 1631 446 κρίσει
1652 412 1679 438 δέ
1692 420 1734 437 τοι
1755 411 1835 445 ὀρθῇ,
1852 410 1897 436 καὶ

1113 459 1259 493 στοχασμῷ
1274 459 1394 492 ἀκριὸεἴ,
1413 457 1462 484 καὶ
1481 456 1606 491 ἀληθεία,
1622 456 1660 487 ὠς
1678 456 1834 490 ἐφορῶντος
1849 455 1896 480 τοῦ

1112 505 1144 532 τὰ
1157 505 1244 531 πάντα
1260 505 1405 540 βλέποντος
1420 502 1573 537 ὀφθαλμοῦ,
1594 502 1661 537 παρ’
1678 502 1756 536 ὑμῶν
1770 502 1787 536 ή
1806 501 1898 536 κρίσις

1111 560 1140 577 τε
1152 552 1199 577 καὶ
1211 551 1356 585 δοκιμασία
1372 549 1498 584 γινέσθω.
1522 549 1568 584 Μὴ
1582 549 1726 584 χωρὴσητε
1744 548 1838 574 τοίνυν
1857 548 1897 578 εἰς

1111 597 1247 632 διαμάχας
1269 597 1316 622 καὶ
1333 595 1583 631 ἀμφιγνωμοσύνας
1605 594 1820 630 προκρίνουσαι·
1839 593 1897 619 ἀλλ’

1112 641 1141 667 ἐν
1151 641 1376 678 ἑμογνωμοσύνῃ,
1393 641 1440 668 καὶ
1459 641 1565 676 εἰρήνῃ,
1579 641 1626 666 καὶ
1641 639 1736 674 ἀγάπῃ
1754 639 1805 674 τὴν
1823 639 1897 665 ἐκλε-

1111 687 1246 722 λεγμένην
1260 687 1425 722 ὲκλέγοιοθε.

1148 734 1268 770 Οὐδεμῖα
1291 735 1320 761 δὲ
1342 735 1430 766 ἔσται,
1447 735 1496 770 τῆς
1520 733 1636 768 ἐκλογῆς
1657 735 1704 760 καὶ
1724 733 1898 768 προκρίσεως

1111 780 1266 815 γινομένης,
1289 782 1305 815 ὴ
1331 781 1398 816 πρὸς
1419 781 1449 807 τὸ
1462 779 1669 816 ήγουμενεύειν,
1687 780 1703 814 ἦ
1719 780 1820 814 ἑτέραν
1835 780 1896 806 τινὰ

1111 826 1248 852 διακονίαν
1265 827 1445 862 μετέρχεσθαι
1460 826 1577 858 ἀναξίως
1591 826 1762 859 ὲπιπηδῶσα,
1784 826 1897 860 χρόνους

1111 870 1191 905 τυχὸν
1212 870 1430 906 προϐαλλομένη,
1453 871 1468 906 ἢ
1493 872 1642 905 ἐνέργειαν,
1665 871 1682 907 ἥ
1710 871 1896 905 εὖγένειαν,ἦ

1112 917 1294 952 προσαγωγὴν
1321 917 1470 952 κτημάτων
1496 917 1587 950 τινῶν,
1612 917 1812 952 ἢχρημάτων·
1841 916 1897 943 ἀλλ’

1111 963 1203 998 ἐκείνη
1215 962 1291 989 ἔσται
1305 963 1476 998 προτιμητέα
1492 963 1520 988 ὲν
1533 963 1608 998 ὑμῖν,
1621 963 1681 998 ἥτις
1701 963 1734 989 ἂν
1748 963 1792 997 εἴη
1805 962 1897 989 τοιαύ-

1111 1017 1155 1044 τη,
1171 1009 1231 1035 οἵαν
1249 1009 1263 1035 ὀ
1285 1009 1362 1042 λόγος
1383 1009 1512 1043 ἀνωτέρω
1532 1009 1674 1044 ὑπέγραψε
1687 1017 1694 1024 ·
1714 1009 1766 1035 κᾶν
1788 1009 1821 1035 ὲκ
1837 1009 1896 1035 νέου

1110 1055 1180 1090 τύχῃ
1194 1056 1378 1090 ἀπσκαρεῑσα,
1396 1054 1447 1081 κᾶν
1468 1054 1498 1087 ἐξ
1518 1055 1654 1090 ίδιωτικῆς
1674 1054 1758 1088 τύχης
1772 1055 1806 1089 τῇ
1831 1055 1897 1089 μονῇ

1111 1100 1308 1136 προσελήλυθε.

1147 1147 1243 1173 Πᾶσαν
1257 1146 1304 1173 οὖν
1321 1145 1437 1178 εὔνοιαν,
1462 1147 1552 1173 πᾶσαν
1572 1146 1722 1180 ὑποταγὴν,
1749 1147 1841 1172 πᾶσαν
1854 1146 1899 1172 εύ-

1112 1192 1234 1219 πείθειαν
1257 1194 1290 1228 τῇ
1305 1193 1446 1228 ἡγουμένῃ
1470 1192 1546 1228 ὑμῶν
1564 1191 1743 1224 ἀποσώζοιτε,
1770 1192 1898 1226 καθάπερ

1110 1239 1162 1264 τινὶ
1177 1239 1231 1264 τῶν
1247 1238 1326 1264 θείων
1339 1238 1469 1273 Πατέρων
1492 1238 1598 1274 εἴρηται
1624 1237 1730 1271 λέγοντι
1743 1246 1751 1254 ο
1769 1247 1779 1263 ι
1797 1238 1829 1263 El.
1846 1238 1898 1271 γὰρ

1111 1284 1182 1319 ὑπὲρ
1198 1284 1277 1320 ἡμῶν
1291 1284 1370 1318 λόγον
1381 1283 1527 1319 ἀποθοῦναι
1548 1284 1690 1318 μέλλουσιν
1705 1284 1729 1310 οι
1740 1283 1822 1318 ήμῶν
1839 1283 1897 1309 ἑπι-

1112 1330 1268 1365 μελὸμενοι,
1285 1330 1343 1361 πῶς
1358 1330 1419 1365 οὐχὶ
1437 1330 1508 1356 κατὰ
1522 1330 1611 1357 πάντα
1630 1329 1737 1360 τούτοις
1758 1330 1898 1363 ὑποταγη-

1112 1377 1226 1412 σόμεθα,
1240 1377 1287 1404 καὶ
1300 1377 1338 1409 ὼς
1352 1377 1457 1412 κεφαλῇ
1469 1369 1503 1404 τᾶ
1517 1377 1599 1404 λοιπά
1619 1377 1689 1413 μέρη
1707 1377 1755 1403 τοῦ
1773 1377 1898 1412 σώματος

1111 1421 1304 1457 ὑπακούσομέν
1329 1431 1359 1448 τε
1384 1423 1430 1449 καὶ
1451 1422 1709 1457 ἐξυπηρετήσομενς
1724 1421 1817 1451 καθώς
1833 1430 1898 1456 φησι

1112 1466 1157 1492 καὶ
1173 1467 1187 1492 ὁ
1206 1465 1278 1497 θεῖος
1299 1467 1448 1498 ἀπόστολος
1459 1475 1467 1482 ·
1489 1475 1498 1492 ι
1516 1465 1648 1493 Πείθεσθε
1663 1469 1719 1497 τοῖς
1734 1467 1898 1502 ἡγουμένοις

1111 1511 1197 1545 ὑμῶν,
1217 1512 1264 1537 καλ¹
1277 1511 1403 1538 ὑπείκετε
1415 1520 1422 1525 ·
1452 1511 1530 1538 αὐτοὶ
1550 1512 1604 1546 γὰρ
1620 1511 1809 1547 ἀγρυπνοῦσιν
1827 1512 1898 1547 ὑπὲρ

1111 1556 1165 1582 τῶν
1175 1556 1268 1591 ψυχῶν
1286 1556 1376 1591 ὑμῶν,
1390 1556 1427 1588 ὡς
1438 1557 1517 1590 λόγον
1533 1556 1730 1589 ἀποδώσοντες.
1750 1567 1759 1584 ι

1155 1603 1236 1630 Ἀλλὰ
1251 1603 1298 1629 καὶ
1316 1603 1382 1638 πρὸς
1407 1603 1526 1638 ἀλλήλας
1542 1603 1670 1637 ἀγάπην,
1689 1604 1814 1639 εἰρήνην,
1837 1605 1900 1639 ὁμό-

1115 1656 1188 1674 νοιαν
1205 1648 1386 1681 φυλάττουσαι
1401 1648 1474 1683 είητέ
1491 1657 1546 1683 μοι,
1572 1649 1697 1683 ἀλλήλων
1711 1649 1900 1684 ὕπερκαιόμε-

1113 1703 1169 1724 ναι,
1199 1694 1317 1728 ἀλλήλας
1342 1695 1585 1729 ὑποστηρίζουσαι,
1611 1695 1797 1726 νουθετοῦσαι.
1816 1705 1900 1731 παρα-

1115 1738 1258 1772 καλοῦσαι,
1276 1739 1454 1774 ἀνεχόμεναι·
1471 1740 1526 1766 πᾶν
1539 1739 1567 1766 εῐ
1580 1748 1606 1766 τι
1618 1741 1749 1775 χρηστὸν,
1766 1741 1794 1766 εἴ
1809 1750 1837 1768 τι
1855 1750 1902 1769 σω-

1113 1787 1217 1820 τήριον,
1234 1786 1260 1813 ετ
1272 1794 1313 1817 τις
1329 1786 1425 1821 ἀρετὴ,
1441 1786 1488 1812 καὶ
1502 1786 1579 1817 εἴτις
1591 1786 1712 1817 ἔπαινος,
1737 1786 1900 1813 σπεύδουσαι

1114 1832 1153 1862 είς
1163 1831 1278 1865 δύναμιν
1294 1830 1460 1865 κατορθοῦν·
1478 1830 1546 1865 φησὶ
1560 1831 1614 1865 γὰρ
1624 1830 1672 1857 καὶ
1684 1832 1699 1857 ὀ
1710 1830 1812 1866 Κύριος
1824 1831 1900 1865 ήμῶν

1121 1876 1222 1911 Ἰησοῦς
1235 1877 1352 1910 Χριστός
1366 1884 1372 1890 ·
1389 1885 1398 1901 ι
1409 1875 1502 1902 Ταῦτα
1517 1876 1674 1910 ἐντέλλομαι
1685 1876 1759 1910 ὑμῖν,
1779 1876 1823 1902 ἵνα
1839 1877 1902 1910 ἀγα-

1114 1923 1185 1949 πᾶτε
1201 1922 1345 1956 ἀλλήλους,
1361 1921 1453 1953 καθὼς
1467 1921 1544 1955 κάγὼ
1557 1922 1628 1956 ὑμᾶς
1640 1922 1775 1956 ἠγάπησα
1787 1930 1796 1938 ·
1815 1931 1825 1948 ι
1845 1923 1901 1953 καὶ,

1118 1977 1127 1994 ι
1152 1968 1196 1994 Ἐν
1218 1967 1305 2002 τούτῳ
1323 1966 1474 2000 γνώσονται
1502 1966 1602 1998 πάντες
1630 1966 1671 1992 ὅτι
1693 1967 1757 2002 ἐμοὶ
1781 1967 1902 2001 μαθηταί

1114 2014 1185 2044 sese,
1197 2013 1246 2040 ἐὰν
1257 2013 1382 2046 ἀγαπᾶτε
1399 2012 1542 2047 ἀλλήλους.
1561 2021 1570 2037 ι

1151 2060 1206 2086 Καὶ
1221 2059 1253 2086 σὺ
1269 2059 1307 2092 δὲ,
1321 2056 1344 2085 ὦ
1360 2058 1445 2093 μῆτερ
1461 2057 1634 2092 πνευματικὴ
1645 2057 1694 2092 τῆς
1710 2057 1788 2093 ἱερᾶς
1800 2058 1902 2092 ταύτης

1117 2105 1244 2141 ποίμνης.
1260 2104 1306 2131 καὶ
1323 2104 1415 2138 ὀδηγὲ,
1431 2103 1529 2138 μετρία
1544 2100 1590 2129 ἔσο
1605 2103 1664 2134 ταῖς
1676 2102 1808 2137 ἀδελφαῖς
1823 2103 1902 2138 κηδε·

1117 2151 1226 2186 μονικὴ.
1249 2150 1296 2176 καὶ
1320 2150 1352 2176 τὺ
1368 2149 1428 2176 ὅλον
1452 2149 1588 2184 μητρικὴν
1603 2149 1700 2180 αὐταῖς
1723 2149 1902 2181 ἀποαώξιιυσα

1116 2197 1163 2232 τὴν
1175 2196 1290 2223 εὔνοιαν.
1310 2196 1364 2222 Ναὶ
1380 2194 1605 2230 παρακαλοῦμεν,
1622 2194 1718 2220 πασῶν
1743 2195 1839 2229 κήδου,
1856 2196 1902 2221 καὶ

1116 2243 1211 2270 πασῶν
1224 2242 1348 2277 ἀντέχου,
1362 2240 1537 2272 νουθετοῦσα,
1562 2239 1746 2276 παραινοῦσα,
1759 2240 1900 2267 διδάσκου-

1115 2297 1159 2322 ea,
1178 2287 1384 2324 παρακαλοῦσα,
1402 2287 1534 2318 νοσούσας
1557 2285 1719 2320 ὕγιάξουσα,
1735 2287 1901 2317 ἀσθενούσας

1114 2333 1333 2368 ὑποστηρίξουσα
1348 2353 1355 2366 ,
1387 2331 1603 2367 ὸλιγοψυχούσας
1637 2331 1878 2367 παραμυθουμένη
1893 2352 1900 2362 ,

1114 2379 1323 2417 ἁμαρτανούσας
1352 2378 1570 2413 ἐπιστρέφουσα·
1600 2378 1648 2404 καὶ
1673 2378 1767 2410 meo;
1791 2386 1873 2412 φησιν
1888 2378 1901 2403 ὁ

1114 2426 1191 2460 ἅγιος
1204 2425 1344 2457 Βαοίλειος
1358 2424 1445 2458 λέγων
1455 2431 1463 2438 ·
1481 2433 1491 2450 ι
1508 2424 1594 2455 Αὐτὸς
1609 2425 1624 2450 ὁ
1636 2423 1853 2458 καθηγούμενος,
1866 2424 1901 2454 ὡς

1115 2471 1206 2506 πατὴρ
1223 2470 1324 2497 παωων
1344 2469 1464 2504 γνησίων
1489 2469 1698 2504 ἰπιμελόμενος,
1725 2469 1900 2504 ἐπισκέψεται

1116 2517 1165 2552 τὴν
1178 2516 1239 2543 καθ’
1253 2516 1312 2547 ἑνὸς
1337 2515 1452 2541 ἑκάστου
1473 2515 1579 2550 χρείαν,
1596 2515 1643 2542 καὶ
1659 2515 1710 2550 τὴν
1729 2515 1901 2551 ἁρμόζουσαν

1116 2563 1218 2594 εἰσάξει
1231 2562 1301 2589 κατά
1316 2561 1347 2588 τδ
1357 2561 1469 2588 δυνατὸν
1484 2561 1645 2596 θεραπείαν,
1660 2562 1708 2587 καὶ
1734 2562 1901 2596 ἐπιμέλειαν,

1117 2609 1163 2636 καὶ
1178 2609 1208 2635 τὸ
1233 2608 1293 2635 κατ’
1309 2607 1437 2642 ἀλήθειαν
1455 2607 1585 2633 ἁσθενοῦν
1606 2607 1696 2640 μέλος,
1713 2607 1768 2633 είτε
1785 2614 1901 2640 σωματιι

1118 2655 1183 2686 κῶς,
1196 2654 1250 2680 εἴτε
1264 2653 1398 2689 ψυχικῶς,
1417 2653 1487 2688 μετά
1502 2653 1613 2688 ἀγάπης
1625 2654 1672 2679 καὶ
1687 2653 1738 2688 τῆς
1755 2660 1900 2687 πνευματιι

1118 2700 1168 2736 κῆς
1183 2699 1288 2731 εὐνοίας
1301 2699 1488 2726 διαϐαστάσει.
1506 2708 1515 2724 ›

1405 2755 1531 2781 ΚΕΦᾹΑ.
1554 2754 1602 2781 ΙΓ’.

1117 2802 1183 2836 Περὶ
1189 2800 1411 2836 μετακινήσεως
1419 2800 1474 2834 τῆς
1477 2809 1499 2834 μ
1504 2799 1519 2834 ὴ
1527 2801 1566 2833 ὡς
1575 2799 1620 2827 δεῖ
1629 2798 1897 2834 ἡγουμενευούσης.

1150 2881 1204 2909 Καὶ
1225 2880 1311 2908 ταῦτα
1334 2879 1383 2916 μὲν
1397 2879 1495 2912 οὕτως.
1513 2879 1554 2906 Τὰ
1577 2878 1605 2906 δι
1621 2877 1683 2914 ἑξῆς
1699 2876 1817 2913 ῥηθῆναι
1833 2876 1898 2912 μέλ-

318 2940 339 2956 “
354 2940 436 2967 lichr.
455 2949 513 2973 vui,
526 2941 568 2968 17.
609 2942 628 2958 ¹⁹
644 2941 721 2970 Joan.
736 2948 798 2974 nr,
819 2942 859 2969 l5.
901 2942 923 2957 ’θ
941 2942 1017 2970 Juan.
1037 2951 1096 2977 ΧΗ,
1111 2944 1155 2971 55.
