2023 3164
266 215 333 250 1031

899 208 1040 239 IRENES
1056 207 1245 239 AUGUSTA‘E

1821 203 1887 236 1032

266 278 328 296 nem
340 276 424 303 super
439 272 539 295 terram
554 276 561 294 :
574 271 694 294 attamen
713 266 748 293 ob
765 267 912 293 humanam
937 264 1051 291 infirmi-

1105 263 1241 299 μηδεμίαν
1263 260 1332 289 εἶναι
1348 261 1394 288 ἐπὶ
1406 261 1457 297 γῆς
1470 269 1476 276 ·
1499 260 1565 287 ἀλλά
1582 260 1627 288 διὰ
1646 259 1695 296 τὴν
1717 259 1887 296 ἀνθρωπίνην

266 314 498 350 tatcmjnbemus,
515 318 545 340 ut
565 313 586 340 si
601 313 714 347 quidem
741 313 841 339 mulier
864 311 897 338 ad
912 315 1051 338 monaste-

267 361 338 387 rium
353 360 512 390 accesserit,
537 362 624 385 mater
642 357 712 386 forte
736 357 881 393 cujusdam
911 356 1051 386 monialis,

265 411 312 434 aut
328 414 416 437 soror,
432 410 479 433 aut
504 405 598 432 fratris
615 412 695 436 uxor,
714 404 885 439 ingrediatur
901 403 929 430 in
953 410 1051 430 mona-

266 452 381 480 sterium
406 451 577 479 concedente
602 451 744 485 prwfecta;
772 455 800 478 et
825 455 969 485 postquam
988 457 1050 477 cum

267 497 432 524 monialibus
447 497 603 532 appositum
617 497 708 524 cibum
721 497 880 532 sumpserit,
892 497 1003 524 recedet
1017 496 1051 523 ad

266 550 420 578 vesperam,
439 542 462 570 si
490 542 602 577 quidem
627 542 763 569 valentem
789 546 932 576 cognatam
960 541 1050 568 visum

268 588 415 616 accesserit
432 597 438 614 :
456 587 538 622 idque
553 587 636 614 faciet
652 587 737 614 semel
750 591 799 614 aut
820 586 863 613 bis
882 587 909 613 in
923 593 1006 613 anno.
1021 585 1051 612 Si

267 643 333 662 vero
351 634 499 666 infirmam,
518 638 546 661 et
560 634 636 668 gravi
662 633 759 660 morbo
772 632 911 660 detentam
930 632 972 659 :si
988 631 1053 666 qui-

266 683 328 709 dem
344 687 430 708 mater
446 681 539 712 fuerit,
553 681 580 708 in
595 679 765 706 monasterio
780 679 913 710 manebit,
926 683 954 705 et
965 685 1052 712 aegro-

268 728 336 755 tanti
354 727 415 754 ﬁlize
429 727 571 754 assidebit.
585 726 712 754 Secundo
724 731 815 753 autem
831 725 886 755 die.
910 725 958 752 ubi
973 724 1049 751 simi-

268 774 331 801 liter
343 781 405 800 cum
418 773 581 800 monialibus
591 772 682 800 cibum
693 772 851 807 sumpserit,
865 770 898 798 ad
910 778 1050 805 vesperam

269 820 389 848 recedet.
407 819 434 846 Si
452 827 516 846 vero
529 826 608 846 soror
624 818 717 851 fuerit,
735 823 783 845 aut
801 817 893 845 fratris
909 824 989 849 uxor,
1005 820 1052 843 aut

267 874 301 893 ex
318 874 414 893 sorore
438 865 481 892 vel
509 865 593 892 fratre
619 864 722 899 neptis,
746 872 807 899 qua:
829 863 936 890 visendi
963 862 1051 898 gratia

267 913 393 945 accessit,
409 912 522 940 omnino
535 920 589 947 qua
603 911 649 939 die
670 911 777 939 venerit
788 911 821 938 ad
836 917 979 945 vesperam
993 909 1051 937 dis-

267 960 358 988 cedet.

303 1005 332 1034 Si
359 1009 449 1032 autem
467 1005 510 1032 vir
536 1005 620 1032 fuerit
644 1004 692 1039 qui
719 1004 806 1031 visum
829 1003 946 1035 accedit,
974 1007 1053 1037 pater

266 1052 348 1084 forte,
366 1052 408 1078 vel
425 1051 520 1083 frater,
537 1056 584 1078 aut
606 1050 711 1078 sororis
736 1050 847 1085 conjux,
864 1049 893 1076 in
913 1053 1052 1076 monaste-

267 1098 340 1125 rium
353 1098 464 1132 quidem
478 1097 635 1125 nullatenus
652 1096 839 1131 ingredietur;
852 1094 919 1122 illud
935 1101 1053 1129 namque

267 1144 335 1170 viris
347 1151 460 1178 prorsus
475 1143 658 1174 inaccessum,
671 1150 702 1169 ac
713 1146 845 1177 perpetuo
855 1141 977 1169 clausum
992 1147 1053 1168 esse

267 1188 363 1216 statuit
380 1188 526 1222 imperium
540 1195 643 1214 meum.
658 1186 718 1222 Ipso
734 1194 749 1213 a
763 1186 831 1213 foris
842 1186 1052 1221 pulsante,‘mo-

267 1235 380 1268 nitaque
394 1233 530 1268 praefecta.
547 1240 608 1267 qum
623 1232 710 1259 videri
724 1231 899 1259 desideratur
913 1230 1051 1263 monialis,

266 1280 344 1314 jussu
361 1279 421 1314 ejus
439 1278 472 1305 ad
496 1279 598 1305 ostium
621 1278 747 1309 accedet,
769 1285 822 1304 una
836 1281 928 1304 autem
951 1277 1002 1304 ibit
1024 1282 1053 1304 et

230 1333 233 1334 '
268 1326 405 1361 pnel'ecta,
422 1325 445 1352 si
463 1324 584 1351 voluerit
605 1328 634 1351 et
648 1323 781 1358 potuerit,
805 1323 846 1350 vel
861 1323 919 1358 ipsa
939 1322 1053 1358 iubente

269 1380 321 1399 una
332 1378 366 1398 ex
386 1370 546 1397 senioribus
559 1373 588 1397 et
602 1368 854 1396 venerabilioribus
874 1367 1051 1395 monialibus.

268 1417 356 1444 Janua
371 1423 436 1442 vero
453 1419 558 1450 aperta,
573 1420 649 1442 stans
661 1414 719 1450 ipse
735 1414 769 1441 ad
786 1415 899 1446 ostium,
913 1418 942 1442 et
956 1414 1053 1449 paucis

269 1463 415 1491 monialcm
429 1462 576 1494 allocutus.
593 1461 732 1489 abscedet.
759 1460 787 1488 Si
804 1465 896 1488 autem
919 1459 1054 1488 monaeha

269 1511 302 1538 ad
322 1517 404 1545 quam
429 1508 571 1537 visendam
590 1512 681 1542 pater.
695 1507 739 1535 vel
762 1507 856 1538 frater.
883 1511 932 1534 aut
949 1506 1053 1534 sororis

269 1557 384 1583 maritus
402 1554 528 1585 accessit,
544 1553 729 1589 :egrotaverit,
750 1554 846 1588 sicque
867 1561 897 1580 se
913 1552 1051 1585 habuerit,

1102 309 1244 336 ἀσθένειαν
1258 307 1405 343 κελεύομεν
1415 327 1422 341 ,
1443 308 1486 334 ἵνα
1500 308 1580 342 ειπερ
1594 307 1759 343 παραϐάλλῃ
1773 308 1807 342 τῇ
1822 309 1887 342 μονῇ

1103 356 1182 390 γυνὴ,
1199 356 1290 390 μήτηρ
1305 354 1386 390 τυχὸν
1405 352 1585 388 μοναξούσης,
1602 353 1618 388 ἢ
1634 352 1747 387 ἀδελφὴ,
1762 353 1778 388 ἢ
1797 353 1887 388 νύμφη

1103 401 1146 427 ἐπ’
1159 399 1278 435 ἀδελφῷ,
1304 399 1488 427 εἰσελεύσεται
1516 399 1556 431 είς
1570 399 1602 426 τὸ
1625 399 1818 434 μοναστήριον,
1841 399 1886 433 τῆς

1103 446 1261 481 ἡγουμένης
1286 444 1499 480 ἐπιτρεπούσης,
1522 444 1569 472 καὶ
1596 445 1803 471 συνεστιαθεῖσα
1829 446 1887 476 ταῖς

1105 492 1236 527 μοναχαῖς
1268 490 1317 526 τὴν
1350 489 1550 525 παρατεθεῖσαν
1573 489 1696 526 τροφὴν,
1724 490 1888 526 ύποχωρήσῃ

1103 537 1172 572 πρὸς
1198 536 1338 571 ἑσπέραν,
1365 537 1445 572 εἴπερ
1480 535 1656 570 ὑγιαίνουσαν
1681 535 1746 562 iam
1772 536 1888 570 συγγενῆ

1103 583 1270 618 παρεγένετο
1282 590 1289 597 ο
1304 582 1351 608 καὶ
1363 581 1441 608 τοῦτο
1451 582 1545 617 δράσει
1561 581 1661 617 ἇπαξῆ
1675 581 1713 613 δὶς
1731 581 1779 608 τοῦ
1797 582 1885 607 ἐνιαυ-

1102 629 1165 655 τοῦ·
1182 630 1205 655 εἰ
1215 629 1243 655 δὲ
1258 628 1387 655 νοσοῦσαν
1399 628 1446 654 καὶ
1460 628 1536 655 νόσον
1556 627 1679 663 βαρεῖαν,
1694 628 1719 654 εὶ
1736 627 1787 662 μὲν
1800 627 1889 662 μήτηρ

1103 674 1158 709 εἴη,
1175 675 1360 709 ἐγκαταμενεί
1379 675 1412 709 τῇ
1431 675 1509 708 μονῇ,
1536 673 1584 699 καὶ
1601 672 1785 708 παρεδρεὺσει
1800 674 1833 708 τῇ
1853 681 1889 698 νο-

1104 720 1187 756 σούσῃ
1200 719 1329 755 θυγατρί·
1346 719 1394 746 καὶ
1411 721 1481 746 κατὰ
1496 719 1545 754 τὴν
1563 718 1693 754 δευτέραν
1710 718 1817 754 ἡμέραν
1832 720 1889 749 ταῖς

1103 767 1234 802 μοναχαῖς
1248 765 1348 802 ὁμοίως
1365 765 1581 797 συνεστιαθεῑσα,
1597 766 1665 800 πρὸς
1682 766 1804 800 ἑσπέραν
1826 765 1890 791 ὑπο-

1103 812 1233 847 χωρήσει.
1249 812 1280 838 El
1295 811 1323 838 δὲ
1338 810 1442 846 ἀδελφὴ
1458 811 1597 845 τυγχάνει,
1613 811 1630 846 ἤ
1642 811 1736 845 νύμφη
1751 810 1796 837 ἐπ’
1814 811 1888 836 ἁδελ-

1103 858 1157 893 eo,
1181 857 1199 893 ἢ
1213 857 1310 892 ἀνεψιὰ
1327 857 1381 885 ἀπδ
1398 857 1514 892 ἀδελφῆς
1528 857 1545 892 ἢ
1559 857 1687 892 ἀδελφοῦ,
1707 858 1723 892 ἡ
1740 856 1811 892 πρὸς
1827 856 1888 883 θέαν

1103 904 1268 939 ἀφικομένη.
1282 903 1370 939 πάντη
1387 912 1417 930 τε
1431 905 1477 930 καὶ
1491 903 1599 934 πάντως
1615 903 1684 938 πρὸς
1694 903 1726 938 ἣν
1737 903 1769 929 ἂν
1785 903 1888 938 ἡμέραν

1104 951 1235 986 ἀφίκηται
1251 952 1319 986 πρὸς
1329 950 1449 986 ἑσπέραν
1460 950 1644 985 ύποχωρήσει.

1140 997 1172 1023 Et
1191 997 1219 1023 δὲ
1233 996 1304 1032 ἀνὴρ
1326 997 1369 1029 εἴη
1386 997 1400 1023 ό
1416 996 1484 1032 πρὸς
1507 996 1573 1023 θέαν
1598 995 1779 1031 παραϐαλὼν,
1799 995 1888 1030 πατὴρ

1103 1043 1195 1078 τυχὸν,
1210 1043 1227 1079 ἢ
1242 1043 1367 1078 ἀδελφὸς,
1383 1043 1399 1078 ἢ
1418 1043 1461 1070 ἐπ’
1473 1043 1575 1077 ἀδελφῇ
1591 1042 1729 1078 γαμϐρὸς,
1746 1042 1786 1073 εἰς
1803 1042 1853 1077 μὲν
1863 1042 1889 1068 τὸ

1105 1090 1285 1126 μοναστήριον
1311 1089 1440 1124 οὐδαμῶς
1467 1089 1674 1116 είσελεύσεταιυ
1703 1088 1805 1116 ἄϐατον
1837 1088 1889 1122 γὰρ

1103 1134 1183 1161 τοῦτο
1198 1134 1372 1161 παντάπασιν
1385 1133 1514 1170 ἀνδράσιν
1533 1134 1550 1169 ἡ
1565 1133 1690 1169 βασιλεία
1709 1142 1760 1169 μου
1773 1133 1889 1168 διορίζε-

1104 1191 1158 1215 ται,
1175 1182 1222 1208 καὶ
1237 1180 1429 1216 κεκλεισμένον
1453 1181 1596 1216 διηνεκῶς.
1617 1180 1738 1214 Ἐξωθεν
1763 1179 1793 1206 δὲ
1811 1179 1890 1214 xped-

1105 1235 1201 1258 σαντος
1213 1227 1307 1260 αὐτοῦ,
1321 1227 1372 1262 τῆς
1382 1227 1537 1262 ἡγουμένης
1550 1225 1783 1262 ὑπομνησθείσης,
1800 1227 1817 1262 ἠ
1829 1226 1889 1253 θεα-

1104 1273 1183 1308 θῆναι
1198 1272 1351 1308 ζητουμένη
1367 1273 1522 1308 μονάζουσα
1537 1273 1660 1299 κελεύσει
1673 1273 1775 1307 ταύτης
1796 1272 1890 1306 ἀᾳίξε-

1103 1327 1149 1345 ται
1163 1318 1229 1354 πρὸς
1245 1319 1290 1345 τὸν
1303 1318 1425 1351 πυλῶνα,
1439 1319 1615 1353 συναφίξεται
1625 1319 1652 1346 δέ
1662 1319 1709 1345 καὶ
1721 1320 1738 1354 ὴ
1757 1319 1890 1353 καθηγου-

1105 1365 1184 1400 μένη,
1197 1364 1275 1399 εῐπερ
1286 1364 1373 1391 ἐθέλει
1387 1365 1435 1392 καὶ
1450 1364 1569 1399 δύναιτο,
1583 1365 1600 1400 ἢ
1615 1365 1784 1400 κελευσάσης
1795 1365 1888 1399 αὐτῆς,

1106 1411 1154 1447 μία
1164 1411 1218 1438 τῶν
1228 1410 1444 1447 γηραλεωτέρων
1463 1411 1510 1438 καὶ
1517 1420 1542 1438 τι
1546 1411 1687 1447 μιωτέρων
1705 1411 1888 1447 μοναζουσῶν.

1104 1457 1159 1486 Καὶ
1171 1458 1221 1492 τῆς
1232 1457 1317 1493 θύρας
1333 1458 1489 1494 ἀνοιγεισης
1500 1458 1566 1493 πρὸς
1583 1458 1621 1493 τῷ
1634 1458 1738 1485 πυλῶνι
1753 1458 1830 1489 στὰς,
1845 1458 1889 1484 καὶ

1105 1502 1191 1538 βραχύ
1212 1510 1238 1528 τι
1253 1502 1413 1538 διομιλήσας
1426 1505 1459 1539 τῇ
1485 1504 1602 1539 μοναχῇ,
1617 1504 1808 1530 ἀπελεύσεται.
1827 1503 1858 1530 Ei
1868 1502 1890 1530 δ’

1105 1547 1198 1583 ῐσωςή
1213 1547 1329 1583 μοναχὴ,
1344 1545 1378 1584 ἧς
1390 1548 1459 1584 πρὸς
1471 1549 1521 1583 τὴν
1537 1548 1600 1576 θέαν
1621 1549 1635 1575 ὁ
1650 1549 1743 1584 πατὴρ
1759 1549 1890 1584 ἀφίκετο,

269 1604 301 1628 ut
317 1600 351 1628 ad
377 1600 478 1627 ostium
505 1598 636 1626 accedere
652 1603 781 1633 nequeat,
806 1606 857 1626 nec
886 1605 921 1626 eo
939 1598 1051 1633 quidem

1104 1594 1120 1630 ἢ
1134 1594 1148 1621 ὸ
1165 1594 1289 1628 ἀδελφὸς,
1311 1594 1328 1630 ἦ
1344 1595 1358 1622 ὁ
1370 1594 1414 1621 ἐπ’
1434 1595 1535 1630 ἀδελφῇ
1561 1595 1697 1630 γαμϐρὸς,
1714 1595 1818 1629 νοσοίη,
1845 1596 1891 1622 καὶ

269 1654 334 1673 casu
350 1645 450 1680 aliquis
467 1653 563 1672 eorum
593 1645 765 1680 ingredietur
788 1645 815 1672 in
842 1644 1051 1672 monasterium.

268 1691 297 1719 Si
313 1696 405 1719 tamen
431 1699 501 1726 aegra
523 1691 641 1719 voluerit
666 1696 694 1718 et
716 1690 903 1718 necessarium
929 1690 1050 1722 duxerit,

268 1737 447 1765 accedentem
469 1737 704 1772 consanguineum
726 1736 833 1769 videre,
859 1736 924 1764 sella
953 1736 1054 1772 depor-

271 1788 337 1815 tata,
366 1788 395 1811 et
417 1783 451 1810 ad
478 1783 580 1810 ostium
599 1783 700 1815 locata,
721 1782 813 1810 videat
834 1790 896 1810 eum
924 1782 991 1816 illic,
1025 1787 1054 1810 et

268 1829 370 1857 dehinc
386 1830 545 1862 reducatur,
563 1830 641 1858 valde
652 1831 725 1858 enim
750 1830 896 1858 molestum
911 1834 985 1858 esset
999 1829 1050 1858 im-

269 1877 346 1912 perio
359 1884 430 1909 meo,
447 1881 474 1904 et
491 1877 624 1904 voluntati
636 1884 703 1904 mea:
719 1884 887 1912 repugnans,
900 1876 922 1903 si
939 1875 1052 1903 daretur

268 1923 335 1950 viris
348 1923 458 1951 occasio
475 1923 615 1959 ingressus
630 1923 657 1950 in
673 1923 881 1955 monasterium,
893 1926 920 1949 et
931 1922 1052 1949 exterior

266 1972 347 2004 porta
364 1976 420 1996 non
438 1969 570 1996 continuo
588 1968 717 1996 omnibus
740 1968 934 2001 clauderetur;
953 1967 1052 1995 timen-

267 2014 333 2041 dum
350 2014 423 2040 enim
451 2021 486 2042 ne
508 2014 633 2048 quaedam
649 2014 808 2042 nocumenti
833 2013 962 2041 diaboliei
987 2021 1051 2048 per-

267 2060 355 2087 nicies
369 2065 444 2087 casto
456 2067 556 2094 sponso
579 2060 754 2094 desponsatis
775 2067 828 2086 una
847 2059 1049 2094 ingrederetur.

267 2105 402 2139 Quocirca
414 2105 488 2132 omni
500 2095 623 2140 ingressu
635 2105 710 2132 viros
723 2104 858 2132 arcendos
869 2104 1008 2136 existimo,
1024 2107 1052 2132 et

268 2150 306 2177 ita
320 2150 415 2185 jubeo.
435 2150 510 2177 Idem
534 2157 645 2185 quoque
668 2150 802 2183 obtineat,
831 2150 916 2177 etiam
944 2150 968 2177 si
989 2149 1052 2184 quis

268 2195 310 2223 vir
319 2195 474 2230 praefectam
488 2195 659 2223 allocuturus
667 2195 700 2222 ad
717 2195 914 2222 monasterium
927 2195 1050 2223 accedat.

302 2326 330 2355 Si
347 2334 413 2354 vero
433 2327 575 2362 cujusoam
603 2328 763 2355 monialium
792 2333 870 2364 pater
896 2333 945 2357 aut
961 2335 1050 2358 mater

268 2380 389 2408 unquam
404 2373 588 2408 :egrotaverit,
601 2381 690 2409 eoque
713 2374 842 2402 redactus
860 2375 897 2403 sit
917 2380 1051 2403 utextre~

269 2427 328 2447 mos
342 2419 453 2455 spiritus
470 2419 587 2452 exhalet,
612 2420 784 2456 volueritque
805 2422 948 2454 monacba,
973 2423 1052 2458 cujus

268 2470 347 2499 pater
370 2469 417 2492 aut
443 2470 529 2494 mater
556 2465 721 2498 infirmatur,
754 2471 782 2494 et
801 2475 914 2495 necesse
942 2469 1052 2496 duxerit

269 2515 445 2546 a‘grotantem
459 2518 575 2546 patrem,
605 2517 653 2539 aut
676 2517 791 2540 matrem
811 2513 941 2545 invisere,
969 2522 1048 2549 egre-

268 2557 361 2585 dietur
378 2558 657 2593 emonasteriojussu
678 2558 825 2594 praefectaz,
841 2558 910 2586 duas
930 2567 945 2586 e
960 2560 1052 2586 senio-

270 2603 348 2630 ribus
361 2607 390 2632 et
405 2603 654 2631 venerabilioribus
669 2604 835 2631 monialibus
853 2612 947 2632 secum
969 2612 1048 2632 assu-

268 2657 356 2681 mens,
369 2653 397 2676 ct
411 2653 555 2684 postquam
570 2650 670 2677 viderit
680 2658 782 2685 aegrum
801 2650 857 2678 sive
871 2656 976 2685 patrem
992 2651 1049 2678 sive

267 2699 393 2727 matrem,
409 2694 442 2721 ad
461 2702 603 2729 vesperam
621 2700 778 2722 revertetur
787 2696 821 2723 ad
838 2696 1048 2728 monasterium,

265 2741 341 2768 nullo
357 2740 438 2768 modo
451 2740 590 2768 sustinens
602 2740 671 2769 foris
681 2742 876 2769 monasterium
889 2749 1012 2770 manere.

300 2829 339 2857 Ne
353 2829 427 2864 ipsos
435 2830 546 2865 quidem
560 2835 753 2865 procuratores
767 2839 858 2860 rerum
875 2833 1047 2866 monasterii,

266 2881 355 2907 neque
367 2881 414 2901 eos
431 2875 478 2909 qui
495 2875 547 2902 alia
562 2876 596 2903 de
612 2884 693 2903 causa
708 2878 856 2910 accedunt,
884 2879 988 2913 quibus
999 2887 1048 2906 ne-

266 2918 416 2945 cessarium
430 2919 500 2948 forte
511 2925 539 2948 et
551 2921 616 2948 utile
631 2927 674 2950 est
688 2922 776 2950 videri
789 2932 803 2950 a
817 2925 957 2958 przefecta,
976 2925 1048 2953 intra

1103 1641 1187 1672 οὕτως
1201 1641 1259 1676 ἐχοι
1272 1640 1310 1673 ὡς
1324 1641 1392 1677 μηδὲ
1405 1640 1443 1677 τῷ
1458 1641 1561 1669 πυλῶνι
1573 1641 1735 1677 προσϐαλεῖν
1749 1641 1890 1673 δύνασθαι,

1103 1686 1153 1713 οὐκ
1169 1686 1356 1713 εἰσελεύσεται
1371 1686 1421 1722 μὲν
1433 1686 1493 1713 οὐδὲ
1504 1686 1575 1714 οὕτω
1587 1695 1629 1720 τις
1646 1687 1736 1714 αὐτῶν
1749 1688 1790 1719 είς
1803 1687 1834 1714 τδ
1845 1695 1892 1722 μο-

1103 1735 1260 1770 ναστήριον.
1278 1735 1309 1761 El
1322 1735 1350 1762 δὲ
1366 1734 1487 1770 βούλοιτο
1502 1735 1518 1770 ή
1535 1735 1661 1767 νοσοῦσα,
1681 1736 1729 1762 καὶ
1743 1735 1891 1769 ἀναγκαῖον

1103 1781 1206 1816 ἡγοῖτο,
1221 1782 1266 1808 τὸν
1281 1781 1476 1815 παραϐαλόντα
1493 1781 1558 1808 ἰδεῖν
1573 1781 1704 1816 συγγενῆ,
1724 1781 1828 1816 φορείῳ
1842 1781 1890 1816 βα-

1104 1825 1261 1861 σταχθείη,
1275 1827 1321 1853 καὶ
1338 1827 1405 1862 πρὸς
1419 1826 1459 1861 τῷ
1472 1827 1576 1854 πυλῶνι
1589 1828 1732 1862 γενομένη,
1747 1827 1892 1854 θεασάσθω

1102 1872 1183 1898 αύτδν
1200 1872 1302 1904 ἐκεῖσε,
1317 1872 1364 1899 καὶ
1379 1873 1562 1908 ἐπαναχθήτω
1576 1882 1582 1889 ·
1600 1873 1631 1900 τὸ
1645 1873 1700 1909 γὰρ
1715 1874 1807 1900 δοῦναι
1823 1874 1891 1909 πρό-

1103 1924 1184 1950 φασιν
1198 1916 1302 1943 εἰσόδου
1315 1917 1370 1948 τοῖς
1386 1916 1501 1952 ἀνδράσι
1519 1917 1587 1952 πρὸς
1608 1918 1659 1952 τὴν
1674 1918 1768 1953 μονὴν,
1787 1920 1836 1945 καὶ
1854 1919 1891 1953 μὴ

1102 1961 1152 1996 τὴν
1170 1961 1223 1994 ἔξω
1240 1962 1327 1997 πύλην
1352 1961 1433 1993 εὐθὺς
1447 1963 1662 1991 ἀποκεκλεῖσθαι
1687 1965 1767 1998 πᾶσι,
1788 1965 1891 2000 σφόδρα.

1103 2009 1231 2042 φορτικὸν
1245 2009 1278 2043 τῇ
1292 2007 1415 2044 βασιλείᾳ
1433 2017 1484 2044 μου
1501 2010 1549 2036 καὶ
1562 2009 1724 2045 ἀϐούλητον.
1750 2011 1819 2042 Δέος
1836 2011 1892 2045 γὰρ

1104 2053 1141 2088 μή
1155 2062 1182 2080 τι
1195 2053 1311 2090 συνέλθῃ
1336 2053 1434 2089 βλάϐος
1450 2055 1583 2091 ἐπηρείας
1600 2055 1762 2091 διιμονικῆς
1777 2057 1837 2088 ταῖς
1851 2056 1892 2092 τῷ

1102 2098 1177 2134 ἀγνῷ
1192 2099 1311 2135 Νυμφίῳ
1325 2101 1546 2136 νυμφευομέναις
1559 2110 1567 2118 ·
1589 2103 1637 2130 καὶ
1649 2102 1694 2129 διὰ
1706 2101 1785 2129 τοῦτο
1800 2103 1892 2137 πάσης

1102 2145 1205 2173 εἰσόδου
1216 2146 1279 2178 τοὺς
1292 2147 1392 2182 ἄνδρας
1403 2147 1584 2183 ἀπείργεσθαι
1593 2149 1744 2184 προσήκειν
1757 2148 1891 2184 ἡγοῦμαι,

1102 2192 1150 2220 καὶ
1162 2191 1248 2224 οὕτως
1259 2193 1463 2229 διακελεύομαι.
1492 2194 1529 2221 Τὸ
1543 2193 1566 2221 δ’
1583 2194 1650 2221 αὐτὸ
1666 2195 1803 2230 κρατείτω
1813 2215 1821 2228 ,
1840 2195 1893 2222 κᾶν

1104 2239 1171 2274 εῐτῇ
1187 2238 1349 2275 προεστώσῃ
1367 2239 1558 2275 ἐντευξόμενος
1579 2239 1650 2276 ἀνὴρ
1663 2241 1697 2276 τῇ
1713 2242 1782 2276 μονῇ
1798 2249 1892 2277 παρα-

1103 2284 1191 2312 ϐάλοι.

1139 2331 1171 2357 Et
1183 2330 1205 2357 δ’
1220 2330 1284 2362 ἴσως
1298 2330 1351 2357 τῶν
1368 2332 1542 2366 μοναζουσῶν
1558 2341 1631 2364 τινος
1650 2333 1752 2369 πατὴρ,
1765 2334 1782 2370 ἢ
1797 2335 1891 2370 μήτηρ

1103 2375 1206 2411 νοσοίη,
1229 2376 1277 2402 καὶ
1300 2376 1388 2408 οὕτως
1412 2376 1468 2412 ἔχοι
1495 2377 1566 2404 ὥστε
1582 2378 1616 2405 τὰ
1640 2378 1787 2406 τελευταῖα
1804 2380 1891 2410 πνεῖν,

1103 2421 1223 2458 βούλοιτο
1249 2422 1278 2449 δὲ
1302 2423 1319 2456 ἡ
1344 2422 1501 2458 μονάζουσα
1518 2420 1552 2459 ἦς
1565 2424 1579 2450 ὁ
1595 2424 1699 2459 πατὴρ.
1717 2424 1734 2459 ἢ
1751 2426 1769 2460 ὴ
1799 2426 1893 2461 μήτηρ

1102 2467 1256 2504 ἀρῤωστοίη
1269 2488 1276 2501 ,
1293 2471 1342 2495 καὶ
1368 2469 1519 2503 ἀναγκαῖον
1539 2471 1632 2504 ἡγοῖτο
1653 2470 1699 2498 τὸν
1723 2471 1893 2499 ἀσθενοῦντα

1102 2514 1220 2549 πατέρα,
1237 2514 1253 2549 ἢ
1271 2513 1320 2550 τὴν
1333 2514 1440 2550 μητέρα
1459 2515 1534 2549 ἰδεῖν,
1549 2515 1721 2549 ἐξελεύσεται
1738 2519 1787 2552 τῆς
1807 2519 1894 2552 μονῆς

1103 2559 1250 2594 προστάξει
1266 2560 1316 2596 τῆς
1331 2560 1553 2597 καθηγουμένης,
1578 2563 1834 2597 συμπαραλαϐοὖσα
1846 2564 1895 2590 δύο

1102 2605 1178 2636 τινὰς
1189 2605 1243 2632 τῶν
1262 2606 1476 2643 γηραλεωτέρων
1501 2607 1548 2634 καὶ
1568 2609 1740 2645 σεμνοτέρων
1757 2610 1895 2645 μοναζουο

1104 2650 1168 2684 σῶν,
1182 2650 1228 2677 καὶ
1241 2651 1397 2687 θεασαμένη
1421 2652 1466 2679 τὸν
1489 2652 1618 2680 νοσοῦντα
1633 2656 1740 2688 πατέρα
1759 2657 1852 2690 τυχὶν,
1875 2655 1892 2689 ἢ

1101 2699 1149 2732 τὴν
1164 2698 1281 2733 μητέρα,
1308 2699 1375 2733 πρὸς
1391 2699 1512 2733 ἑσπέραν
1533 2700 1728 2736 ἐπανακάμψει
1754 2704 1823 2738 πρὸς
1841 2703 1893 2736 τὴν

1104 2743 1198 2778 μονὴν,
1219 2743 1345 2779 μηδαμοῦ
1364 2744 1516 2781 ἀνεχομένη
1534 2746 1624 2780 μεῖναι
1648 2747 1748 2780 ἔξωθεν
1762 2749 1811 2783 τῆς
1840 2757 1894 2783 μο-

1103 2797 1162 2823 νης.

1135 2835 1241 2868 Αὐτοὺς
1267 2835 1392 2871 μέντοιγε
1418 2837 1482 2870 τοὺς
1507 2839 1726 2874 προνοουμένους
1754 2839 1809 2866 τῶν
1838 2840 1891 2873 τῆς

1103 2881 1197 2916 μονῆς,
1206 2883 1252 2908 καὶ
1267 2883 1330 2914 τοὺς
1340 2883 1427 2915 ἄλλως
1442 2884 1677 2919 παραϐάλλοντας,
1686 2882 1727 2916 οἷς
1739 2886 1891 2920 ἀναγκαῖον

1101 2928 1175 2953 ἐστιν
1191 2927 1255 2960 ῐσως
1275 2928 1322 2956 καὶ
1333 2929 1462 2965 χρειῶδες
1474 2929 1588 2959 θεᾶσθαι
1604 2931 1678 2967 πιρά
1687 2931 1736 2967 τῆς
1751 2931 1892 2967 καθηγου-
