2023 3164
146 213 212 244 l033

858 205 1035 237 TYPICUM.

1694 206 1760 238 ποθι

145 269 234 303 μένης,
251 266 301 293 οὐκ
320 265 426 292 ἔνδοθεν
454 263 503 298 τῆς
534 261 617 297 μονῆς
639 260 813 295 ἐντυγχάνειν
839 260 928 295 ταύτῃ

981 258 1179 286 monasterium
1197 258 1282 294 ipsam
1292 258 1441 286 convenire
1460 259 1607 287 volumus:
1629 261 1679 288 sed
1704 261 1762 297 ipsa

144 312 303 348 βουλόμεθα,
323 311 382 338 ἀλλ’
397 309 569 342 ἐξελεύσεται
595 307 664 342 αὕτη
685 307 756 341 μετὰ
776 305 834 339 δύο,
846 306 863 341 ἢ
880 306 928 332 καὶ

144 359 223 394 τριῶν
237 358 332 394 γραῶν
344 356 399 384 τῶν
412 354 616 390 εὐλαϐεστέρων
632 353 697 388 ἄχρι
710 352 756 379 τοῦ
772 353 825 378 ἔσω
838 351 928 378 πυλῶ-

143 413 195 436 νος,
209 404 259 430 xei.
273 402 375 439 μεταξὺ
402 401 458 428 τῶν
473 399 521 428 δύο
547 398 679 426 πυλώνων
704 397 858 430 ὲντεὺξεται
871 397 928 426 τοῖς

144 449 378 485 παραγινομένοις,
393 449 440 475 καὶ
457 446 597 482 φροντίσει
618 445 672 472 τῶν
684 445 734 478 τῆς
750 444 851 478 μονῆς·
877 440 928 469 εἶτ’

143 496 218 528 αὖθις
243 498 283 528 είς
307 495 355 529 τὴν
374 494 458 530 μονὴν
480 492 632 524 ἐλεύσεται,
647 490 747 518 ἄϐατον
761 489 865 524 ταύτην
878 497 928 523 ςυ-

143 541 276 568 λάττουσα
291 539 430 575 ἀνδράσιν,
458 537 496 569 ὡς
508 537 628 571 εἴρηται.
648 535 710 562 Ἐὰν
725 535 753 561 δὲ
771 535 807 569 μὴ
823 532 841 570 ᾗ
858 534 927 560 ἑπά-

143 595 242 621 ναγκες
261 587 353 621 ἔργον,
369 586 402 612 δι’
416 585 430 611 ὃ
443 583 535 619 μέλλει
561 581 722 617 ὲξὲρχεσθαι
735 581 782 607 καὶ
797 580 929 615 ἐντυγχά-

142 642 195 659 νειν
212 634 268 664 τοῖς
284 631 484 663 εἰσϐάλλουσιν,
513 630 556 657 ἵνα
582 628 791 664 μὴαὲξέρχηται,
807 627 864 655 ἀλλ’
885 629 928 654 ἴνα

142 677 405 712 ὐπομιμνὴσκηται,
433 675 488 702 εἴτε
515 673 592 708 παρὰ
615 672 662 700 τοῦ
687 673 843 707 οἰκονόμου,
872 672 927 699 sits

142 722 217 757 παρὰ
240 721 287 748 τοῦ
305 721 501 757 πρεσϐυτέρου,
522 720 569 746 καὶ
583 719 597 745 ὃ
610 719 685 745 δοκεῖ
702 719 842 753 συμφέρον
856 719 928 745 olxo-

141 770 262 803 νομεῖται
284 767 350 803 παρ’
363 767 458 803 αὐτῆς.
478 767 510 793 Εί
529 766 558 793 δὲ
582 766 651 800 γυνὴ
667 765 735 800 πρὸς
760 765 823 792 θέαν
839 765 927 800 αὐτῆς

141 815 179 845 εἰς
191 814 240 849 τὴν
254 814 341 849 μονὴν
364 814 500 848 ἀφίκοιτο,
517 813 551 847 τῇ
575 810 671 846 γνώμῃ
688 809 789 844 ταύτης
811 810 842 837 τὸ
858 811 928 845 πρᾶ-

140 868 198 894 γμα
211 859 409 895 ἀνατιθιαμεν·
426 859 456 886 οὐ
474 858 528 894 γὰρ
545 857 578 884 ἂν
593 857 669 892 παρὰ
683 856 745 887 τοὺς
762 856 928 890 άσκητικοὺς

140 906 255 938 κανόνας
262 905 311 942 τὴν
320 905 440 938 ἔντευξιν
451 903 619 940 ποιήσασθαι
629 901 784 938 ὑπομείνειε
795 901 864 937 πρὸς
877 901 927 937 τὴν

138 950 241 983 ἔξωθεν
258 950 495 986 παραῦὰλλουσαν.

173 999 207 1024 Et
218 998 247 1024 δέ
261 1007 303 1030 τις
315 998 369 1025 τῶν
383 997 432 1032 βίῳ
447 996 538 1032 σεμνῷ
547 995 762 1031 κεκοσμημένων
777 994 925 1029 γυναικῶν,

139 1042 282 1077 κοσμικῶν
299 1042 315 1078 ἢ
333 1041 460 1078 μοναχῶν
478 1042 532 1068 ἀπὸ
547 1041 601 1067 τῶν
617 1040 679 1074 ἔξω,
699 1039 743 1067 διὰ
761 1041 811 1075 τὴν
830 1040 885 1067 τῶν
898 1041 926 1066 ὲν

138 1088 208 1123 αὐτῇ
226 1078 405 1123 ἀσκουμένων
421 1087 597 1124 μοναζουσῶν
613 1086 725 1122 ἀρετὴν,
747 1086 856 1122 θελήσει
872 1095 926 1113 ποι-

137 1132 268 1168 ρασαλεῖν
284 1134 317 1168 τῇ
333 1134 412 1169 μονῇ,
427 1133 459 1160 οὐ
470 1132 657 1168 κωλυθήσεται
670 1132 854 1165 παντάπασιν,
870 1131 927 1158 ἀλλ’

136 1177 324 1205 εἰσελεύσεται
340 1178 369 1205 ἐν
388 1179 457 1213 αὐτῇ
474 1177 622 1213 προστάξει
637 1177 686 1213 τῆς
701 1177 926 1213 καθηγουμένης·

138 1224 189 1250 καὶ
218 1224 422 1250 συνεστιαθείσα
448 1225 509 1255 ταῖς
538 1225 678 1260 μοναχαῖς,
711 1223 778 1259 πρὸς
808 1223 928 1258 ἑσπέραν

135 1268 325 1304 ὑποχωρήσει.
352 1269 383 1296 El
399 1270 427 1296 δὲ
450 1269 572 1305 βούλοιτο
601 1270 618 1305 ἡ
639 1269 860 1304 παραδάλλουσα,
880 1269 928 1296 καὶ

134 1315 287 1348 ἀναγκαῖον
299 1316 392 1352 ἡγοῖτο
410 1317 499 1351 μεῖναι
514 1316 543 1342 ὲν
557 1317 589 1352 τῇ
607 1317 687 1351 μονῇ,
702 1316 885 1351 ὲγκαταμενεῖ
899 1316 928 1342 ἐν

134 1361 222 1395 αὐτῇ,
239 1361 286 1388 καὶ
298 1363 331 1397 τῇ
346 1361 460 1397 ἐπιούσῃ
475 1362 567 1397 ἡμέρᾳ
586 1361 770 1396 ὑποχωρήσει.
784 1361 837 1388 Καὶ
848 1361 929 1388 τοῦτο

133 1406 285 1440 γενήσεται
299 1406 372 1439 ἅπαξ
387 1407 403 1441 ἢ
428 1407 468 1438 δὶς
483 1407 529 1433 τοῦ
547 1407 680 1439 ἐνιαυτοῦ,
699 1405 741 1440 ἐφ’
756 1407 859 1443 ἑκάστῃ
875 1407 928 1434 τῶν

133 1451 374 1487 παραδαλλουσῶν
392 1452 514 1478 εὐλαὸῶν
529 1451 679 1486 γυναικῶν.
702 1453 733 1478 Ai
755 1453 862 1478 τουτονὶ
883 1453 929 1479 τὸν

132 1498 240 1533 τρόπον
251 1500 470 1534 παραγενόμεναι
482 1498 637 1525 ἀνάπαυσιν
649 1497 754 1530 ἕξουσιν
764 1498 794 1524 ὲν
806 1497 846 1532 τῷ
859 1497 928 1534 πλη-

133 1543 196 1570 σίον
212 1543 260 1570 τοῦ
276 1543 399 1576 πυλῶνος
419 1545 558 1580 γενομένῳ
581 1544 784 1579 ἀρχονταρικίῳ
797 1543 866 1579 (12),
881 1545 930 1571 καὶ

132 1589 340 1617 νὶσελεὺσονται
363 1591 407 1617 διὰ
426 1591 473 1617 τοῦ
501 1591 590 1617 ἐκεῖσε
613 1591 746 1626 παρόντος
767 1590 925 1617 διαϐατικοῦ

131 1636 183 1662 καὶ
199 1635 390 1670 ἐξελεύσονται
405 1637 434 1663 ὲν
447 1638 481 1672 τῇ
497 1637 575 1672 μονῇ.

430 1682 556 1709 ΚΕΦΔΛ.
577 1682 629 1708 lll’.

129 1727 206 1763 Περὶ
226 1727 283 1754 τοῦ
304 1728 384 1763 παρὰ
403 1728 482 1760 τίνος
497 1727 544 1754 δεῖ
560 1728 695 1763 τίνζεσθαι
713 1728 764 1761 τὰς
777 1729 927 1763 apale/pi-

272 1769 337 1796 σεις
353 1762 412 1790 τῶν
424 1762 648 1797 διακονητριῶν,
662 1764 711 1790 καὶ
727 1762 801 1797 nec.

165 1819 274 1847 Πασῶν
286 1819 315 1846 δὲ
331 1819 385 1846 τῶν
403 1820 452 1855 τῆς
471 1821 555 1855 μονῆς
580 1820 778 1857 διακονητριῶν
793 1821 844 1857 τὴν
859 1821 925 1856 πρό-

126 1865 230 1902 κρισίν
260 1874 289 1892 τε
315 1866 362 1893 καὶ
388 1866 559 1902 προχείρισιν
582 1867 599 1901 ἡ
628 1866 823 1902 καθηγουμὲνη
851 1867 928 1893 ἔσται

125 1911 267 1942 ποιοῦσα,
283 1911 355 1938 κατὰ
370 1910 482 1947 γνώμην
497 1911 602 1938 οἰκείαν
617 1913 664 1939 καὶ
680 1913 868 1947 προκρίνουσα
883 1913 929 1938 καὶ

125 1955 382 1992 προχειριζομένη.
403 1957 514 1988 Ὁσάκις
522 1957 577 1992 γὰρ
589 1958 622 1984 ἂν
635 1958 718 1992 δεήσῃ
736 1957 930 1993 προχειρισοῆ-

123 2003 172 2029 val
191 2011 263 2029 τινα
275 2003 316 2033 εἰς
327 2002 472 2029 ὁποιανοῦν
489 2002 637 2034 διακονίαν,
654 2003 683 2029 αἱ
698 2002 799 2034 κλεῖδες
814 2002 864 2037 μὲν
877 2003 929 2038 πρὸ

123 2048 175 2074 ’τοῦ
198 2047 281 2082 ἱεροῦ
297 2047 456 2082 τεοήσονται
470 2047 592 2082 βήματος
605 2048 673 2083 (15),
686 2049 733 2074 καὶ
748 2048 782 2075 τὰ
794 2048 869 2083 παρὰ
880 2049 929 2082 τῆς

122 2093 269 2126 τοιαύτης
281 2092 418 2123 διακονίας
435 2092 546 2127 ῥήματα
561 2093 609 2118 σὺν
625 2093 731 2124 αὐταῖς,
747 2093 779 2119 ὲκ
799 2092 846 2119 τοῦ
859 2101 930 2128 παρ-

121 2139 207 2171 όντος
221 2138 345 2165 τυπικοῦ
364 2139 412 2172 τῆς
427 2138 565 2173 βασιλείας
582 2147 632 2174 μου
653 2139 926 2175 μεταλαμῦανόμενα.

123 2184 292 2221 Τρισαγίου
311 2184 339 2210 δὲ
364 2184 511 2219 γενομένου
523 2205 531 2218 ,
555 2185 766 2222 micantmicant
788 2186 805 2221 ἠ
823 2186 863 2217 εἰς
879 2185 927 2221 τὴν

940 948 964 978 Β

977 304 1137 339 egredietur
1152 311 1215 331 cum
1231 303 1339 332 duabus
1354 304 1396 331 vel
1415 304 1505 332 tribus
1526 311 1607 334 aelate
1631 307 1762 342 grandio-

978 351 1056 378 ribus
1063 355 1091 378 et
1102 351 1203 386 pietate
1212 351 1376 378 clarioribus
1386 358 1473 386 usque
1484 351 1516 379 ad
1527 353 1751 382 ostiumintcrius

977 403 1009 424 ac
1026 397 1100 424 inter
1125 396 1180 424 duo
1205 397 1275 423 ostia
1292 397 1456 425 accedentes
1479 398 1647 433 alloquetur,
1666 404 1695 427 et
1711 408 1763 428 ους

978 442 1050 469 rabit
1062 450 1107 470 res
1119 443 1278 470 monasterii
1291 452 1298 476 ;
1313 443 1414 471 dehinc
1434 452 1532 472 rursus
1546 444 1717 480 ingredietur
1733 447 1760 473 in

977 488 1186 518 monasterium.
1203 488 1275 523 quod
1290 488 1357 516 viris
1369 489 1539 517 inaccessum
1562 491 1710 525 custodiet,
1732 496 1763 519 ut

977 533 1081 560 dictum
1093 537 1146 560 est.
1168 533 1196 560 Si
1209 541 1274 561 vero
1298 535 1438 570 negotium
1456 536 1536 571 cujus
1553 537 1640 571 gratia
1667 545 1762 572 egres-

977 587 1044 608 sura
1060 584 1112 612 cst,
1124 586 1152 608 et
1165 579 1344 608 advenientes
1364 581 1529 614 allocutura,
1547 590 1601 609 non
1617 583 1653 611 sit
1664 591 1763 612 neces-

978 627 1094 658 sarium,
1117 635 1152 654 ne
1168 632 1257 658 exeat,
1275 627 1322 654 sed
1339 632 1482 655 moneatur
1496 628 1554 656 sive
1569 629 1603 657 ab
1619 639 1763 660 (economo

978 673 1036 700 sive
1054 680 1068 699 a
1081 673 1254 708 presbytero,
1276 677 1304 700 et
1320 674 1393 708 quod
1413 682 1564 710 congruum
1591 683 1619 704 et
1642 679 1708 706 utile
1724 679 1763 706 vi-

978 718 1058 746 detur
1075 718 1134 753 ipsa
1149 719 1286 754 disponat.
1302 719 1331 748 Si
1348 727 1414 747 vero
1429 722 1529 749 mulier
1541 723 1574 750 ad
1591 731 1621 750 se
1641 724 1763 752 invisen-

978 765 1040 792 dam
1053 765 1086 792 ad
1109 766 1306 793 monasterium
1321 767 1439 798 venerit,
1458 775 1516 795 rem
1531 769 1591 804 ejus
1617 772 1762 799 sementim

979 811 1165 839 remittimus:
1187 819 1278 847 neque
1299 813 1372 840 enim
1394 817 1490 841 contra
1504 815 1670 843 monasticas
1688 816 1762 852 leges

978 856 1145 891 colloquium
1166 857 1283 884 miscere
1303 857 1478 892 sustinuerit,
1494 867 1558 887 cum
1576 868 1608 888 ea
1635 869 1696 896 quze
1714 870 1762 890 ex-

978 903 1116 930 trinsecus
1128 904 1244 930 accedit.

1013 992 1040 1020 Si
1053 1000 1106 1028 qua
1115 999 1207 1021 autem
1223 1001 1257 1021 ex
1275 993 1436 1021 mulieribus
1450 994 1566 1023 honesta
1580 996 1635 1024 vita
1645 998 1761 1032 ornatis,

977 1040 1157 1068 smcularibus
1171 1040 1214 1068 vel
1226 1043 1367 1068 extraneis
1383 1041 1560 1074 monialibus,
1577 1043 1613 1070 ob
1630 1044 1761 1072 virtutem

979 1085 1140 1112 monialium
1167 1085 1288 1113 asecticc
1318 1086 1346 1113 in
1377 1088 1548 1115 monasterio
1581 1091 1762 1123 versantium,

977 1131 1137 1158 volueritad
1147 1131 1215 1158 illud
1231 1131 1374 1164 accedere,
1385 1133 1543 1162 nullatenus
1555 1135 1762 1170 prohibebitur,

977 1176 1026 1204 sed
1040 1176 1066 1203 in
1084 1176 1152 1204 illud
1172 1177 1299 1204 introibit
1319 1177 1400 1211 jussu
1427 1179 1561 1213 praelecta:
1577 1189 1583 1206 :
1601 1185 1629 1208 et
1654 1189 1763 1219 sumpta

977 1230 1040 1250 cum
1055 1223 1222 1250 monialibus
1238 1223 1400 1254 refectione,
1416 1224 1450 1252 ad
1466 1233 1609 1260 vesperam
1640 1229 1761 1257 recedet.

978 1269 1006 1297 Si
1019 1275 1084 1296 vero
1100 1277 1161 1304 quae
1177 1269 1304 1302 accessit,
1322 1271 1441 1298 voluerit
1457 1277 1485 1299 et
1509 1274 1695 1301 necessarium
1712 1275 1764 1302 du-

978 1315 1051 1342 xerit
1064 1322 1177 1342 manere
1192 1315 1220 1342 in
1240 1316 1419 1348 monasterio,
1442 1317 1470 1343 in
1494 1317 1554 1352 ipso
1587 1320 1719 1353 manebit,
1735 1326 1764 1349 et

979 1361 1105 1395 sequenti
1134 1360 1179 1388 die
1196 1360 1331 1388 discedet.
1351 1362 1384 1389 Et
1413 1362 1439 1389 id
1472 1364 1555 1391 semel
1582 1370 1630 1392 aut
1648 1365 1691 1394 bis
1715 1375 1765 1402 per

979 1413 1080 1433 annum
1108 1406 1278 1434 concedetur
1308 1406 1425 1441 singulis
1457 1408 1510 1443 piis
1540 1410 1702 1438 mulieribus
1728 1413 1762 1440 ad

980 1453 1177 1480 monasterium
1188 1452 1393 1480 accedentibus.
1405 1453 1470 1486 Quae
1481 1454 1532 1482 hoc
1540 1461 1620 1490 pacto
1633 1458 1764 1486 accedent

979 1505 1107 1525 somnum
1121 1498 1231 1534 capient
1242 1499 1270 1526 in
1279 1499 1483 1527 archontaricio
1495 1508 1581 1536 prope
1588 1503 1688 1530 ostium
1698 1505 1762 1538 sito,

979 1548 1006 1571 et
1020 1551 1069 1578 per
1084 1551 1147 1572 cum
1170 1545 1217 1579 qui
1232 1545 1289 1571 illic
1302 1549 1345 1572 est
1359 1546 1504 1574 transitum
1527 1547 1717 1584 ingredientur
1735 1551 1762 1578 in

981 1590 1190 1623 monasterium,
1203 1590 1274 1618 etab
1288 1598 1322 1618 eo
1335 1591 1524 1626 egredieutur.

1261 1680 1373 1709 CAPUT
1387 1681 1480 1709 XVIII.

982 1727 1000 1754 Α
1015 1735 1130 1762 quanam
1155 1726 1214 1760 ﬁeri
1225 1725 1316 1753 debeat
1331 1725 1486 1785 ofﬁlcialium
1501 1727 1641 1760 institutio,
1655 1733 1679 1755 et
1698 1738 1765 1764 quo-

1323 1768 1372 1785 νηοί
1385 1769 1409 1785 0.

1323 1768 1409 1787 modo.

1015 1817 1144 1845 Omnium
1173 1813 1334 1842 monasterii
1365 1813 1522 1842 oliieialium
1550 1816 1712 1845 electionem
1737 1825 1766 1847 et

983 1863 1184 1891 institutionem
1209 1860 1338 1895 praelecta
1357 1859 1448 1892 faciet.
1476 1862 1588 1896 propria
1613 1862 1674 1891 illas
1700 1873 1765 1892 sen-

982 1910 1068 1937 tentia
1088 1908 1194 1943 eligens
1215 1911 1244 1934 et
1272 1906 1430 1934 instituens.
1458 1906 1571 1939 Quoties
1597 1909 1670 1936 enim
1695 1918 1778 1945 opus~

983 1956 1066 1983 fuerit
1085 1953 1232 1989 quamdam
1260 1952 1366 1979 institui
1402 1953 1436 1980 ad
1455 1953 1599 1988 quodlibet
1634 1955 1763 1990 cilicium,

982 2001 1075 2029 claves
1090 1999 1201 2035 quidem
1221 2002 1285 2024 ante
1309 2005 1416 2024 sacrum
1443 2004 1581 2033 ponentur
1597 2000 1719 2036 adytum,
1737 2007 1765 2030 et

984 2053 1037 2073 una
1059 2052 1121 2072 cum
1147 2043 1201 2070 illis
1224 2042 1309 2070 verba
1331 2042 1452 2076 ejusdem
1477 2043 1558 2071 olIicii
1589 2052 1623 2072 ex
1638 2048 1765 2080 praesenti

983 2091 1092 2126 imperii
1119 2089 1173 2117 mei
1197 2088 1286 2124 typico
1315 2092 1508 2124 transs'umpta.
1527 2089 1651 2126 Trisagio
1672 2097 1764 2121 autem

982 2137 1067 2169 dicto,
1081 2135 1194 2164 accedet
1209 2142 1270 2170 qua:
1282 2133 1315 2161 ad
1331 2134 1396 2162 illud
1409 2135 1527 2162 oiIicium
1545 2136 1685 2172 designata
1697 2143 1739 2166 est
1755 2149 1762 2166 :

981 2188 1010 2212 ct
1022 2185 1093 2211 facta
1103 2181 1204 2216 triplici
1216 2180 1417 2216 genuﬂexionc,
1434 2182 1608 2218 acceptisque
1628 2184 1765 2220 clavibus,

767 2231 1001 2263 Montfauconii
1017 2234 1110 2260 notae.

165 2284 233 2319 (l2)
258 2282 498 2319 ‘Apxortrapmlqt.
511 2282 658 2310 Existimat
671 2282 715 2319 vir
723 2283 928 2319 eruditissimus
942 2284 967 2314 D
982 2281 1154 2319 χονταρίκιρν
1167 2280 1280 2319 videtur
1302 2287 1362 2319 v_ox_
1377 2279 1628 2319 diminutiva._guze
1637 2282 1766 2313 domibus

123 2317 353 2355 ἀρχονταρὶκιον
381 2317 408 2344 id
443 2319 609 2355 essequod,
636 2325 697 2353 cap.
712 2318 754 2350 79,
776 2319 929 2355 δεσποτικὰ

123 2352 284 2388 οἶκῆματα
302 2357 425 2380 vocatur.
440 2352 480 2379 Ab
494 2352 539 2379 illa
557 2357 648 2380 tamen
664 2352 799 2380 Sententia
815 2353 872 2380 haec
885 2360 929 2379 mc

122 2387 289 2417 abdiicunt
303 2396 309 2413 :
321 2388 348 2414 1.
360 2388 512 2422 Despoticaa
523 2388 622 2414 domus
634 2388 684 2414 150
699 2387 800 2414 cubitis
811 2388 844 2415 ab
857 2388 929 2415 ostio

121 2422 296 2452 distabant,
315 2428 344 2448 ut
359 2430 471 2450 cernere
485 2426 528 2450 est
546 2423 636 2457 capite
665 2422 778 2456 ultimo;
795 2424 930 2457 ἀρχοντα-

124 2460 246 2494 ρίνκιον-
265 2460 355 2482 autem
374 2457 475 2483 dicitur
504 2457 588 2494 fuisse
615 2465 699 2492 prope
713 2458 814 2494 ostium
833 2467 843 2494 :_
857 2462 886 2494 at
902 2457 930 2483 in

120 2489 246 2521 admod
253 2497 297 2515 um
314 2496 428 2524 augusto
438 2489 740 2524 monasterio,'utistud
753 2497 823 2524 erat,
837 2492 865 2519 id
878 2499 932 2518 non

121 2528 398 2562 diceretur_prope
421 2526 537 2562 ostium.
566 2527 639 2561 quod
661 2527 695 2554 ab
707 2535 741 2554 eo
757 2531 832 2554 tanto
845 2528 934 2562 spatio

120 2563 276 2590 distaret.
295 2559 329 2599 Iit
354 2560 442 2599 quod-
454 2561 539 2599 magis
570 2559 660 2599 urget,
675 2562 824 2597 despotica:
836 2559 934 2599 domus

120 2599 162 2626 ad
194 2595 361 2631 oppositam
392 2595 474 2631 ostio
492 2595 683 2630 plagam’sitaa
698 2595 870 2624 erantmam
886 2597 937 2631 qui

121 2635 226 2666 caput
245 2629 384 2666 ultimum,
404 2629 438 2666 de
454 2629 507 2656 situ
521 2629 690 2666 monasterii,
703 2631 849 2666 diligenter
865 2629 933 2658 con-

125 2664 299 2696 sidcrabit,
329 2665 518 2698 deprehendet
543 2665 698 2700 despoucas
719 2664 816 2694 doinos
840 2674 934 2693 versus

122 2702 321 2737 aquilonem.
334 2700 434 2737 ostium
456 2707 520 2726 vero
532 2700 565 2726 ad
585 2701 727 2737 meridiem
738 2703 820 2737 situm
836 2701 932 2737 fuisse.

121 2735 255 2764 OStium
276 2740 366 2762 autem
382 2735 493 2762 unicum
509 2740 568 2762 erat
584 2736 612 2762 in
627 2735 804 2768 monasterio,
819 2736 892 2770 quod
907 2737 934 2763 in

122 2771 268 2809 interius
275 2771 428 2809 etextcrius
439 2769 622 2809 dividebatur,
631 2775 660 2809 ut
668 2778 700 2797 ex
708 2769 835 2809 pluribus
842 2771 936 2806 Typici

121 2808 209 2834 locis
224 2806 384 2839 intelligere
397 2809 449 2832 cst.
460 2804 487 2831 Ξ.
501 2805 568 2837 Quis
581 2805 675 2832 credat
686 2813 800 2839 easquze
811 2804 936 2832 secessus

121 2841 231 2878 gratia
242 2839 282 2865 ad
294 2840 488 2878 monasterium
499 2839 720 2878 accedebanttad
733 2841 934 2878 imperatoriam

121 2875 143 2904 ῖι
160 2883 275 2905 πηιιιιιι,
295 2875 338 2901 ubi
357 2882 472 2910 magnus
487 2875 610 2901 virorum
630 2875 832 2909 mulierumque
847 2875 934 2902 iamu-

121 2914 213 2939 lazus
238 2909 396 2942 habitabat,
413 2910 535 2937 cubitum
552 2910 709 2938 amandatas
721 2909 812 2938 fuisse.
826 2911 853 2937 5.
872 2910 934 2945 Ἀρ-

295 2957 431 2991 ιἈτιιοι,
451 2958 508 2989 Gn.
523 2957 672 2990 CXXVII.

906 2985 942 3003 ’ζῶ-ε

983 2314 1038 2344 illis
1052 2314 1293 2355 ainpl‘issim'i‘sLut
1319 2314 1520 2355 liabet-urucap.
1548 2314 1591 2355 το.
1618 2320 1766 2355 convenire

983 2351 1088 2387 nequit.
1100 2348 1259 2387 'Ncc‘oﬂicit
1280 2349 1352 2387 quod
1378 2349 1431 2387 liic_
1441 2348 1561 2387 dicitur;
1575 2350 1766 2387 Ingredientur

984 2388 1012 2414 in
1028 2384 1223 2414 monasterium
1235 2391 1284 2418 per
1297 2384 1393 2416 ὲξὰγον
1418 2384 1594 2416 διαϐατικόνς
1613 2386 1676 2413 hinc
1691 2391 1765 2416 enim

985 2430 1040 2448 non
1067 2419 1230 2456 putandum,
1247 2426 1304 2456 eas_
1312 2426 1336 2456 ρ
1366 2419 1526 2456 monasterii
1544 2425 1622 2456 septo
1641 2428 1766 2456 egressas

986 2453 1091 2488 fuisse;
1118 2462 1180 2481 nam
1214 2461 1275 2491 cap.
1297 2453 1476 2491 l7,__jubetur
1491 2458 1521 2491 ut
1549 2453 1686 2491 praelecta,
1705 2465 1766 2491 qua:

985 2495 1181 2525 procuratores
1197 2488 1353 2525 alloqucndi
1373 2495 1466 2525 .causa
1480 2489 1514 2525 ad
1531 2489 1631 2516 ostium
1647 2488 1764 2525 accedit,

985 2522 1059 2561 ipsos
1082 2524 1342 2561 alrloquatur_i_nter_
1365 2522 1523 2561 duo_ostia.»
1535 2531 1632 2558 nempe
1649 2522 1765 2555 interius

985 2557 1012 2589 εἰ
1025 2557 1156 2591 exterius,
1173 2562 1201 2586 et
1215 2558 1315 2585 dehinc
1336 2557 1507 2592 ingrediatur
1518 2559 1544 2585 in
1559 2557 1764 2593 monasterium,

987 2596 1094 2623 tametsi
1115 2594 1160 2620 illa
1174 2602 1189 2620 θ
1200 2593 1366 2620 monasterio
1383 2592 1539 2628 nullatenus
1561 2592 1765 2628 egrediebatur.

986 2629 1138 2667 Dicendum
1172 2629 1291 2667 igitur,_
1309 2627 1519 2667 ἀρχονταρίκιογ
1548 2627 1632 2667 fuisse
1667 2631 1766 2667 cellam

987 2665 1133 2702 quamdam
1146 2671 1231 2698 prope
1241 2663 1410 2702 ostiumunon
1429 2663 1554 2695 interius,
1568 2663 1620 2702 sed
1632 2665 1764 2695 exterius.

987 2697 1045 2728 sive
1059 2697 1176 2734 primum
1202 2697 1361 2734 monasterii
1389 2697 1553 2734 ingressum,
1568 2700 1639 2726 intra
1657 2705 1766 2733 septum

989 2731 1169 2765 monasterii;
1191 2733 1265 2767 quod
1309 2739 1367 2759 rem
1394 2731 1553 2767 diligentius
1579 2731 1767 2762 consideranti

988 2768 1168 2805 patebit.§_ur
1181 2773 1271 2794 autem
1283 2767 1322 2794 sic
1337 2772 1460 2805 vocetur.
1471 2767 1626 2805 ignoratur.

1024 2805 1080 2839 (t5)
1109 2803 1202 2839 Βῇμα,
1229 2810 1261 2829 ea
1288 2809 1350 2837 pars
1379 2802 1503 2839 ecclesiae
1532 2811 1593 2837 quae
1625 2804 1697 2839 apud
1717 2812 1768 2833 nos

988 2838 1189 2875 presbyterium
1202 2842 1325 2875 vocatur,
1335 2838 1408 2875 quod
1421 2838 1589 2875 presbyteris
1597 2844 1625 2875 et
1634 2838 1767 2867 ministris

989 2872 1083 2913 altaris
1113 2873 1321 2913 assignatansil,
1346 2873 1380 2913 de
1396 2879 1462 2913 'quo
1476 2872 1536 2900 fuse
1550 2874 1676 2902 eruditus
1688 2875 1768 2902 Pater

989 2910 1060 2938 Goar
1075 2910 1101 2936 in
1116 2907 1193 2936 Notis
1208 2908 1242 2936 ad
1256 2907 1463 2943 Eucliologium.
