  <div class='ocr_page' id='page_1' title='image "/cluster/home/n/w/nwhite01/storage/ocr_20150623/127/njp.32101077773040/631.png"; bbox 0 0 2023 3164; ppageno 0'>
   <div class='ocr_carea' id='block_1_1' title="bbox 260 211 1883 259">
    <p class='ocr_par' dir='ltr' id='par_1_1' title="bbox 260 211 1883 259">
     <span class='ocr_line' id='line_1_1' title="bbox 260 211 1883 259; baseline -0.009 0"><span class='ocrx_word' id='word_1_1' title='bbox 260 225 329 259; x_wconf 76' lang='lat' dir='ltr'><strong>I039</strong></span> <span class='ocrx_word' id='word_1_2' title='bbox 889 218 1034 250; x_wconf 82' lang='lat' dir='ltr'><strong>IRENES</strong></span> <span class='ocrx_word' id='word_1_3' title='bbox 1052 216 1243 248; x_wconf 69' lang='lat' dir='ltr'><strong>AUGUSTI]!</strong></span> <span class='ocrx_word' id='word_1_4' title='bbox 1814 211 1883 245; x_wconf 67' lang='lat'><strong>1040</strong></span> 
     </span>
    </p>
   </div>
   <div class='ocr_carea' id='block_1_2' title="bbox 538 271 1337 313">
    <p class='ocr_par' dir='ltr' id='par_1_2' title="bbox 538 277 1085 313">
     <span class='ocr_line' id='line_1_2' title="bbox 538 277 1085 313; baseline -0.011 -6"><span class='ocrx_word' id='word_1_5' title='bbox 538 278 651 308; x_wconf 78' lang='lat' dir='ltr'><strong>CAPUT</strong></span> <span class='ocrx_word' id='word_1_6' title='bbox 667 277 768 313; x_wconf 42' lang='lat' dir='ltr'>.XXIII.</span> <span class='ocrx_word' id='word_1_7' title='bbox 1062 278 1085 306; x_wconf 71' lang='grc' dir='ltr'><strong>Α</strong></span> 
     </span>
    </p>
   </div>
   <div class='ocr_carea' id='block_1_3' title="bbox 801 271 1600 313">
    <p class='ocr_par' dir='ltr' id='par_1_3' title="bbox 1062 271 1600 306">
     <span class='ocr_line' id='line_1_3' title="bbox 1062 271 1600 306; baseline -0.015 0"><span class='ocrx_word' id='word_1_8' title='bbox 1062 278 1085 306; x_wconf 75' lang='grc' dir='ltr'><strong>Δ</strong></span> <span class='ocrx_word' id='word_1_9' title='bbox 1390 272 1516 300; x_wconf 76' lang='grc' dir='ltr'><strong>ΚΕΦΑΛ.</strong></span> <span class='ocrx_word' id='word_1_10' title='bbox 1537 271 1600 299; x_wconf 81' lang='lat' dir='ltr'><strong>KI&quot;.</strong></span> 
     </span>
    </p>
   </div>
   <div class='ocr_carea' id='block_1_4' title="bbox 543 318 1342 354">
    <p class='ocr_par' dir='ltr' id='par_1_4' title="bbox 543 321 1342 352">
     <span class='ocr_line' id='line_1_4' title="bbox 543 321 1342 352; baseline -0.008 0"><span class='ocrx_word' id='word_1_11' title='bbox 543 325 581 352; x_wconf 80' lang='lat' dir='ltr'><strong>De</strong></span> <span class='ocrx_word' id='word_1_12' title='bbox 608 324 759 352; x_wconf 78' lang='lat' dir='ltr'><strong>horrcaria.</strong></span> <span class='ocrx_word' id='word_1_13' title='bbox 1327 321 1342 346; x_wconf 75' lang='grc' dir='ltr'><strong>ι</strong></span> 
     </span>
    </p>
   </div>
   <div class='ocr_carea' id='block_1_5' title="bbox 846 318 1645 354">
    <p class='ocr_par' dir='ltr' id='par_1_5' title="bbox 1327 318 1645 354">
     <span class='ocr_line' id='line_1_5' title="bbox 1327 318 1645 354; baseline -0.009 -8"><span class='ocrx_word' id='word_1_14' title='bbox 1327 318 1396 354; x_wconf 80' lang='grc' dir='ltr'>Περί</span> <span class='ocrx_word' id='word_1_15' title='bbox 1412 319 1468 354; x_wconf 84' lang='grc' dir='ltr'><strong>τῆς</strong></span> <span class='ocrx_word' id='word_1_16' title='bbox 1481 318 1645 352; x_wconf 76' lang='grc' dir='ltr'>ὡρειαρίας.</span> 
     </span>
    </p>
   </div>
   <div class='ocr_carea' id='block_1_6' title="bbox 295 361 1094 408">
    <p class='ocr_par' dir='ltr' id='par_1_6' title="bbox 295 367 1044 408">
     <span class='ocr_line' id='line_1_6' title="bbox 295 367 1044 408; baseline -0.008 -6"><span class='ocrx_word' id='word_1_17' title='bbox 295 373 469 402; x_wconf 87' lang='lat' dir='ltr'><strong>Horreariam</strong></span> <span class='ocrx_word' id='word_1_18' title='bbox 486 380 596 408; x_wconf 88' lang='lat' dir='ltr'><strong>quoque</strong></span> <span class='ocrx_word' id='word_1_19' title='bbox 612 376 715 399; x_wconf 83' lang='lat' dir='ltr'><strong>statuet</strong></span> <span class='ocrx_word' id='word_1_20' title='bbox 725 370 865 406; x_wconf 68' lang='lat' dir='ltr'><strong>praetecta,</strong></span> <span class='ocrx_word' id='word_1_21' title='bbox 881 369 961 405; x_wconf 87' lang='lat' dir='ltr'><strong>cujus</strong></span> <span class='ocrx_word' id='word_1_22' title='bbox 984 367 1044 396; x_wconf 78' lang='lat' dir='ltr'><strong>om-</strong></span> 
     </span>
    </p>
   </div>
   <div class='ocr_carea' id='block_1_7' title="bbox 1085 361 1884 408">
    <p class='ocr_par' dir='ltr' id='par_1_7' title="bbox 1132 361 1884 401">
     <span class='ocr_line' id='line_1_7' title="bbox 1132 361 1884 401; baseline -0.008 -8"><span class='ocrx_word' id='word_1_23' title='bbox 1132 366 1188 393; x_wconf 82' lang='grc' dir='ltr'><strong>Καί</strong></span> <span class='ocrx_word' id='word_1_24' title='bbox 1211 365 1358 401; x_wconf 87' lang='grc' dir='ltr'>ὠρειαρίαν</span> <span class='ocrx_word' id='word_1_25' title='bbox 1380 365 1408 391; x_wconf 80' lang='grc' dir='ltr'>δὲ</span> <span class='ocrx_word' id='word_1_26' title='bbox 1437 363 1605 399; x_wconf 75' lang='grc' dir='ltr'><strong>καταστήσει</strong></span> <span class='ocrx_word' id='word_1_27' title='bbox 1632 362 1649 397; x_wconf 74' lang='grc' dir='ltr'><strong>ἡ</strong></span> <span class='ocrx_word' id='word_1_28' title='bbox 1679 361 1884 396; x_wconf 75' lang='grc' dir='ltr'>καθηγουμένη,</span> 
     </span>
    </p>
   </div>
   <div class='ocr_carea' id='block_1_8' title="bbox 258 407 1057 454">
    <p class='ocr_par' dir='ltr' id='par_1_8' title="bbox 258 407 1044 454">
     <span class='ocr_line' id='line_1_8' title="bbox 258 407 1044 454; baseline -0.006 -7"><span class='ocrx_word' id='word_1_29' title='bbox 258 420 331 448; x_wconf 89' lang='lat' dir='ltr'><strong>cium</strong></span> <span class='ocrx_word' id='word_1_30' title='bbox 349 419 413 452; x_wconf 88' lang='lat' dir='ltr'><strong>erit,</strong></span> <span class='ocrx_word' id='word_1_31' title='bbox 432 407 524 454; x_wconf 75' lang='lat' dir='ltr'><strong>fruges</strong></span> <span class='ocrx_word' id='word_1_32' title='bbox 537 425 635 446; x_wconf 83' lang='lat' dir='ltr'><strong>omnes</strong></span> <span class='ocrx_word' id='word_1_33' title='bbox 665 421 696 445; x_wconf 93' lang='lat' dir='ltr'><strong>et</strong></span> <span class='ocrx_word' id='word_1_34' title='bbox 721 416 860 452; x_wconf 73' lang='lat' dir='ltr'><strong>legumina</strong></span> <span class='ocrx_word' id='word_1_35' title='bbox 888 415 1044 450; x_wconf 83' lang='lat' dir='ltr'><strong>percipere.</strong></span> 
     </span>
    </p>
   </div>
   <div class='ocr_carea' id='block_1_9' title="bbox 1086 407 1885 454">
    <p class='ocr_par' dir='ltr' id='par_1_9' title="bbox 1097 407 1885 454">
     <span class='ocr_line' id='line_1_9' title="bbox 1097 407 1885 454; baseline -0.006 -16"><span class='ocrx_word' id='word_1_36' title='bbox 1097 411 1259 446; x_wconf 79' lang='grc' dir='ltr'>ὀφείλουσαν</span> <span class='ocrx_word' id='word_1_37' title='bbox 1270 411 1305 438; x_wconf 76' lang='grc' dir='ltr'><strong>τὰ</strong></span> <span class='ocrx_word' id='word_1_38' title='bbox 1321 410 1465 446; x_wconf 80' lang='grc' dir='ltr'><strong>γενήματα</strong></span> <span class='ocrx_word' id='word_1_39' title='bbox 1479 410 1568 437; x_wconf 78' lang='grc' dir='ltr'>πάντα</span> <span class='ocrx_word' id='word_1_40' title='bbox 1583 407 1822 454; x_wconf 75' lang='grc' dir='ltr'>παραλαμϐάνειν,</span> <span class='ocrx_word' id='word_1_41' title='bbox 1834 407 1885 454; x_wconf 41' lang='grc' dir='ltr'>,ἑτι</span> 
     </span>
    </p>
   </div>
   <div class='ocr_carea' id='block_1_10' title="bbox 259 450 1058 502">
    <p class='ocr_par' dir='ltr' id='par_1_10' title="bbox 259 461 1043 502">
     <span class='ocr_line' id='line_1_10' title="bbox 259 461 1043 502; baseline -0.008 -8"><span class='ocrx_word' id='word_1_42' title='bbox 259 474 345 502; x_wconf 85' lang='lat' dir='ltr'><strong>eaque</strong></span> <span class='ocrx_word' id='word_1_43' title='bbox 362 465 518 501; x_wconf 77' lang='lat' dir='ltr'><strong>expendere</strong></span> <span class='ocrx_word' id='word_1_44' title='bbox 532 465 611 500; x_wconf 85' lang='lat' dir='ltr'><strong>jussu</strong></span> <span class='ocrx_word' id='word_1_45' title='bbox 626 463 779 499; x_wconf 60' lang='lat' dir='ltr'><strong>praelecta;</strong></span> <span class='ocrx_word' id='word_1_46' title='bbox 800 471 832 490; x_wconf 88' lang='lat' dir='ltr'><strong>ac</strong></span> <span class='ocrx_word' id='word_1_47' title='bbox 854 461 1043 490; x_wconf 84' lang='lat' dir='ltr'><strong>omnimodam</strong></span> 
     </span>
    </p>
   </div>
   <div class='ocr_carea' id='block_1_11' title="bbox 1088 450 1887 502">
    <p class='ocr_par' dir='ltr' id='par_1_11' title="bbox 1097 450 1887 492">
     <span class='ocr_line' id='line_1_11' title="bbox 1097 450 1887 492; baseline -0.006 -9"><span class='ocrx_word' id='word_1_48' title='bbox 1097 457 1126 483; x_wconf 82' lang='grc' dir='ltr'>δὲ</span> <span class='ocrx_word' id='word_1_49' title='bbox 1143 457 1189 483; x_wconf 74' lang='grc' dir='ltr'>καὶ</span> <span class='ocrx_word' id='word_1_50' title='bbox 1202 456 1236 483; x_wconf 80' lang='grc' dir='ltr'><strong>τὰ</strong></span> <span class='ocrx_word' id='word_1_51' title='bbox 1251 457 1362 492; x_wconf 80' lang='grc' dir='ltr'>δσπρια,</span> <span class='ocrx_word' id='word_1_52' title='bbox 1379 456 1426 483; x_wconf 69' lang='grc' dir='ltr'><strong>καὶ</strong></span> <span class='ocrx_word' id='word_1_53' title='bbox 1439 455 1488 487; x_wconf 80' lang='grc' dir='ltr'><strong>τὰς</strong></span> <span class='ocrx_word' id='word_1_54' title='bbox 1501 455 1608 487; x_wconf 68' lang='grc' dir='ltr'>ἐξόδους</span> <span class='ocrx_word' id='word_1_55' title='bbox 1624 450 1728 480; x_wconf 66' lang='grc' dir='ltr'>τούτων</span> <span class='ocrx_word' id='word_1_56' title='bbox 1741 451 1887 482; x_wconf 74' lang='grc' dir='ltr'>ποιεῖσθαι.</span> 
     </span>
    </p>
   </div>
   <div class='ocr_carea' id='block_1_12' title="bbox 258 498 1057 547">
    <p class='ocr_par' dir='ltr' id='par_1_12' title="bbox 258 507 1047 547">
     <span class='ocr_line' id='line_1_12' title="bbox 258 507 1047 547; baseline -0.005 -7"><span class='ocrx_word' id='word_1_57' title='bbox 258 519 354 540; x_wconf 87' lang='lat' dir='ltr'><strong>eorum</strong></span> <span class='ocrx_word' id='word_1_58' title='bbox 368 519 464 539; x_wconf 90' lang='lat' dir='ltr'><strong>curam</strong></span> <span class='ocrx_word' id='word_1_59' title='bbox 482 518 587 547; x_wconf 74' lang='lat' dir='ltr'><strong>gerere,</strong></span> <span class='ocrx_word' id='word_1_60' title='bbox 611 517 645 538; x_wconf 90' lang='lat' dir='ltr'><strong>ne</strong></span> <span class='ocrx_word' id='word_1_61' title='bbox 661 509 732 538; x_wconf 80' lang='lat' dir='ltr'><strong>forte</strong></span> <span class='ocrx_word' id='word_1_62' title='bbox 756 508 863 536; x_wconf 83' lang='lat' dir='ltr'><strong>incuria</strong></span> <span class='ocrx_word' id='word_1_63' title='bbox 887 507 916 535; x_wconf 91' lang='lat' dir='ltr'><strong>in</strong></span> <span class='ocrx_word' id='word_1_64' title='bbox 938 507 1047 536; x_wconf 87' lang='lat' dir='ltr'><strong>horreis</strong></span> 
     </span>
    </p>
   </div>
   <div class='ocr_carea' id='block_1_13' title="bbox 1088 498 1887 547">
    <p class='ocr_par' dir='ltr' id='par_1_13' title="bbox 1099 498 1887 538">
     <span class='ocr_line' id='line_1_13' title="bbox 1099 498 1887 538; baseline -0.008 -8"><span class='ocrx_word' id='word_1_65' title='bbox 1099 503 1248 538; x_wconf 79' lang='grc' dir='ltr'><strong>προστάξει</strong></span> <span class='ocrx_word' id='word_1_66' title='bbox 1262 503 1313 538; x_wconf 85' lang='grc' dir='ltr'>τῆς</span> <span class='ocrx_word' id='word_1_67' title='bbox 1324 501 1535 537; x_wconf 76' lang='grc' dir='ltr'>καθηγουμένης</span> <span class='ocrx_word' id='word_1_68' title='bbox 1548 510 1554 516; x_wconf 90' lang='grc'><strong>·</strong></span> <span class='ocrx_word' id='word_1_69' title='bbox 1571 500 1612 526; x_wconf 82' lang='grc' dir='ltr'>ἔτι</span> <span class='ocrx_word' id='word_1_70' title='bbox 1623 508 1654 527; x_wconf 84' lang='grc' dir='ltr'><strong>τε</strong></span> <span class='ocrx_word' id='word_1_71' title='bbox 1671 498 1808 531; x_wconf 82' lang='grc' dir='ltr'><strong>παντοίως</strong></span> <span class='ocrx_word' id='word_1_72' title='bbox 1828 499 1887 525; x_wconf 75' lang='grc' dir='ltr'>ἑπι-</span> 
     </span>
    </p>
   </div>
   <div class='ocr_carea' id='block_1_14' title="bbox 261 544 1890 595">
    <p class='ocr_par' dir='ltr' id='par_1_14' title="bbox 261 544 1890 595">
     <span class='ocr_line' id='line_1_14' title="bbox 261 544 1890 595; baseline -0.01 -10"><span class='ocrx_word' id='word_1_73' title='bbox 261 559 422 595; x_wconf 81' lang='lat' dir='ltr'><strong>depeream.</strong></span> <span class='ocrx_word' id='word_1_74' title='bbox 483 544 496 547; x_wconf 48' lang='lat'><strong><em>‘</em></strong></span> <span class='ocrx_word' id='word_1_75' title='bbox 1100 548 1240 584; x_wconf 85' lang='grc' dir='ltr'>μελεῖσοαι</span> <span class='ocrx_word' id='word_1_76' title='bbox 1252 548 1365 580; x_wconf 82' lang='grc' dir='ltr'>τούτων,</span> <span class='ocrx_word' id='word_1_77' title='bbox 1386 548 1430 575; x_wconf 84' lang='grc' dir='ltr'>ἶνα</span> <span class='ocrx_word' id='word_1_78' title='bbox 1443 547 1481 583; x_wconf 81' lang='grc' dir='ltr'>μὴ</span> <span class='ocrx_word' id='word_1_79' title='bbox 1498 547 1527 579; x_wconf 75' lang='grc' dir='ltr'><strong>ἐξ</strong></span> <span class='ocrx_word' id='word_1_80' title='bbox 1547 545 1680 582; x_wconf 83' lang='grc' dir='ltr'><strong>ἀμελείας</strong></span> <span class='ocrx_word' id='word_1_81' title='bbox 1692 544 1775 580; x_wconf 79' lang='grc' dir='ltr'>τυχὸν</span> <span class='ocrx_word' id='word_1_82' title='bbox 1786 544 1815 570; x_wconf 81' lang='grc' dir='ltr'>ὲν</span> <span class='ocrx_word' id='word_1_83' title='bbox 1835 544 1890 574; x_wconf 75' lang='grc' dir='ltr'>τοῖς</span> 
     </span>
    </p>
   </div>
   <div class='ocr_carea' id='block_1_15' title="bbox 1099 593 1404 630">
    <p class='ocr_par' dir='ltr' id='par_1_15' title="bbox 1099 593 1404 630">
     <span class='ocr_line' id='line_1_15' title="bbox 1099 593 1404 630; baseline 0 -10"><span class='ocrx_word' id='word_1_84' title='bbox 1099 593 1207 630; x_wconf 81' lang='grc' dir='ltr'>ώρείοις</span> <span class='ocrx_word' id='word_1_85' title='bbox 1222 594 1404 622; x_wconf 73' lang='grc' dir='ltr'>ἀπόλλωνται.</span> 
     </span>
    </p>
   </div>
   <div class='ocr_carea' id='block_1_16' title="bbox 531 648 1330 682">
    <p class='ocr_par' dir='ltr' id='par_1_16' title="bbox 531 652 771 682">
     <span class='ocr_line' id='line_1_16' title="bbox 531 652 771 682; baseline -0.004 -1"><span class='ocrx_word' id='word_1_86' title='bbox 531 653 644 682; x_wconf 79' lang='lat' dir='ltr'><strong>CAPUT</strong></span> <span class='ocrx_word' id='word_1_87' title='bbox 676 652 771 680; x_wconf 71' lang='lat' dir='ltr'>XXIV.</span> 
     </span>
    </p>
   </div>
   <div class='ocr_carea' id='block_1_17' title="bbox 795 648 1594 682">
    <p class='ocr_par' dir='ltr' id='par_1_17' title="bbox 1392 648 1594 675">
     <span class='ocr_line' id='line_1_17' title="bbox 1392 648 1594 675; baseline 0 -1"><span class='ocrx_word' id='word_1_88' title='bbox 1392 648 1516 675; x_wconf 62' lang='lat' dir='ltr'><strong>KE&#39;I&#39;AA.</strong></span> <span class='ocrx_word' id='word_1_89' title='bbox 1534 648 1594 674; x_wconf 86' lang='grc' dir='ltr'><strong>ΚΔ’.</strong></span> 
     </span>
    </p>
   </div>
   <div class='ocr_carea' id='block_1_18' title="bbox 457 701 1256 743">
    <p class='ocr_par' dir='ltr' id='par_1_18' title="bbox 457 705 1255 743">
     <span class='ocr_line' id='line_1_18' title="bbox 457 705 1255 743; baseline -0.006 -8"><span class='ocrx_word' id='word_1_90' title='bbox 457 708 496 735; x_wconf 80' lang='lat' dir='ltr'><strong>De</strong></span> <span class='ocrx_word' id='word_1_91' title='bbox 517 709 597 743; x_wconf 64' lang='lat' dir='ltr'><strong>omnia</strong></span> <span class='ocrx_word' id='word_1_92' title='bbox 622 707 843 742; x_wconf 78' lang='lat' dir='ltr'><strong>depositariarum</strong></span> <span class='ocrx_word' id='word_1_93' title='bbox 849 727 856 735; x_wconf 91' lang='lat'><em>.</em></span> <span class='ocrx_word' id='word_1_94' title='bbox 1197 705 1255 737; x_wconf 82' lang='grc' dir='ltr'>Περ</span> 
     </span>
    </p>
   </div>
   <div class='ocr_carea' id='block_1_19' title="bbox 976 701 1775 743">
    <p class='ocr_par' dir='ltr' id='par_1_19' title="bbox 1197 701 1775 738">
     <span class='ocr_line' id='line_1_19' title="bbox 1197 701 1775 738; baseline -0.005 -8"><span class='ocrx_word' id='word_1_95' title='bbox 1197 703 1267 737; x_wconf 84' lang='grc' dir='ltr'>Περί</span> <span class='ocrx_word' id='word_1_96' title='bbox 1281 702 1335 737; x_wconf 77' lang='grc' dir='ltr'><strong>τῆς</strong></span> <span class='ocrx_word' id='word_1_97' title='bbox 1349 703 1409 730; x_wconf 78' lang='grc' dir='ltr'><strong>τῶν</strong></span> <span class='ocrx_word' id='word_1_98' title='bbox 1422 702 1597 738; x_wconf 77' lang='grc' dir='ltr'>δοχειαριῶν</span> <span class='ocrx_word' id='word_1_99' title='bbox 1610 701 1775 734; x_wconf 75' lang='grc' dir='ltr'>διακονίας.</span> 
     </span>
    </p>
   </div>
   <div class='ocr_carea' id='block_1_20' title="bbox 298 752 1097 799">
    <p class='ocr_par' dir='ltr' id='par_1_20' title="bbox 298 763 1048 799">
     <span class='ocr_line' id='line_1_20' title="bbox 298 763 1048 799; baseline -0.003 -8"><span class='ocrx_word' id='word_1_100' title='bbox 298 764 336 792; x_wconf 85' lang='lat' dir='ltr'><strong>De</strong></span> <span class='ocrx_word' id='word_1_101' title='bbox 354 764 531 799; x_wconf 70' lang='lat' dir='ltr'><strong>perceptione</strong></span> <span class='ocrx_word' id='word_1_102' title='bbox 549 763 579 790; x_wconf 81' lang='lat' dir='ltr'><strong>et</strong></span> <span class='ocrx_word' id='word_1_103' title='bbox 590 770 709 798; x_wconf 83' lang='lat' dir='ltr'><strong>expensa</strong></span> <span class='ocrx_word' id='word_1_104' title='bbox 733 763 924 797; x_wconf 87' lang='lat' dir='ltr'><strong>pecuniarum,</strong></span> <span class='ocrx_word' id='word_1_105' title='bbox 941 769 1048 789; x_wconf 88' lang='lat' dir='ltr'><strong>necnon</strong></span> 
     </span>
    </p>
   </div>
   <div class='ocr_carea' id='block_1_21' title="bbox 1092 752 1891 799">
    <p class='ocr_par' dir='ltr' id='par_1_21' title="bbox 1137 752 1891 793">
     <span class='ocr_line' id='line_1_21' title="bbox 1137 752 1891 793; baseline -0.007 -9"><span class='ocrx_word' id='word_1_106' title='bbox 1137 758 1206 793; x_wconf 73' lang='grc' dir='ltr'>Περὶ</span> <span class='ocrx_word' id='word_1_107' title='bbox 1219 757 1248 784; x_wconf 80' lang='grc' dir='ltr'>δὲ</span> <span class='ocrx_word' id='word_1_108' title='bbox 1262 758 1310 792; x_wconf 79' lang='grc' dir='ltr'><strong>τῆς</strong></span> <span class='ocrx_word' id='word_1_109' title='bbox 1323 757 1377 784; x_wconf 86' lang='grc' dir='ltr'><strong>τῶν</strong></span> <span class='ocrx_word' id='word_1_110' title='bbox 1395 756 1572 792; x_wconf 80' lang='grc' dir='ltr'><strong>νομισμάτων</strong></span> <span class='ocrx_word' id='word_1_111' title='bbox 1587 754 1691 782; x_wconf 80' lang='grc' dir='ltr'><strong>εἰσόδου</strong></span> <span class='ocrx_word' id='word_1_112' title='bbox 1713 763 1744 781; x_wconf 85' lang='grc' dir='ltr'><strong>τε</strong></span> <span class='ocrx_word' id='word_1_113' title='bbox 1766 754 1814 780; x_wconf 73' lang='grc' dir='ltr'>καὶ</span> <span class='ocrx_word' id='word_1_114' title='bbox 1833 752 1891 785; x_wconf 63' lang='lat'><strong>€56—</strong></span> 
     </span>
    </p>
   </div>
   <div class='ocr_carea' id='block_1_22' title="bbox 262 799 1061 844">
    <p class='ocr_par' dir='ltr' id='par_1_22' title="bbox 262 808 1050 844">
     <span class='ocr_line' id='line_1_22' title="bbox 262 808 1050 844; baseline -0.003 -6"><span class='ocrx_word' id='word_1_115' title='bbox 262 811 297 838; x_wconf 90' lang='lat' dir='ltr'><strong>dc</strong></span> <span class='ocrx_word' id='word_1_116' title='bbox 311 818 405 838; x_wconf 86' lang='lat' dir='ltr'><strong>earum</strong></span> <span class='ocrx_word' id='word_1_117' title='bbox 428 809 552 837; x_wconf 87' lang='lat' dir='ltr'><strong>custodia</strong></span> <span class='ocrx_word' id='word_1_118' title='bbox 567 815 594 837; x_wconf 91' lang='lat' dir='ltr'><strong>et</strong></span> <span class='ocrx_word' id='word_1_119' title='bbox 617 809 812 844; x_wconf 85' lang='lat' dir='ltr'><strong>descriptione,</strong></span> <span class='ocrx_word' id='word_1_120' title='bbox 824 809 879 844; x_wconf 89' lang='lat' dir='ltr'><strong>jam</strong></span> <span class='ocrx_word' id='word_1_121' title='bbox 901 808 1050 836; x_wconf 84' lang='lat' dir='ltr'><strong>dicendum</strong></span> 
     </span>
    </p>
   </div>
   <div class='ocr_carea' id='block_1_23' title="bbox 1093 799 1892 844">
    <p class='ocr_par' dir='ltr' id='par_1_23' title="bbox 1099 799 1892 839">
     <span class='ocr_line' id='line_1_23' title="bbox 1099 799 1892 839; baseline -0.008 -8"><span class='ocrx_word' id='word_1_122' title='bbox 1099 804 1156 838; x_wconf 87' lang='grc' dir='ltr'>δου,</span> <span class='ocrx_word' id='word_1_123' title='bbox 1177 804 1301 839; x_wconf 82' lang='grc' dir='ltr'><strong>φυλακῆς</strong></span> <span class='ocrx_word' id='word_1_124' title='bbox 1317 812 1357 837; x_wconf 85' lang='grc' dir='ltr'>τε,</span> <span class='ocrx_word' id='word_1_125' title='bbox 1374 803 1421 830; x_wconf 76' lang='grc' dir='ltr'>καὶ</span> <span class='ocrx_word' id='word_1_126' title='bbox 1435 803 1612 839; x_wconf 78' lang='grc' dir='ltr'><strong>ἀπογραφῆς,</strong></span> <span class='ocrx_word' id='word_1_127' title='bbox 1626 801 1676 837; x_wconf 73' lang='grc' dir='ltr'>ήδη</span> <span class='ocrx_word' id='word_1_128' title='bbox 1694 800 1817 828; x_wconf 84' lang='grc' dir='ltr'>λεκτέον.</span> <span class='ocrx_word' id='word_1_129' title='bbox 1843 799 1892 825; x_wconf 76' lang='grc' dir='ltr'><strong>Δύο</strong></span> 
     </span>
    </p>
   </div>
   <div class='ocr_carea' id='block_1_24' title="bbox 262 846 1061 890">
    <p class='ocr_par' dir='ltr' id='par_1_24' title="bbox 262 854 1050 890">
     <span class='ocr_line' id='line_1_24' title="bbox 262 854 1050 890; baseline -0.003 -6"><span class='ocrx_word' id='word_1_130' title='bbox 262 862 314 884; x_wconf 87' lang='lat' dir='ltr'><strong>est.</strong></span> <span class='ocrx_word' id='word_1_131' title='bbox 333 857 406 883; x_wconf 85' lang='lat' dir='ltr'><strong>Duas</strong></span> <span class='ocrx_word' id='word_1_132' title='bbox 429 856 503 884; x_wconf 91' lang='lat' dir='ltr'><strong>enim</strong></span> <span class='ocrx_word' id='word_1_133' title='bbox 533 855 716 890; x_wconf 85' lang='lat' dir='ltr'><strong>depositarias</strong></span> <span class='ocrx_word' id='word_1_134' title='bbox 744 855 770 881; x_wconf 94' lang='lat' dir='ltr'><strong>in</strong></span> <span class='ocrx_word' id='word_1_135' title='bbox 791 854 960 882; x_wconf 85' lang='lat' dir='ltr'><strong>monasterio</strong></span> <span class='ocrx_word' id='word_1_136' title='bbox 988 862 1050 882; x_wconf 87' lang='lat' dir='ltr'><strong>esse</strong></span> 
     </span>
    </p>
   </div>
   <div class='ocr_carea' id='block_1_25' title="bbox 1094 846 1893 890">
    <p class='ocr_par' dir='ltr' id='par_1_25' title="bbox 1100 846 1893 887">
     <span class='ocr_line' id='line_1_25' title="bbox 1100 846 1893 887; baseline -0.008 -9"><span class='ocrx_word' id='word_1_137' title='bbox 1100 852 1154 887; x_wconf 84' lang='grc' dir='ltr'>γὰρ</span> <span class='ocrx_word' id='word_1_138' title='bbox 1169 850 1324 886; x_wconf 84' lang='grc' dir='ltr'>δοχειαρίας</span> <span class='ocrx_word' id='word_1_139' title='bbox 1338 850 1477 885; x_wconf 84' lang='grc' dir='ltr'>τυποῦμεν</span> <span class='ocrx_word' id='word_1_140' title='bbox 1493 847 1562 876; x_wconf 80' lang='grc' dir='ltr'>εἰναι</span> <span class='ocrx_word' id='word_1_141' title='bbox 1582 849 1611 875; x_wconf 78' lang='grc' dir='ltr'>ἑν</span> <span class='ocrx_word' id='word_1_142' title='bbox 1626 850 1659 884; x_wconf 80' lang='grc' dir='ltr'>τῇ</span> <span class='ocrx_word' id='word_1_143' title='bbox 1687 849 1768 882; x_wconf 81' lang='grc' dir='ltr'>μονῇ,</span> <span class='ocrx_word' id='word_1_144' title='bbox 1782 846 1820 874; x_wconf 82' lang='grc' dir='ltr'>ὧν</span> <span class='ocrx_word' id='word_1_145' title='bbox 1846 847 1893 881; x_wconf 76' lang='grc' dir='ltr'>τὴν</span> 
     </span>
    </p>
   </div>
   <div class='ocr_carea' id='block_1_26' title="bbox 263 891 1062 936">
    <p class='ocr_par' dir='ltr' id='par_1_26' title="bbox 263 900 1050 936">
     <span class='ocr_line' id='line_1_26' title="bbox 263 900 1050 936; baseline -0.004 -6"><span class='ocrx_word' id='word_1_146' title='bbox 263 902 420 934; x_wconf 89' lang='lat' dir='ltr'><strong>statuimus,</strong></span> <span class='ocrx_word' id='word_1_147' title='bbox 436 909 553 936; x_wconf 83' lang='lat' dir='ltr'><strong>quarum</strong></span> <span class='ocrx_word' id='word_1_148' title='bbox 569 909 623 928; x_wconf 91' lang='lat' dir='ltr'><strong>una</strong></span> <span class='ocrx_word' id='word_1_149' title='bbox 646 900 756 936; x_wconf 91' lang='lat' dir='ltr'><strong>quidem</strong></span> <span class='ocrx_word' id='word_1_150' title='bbox 781 901 902 928; x_wconf 85' lang='lat' dir='ltr'><strong>arculam</strong></span> <span class='ocrx_word' id='word_1_151' title='bbox 926 905 1050 936; x_wconf 81' lang='lat' dir='ltr'><strong>recepta-</strong></span> 
     </span>
    </p>
   </div>
   <div class='ocr_carea' id='block_1_27' title="bbox 1094 891 1893 936">
    <p class='ocr_par' dir='ltr' id='par_1_27' title="bbox 1104 891 1893 931">
     <span class='ocr_line' id='line_1_27' title="bbox 1104 891 1893 931; baseline -0.006 -9"><span class='ocrx_word' id='word_1_152' title='bbox 1104 896 1153 931; x_wconf 70' lang='grc' dir='ltr'><strong>μὶν</strong></span> <span class='ocrx_word' id='word_1_153' title='bbox 1167 895 1233 930; x_wconf 89' lang='grc' dir='ltr'>μίαν</span> <span class='ocrx_word' id='word_1_154' title='bbox 1250 896 1361 930; x_wconf 75' lang='grc' dir='ltr'><strong>κρατεῖν</strong></span> <span class='ocrx_word' id='word_1_155' title='bbox 1377 894 1408 921; x_wconf 79' lang='grc' dir='ltr'>τὸ</span> <span class='ocrx_word' id='word_1_156' title='bbox 1420 894 1549 921; x_wconf 73' lang='grc' dir='ltr'>κιϐώτιον</span> <span class='ocrx_word' id='word_1_157' title='bbox 1567 894 1622 921; x_wconf 85' lang='grc' dir='ltr'><strong>τῶν</strong></span> <span class='ocrx_word' id='word_1_158' title='bbox 1648 893 1698 928; x_wconf 81' lang='grc' dir='ltr'>τῆς</span> <span class='ocrx_word' id='word_1_159' title='bbox 1714 891 1893 925; x_wconf 78' lang='grc' dir='ltr'>είσοδοεξὸδου</span> 
     </span>
    </p>
   </div>
   <div class='ocr_carea' id='block_1_28' title="bbox 264 937 1063 982">
    <p class='ocr_par' dir='ltr' id='par_1_28' title="bbox 264 947 1053 982">
     <span class='ocr_line' id='line_1_28' title="bbox 264 947 1053 982; baseline -0.004 -5"><span class='ocrx_word' id='word_1_160' title='bbox 264 958 323 977; x_wconf 88' lang='lat' dir='ltr'><strong>rum</strong></span> <span class='ocrx_word' id='word_1_161' title='bbox 339 953 367 976; x_wconf 87' lang='lat' dir='ltr'><strong>et</strong></span> <span class='ocrx_word' id='word_1_162' title='bbox 381 948 606 976; x_wconf 84' lang='lat' dir='ltr'><strong>insumendarum</strong></span> <span class='ocrx_word' id='word_1_163' title='bbox 631 947 811 982; x_wconf 83' lang='lat' dir='ltr'><strong>pecuniarum</strong></span> <span class='ocrx_word' id='word_1_164' title='bbox 836 947 973 974; x_wconf 73' lang='lat' dir='ltr'><strong>custodiet</strong></span> <span class='ocrx_word' id='word_1_165' title='bbox 989 955 996 979; x_wconf 93' lang='lat'>;</span> <span class='ocrx_word' id='word_1_166' title='bbox 1013 947 1053 974; x_wconf 88' lang='lat' dir='ltr'><strong>al-</strong></span> 
     </span>
    </p>
   </div>
   <div class='ocr_carea' id='block_1_29' title="bbox 1095 937 1894 982">
    <p class='ocr_par' dir='ltr' id='par_1_29' title="bbox 1104 937 1894 978">
     <span class='ocr_line' id='line_1_29' title="bbox 1104 937 1894 978; baseline -0.006 -9"><span class='ocrx_word' id='word_1_167' title='bbox 1104 941 1299 978; x_wconf 79' lang='grc' dir='ltr'>νομισμάτων·</span> <span class='ocrx_word' id='word_1_168' title='bbox 1314 941 1363 976; x_wconf 82' lang='grc' dir='ltr'>τὴν</span> <span class='ocrx_word' id='word_1_169' title='bbox 1380 940 1408 967; x_wconf 79' lang='grc' dir='ltr'>δὲ</span> <span class='ocrx_word' id='word_1_170' title='bbox 1426 940 1526 977; x_wconf 78' lang='grc' dir='ltr'><strong>ἑτέραν</strong></span> <span class='ocrx_word' id='word_1_171' title='bbox 1543 940 1656 975; x_wconf 82' lang='grc' dir='ltr'><strong>κρατεῖν</strong></span> <span class='ocrx_word' id='word_1_172' title='bbox 1678 937 1709 964; x_wconf 80' lang='grc' dir='ltr'>τὸ</span> <span class='ocrx_word' id='word_1_173' title='bbox 1720 937 1829 973; x_wconf 83' lang='grc' dir='ltr'>βέστιον</span> <span class='ocrx_word' id='word_1_174' title='bbox 1839 937 1894 972; x_wconf 73' lang='grc'><strong>(16)</strong></span> 
     </span>
    </p>
   </div>
   <div class='ocr_carea' id='block_1_30' title="bbox 266 983 1065 1027">
    <p class='ocr_par' dir='ltr' id='par_1_30' title="bbox 266 993 1048 1022">
     <span class='ocr_line' id='line_1_30' title="bbox 266 993 1048 1022; baseline -0.003 0"><span class='ocrx_word' id='word_1_175' title='bbox 266 1000 323 1022; x_wconf 84' lang='lat' dir='ltr'><strong>tera</strong></span> <span class='ocrx_word' id='word_1_176' title='bbox 347 1002 413 1022; x_wconf 89' lang='lat' dir='ltr'><strong>vero</strong></span> <span class='ocrx_word' id='word_1_177' title='bbox 437 993 596 1021; x_wconf 87' lang='lat' dir='ltr'><strong>vestiarium</strong></span> <span class='ocrx_word' id='word_1_178' title='bbox 622 993 848 1020; x_wconf 88' lang='lat' dir='ltr'><strong>indumentorum</strong></span> <span class='ocrx_word' id='word_1_179' title='bbox 875 993 1048 1020; x_wconf 85' lang='lat' dir='ltr'><strong>asscrvabit:</strong></span> 
     </span>
    </p>
   </div>
   <div class='ocr_carea' id='block_1_31' title="bbox 1096 983 1895 1027">
    <p class='ocr_par' dir='ltr' id='par_1_31' title="bbox 1101 983 1895 1027">
     <span class='ocr_line' id='line_1_31' title="bbox 1101 983 1895 1027; baseline -0.006 -13"><span class='ocrx_word' id='word_1_180' title='bbox 1101 989 1155 1015; x_wconf 80' lang='grc' dir='ltr'>τῶν</span> <span class='ocrx_word' id='word_1_181' title='bbox 1167 987 1323 1023; x_wconf 77' lang='grc' dir='ltr'><strong>ἐνδυμάτων</strong></span> <span class='ocrx_word' id='word_1_182' title='bbox 1335 994 1344 1003; x_wconf 89' lang='grc'>·</span> <span class='ocrx_word' id='word_1_183' title='bbox 1360 987 1408 1014; x_wconf 75' lang='grc' dir='ltr'>καὶ</span> <span class='ocrx_word' id='word_1_184' title='bbox 1426 986 1496 1022; x_wconf 86' lang='grc' dir='ltr'>αὑτὴ</span> <span class='ocrx_word' id='word_1_185' title='bbox 1512 986 1567 1027; x_wconf 71' lang='grc' dir='ltr'>γὰρ</span> <span class='ocrx_word' id='word_1_186' title='bbox 1578 983 1718 1021; x_wconf 80' lang='grc' dir='ltr'>δοχειαρία</span> <span class='ocrx_word' id='word_1_187' title='bbox 1741 983 1895 1019; x_wconf 68' lang='grc' dir='ltr'>ὀνομασθή-</span> 
     </span>
    </p>
   </div>
   <div class='ocr_carea' id='block_1_32' title="bbox 265 1039 1192 1075">
    <p class='ocr_par' dir='ltr' id='par_1_32' title="bbox 265 1039 1192 1075">
     <span class='ocr_line' id='line_1_32' title="bbox 265 1039 1192 1075; baseline -0.008 -8"><span class='ocrx_word' id='word_1_188' title='bbox 265 1048 327 1068; x_wconf 89' lang='lat' dir='ltr'><strong>nam</strong></span> <span class='ocrx_word' id='word_1_189' title='bbox 344 1045 372 1068; x_wconf 89' lang='lat' dir='ltr'><strong>et</strong></span> <span class='ocrx_word' id='word_1_190' title='bbox 388 1040 446 1075; x_wconf 88' lang='lat' dir='ltr'><strong>ipsa</strong></span> <span class='ocrx_word' id='word_1_191' title='bbox 461 1039 628 1074; x_wconf 76' lang='lat' dir='ltr'><strong>depositaiia</strong></span> <span class='ocrx_word' id='word_1_192' title='bbox 643 1039 798 1067; x_wconf 80' lang='lat' dir='ltr'><strong>vocabitur.</strong></span> <span class='ocrx_word' id='word_1_193' title='bbox 1104 1043 1192 1061; x_wconf 79' lang='grc' dir='ltr'>σεται.</span> 
     </span>
    </p>
   </div>
   <div class='ocr_carea' id='block_1_33' title="bbox 300 1076 1099 1122">
    <p class='ocr_par' dir='ltr' id='par_1_33' title="bbox 300 1086 1052 1122">
     <span class='ocr_line' id='line_1_33' title="bbox 300 1086 1052 1122; baseline -0.001 -8"><span class='ocrx_word' id='word_1_194' title='bbox 300 1086 470 1122; x_wconf 83' lang='lat' dir='ltr'><strong>Depositaria</strong></span> <span class='ocrx_word' id='word_1_195' title='bbox 487 1086 580 1121; x_wconf 81' lang='lat' dir='ltr'><strong>itaque</strong></span> <span class='ocrx_word' id='word_1_196' title='bbox 596 1090 771 1121; x_wconf 83' lang='lat' dir='ltr'><strong>receptarum</strong></span> <span class='ocrx_word' id='word_1_197' title='bbox 788 1093 980 1121; x_wconf 84' lang='lat' dir='ltr'><strong>pecuniarum,</strong></span> <span class='ocrx_word' id='word_1_198' title='bbox 998 1093 1052 1113; x_wconf 88' lang='lat' dir='ltr'><strong>una</strong></span> 
     </span>
    </p>
   </div>
   <div class='ocr_carea' id='block_1_34' title="bbox 1096 1076 1895 1122">
    <p class='ocr_par' dir='ltr' id='par_1_34' title="bbox 1145 1076 1895 1115">
     <span class='ocr_line' id='line_1_34' title="bbox 1145 1076 1895 1115; baseline -0.005 -9"><span class='ocrx_word' id='word_1_199' title='bbox 1145 1081 1178 1107; x_wconf 83' lang='grc' dir='ltr'><strong>Ἦ</strong></span> <span class='ocrx_word' id='word_1_200' title='bbox 1196 1079 1262 1115; x_wconf 84' lang='grc' dir='ltr'>γοῦν</span> <span class='ocrx_word' id='word_1_201' title='bbox 1279 1079 1420 1115; x_wconf 83' lang='grc' dir='ltr'>δοχειαρία</span> <span class='ocrx_word' id='word_1_202' title='bbox 1444 1079 1494 1114; x_wconf 83' lang='grc' dir='ltr'><strong>τῆς</strong></span> <span class='ocrx_word' id='word_1_203' title='bbox 1514 1078 1618 1105; x_wconf 87' lang='grc' dir='ltr'>εἰσόδου</span> <span class='ocrx_word' id='word_1_204' title='bbox 1631 1077 1685 1105; x_wconf 86' lang='grc' dir='ltr'><strong>τῶν</strong></span> <span class='ocrx_word' id='word_1_205' title='bbox 1706 1076 1895 1113; x_wconf 71' lang='grc' dir='ltr'>νομισμάτων,</span> 
     </span>
    </p>
   </div>
   <div class='ocr_carea' id='block_1_35' title="bbox 264 1122 1063 1168">
    <p class='ocr_par' dir='ltr' id='par_1_35' title="bbox 264 1132 1053 1168">
     <span class='ocr_line' id='line_1_35' title="bbox 264 1132 1053 1168; baseline 0 -8"><span class='ocrx_word' id='word_1_206' title='bbox 264 1141 329 1161; x_wconf 91' lang='lat' dir='ltr'><strong>cum</strong></span> <span class='ocrx_word' id='word_1_207' title='bbox 355 1133 441 1160; x_wconf 85' lang='lat' dir='ltr'><strong>altera</strong></span> <span class='ocrx_word' id='word_1_208' title='bbox 458 1132 626 1167; x_wconf 85' lang='lat' dir='ltr'><strong>depositaria</strong></span> <span class='ocrx_word' id='word_1_209' title='bbox 651 1132 786 1165; x_wconf 82' lang='lat' dir='ltr'><strong>vestiarii,</strong></span> <span class='ocrx_word' id='word_1_210' title='bbox 803 1132 908 1160; x_wconf 86' lang='lat' dir='ltr'><strong>sciente</strong></span> <span class='ocrx_word' id='word_1_211' title='bbox 930 1137 958 1160; x_wconf 90' lang='lat' dir='ltr'><strong>et</strong></span> <span class='ocrx_word' id='word_1_212' title='bbox 983 1140 1053 1168; x_wconf 77' lang='lat' dir='ltr'><strong>pra:-</strong></span> 
     </span>
    </p>
   </div>
   <div class='ocr_carea' id='block_1_36' title="bbox 1097 1122 1896 1168">
    <p class='ocr_par' dir='ltr' id='par_1_36' title="bbox 1104 1122 1896 1162">
     <span class='ocr_line' id='line_1_36' title="bbox 1104 1122 1896 1162; baseline -0.008 -8"><span class='ocrx_word' id='word_1_213' title='bbox 1104 1127 1162 1161; x_wconf 81' lang='grc' dir='ltr'>ἆμα</span> <span class='ocrx_word' id='word_1_214' title='bbox 1178 1128 1211 1162; x_wconf 85' lang='grc' dir='ltr'>τῇ</span> <span class='ocrx_word' id='word_1_215' title='bbox 1228 1126 1309 1162; x_wconf 79' lang='grc' dir='ltr'>ἑτέρᾳ</span> <span class='ocrx_word' id='word_1_216' title='bbox 1323 1125 1463 1161; x_wconf 78' lang='grc' dir='ltr'>δοχειαρίᾳ</span> <span class='ocrx_word' id='word_1_217' title='bbox 1472 1126 1506 1160; x_wconf 79' lang='grc' dir='ltr'><strong>τῇ</strong></span> <span class='ocrx_word' id='word_1_218' title='bbox 1523 1124 1571 1151; x_wconf 73' lang='grc' dir='ltr'><strong>ἐπὶ</strong></span> <span class='ocrx_word' id='word_1_219' title='bbox 1590 1124 1638 1151; x_wconf 83' lang='grc' dir='ltr'>τοῦ</span> <span class='ocrx_word' id='word_1_220' title='bbox 1658 1123 1777 1159; x_wconf 82' lang='grc' dir='ltr'>βεστίου,</span> <span class='ocrx_word' id='word_1_221' title='bbox 1793 1122 1896 1156; x_wconf 78' lang='grc' dir='ltr'>εἰδήσει</span> 
     </span>
    </p>
   </div>
   <div class='ocr_carea' id='block_1_37' title="bbox 265 1169 1064 1214">
    <p class='ocr_par' dir='ltr' id='par_1_37' title="bbox 265 1177 1052 1214">
     <span class='ocr_line' id='line_1_37' title="bbox 265 1177 1052 1214; baseline 0 -8"><span class='ocrx_word' id='word_1_222' title='bbox 265 1183 343 1206; x_wconf 85' lang='lat' dir='ltr'><strong>sente</strong></span> <span class='ocrx_word' id='word_1_223' title='bbox 371 1177 509 1213; x_wconf 61' lang='lat' dir='ltr'><strong>praetecta,</strong></span> <span class='ocrx_word' id='word_1_224' title='bbox 524 1178 666 1205; x_wconf 86' lang='lat' dir='ltr'><strong>describet</strong></span> <span class='ocrx_word' id='word_1_225' title='bbox 688 1185 799 1205; x_wconf 89' lang='lat' dir='ltr'><strong>omnem</strong></span> <span class='ocrx_word' id='word_1_226' title='bbox 826 1178 946 1206; x_wconf 86' lang='lat' dir='ltr'><strong>reditum</strong></span> <span class='ocrx_word' id='word_1_227' title='bbox 966 1186 1052 1214; x_wconf 91' lang='lat' dir='ltr'><strong>pecu-</strong></span> 
     </span>
    </p>
   </div>
   <div class='ocr_carea' id='block_1_38' title="bbox 1098 1169 1897 1214">
    <p class='ocr_par' dir='ltr' id='par_1_38' title="bbox 1104 1169 1897 1208">
     <span class='ocr_line' id='line_1_38' title="bbox 1104 1169 1897 1208; baseline -0.006 -9"><span class='ocrx_word' id='word_1_228' title='bbox 1104 1173 1153 1199; x_wconf 71' lang='grc' dir='ltr'>καὶ</span> <span class='ocrx_word' id='word_1_229' title='bbox 1173 1172 1312 1208; x_wconf 77' lang='grc' dir='ltr'>παρουσίᾳ</span> <span class='ocrx_word' id='word_1_230' title='bbox 1329 1171 1380 1207; x_wconf 86' lang='grc' dir='ltr'><strong>τῆς</strong></span> <span class='ocrx_word' id='word_1_231' title='bbox 1405 1171 1562 1207; x_wconf 79' lang='grc' dir='ltr'>ἡγουμένης</span> <span class='ocrx_word' id='word_1_232' title='bbox 1587 1170 1780 1205; x_wconf 78' lang='grc' dir='ltr'>ἀπογράψεται</span> <span class='ocrx_word' id='word_1_233' title='bbox 1806 1169 1897 1195; x_wconf 79' lang='grc' dir='ltr'>πᾶσαν</span> 
     </span>
    </p>
   </div>
   <div class='ocr_carea' id='block_1_39' title="bbox 264 1215 1063 1259">
    <p class='ocr_par' dir='ltr' id='par_1_39' title="bbox 264 1223 1054 1259">
     <span class='ocr_line' id='line_1_39' title="bbox 264 1223 1054 1259; baseline -0.001 -8"><span class='ocrx_word' id='word_1_234' title='bbox 264 1224 374 1252; x_wconf 85' lang='lat' dir='ltr'><strong>niarum</strong></span> <span class='ocrx_word' id='word_1_235' title='bbox 398 1223 424 1250; x_wconf 93' lang='lat' dir='ltr'><strong>in</strong></span> <span class='ocrx_word' id='word_1_236' title='bbox 443 1223 610 1251; x_wconf 85' lang='lat' dir='ltr'><strong>monasterio</strong></span> <span class='ocrx_word' id='word_1_237' title='bbox 637 1228 820 1258; x_wconf 83' lang='lat' dir='ltr'><strong>receptarum,</strong></span> <span class='ocrx_word' id='word_1_238' title='bbox 837 1231 936 1258; x_wconf 88' lang='lat' dir='ltr'><strong>nempe</strong></span> <span class='ocrx_word' id='word_1_239' title='bbox 962 1224 1054 1259; x_wconf 90' lang='lat' dir='ltr'><strong>cujus-</strong></span> 
     </span>
    </p>
   </div>
   <div class='ocr_carea' id='block_1_40' title="bbox 1098 1215 1897 1259">
    <p class='ocr_par' dir='ltr' id='par_1_40' title="bbox 1105 1215 1897 1253">
     <span class='ocr_line' id='line_1_40' title="bbox 1105 1215 1897 1253; baseline -0.004 -9"><span class='ocrx_word' id='word_1_240' title='bbox 1105 1217 1208 1245; x_wconf 74' lang='grc' dir='ltr'>εἴσοδον</span> <span class='ocrx_word' id='word_1_241' title='bbox 1222 1217 1267 1244; x_wconf 80' lang='grc' dir='ltr'><strong>διὰ</strong></span> <span class='ocrx_word' id='word_1_242' title='bbox 1280 1217 1472 1253; x_wconf 78' lang='grc' dir='ltr'>νομισμάτων,</span> <span class='ocrx_word' id='word_1_243' title='bbox 1491 1215 1713 1251; x_wconf 75' lang='grc' dir='ltr'>εἰσοδιαζομένην</span> <span class='ocrx_word' id='word_1_244' title='bbox 1730 1216 1771 1247; x_wconf 82' lang='grc' dir='ltr'><strong>είς</strong></span> <span class='ocrx_word' id='word_1_245' title='bbox 1787 1215 1818 1241; x_wconf 79' lang='grc' dir='ltr'>τὸ</span> <span class='ocrx_word' id='word_1_246' title='bbox 1851 1223 1897 1250; x_wconf 87' lang='grc' dir='ltr'>μο-</span> 
     </span>
    </p>
   </div>
   <div class='ocr_carea' id='block_1_41' title="bbox 264 1260 1063 1299">
    <p class='ocr_par' dir='ltr' id='par_1_41' title="bbox 264 1269 1054 1297">
     <span class='ocr_line' id='line_1_41' title="bbox 264 1269 1054 1297; baseline 0.001 -1"><span class='ocrx_word' id='word_1_247' title='bbox 264 1269 340 1296; x_wconf 90' lang='lat' dir='ltr'><strong>modi</strong></span> <span class='ocrx_word' id='word_1_248' title='bbox 366 1269 546 1296; x_wconf 86' lang='lat' dir='ltr'><strong>etundenam</strong></span> <span class='ocrx_word' id='word_1_249' title='bbox 573 1269 628 1296; x_wconf 76' lang='lat' dir='ltr'><strong>illa:</strong></span> <span class='ocrx_word' id='word_1_250' title='bbox 648 1269 714 1296; x_wconf 88' lang='lat' dir='ltr'><strong>sint.</strong></span> <span class='ocrx_word' id='word_1_251' title='bbox 739 1269 872 1296; x_wconf 82' lang='lat' dir='ltr'><strong>Extrahet</strong></span> <span class='ocrx_word' id='word_1_252' title='bbox 899 1274 992 1297; x_wconf 86' lang='lat' dir='ltr'><strong>autem</strong></span> <span class='ocrx_word' id='word_1_253' title='bbox 1019 1277 1054 1297; x_wconf 79' lang='lat' dir='ltr'><strong>ex</strong></span> 
     </span>
    </p>
   </div>
   <div class='ocr_carea' id='block_1_42' title="bbox 1098 1260 1897 1299">
    <p class='ocr_par' dir='ltr' id='par_1_42' title="bbox 1104 1260 1897 1299">
     <span class='ocr_line' id='line_1_42' title="bbox 1104 1260 1897 1299; baseline -0.005 -9"><span class='ocrx_word' id='word_1_254' title='bbox 1104 1263 1262 1299; x_wconf 81' lang='grc' dir='ltr'>ναστήριον,</span> <span class='ocrx_word' id='word_1_255' title='bbox 1276 1263 1319 1289; x_wconf 82' lang='grc' dir='ltr'>οἶα</span> <span class='ocrx_word' id='word_1_256' title='bbox 1331 1263 1380 1289; x_wconf 85' lang='grc' dir='ltr'><strong>καί</strong></span> <span class='ocrx_word' id='word_1_257' title='bbox 1394 1262 1455 1289; x_wconf 83' lang='grc' dir='ltr'>ὅθεν</span> <span class='ocrx_word' id='word_1_258' title='bbox 1471 1262 1556 1289; x_wconf 74' lang='grc' dir='ltr'>ἐστίν.</span> <span class='ocrx_word' id='word_1_259' title='bbox 1589 1261 1775 1288; x_wconf 78' lang='grc' dir='ltr'>Ἐκῦάλλουσα</span> <span class='ocrx_word' id='word_1_260' title='bbox 1804 1261 1834 1287; x_wconf 80' lang='grc' dir='ltr'>δὲ</span> <span class='ocrx_word' id='word_1_261' title='bbox 1853 1260 1897 1287; x_wconf 71' lang='grc' dir='ltr'><strong>ἀπ’</strong></span> 
     </span>
    </p>
   </div>
   <div class='ocr_carea' id='block_1_43' title="bbox 266 1307 1065 1350">
    <p class='ocr_par' dir='ltr' id='par_1_43' title="bbox 266 1315 1052 1350">
     <span class='ocr_line' id='line_1_43' title="bbox 266 1315 1052 1350; baseline 0.001 -9"><span class='ocrx_word' id='word_1_262' title='bbox 266 1315 333 1349; x_wconf 84' lang='lat' dir='ltr'><strong>ipsis</strong></span> <span class='ocrx_word' id='word_1_263' title='bbox 342 1315 419 1349; x_wconf 87' lang='lat' dir='ltr'><strong>jussu</strong></span> <span class='ocrx_word' id='word_1_264' title='bbox 433 1315 569 1349; x_wconf 67' lang='lat' dir='ltr'><strong>praelecta:</strong></span> <span class='ocrx_word' id='word_1_265' title='bbox 580 1322 715 1342; x_wconf 79' lang='lat' dir='ltr'><strong>summam</strong></span> <span class='ocrx_word' id='word_1_266' title='bbox 728 1316 908 1350; x_wconf 81' lang='lat' dir='ltr'><strong>pecuniarum</strong></span> <span class='ocrx_word' id='word_1_267' title='bbox 922 1321 1052 1350; x_wconf 86' lang='lat' dir='ltr'><strong>quantam</strong></span> 
     </span>
    </p>
   </div>
   <div class='ocr_carea' id='block_1_44' title="bbox 1099 1307 1898 1350">
    <p class='ocr_par' dir='ltr' id='par_1_44' title="bbox 1107 1307 1898 1344">
     <span class='ocr_line' id='line_1_44' title="bbox 1107 1307 1898 1344; baseline -0.003 -9"><span class='ocrx_word' id='word_1_268' title='bbox 1107 1309 1197 1336; x_wconf 85' lang='grc' dir='ltr'>αὐτῶν</span> <span class='ocrx_word' id='word_1_269' title='bbox 1218 1309 1365 1344; x_wconf 82' lang='grc' dir='ltr'>πρόστάξει</span> <span class='ocrx_word' id='word_1_270' title='bbox 1388 1308 1438 1343; x_wconf 83' lang='grc' dir='ltr'><strong>τῆς</strong></span> <span class='ocrx_word' id='word_1_271' title='bbox 1462 1307 1672 1343; x_wconf 75' lang='grc' dir='ltr'>καθηγουμένης</span> <span class='ocrx_word' id='word_1_272' title='bbox 1692 1307 1832 1341; x_wconf 75' lang='grc' dir='ltr'>ποσότητα</span> <span class='ocrx_word' id='word_1_273' title='bbox 1859 1314 1898 1333; x_wconf 81' lang='grc' dir='ltr'>νο-</span> 
     </span>
    </p>
   </div>
   <div class='ocr_carea' id='block_1_45' title="bbox 268 1353 1067 1396">
    <p class='ocr_par' dir='ltr' id='par_1_45' title="bbox 268 1360 1054 1396">
     <span class='ocr_line' id='line_1_45' title="bbox 268 1360 1054 1396; baseline 0.001 -9"><span class='ocrx_word' id='word_1_274' title='bbox 268 1361 326 1396; x_wconf 87' lang='lat' dir='ltr'><strong>ipsa</strong></span> <span class='ocrx_word' id='word_1_275' title='bbox 343 1360 472 1395; x_wconf 71' lang='lat' dir='ltr'><strong>praelecta</strong></span> <span class='ocrx_word' id='word_1_276' title='bbox 495 1360 624 1393; x_wconf 79' lang='lat' dir='ltr'><strong>voluerit,</strong></span> <span class='ocrx_word' id='word_1_277' title='bbox 641 1364 668 1388; x_wconf 83' lang='lat' dir='ltr'><strong>et</strong></span> <span class='ocrx_word' id='word_1_278' title='bbox 685 1360 822 1388; x_wconf 81' lang='lat' dir='ltr'><strong>describet</strong></span> <span class='ocrx_word' id='word_1_279' title='bbox 837 1361 910 1388; x_wconf 80' lang='lat' dir='ltr'><strong>illam</strong></span> <span class='ocrx_word' id='word_1_280' title='bbox 927 1361 954 1388; x_wconf 90' lang='lat' dir='ltr'><strong>in</strong></span> <span class='ocrx_word' id='word_1_281' title='bbox 969 1369 1054 1396; x_wconf 88' lang='lat' dir='ltr'><strong>parva</strong></span> 
     </span>
    </p>
   </div>
   <div class='ocr_carea' id='block_1_46' title="bbox 1099 1353 1898 1396">
    <p class='ocr_par' dir='ltr' id='par_1_46' title="bbox 1107 1353 1898 1391">
     <span class='ocr_line' id='line_1_46' title="bbox 1107 1353 1898 1391; baseline -0.004 -9"><span class='ocrx_word' id='word_1_282' title='bbox 1107 1355 1265 1391; x_wconf 82' lang='grc' dir='ltr'>μισμάτων,</span> <span class='ocrx_word' id='word_1_283' title='bbox 1286 1356 1353 1390; x_wconf 80' lang='grc' dir='ltr'>ὅσην</span> <span class='ocrx_word' id='word_1_284' title='bbox 1369 1354 1402 1382; x_wconf 78' lang='grc' dir='ltr'>ἂν</span> <span class='ocrx_word' id='word_1_285' title='bbox 1424 1354 1494 1390; x_wconf 84' lang='grc' dir='ltr'>αὐτὴ</span> <span class='ocrx_word' id='word_1_286' title='bbox 1520 1355 1537 1389; x_wconf 83' lang='grc' dir='ltr'>ἡ</span> <span class='ocrx_word' id='word_1_287' title='bbox 1558 1354 1753 1390; x_wconf 80' lang='grc' dir='ltr'>καθηγουμένη</span> <span class='ocrx_word' id='word_1_288' title='bbox 1784 1353 1898 1388; x_wconf 76' lang='grc' dir='ltr'>θελήσῃ,</span> 
     </span>
    </p>
   </div>
   <div class='ocr_carea' id='block_1_47' title="bbox 266 1399 1065 1441">
    <p class='ocr_par' dir='ltr' id='par_1_47' title="bbox 266 1405 1054 1441">
     <span class='ocr_line' id='line_1_47' title="bbox 266 1405 1054 1441; baseline 0 -7"><span class='ocrx_word' id='word_1_289' title='bbox 266 1406 409 1437; x_wconf 81' lang='lat' dir='ltr'><strong>schedula,</strong></span> <span class='ocrx_word' id='word_1_290' title='bbox 422 1413 484 1433; x_wconf 92' lang='lat' dir='ltr'><strong>cum</strong></span> <span class='ocrx_word' id='word_1_291' title='bbox 507 1406 560 1433; x_wconf 85' lang='lat' dir='ltr'><strong>alia</strong></span> <span class='ocrx_word' id='word_1_292' title='bbox 577 1405 744 1441; x_wconf 87' lang='lat' dir='ltr'><strong>depositaria</strong></span> <span class='ocrx_word' id='word_1_293' title='bbox 760 1414 768 1440; x_wconf 89' lang='lat'><strong>;</strong></span> <span class='ocrx_word' id='word_1_294' title='bbox 783 1413 864 1440; x_wconf 87' lang='lat' dir='ltr'><strong>quam</strong></span> <span class='ocrx_word' id='word_1_295' title='bbox 888 1406 945 1441; x_wconf 90' lang='lat' dir='ltr'><strong>ipsa</strong></span> <span class='ocrx_word' id='word_1_296' title='bbox 964 1407 1054 1434; x_wconf 81' lang='lat' dir='ltr'><strong>susci-</strong></span> 
     </span>
    </p>
   </div>
   <div class='ocr_carea' id='block_1_48' title="bbox 1101 1399 1900 1441">
    <p class='ocr_par' dir='ltr' id='par_1_48' title="bbox 1106 1399 1900 1437">
     <span class='ocr_line' id='line_1_48' title="bbox 1106 1399 1900 1437; baseline -0.003 -9"><span class='ocrx_word' id='word_1_297' title='bbox 1106 1402 1154 1428; x_wconf 77' lang='grc' dir='ltr'><strong>καί</strong></span> <span class='ocrx_word' id='word_1_298' title='bbox 1170 1401 1405 1437; x_wconf 76' lang='grc' dir='ltr'>προσγραφομένη</span> <span class='ocrx_word' id='word_1_299' title='bbox 1420 1400 1523 1435; x_wconf 87' lang='grc' dir='ltr'>ταύτην</span> <span class='ocrx_word' id='word_1_300' title='bbox 1538 1400 1568 1427; x_wconf 70' lang='grc' dir='ltr'>ιν</span> <span class='ocrx_word' id='word_1_301' title='bbox 1584 1400 1624 1435; x_wconf 84' lang='grc' dir='ltr'>τῷ</span> <span class='ocrx_word' id='word_1_302' title='bbox 1639 1399 1731 1436; x_wconf 82' lang='grc' dir='ltr'>μικρῷ</span> <span class='ocrx_word' id='word_1_303' title='bbox 1759 1399 1900 1435; x_wconf 74' lang='grc' dir='ltr'>προσγρά-</span> 
     </span>
    </p>
   </div>
   <div class='ocr_carea' id='block_1_49' title="bbox 266 1447 1065 1487">
    <p class='ocr_par' dir='ltr' id='par_1_49' title="bbox 266 1451 1053 1487">
     <span class='ocr_line' id='line_1_49' title="bbox 266 1451 1053 1487; baseline 0.001 -8"><span class='ocrx_word' id='word_1_304' title='bbox 266 1452 325 1487; x_wconf 85' lang='lat' dir='ltr'><strong>piet</strong></span> <span class='ocrx_word' id='word_1_305' title='bbox 345 1456 373 1479; x_wconf 89' lang='lat' dir='ltr'><strong>et</strong></span> <span class='ocrx_word' id='word_1_306' title='bbox 386 1452 522 1487; x_wconf 78' lang='lat' dir='ltr'><strong>expendet</strong></span> <span class='ocrx_word' id='word_1_307' title='bbox 537 1452 585 1479; x_wconf 90' lang='lat' dir='ltr'><strong>ubi</strong></span> <span class='ocrx_word' id='word_1_308' title='bbox 610 1451 738 1487; x_wconf 65' lang='lat' dir='ltr'><strong>praelecta</strong></span> <span class='ocrx_word' id='word_1_309' title='bbox 757 1451 880 1487; x_wconf 90' lang='lat' dir='ltr'><strong>jusserit,</strong></span> <span class='ocrx_word' id='word_1_310' title='bbox 901 1452 1053 1487; x_wconf 79' lang='lat' dir='ltr'><strong>taliumque</strong></span> 
     </span>
    </p>
   </div>
   <div class='ocr_carea' id='block_1_50' title="bbox 1101 1447 1900 1487">
    <p class='ocr_par' dir='ltr' id='par_1_50' title="bbox 1106 1447 1900 1485">
     <span class='ocr_line' id='line_1_50' title="bbox 1106 1447 1900 1485; baseline -0.004 -10"><span class='ocrx_word' id='word_1_311' title='bbox 1106 1457 1160 1485; x_wconf 82' lang='grc' dir='ltr'><strong>φῳ,</strong></span> <span class='ocrx_word' id='word_1_312' title='bbox 1179 1449 1250 1484; x_wconf 77' lang='grc' dir='ltr'>μετὰ</span> <span class='ocrx_word' id='word_1_313' title='bbox 1264 1449 1314 1481; x_wconf 83' lang='grc' dir='ltr'><strong>τῆς</strong></span> <span class='ocrx_word' id='word_1_314' title='bbox 1326 1449 1423 1483; x_wconf 79' lang='grc' dir='ltr'>ἐτέρας</span> <span class='ocrx_word' id='word_1_315' title='bbox 1439 1447 1606 1484; x_wconf 78' lang='grc' dir='ltr'>δοχειαρίας,</span> <span class='ocrx_word' id='word_1_316' title='bbox 1622 1448 1691 1483; x_wconf 79' lang='grc' dir='ltr'>αὑτὴ</span> <span class='ocrx_word' id='word_1_317' title='bbox 1707 1447 1900 1482; x_wconf 76' lang='grc' dir='ltr'><strong>παραλήψεται</strong></span> 
     </span>
    </p>
   </div>
   <div class='ocr_carea' id='block_1_51' title="bbox 267 1492 1066 1534">
    <p class='ocr_par' dir='ltr' id='par_1_51' title="bbox 267 1497 1055 1534">
     <span class='ocr_line' id='line_1_51' title="bbox 267 1497 1055 1534; baseline 0 -9"><span class='ocrx_word' id='word_1_318' title='bbox 267 1498 446 1534; x_wconf 84' lang='lat' dir='ltr'><strong>pecuniarum</strong></span> <span class='ocrx_word' id='word_1_319' title='bbox 461 1505 609 1533; x_wconf 74' lang='lat' dir='ltr'><strong>expensam</strong></span> <span class='ocrx_word' id='word_1_320' title='bbox 623 1497 780 1525; x_wconf 88' lang='lat' dir='ltr'><strong>minutatim</strong></span> <span class='ocrx_word' id='word_1_321' title='bbox 795 1498 823 1524; x_wconf 94' lang='lat' dir='ltr'><strong>in</strong></span> <span class='ocrx_word' id='word_1_322' title='bbox 840 1498 935 1525; x_wconf 87' lang='lat' dir='ltr'><strong>codice</strong></span> <span class='ocrx_word' id='word_1_323' title='bbox 950 1498 1055 1525; x_wconf 85' lang='lat' dir='ltr'><strong>descri-</strong></span> 
     </span>
    </p>
   </div>
   <div class='ocr_carea' id='block_1_52' title="bbox 1101 1492 1900 1534">
    <p class='ocr_par' dir='ltr' id='par_1_52' title="bbox 1106 1492 1900 1531">
     <span class='ocr_line' id='line_1_52' title="bbox 1106 1492 1900 1531; baseline -0.005 -9"><span class='ocrx_word' id='word_1_324' title='bbox 1106 1497 1220 1531; x_wconf 86' lang='grc' dir='ltr'>ταύτην,</span> <span class='ocrx_word' id='word_1_325' title='bbox 1237 1496 1285 1521; x_wconf 74' lang='grc' dir='ltr'>καὶ</span> <span class='ocrx_word' id='word_1_326' title='bbox 1302 1494 1435 1527; x_wconf 78' lang='grc' dir='ltr'>ὲξοδιάσει</span> <span class='ocrx_word' id='word_1_327' title='bbox 1449 1494 1513 1521; x_wconf 73' lang='grc' dir='ltr'>ἔνθα</span> <span class='ocrx_word' id='word_1_328' title='bbox 1527 1495 1544 1530; x_wconf 74' lang='grc' dir='ltr'>ἡ</span> <span class='ocrx_word' id='word_1_329' title='bbox 1559 1493 1754 1528; x_wconf 81' lang='grc' dir='ltr'>καθηγουμένη</span> <span class='ocrx_word' id='word_1_330' title='bbox 1781 1492 1900 1528; x_wconf 82' lang='grc' dir='ltr'>προστά-</span> 
     </span>
    </p>
   </div>
   <div class='ocr_carea' id='block_1_53' title="bbox 267 1535 1066 1577">
    <p class='ocr_par' dir='ltr' id='par_1_53' title="bbox 267 1535 1054 1577">
     <span class='ocr_line' id='line_1_53' title="bbox 267 1535 1054 1577; baseline -0.003 -7"><span class='ocrx_word' id='word_1_331' title='bbox 267 1543 324 1570; x_wconf 86' lang='lat' dir='ltr'><strong>bet.</strong></span> <span class='ocrx_word' id='word_1_332' title='bbox 340 1543 374 1570; x_wconf 86' lang='lat' dir='ltr'><strong>Et</strong></span> <span class='ocrx_word' id='word_1_333' title='bbox 389 1548 533 1577; x_wconf 80' lang='lat' dir='ltr'><strong>postquam</strong></span> <span class='ocrx_word' id='word_1_334' title='bbox 553 1535 676 1576; x_wconf 63' lang='lat' dir='ltr'><strong>pecuniae</strong></span> <span class='ocrx_word' id='word_1_335' title='bbox 689 1543 841 1577; x_wconf 71' lang='lat' dir='ltr'><strong>absumpta:</strong></span> <span class='ocrx_word' id='word_1_336' title='bbox 856 1542 969 1574; x_wconf 83' lang='lat' dir='ltr'><strong>fuerint,</strong></span> <span class='ocrx_word' id='word_1_337' title='bbox 982 1542 1054 1569; x_wconf 91' lang='lat' dir='ltr'><strong>codi-</strong></span> 
     </span>
    </p>
   </div>
   <div class='ocr_carea' id='block_1_54' title="bbox 1102 1535 1901 1577">
    <p class='ocr_par' dir='ltr' id='par_1_54' title="bbox 1109 1539 1901 1577">
     <span class='ocr_line' id='line_1_54' title="bbox 1109 1539 1901 1577; baseline -0.004 -9"><span class='ocrx_word' id='word_1_338' title='bbox 1109 1541 1160 1574; x_wconf 82' lang='grc' dir='ltr'>ξει,</span> <span class='ocrx_word' id='word_1_339' title='bbox 1176 1540 1356 1577; x_wconf 62' lang='grc' dir='ltr'>προσγράφοι)</span> <span class='ocrx_word' id='word_1_340' title='bbox 1372 1540 1559 1577; x_wconf 80' lang='grc' dir='ltr'><strong>λεπτομεροῦς</strong></span> <span class='ocrx_word' id='word_1_341' title='bbox 1571 1541 1620 1575; x_wconf 84' lang='grc' dir='ltr'><strong>τῆς</strong></span> <span class='ocrx_word' id='word_1_342' title='bbox 1635 1540 1727 1573; x_wconf 74' lang='grc' dir='ltr'>ἐξόδου</span> <span class='ocrx_word' id='word_1_343' title='bbox 1743 1539 1797 1566; x_wconf 87' lang='grc' dir='ltr'>τῶν</span> <span class='ocrx_word' id='word_1_344' title='bbox 1811 1539 1901 1565; x_wconf 84' lang='grc' dir='ltr'>τοιού-</span> 
     </span>
    </p>
   </div>
   <div class='ocr_carea' id='block_1_55' title="bbox 268 1585 1067 1622">
    <p class='ocr_par' dir='ltr' id='par_1_55' title="bbox 268 1587 1056 1622">
     <span class='ocr_line' id='line_1_55' title="bbox 268 1587 1056 1622; baseline -0.001 -7"><span class='ocrx_word' id='word_1_345' title='bbox 268 1595 328 1616; x_wconf 86' lang='lat' dir='ltr'><strong>cem</strong></span> <span class='ocrx_word' id='word_1_346' title='bbox 341 1588 457 1618; x_wconf 82' lang='lat' dir='ltr'><strong>deferet,</strong></span> <span class='ocrx_word' id='word_1_347' title='bbox 474 1588 663 1622; x_wconf 88' lang='lat' dir='ltr'><strong>rationemque</strong></span> <span class='ocrx_word' id='word_1_348' title='bbox 678 1587 814 1622; x_wconf 68' lang='lat' dir='ltr'><strong>prmi‘ectae</strong></span> <span class='ocrx_word' id='word_1_349' title='bbox 832 1587 929 1614; x_wconf 85' lang='lat' dir='ltr'><strong>reddet</strong></span> <span class='ocrx_word' id='word_1_350' title='bbox 946 1588 974 1615; x_wconf 90' lang='lat' dir='ltr'><strong>in</strong></span> <span class='ocrx_word' id='word_1_351' title='bbox 990 1595 1056 1615; x_wconf 92' lang='lat' dir='ltr'><strong>con-</strong></span> 
     </span>
    </p>
   </div>
   <div class='ocr_carea' id='block_1_56' title="bbox 1102 1585 1901 1622">
    <p class='ocr_par' dir='ltr' id='par_1_56' title="bbox 1108 1585 1901 1622">
     <span class='ocr_line' id='line_1_56' title="bbox 1108 1585 1901 1622; baseline -0.005 -8"><span class='ocrx_word' id='word_1_352' title='bbox 1108 1596 1162 1614; x_wconf 85' lang='grc' dir='ltr'><strong>των</strong></span> <span class='ocrx_word' id='word_1_353' title='bbox 1174 1587 1351 1622; x_wconf 74' lang='grc' dir='ltr'>νομισμάτων</span> <span class='ocrx_word' id='word_1_354' title='bbox 1365 1587 1511 1622; x_wconf 81' lang='grc' dir='ltr'>γινομένου</span> <span class='ocrx_word' id='word_1_355' title='bbox 1529 1586 1595 1621; x_wconf 84' lang='grc' dir='ltr'>παρ’</span> <span class='ocrx_word' id='word_1_356' title='bbox 1615 1586 1713 1619; x_wconf 77' lang='grc' dir='ltr'>αὐτῆς.</span> <span class='ocrx_word' id='word_1_357' title='bbox 1733 1585 1814 1616; x_wconf 78' lang='grc' dir='ltr'>Ἦτις</span> <span class='ocrx_word' id='word_1_358' title='bbox 1832 1585 1901 1618; x_wconf 82' lang='grc' dir='ltr'>μετὰ</span> 
     </span>
    </p>
   </div>
   <div class='ocr_carea' id='block_1_57' title="bbox 270 1622 1069 1668">
    <p class='ocr_par' dir='ltr' id='par_1_57' title="bbox 270 1632 1058 1668">
     <span class='ocr_line' id='line_1_57' title="bbox 270 1632 1058 1668; baseline -0.001 -8"><span class='ocrx_word' id='word_1_359' title='bbox 270 1637 369 1668; x_wconf 84' lang='lat' dir='ltr'><strong>spectu</strong></span> <span class='ocrx_word' id='word_1_360' title='bbox 386 1632 498 1660; x_wconf 90' lang='lat' dir='ltr'><strong>alterius</strong></span> <span class='ocrx_word' id='word_1_361' title='bbox 513 1632 696 1666; x_wconf 71' lang='lat' dir='ltr'><strong>depositarize.</strong></span> <span class='ocrx_word' id='word_1_362' title='bbox 710 1632 855 1666; x_wconf 81' lang='lat' dir='ltr'><strong>Rescripta</strong></span> <span class='ocrx_word' id='word_1_363' title='bbox 868 1637 960 1659; x_wconf 88' lang='lat' dir='ltr'><strong>autem</strong></span> <span class='ocrx_word' id='word_1_364' title='bbox 974 1640 1058 1667; x_wconf 88' lang='lat' dir='ltr'><strong>pecu-</strong></span> 
     </span>
    </p>
   </div>
   <div class='ocr_carea' id='block_1_58' title="bbox 1103 1622 1902 1668">
    <p class='ocr_par' dir='ltr' id='par_1_58' title="bbox 1109 1631 1902 1668">
     <span class='ocr_line' id='line_1_58' title="bbox 1109 1631 1902 1668; baseline -0.005 -8"><span class='ocrx_word' id='word_1_365' title='bbox 1109 1633 1139 1660; x_wconf 80' lang='grc' dir='ltr'><strong>τὺ</strong></span> <span class='ocrx_word' id='word_1_366' title='bbox 1156 1632 1300 1668; x_wconf 84' lang='grc' dir='ltr'>πληρῶσαι</span> <span class='ocrx_word' id='word_1_367' title='bbox 1315 1633 1349 1660; x_wconf 78' lang='grc' dir='ltr'><strong>τὰ</strong></span> <span class='ocrx_word' id='word_1_368' title='bbox 1377 1633 1532 1667; x_wconf 79' lang='grc' dir='ltr'>νομίσματα</span> <span class='ocrx_word' id='word_1_369' title='bbox 1548 1634 1714 1667; x_wconf 76' lang='grc' dir='ltr'>ἀποκομίσει</span> <span class='ocrx_word' id='word_1_370' title='bbox 1740 1631 1786 1657; x_wconf 72' lang='grc' dir='ltr'>τὲν</span> <span class='ocrx_word' id='word_1_371' title='bbox 1816 1631 1902 1666; x_wconf 77' lang='grc' dir='ltr'>πρόσ-</span> 
     </span>
    </p>
   </div>
   <div class='ocr_carea' id='block_1_59' title="bbox 267 1675 1066 1714">
    <p class='ocr_par' dir='ltr' id='par_1_59' title="bbox 267 1677 1055 1712">
     <span class='ocr_line' id='line_1_59' title="bbox 267 1677 1055 1712; baseline 0.001 -7"><span class='ocrx_word' id='word_1_372' title='bbox 267 1679 376 1706; x_wconf 89' lang='lat' dir='ltr'><strong>niarum</strong></span> <span class='ocrx_word' id='word_1_373' title='bbox 393 1677 433 1704; x_wconf 89' lang='lat' dir='ltr'><strong>sic</strong></span> <span class='ocrx_word' id='word_1_374' title='bbox 457 1685 650 1712; x_wconf 83' lang='lat' dir='ltr'><strong>expensarum,</strong></span> <span class='ocrx_word' id='word_1_375' title='bbox 665 1678 777 1712; x_wconf 91' lang='lat' dir='ltr'><strong>proprio</strong></span> <span class='ocrx_word' id='word_1_376' title='bbox 802 1678 928 1705; x_wconf 90' lang='lat' dir='ltr'><strong>contacio</strong></span> <span class='ocrx_word' id='word_1_377' title='bbox 953 1678 1055 1706; x_wconf 80' lang='lat' dir='ltr'><strong>inserta</strong></span> 
     </span>
    </p>
   </div>
   <div class='ocr_carea' id='block_1_60' title="bbox 1104 1675 1903 1714">
    <p class='ocr_par' dir='ltr' id='par_1_60' title="bbox 1109 1675 1903 1714">
     <span class='ocr_line' id='line_1_60' title="bbox 1109 1675 1903 1714; baseline -0.005 -8"><span class='ocrx_word' id='word_1_378' title='bbox 1109 1687 1228 1714; x_wconf 79' lang='grc' dir='ltr'>γραφον,</span> <span class='ocrx_word' id='word_1_379' title='bbox 1245 1679 1292 1706; x_wconf 79' lang='grc' dir='ltr'><strong>καί</strong></span> <span class='ocrx_word' id='word_1_380' title='bbox 1307 1678 1556 1714; x_wconf 76' lang='grc' dir='ltr'>λογαριασθήσεται</span> <span class='ocrx_word' id='word_1_381' title='bbox 1579 1677 1656 1713; x_wconf 81' lang='grc' dir='ltr'>παρὰ</span> <span class='ocrx_word' id='word_1_382' title='bbox 1682 1677 1731 1712; x_wconf 77' lang='grc' dir='ltr'><strong>τῆς</strong></span> <span class='ocrx_word' id='word_1_383' title='bbox 1763 1675 1903 1712; x_wconf 78' lang='grc' dir='ltr'>καθηγου-</span> 
     </span>
    </p>
   </div>
   <div class='ocr_carea' id='block_1_61' title="bbox 269 1722 1068 1761">
    <p class='ocr_par' dir='ltr' id='par_1_61' title="bbox 269 1723 1053 1758">
     <span class='ocr_line' id='line_1_61' title="bbox 269 1723 1053 1758; baseline -0.001 -7"><span class='ocrx_word' id='word_1_384' title='bbox 269 1724 299 1751; x_wconf 89' lang='lat' dir='ltr'><strong>in</strong></span> <span class='ocrx_word' id='word_1_385' title='bbox 327 1724 502 1758; x_wconf 84' lang='lat' dir='ltr'><strong>receptaculo</strong></span> <span class='ocrx_word' id='word_1_386' title='bbox 516 1724 607 1758; x_wconf 84' lang='lat' dir='ltr'><strong>jacere</strong></span> <span class='ocrx_word' id='word_1_387' title='bbox 633 1723 745 1750; x_wconf 88' lang='lat' dir='ltr'><strong>debent.</strong></span> <span class='ocrx_word' id='word_1_388' title='bbox 758 1723 863 1750; x_wconf 87' lang='lat' dir='ltr'><strong>Dehinc</strong></span> <span class='ocrx_word' id='word_1_389' title='bbox 886 1723 1053 1758; x_wconf 78' lang='lat' dir='ltr'><strong>depositaria</strong></span> 
     </span>
    </p>
   </div>
   <div class='ocr_carea' id='block_1_62' title="bbox 1103 1722 1902 1761">
    <p class='ocr_par' dir='ltr' id='par_1_62' title="bbox 1111 1722 1902 1761">
     <span class='ocr_line' id='line_1_62' title="bbox 1111 1722 1902 1761; baseline -0.005 -8"><span class='ocrx_word' id='word_1_390' title='bbox 1111 1726 1206 1761; x_wconf 86' lang='grc' dir='ltr'>μένης,</span> <span class='ocrx_word' id='word_1_391' title='bbox 1236 1726 1352 1753; x_wconf 74' lang='grc' dir='ltr'>ἐνώπιον</span> <span class='ocrx_word' id='word_1_392' title='bbox 1383 1726 1431 1752; x_wconf 76' lang='grc' dir='ltr'>καὶ</span> <span class='ocrx_word' id='word_1_393' title='bbox 1456 1725 1507 1760; x_wconf 82' lang='grc' dir='ltr'><strong>τῆς</strong></span> <span class='ocrx_word' id='word_1_394' title='bbox 1539 1725 1636 1759; x_wconf 79' lang='grc' dir='ltr'>ἑτέρας</span> <span class='ocrx_word' id='word_1_395' title='bbox 1662 1722 1830 1759; x_wconf 81' lang='grc' dir='ltr'>δοχειαρίας.</span> <span class='ocrx_word' id='word_1_396' title='bbox 1848 1722 1902 1749; x_wconf 71' lang='grc' dir='ltr'><strong>Καὶ</strong></span> 
     </span>
    </p>
   </div>
   <div class='ocr_carea' id='block_1_63' title="bbox 268 1768 1067 1807">
    <p class='ocr_par' dir='ltr' id='par_1_63' title="bbox 268 1768 1055 1804">
     <span class='ocr_line' id='line_1_63' title="bbox 268 1768 1055 1804; baseline -0.001 -7"><span class='ocrx_word' id='word_1_397' title='bbox 268 1769 365 1798; x_wconf 83' lang='lat' dir='ltr'><strong>eodem</strong></span> <span class='ocrx_word' id='word_1_398' title='bbox 387 1768 467 1796; x_wconf 90' lang='lat' dir='ltr'><strong>modo</strong></span> <span class='ocrx_word' id='word_1_399' title='bbox 485 1768 553 1796; x_wconf 85' lang='lat' dir='ltr'><strong>alias</strong></span> <span class='ocrx_word' id='word_1_400' title='bbox 573 1769 703 1804; x_wconf 87' lang='lat' dir='ltr'><strong>pecunias</strong></span> <span class='ocrx_word' id='word_1_401' title='bbox 722 1769 800 1804; x_wconf 88' lang='lat' dir='ltr'><strong>jussu</strong></span> <span class='ocrx_word' id='word_1_402' title='bbox 820 1768 955 1804; x_wconf 67' lang='lat' dir='ltr'><strong>prazfeeta:</strong></span> <span class='ocrx_word' id='word_1_403' title='bbox 978 1777 1055 1796; x_wconf 86' lang='lat' dir='ltr'><strong>resu-</strong></span> 
     </span>
    </p>
   </div>
   <div class='ocr_carea' id='block_1_64' title="bbox 1103 1768 1902 1807">
    <p class='ocr_par' dir='ltr' id='par_1_64' title="bbox 1109 1769 1902 1807">
     <span class='ocr_line' id='line_1_64' title="bbox 1109 1769 1902 1807; baseline -0.005 -9"><span class='ocrx_word' id='word_1_404' title='bbox 1109 1772 1270 1807; x_wconf 75' lang='grc' dir='ltr'>ἀπογραφαὶ</span> <span class='ocrx_word' id='word_1_405' title='bbox 1285 1772 1339 1799; x_wconf 87' lang='grc' dir='ltr'><strong>τῶν</strong></span> <span class='ocrx_word' id='word_1_406' title='bbox 1359 1771 1575 1807; x_wconf 82' lang='grc' dir='ltr'>τοιουτοτρόπως</span> <span class='ocrx_word' id='word_1_407' title='bbox 1593 1769 1806 1804; x_wconf 71' lang='grc' dir='ltr'>ὲξοδιαζομένων</span> <span class='ocrx_word' id='word_1_408' title='bbox 1823 1776 1902 1803; x_wconf 88' lang='grc' dir='ltr'>νομι-</span> 
     </span>
    </p>
   </div>
   <div class='ocr_carea' id='block_1_65' title="bbox 270 1813 1069 1852">
    <p class='ocr_par' dir='ltr' id='par_1_65' title="bbox 270 1814 1054 1849">
     <span class='ocr_line' id='line_1_65' title="bbox 270 1814 1054 1849; baseline 0 -7"><span class='ocrx_word' id='word_1_409' title='bbox 270 1819 336 1842; x_wconf 87' lang='lat' dir='ltr'><strong>met.</strong></span> <span class='ocrx_word' id='word_1_410' title='bbox 361 1815 395 1842; x_wconf 86' lang='lat' dir='ltr'><strong>Et</strong></span> <span class='ocrx_word' id='word_1_411' title='bbox 419 1814 459 1842; x_wconf 85' lang='lat' dir='ltr'><strong>sic</strong></span> <span class='ocrx_word' id='word_1_412' title='bbox 486 1815 533 1841; x_wconf 85' lang='lat' dir='ltr'><strong>ﬂet</strong></span> <span class='ocrx_word' id='word_1_413' title='bbox 569 1814 596 1841; x_wconf 92' lang='lat' dir='ltr'><strong>in</strong></span> <span class='ocrx_word' id='word_1_414' title='bbox 624 1819 798 1849; x_wconf 90' lang='lat' dir='ltr'><strong>perpetuum.</strong></span> <span class='ocrx_word' id='word_1_415' title='bbox 824 1814 951 1842; x_wconf 88' lang='lat' dir='ltr'><strong>Arculam</strong></span> <span class='ocrx_word' id='word_1_416' title='bbox 989 1822 1054 1842; x_wconf 91' lang='lat' dir='ltr'><strong>vero</strong></span> 
     </span>
    </p>
   </div>
   <div class='ocr_carea' id='block_1_66' title="bbox 1102 1813 1901 1852">
    <p class='ocr_par' dir='ltr' id='par_1_66' title="bbox 1111 1813 1901 1852">
     <span class='ocr_line' id='line_1_66' title="bbox 1111 1813 1901 1852; baseline -0.005 -9"><span class='ocrx_word' id='word_1_417' title='bbox 1111 1818 1277 1852; x_wconf 83' lang='grc' dir='ltr'>σμάτων,ὲν</span> <span class='ocrx_word' id='word_1_418' title='bbox 1292 1818 1420 1850; x_wconf 74' lang='grc' dir='ltr'>ἰδιάζοντι</span> <span class='ocrx_word' id='word_1_419' title='bbox 1444 1817 1580 1852; x_wconf 81' lang='grc' dir='ltr'>κοντακίῳ</span> <span class='ocrx_word' id='word_1_420' title='bbox 1609 1816 1666 1852; x_wconf 87' lang='grc'><strong>(17)</strong></span> <span class='ocrx_word' id='word_1_421' title='bbox 1690 1813 1901 1849; x_wconf 79' lang='grc' dir='ltr'>καταστρωννῦ-</span> 
     </span>
    </p>
   </div>
   <div class='ocr_carea' id='block_1_67' title="bbox 269 1859 1068 1898">
    <p class='ocr_par' dir='ltr' id='par_1_67' title="bbox 269 1860 1055 1897">
     <span class='ocr_line' id='line_1_67' title="bbox 269 1860 1055 1897; baseline 0 -9"><span class='ocrx_word' id='word_1_422' title='bbox 269 1860 428 1897; x_wconf 73' lang='lat' dir='ltr'><strong>huiusmodi</strong></span> <span class='ocrx_word' id='word_1_423' title='bbox 451 1860 629 1895; x_wconf 85' lang='lat' dir='ltr'><strong>pecuniarum</strong></span> <span class='ocrx_word' id='word_1_424' title='bbox 655 1865 850 1895; x_wconf 86' lang='lat' dir='ltr'><strong>perceptarum</strong></span> <span class='ocrx_word' id='word_1_425' title='bbox 865 1865 894 1888; x_wconf 86' lang='lat' dir='ltr'><strong>et</strong></span> <span class='ocrx_word' id='word_1_426' title='bbox 912 1860 1055 1888; x_wconf 86' lang='lat' dir='ltr'><strong>insumen-</strong></span> 
     </span>
    </p>
   </div>
   <div class='ocr_carea' id='block_1_68' title="bbox 1104 1859 1903 1898">
    <p class='ocr_par' dir='ltr' id='par_1_68' title="bbox 1112 1859 1903 1898">
     <span class='ocr_line' id='line_1_68' title="bbox 1112 1859 1903 1898; baseline -0.006 -8"><span class='ocrx_word' id='word_1_427' title='bbox 1112 1871 1201 1898; x_wconf 82' lang='grc' dir='ltr'>μεναι,</span> <span class='ocrx_word' id='word_1_428' title='bbox 1217 1864 1256 1894; x_wconf 84' lang='grc' dir='ltr'>εἰς</span> <span class='ocrx_word' id='word_1_429' title='bbox 1274 1863 1304 1890; x_wconf 80' lang='grc' dir='ltr'>τὸ</span> <span class='ocrx_word' id='word_1_430' title='bbox 1321 1863 1423 1898; x_wconf 84' lang='grc' dir='ltr'>δοχείον</span> <span class='ocrx_word' id='word_1_431' title='bbox 1435 1863 1544 1890; x_wconf 77' lang='grc' dir='ltr'>κεῖσθαι</span> <span class='ocrx_word' id='word_1_432' title='bbox 1561 1863 1728 1897; x_wconf 77' lang='grc' dir='ltr'>ὀφείλουσιν.</span> <span class='ocrx_word' id='word_1_433' title='bbox 1741 1859 1799 1888; x_wconf 78' lang='grc' dir='ltr'><strong>Εἴθ’</strong></span> <span class='ocrx_word' id='word_1_434' title='bbox 1816 1859 1903 1891; x_wconf 74' lang='grc' dir='ltr'>οὕτως</span> 
     </span>
    </p>
   </div>
   <div class='ocr_carea' id='block_1_69' title="bbox 268 1905 1067 1944">
    <p class='ocr_par' dir='ltr' id='par_1_69' title="bbox 268 1905 1057 1942">
     <span class='ocr_line' id='line_1_69' title="bbox 268 1905 1057 1942; baseline -0.001 -8"><span class='ocrx_word' id='word_1_435' title='bbox 268 1907 377 1939; x_wconf 69' lang='lat' dir='ltr'><strong>clarum,</strong></span> <span class='ocrx_word' id='word_1_436' title='bbox 395 1906 540 1942; x_wconf 72' lang='lat' dir='ltr'><strong>sigillatum</strong></span> <span class='ocrx_word' id='word_1_437' title='bbox 555 1910 665 1941; x_wconf 82' lang='lat' dir='ltr'><strong>oportet</strong></span> <span class='ocrx_word' id='word_1_438' title='bbox 681 1913 696 1934; x_wconf 89' lang='lat' dir='ltr'><strong>a</strong></span> <span class='ocrx_word' id='word_1_439' title='bbox 711 1906 819 1934; x_wconf 88' lang='lat' dir='ltr'><strong>duabus</strong></span> <span class='ocrx_word' id='word_1_440' title='bbox 832 1905 1017 1941; x_wconf 85' lang='lat' dir='ltr'><strong>depositariis,</strong></span> <span class='ocrx_word' id='word_1_441' title='bbox 1027 1910 1057 1934; x_wconf 88' lang='lat' dir='ltr'><strong>et</strong></span> 
     </span>
    </p>
   </div>
   <div class='ocr_carea' id='block_1_70' title="bbox 1103 1905 1902 1944">
    <p class='ocr_par' dir='ltr' id='par_1_70' title="bbox 1110 1905 1902 1944">
     <span class='ocr_line' id='line_1_70' title="bbox 1110 1905 1902 1944; baseline -0.006 -8"><span class='ocrx_word' id='word_1_442' title='bbox 1110 1909 1276 1944; x_wconf 74' lang='grc' dir='ltr'>ἀναλήψεται</span> <span class='ocrx_word' id='word_1_443' title='bbox 1310 1909 1391 1936; x_wconf 78' lang='grc' dir='ltr'>πάλιν</span> <span class='ocrx_word' id='word_1_444' title='bbox 1420 1908 1502 1944; x_wconf 75' lang='grc' dir='ltr'>ἕτερα</span> <span class='ocrx_word' id='word_1_445' title='bbox 1532 1908 1690 1944; x_wconf 82' lang='grc' dir='ltr'>νομίσματα</span> <span class='ocrx_word' id='word_1_446' title='bbox 1713 1908 1731 1939; x_wconf 84' lang='grc' dir='ltr'>ἠ</span> <span class='ocrx_word' id='word_1_447' title='bbox 1761 1905 1902 1942; x_wconf 84' lang='grc' dir='ltr'>δοχειαρία</span> 
     </span>
    </p>
   </div>
   <div class='ocr_carea' id='block_1_71' title="bbox 269 1953 1902 1991">
    <p class='ocr_par' dir='ltr' id='par_1_71' title="bbox 269 1953 1902 1991">
     <span class='ocr_line' id='line_1_71' title="bbox 269 1953 1902 1991; baseline -0.006 -3"><span class='ocrx_word' id='word_1_448' title='bbox 269 1953 305 1980; x_wconf 68' lang='grc' dir='ltr'><strong>αι)</strong></span> <span class='ocrx_word' id='word_1_449' title='bbox 323 1953 383 1987; x_wconf 69' lang='lat' dir='ltr'><strong>ipsa</strong></span> <span class='ocrx_word' id='word_1_450' title='bbox 395 1953 532 1988; x_wconf 64' lang='grc' dir='ltr'><strong>Ρτίείεθιδ·</strong></span> <span class='ocrx_word' id='word_1_451' title='bbox 1111 1956 1260 1991; x_wconf 79' lang='grc' dir='ltr'>προστάξει</span> <span class='ocrx_word' id='word_1_452' title='bbox 1279 1955 1329 1990; x_wconf 84' lang='grc' dir='ltr'><strong>τῆς</strong></span> <span class='ocrx_word' id='word_1_453' title='bbox 1345 1954 1568 1990; x_wconf 79' lang='grc' dir='ltr'>καθηγουμένης.</span> <span class='ocrx_word' id='word_1_454' title='bbox 1584 1955 1639 1982; x_wconf 76' lang='grc' dir='ltr'><strong>Καὶ</strong></span> <span class='ocrx_word' id='word_1_455' title='bbox 1654 1953 1740 1985; x_wconf 78' lang='grc' dir='ltr'>οὕτως</span> <span class='ocrx_word' id='word_1_456' title='bbox 1757 1953 1902 1988; x_wconf 78' lang='grc' dir='ltr'>γενήσεται</span> 
     </span>
    </p>
   </div>
   <div class='ocr_carea' id='block_1_72' title="bbox 268 1997 1903 2038">
    <p class='ocr_par' dir='ltr' id='par_1_72' title="bbox 268 1997 1903 2038">
     <span class='ocr_line' id='line_1_72' title="bbox 268 1997 1903 2038; baseline -0.001 -12"><span class='ocrx_word' id='word_1_457' title='bbox 268 1999 311 2031; x_wconf 77' lang='grc' dir='ltr'>εἰς</span> <span class='ocrx_word' id='word_1_458' title='bbox 323 1999 355 2026; x_wconf 81' lang='grc' dir='ltr'><strong>τδ</strong></span> <span class='ocrx_word' id='word_1_459' title='bbox 373 1998 506 2034; x_wconf 79' lang='grc' dir='ltr'>διηνεκές.</span> <span class='ocrx_word' id='word_1_460' title='bbox 527 1997 564 2024; x_wconf 73' lang='lat' dir='ltr'><strong>Th</strong></span> <span class='ocrx_word' id='word_1_461' title='bbox 580 1998 673 2032; x_wconf 80' lang='grc' dir='ltr'>μέντοι</span> <span class='ocrx_word' id='word_1_462' title='bbox 690 1998 818 2025; x_wconf 77' lang='grc' dir='ltr'>κιϐώτιον</span> <span class='ocrx_word' id='word_1_463' title='bbox 843 1998 897 2025; x_wconf 84' lang='grc' dir='ltr'><strong>τῶν</strong></span> <span class='ocrx_word' id='word_1_464' title='bbox 926 1999 1058 2027; x_wconf 82' lang='grc' dir='ltr'>τοιούτων</span> <span class='ocrx_word' id='word_1_465' title='bbox 1075 2002 1255 2037; x_wconf 82' lang='grc' dir='ltr'>νομισμάτων</span> <span class='ocrx_word' id='word_1_466' title='bbox 1284 2002 1335 2038; x_wconf 83' lang='grc' dir='ltr'>τῆς</span> <span class='ocrx_word' id='word_1_467' title='bbox 1367 2001 1557 2035; x_wconf 77' lang='grc' dir='ltr'>εἰσοδοεξόδου,</span> <span class='ocrx_word' id='word_1_468' title='bbox 1568 2001 1672 2036; x_wconf 77' lang='grc' dir='ltr'>ὀφείλει</span> <span class='ocrx_word' id='word_1_469' title='bbox 1683 1999 1903 2036; x_wconf 78' lang='grc' dir='ltr'>ὲσφραγισμένον</span> 
     </span>
    </p>
   </div>
   <div class='ocr_carea' id='block_1_73' title="bbox 270 2043 1302 2085">
    <p class='ocr_par' dir='ltr' id='par_1_73' title="bbox 270 2043 1302 2085">
     <span class='ocr_line' id='line_1_73' title="bbox 270 2043 1302 2085; baseline 0.005 -14"><span class='ocrx_word' id='word_1_470' title='bbox 270 2044 342 2073; x_wconf 71' lang='grc' dir='ltr'>εἶναι</span> <span class='ocrx_word' id='word_1_471' title='bbox 358 2044 435 2079; x_wconf 81' lang='grc' dir='ltr'>παρά</span> <span class='ocrx_word' id='word_1_472' title='bbox 449 2053 479 2070; x_wconf 80' lang='grc' dir='ltr'><strong>τε</strong></span> <span class='ocrx_word' id='word_1_473' title='bbox 492 2043 546 2070; x_wconf 82' lang='grc' dir='ltr'><strong>τῶν</strong></span> <span class='ocrx_word' id='word_1_474' title='bbox 561 2043 608 2070; x_wconf 80' lang='grc' dir='ltr'>δύο</span> <span class='ocrx_word' id='word_1_475' title='bbox 627 2044 800 2080; x_wconf 82' lang='grc' dir='ltr'>δοχειαριῶν,</span> <span class='ocrx_word' id='word_1_476' title='bbox 827 2045 875 2072; x_wconf 75' lang='grc' dir='ltr'>καὶ</span> <span class='ocrx_word' id='word_1_477' title='bbox 899 2046 985 2081; x_wconf 83' lang='grc' dir='ltr'>αὐτῆς</span> <span class='ocrx_word' id='word_1_478' title='bbox 1010 2047 1059 2082; x_wconf 79' lang='grc' dir='ltr'><strong>τῆς</strong></span> <span class='ocrx_word' id='word_1_479' title='bbox 1080 2048 1302 2085; x_wconf 77' lang='grc' dir='ltr'>καθηγουμένης.</span> 
     </span>
    </p>
   </div>
   <div class='ocr_carea' id='block_1_74' title="bbox 305 2090 1104 2130">
    <p class='ocr_par' dir='ltr' id='par_1_74' title="bbox 305 2090 1061 2124">
     <span class='ocr_line' id='line_1_74' title="bbox 305 2090 1061 2124; baseline 0.001 -5"><span class='ocrx_word' id='word_1_480' title='bbox 305 2091 425 2119; x_wconf 77' lang='lat' dir='ltr'><strong>Alteram</strong></span> <span class='ocrx_word' id='word_1_481' title='bbox 437 2094 527 2117; x_wconf 90' lang='lat' dir='ltr'><strong>autem</strong></span> <span class='ocrx_word' id='word_1_482' title='bbox 543 2090 664 2117; x_wconf 87' lang='lat' dir='ltr'><strong>arculam</strong></span> <span class='ocrx_word' id='word_1_483' title='bbox 680 2091 774 2124; x_wconf 86' lang='lat' dir='ltr'><strong>reponi</strong></span> <span class='ocrx_word' id='word_1_484' title='bbox 785 2090 950 2119; x_wconf 86' lang='lat' dir='ltr'><strong>volumusin</strong></span> <span class='ocrx_word' id='word_1_485' title='bbox 963 2099 1061 2120; x_wconf 68' lang='lat' dir='ltr'><strong>scev0&lt;</strong></span> 
     </span>
    </p>
   </div>
   <div class='ocr_carea' id='block_1_75' title="bbox 1102 2090 1901 2130">
    <p class='ocr_par' dir='ltr' id='par_1_75' title="bbox 1151 2092 1901 2130">
     <span class='ocr_line' id='line_1_75' title="bbox 1151 2092 1901 2130; baseline -0.004 -9"><span class='ocrx_word' id='word_1_486' title='bbox 1151 2095 1267 2130; x_wconf 84' lang='grc' dir='ltr'>Ἕτερον</span> <span class='ocrx_word' id='word_1_487' title='bbox 1297 2094 1326 2121; x_wconf 82' lang='grc' dir='ltr'>δὲ</span> <span class='ocrx_word' id='word_1_488' title='bbox 1350 2094 1478 2121; x_wconf 76' lang='grc' dir='ltr'>κιϐώτιον</span> <span class='ocrx_word' id='word_1_489' title='bbox 1504 2093 1657 2129; x_wconf 83' lang='grc' dir='ltr'>βουλόμεθα</span> <span class='ocrx_word' id='word_1_490' title='bbox 1688 2092 1796 2119; x_wconf 80' lang='grc' dir='ltr'>κεῖσθαι</span> <span class='ocrx_word' id='word_1_491' title='bbox 1819 2093 1849 2118; x_wconf 77' lang='grc' dir='ltr'>ἐν</span> <span class='ocrx_word' id='word_1_492' title='bbox 1865 2092 1901 2127; x_wconf 87' lang='grc' dir='ltr'>τῷ</span> 
     </span>
    </p>
   </div>
   <div class='ocr_carea' id='block_1_76' title="bbox 270 2135 1069 2175">
    <p class='ocr_par' dir='ltr' id='par_1_76' title="bbox 270 2135 1060 2173">
     <span class='ocr_line' id='line_1_76' title="bbox 270 2135 1060 2173; baseline 0.005 -11"><span class='ocrx_word' id='word_1_493' title='bbox 270 2137 408 2173; x_wconf 85' lang='lat' dir='ltr'><strong>phylacio,</strong></span> <span class='ocrx_word' id='word_1_494' title='bbox 425 2143 474 2163; x_wconf 85' lang='lat' dir='ltr'><strong>seu</strong></span> <span class='ocrx_word' id='word_1_495' title='bbox 491 2136 624 2167; x_wconf 79' lang='lat' dir='ltr'><strong>sacrario,</strong></span> <span class='ocrx_word' id='word_1_496' title='bbox 638 2135 784 2170; x_wconf 76' lang='lat' dir='ltr'><strong>sigillalam</strong></span> <span class='ocrx_word' id='word_1_497' title='bbox 799 2144 814 2163; x_wconf 85' lang='lat' dir='ltr'><strong>a</strong></span> <span class='ocrx_word' id='word_1_498' title='bbox 830 2137 971 2171; x_wconf 67' lang='lat' dir='ltr'><strong>pra-recta,</strong></span> <span class='ocrx_word' id='word_1_499' title='bbox 985 2145 1060 2166; x_wconf 70' lang='lat' dir='ltr'><strong>(eeo-</strong></span> 
     </span>
    </p>
   </div>
   <div class='ocr_carea' id='block_1_77' title="bbox 1103 2135 1902 2175">
    <p class='ocr_par' dir='ltr' id='par_1_77' title="bbox 1113 2138 1902 2175">
     <span class='ocr_line' id='line_1_77' title="bbox 1113 2138 1902 2175; baseline -0.001 -9"><span class='ocrx_word' id='word_1_500' title='bbox 1113 2140 1348 2175; x_wconf 84' lang='grc' dir='ltr'>σκευοφυλακείῳ,</span> <span class='ocrx_word' id='word_1_501' title='bbox 1365 2140 1586 2175; x_wconf 73' lang='grc' dir='ltr'>ε’σφραγισμένον</span> <span class='ocrx_word' id='word_1_502' title='bbox 1601 2140 1678 2175; x_wconf 81' lang='grc' dir='ltr'>παρά</span> <span class='ocrx_word' id='word_1_503' title='bbox 1695 2147 1724 2165; x_wconf 88' lang='grc' dir='ltr'><strong>τε</strong></span> <span class='ocrx_word' id='word_1_504' title='bbox 1750 2140 1799 2174; x_wconf 82' lang='grc' dir='ltr'>τῆς</span> <span class='ocrx_word' id='word_1_505' title='bbox 1818 2138 1902 2173; x_wconf 79' lang='grc' dir='ltr'>καθη-</span> 
     </span>
    </p>
   </div>
   <div class='ocr_carea' id='block_1_78' title="bbox 271 2180 1070 2221">
    <p class='ocr_par' dir='ltr' id='par_1_78' title="bbox 271 2180 1059 2218">
     <span class='ocr_line' id='line_1_78' title="bbox 271 2180 1059 2218; baseline 0.001 -8"><span class='ocrx_word' id='word_1_506' title='bbox 271 2190 365 2215; x_wconf 90' lang='lat' dir='ltr'><strong>nomo,</strong></span> <span class='ocrx_word' id='word_1_507' title='bbox 397 2189 527 2209; x_wconf 82' lang='lat' dir='ltr'><strong>vasorum</strong></span> <span class='ocrx_word' id='word_1_508' title='bbox 548 2180 664 2208; x_wconf 87' lang='lat' dir='ltr'><strong>custode</strong></span> <span class='ocrx_word' id='word_1_509' title='bbox 688 2184 716 2208; x_wconf 88' lang='lat' dir='ltr'><strong>et</strong></span> <span class='ocrx_word' id='word_1_510' title='bbox 739 2181 927 2216; x_wconf 89' lang='lat' dir='ltr'><strong>depositariis,</strong></span> <span class='ocrx_word' id='word_1_511' title='bbox 953 2183 981 2210; x_wconf 92' lang='lat' dir='ltr'><strong>in</strong></span> <span class='ocrx_word' id='word_1_512' title='bbox 1006 2191 1059 2218; x_wconf 88' lang='lat' dir='ltr'><strong>qua</strong></span> 
     </span>
    </p>
   </div>
   <div class='ocr_carea' id='block_1_79' title="bbox 1101 2180 1900 2221">
    <p class='ocr_par' dir='ltr' id='par_1_79' title="bbox 1112 2183 1900 2221">
     <span class='ocr_line' id='line_1_79' title="bbox 1112 2183 1900 2221; baseline -0.001 -10"><span class='ocrx_word' id='word_1_513' title='bbox 1112 2186 1261 2220; x_wconf 79' lang='grc' dir='ltr'>γουμένης,</span> <span class='ocrx_word' id='word_1_514' title='bbox 1277 2185 1324 2212; x_wconf 81' lang='grc' dir='ltr'>τοῦ</span> <span class='ocrx_word' id='word_1_515' title='bbox 1339 2187 1493 2221; x_wconf 72' lang='grc' dir='ltr'>οἰκονόμου,</span> <span class='ocrx_word' id='word_1_516' title='bbox 1508 2186 1558 2220; x_wconf 84' lang='grc' dir='ltr'><strong>τῆς</strong></span> <span class='ocrx_word' id='word_1_517' title='bbox 1575 2185 1841 2220; x_wconf 71' lang='grc' dir='ltr'>σκευοφυλακίσσης.</span> <span class='ocrx_word' id='word_1_518' title='bbox 1857 2183 1900 2210; x_wconf 77' lang='grc' dir='ltr'>καὶ</span> 
     </span>
    </p>
   </div>
   <div class='ocr_carea' id='block_1_80' title="bbox 272 2226 1071 2268">
    <p class='ocr_par' dir='ltr' id='par_1_80' title="bbox 272 2226 1060 2265">
     <span class='ocr_line' id='line_1_80' title="bbox 272 2226 1060 2265; baseline 0.001 -9"><span class='ocrx_word' id='word_1_519' title='bbox 272 2229 422 2256; x_wconf 71' lang='lat' dir='ltr'><strong>recondita:</strong></span> <span class='ocrx_word' id='word_1_520' title='bbox 450 2226 575 2262; x_wconf 65' lang='lat' dir='ltr'><strong>pecunia:</strong></span> <span class='ocrx_word' id='word_1_521' title='bbox 609 2226 804 2254; x_wconf 86' lang='lat' dir='ltr'><strong>servabuntur.</strong></span> <span class='ocrx_word' id='word_1_522' title='bbox 832 2227 946 2262; x_wconf 80' lang='lat' dir='ltr'><strong>Expleta</strong></span> <span class='ocrx_word' id='word_1_523' title='bbox 976 2228 1060 2265; x_wconf 73' lang='lat' dir='ltr'><strong>igitur</strong></span> 
     </span>
    </p>
   </div>
   <div class='ocr_carea' id='block_1_81' title="bbox 1097 2226 1896 2268">
    <p class='ocr_par' dir='ltr' id='par_1_81' title="bbox 1110 2230 1896 2268">
     <span class='ocr_line' id='line_1_81' title="bbox 1110 2230 1896 2268; baseline -0.001 -12"><span class='ocrx_word' id='word_1_524' title='bbox 1110 2230 1164 2257; x_wconf 79' lang='grc' dir='ltr'><strong>τῶν</strong></span> <span class='ocrx_word' id='word_1_525' title='bbox 1189 2230 1357 2267; x_wconf 83' lang='grc' dir='ltr'>δοχειαριῶν,</span> <span class='ocrx_word' id='word_1_526' title='bbox 1382 2232 1451 2268; x_wconf 68' lang='grc' dir='ltr'>ὅπερ</span> <span class='ocrx_word' id='word_1_527' title='bbox 1477 2230 1579 2266; x_wconf 76' lang='grc' dir='ltr'>ὀφείλει</span> <span class='ocrx_word' id='word_1_528' title='bbox 1603 2231 1676 2266; x_wconf 74' lang='grc' dir='ltr'>ἔχειν</span> <span class='ocrx_word' id='word_1_529' title='bbox 1696 2231 1730 2257; x_wconf 74' lang='grc' dir='ltr'><strong>τὰ</strong></span> <span class='ocrx_word' id='word_1_530' title='bbox 1746 2230 1896 2256; x_wconf 75' lang='grc' dir='ltr'>ὲναπόίὶετα</span> 
     </span>
    </p>
   </div>
   <div class='ocr_carea' id='block_1_82' title="bbox 272 2271 1071 2312">
    <p class='ocr_par' dir='ltr' id='par_1_82' title="bbox 272 2271 1059 2310">
     <span class='ocr_line' id='line_1_82' title="bbox 272 2271 1059 2310; baseline 0.001 -8"><span class='ocrx_word' id='word_1_531' title='bbox 272 2281 355 2306; x_wconf 83' lang='lat' dir='ltr'><strong>anno,</strong></span> <span class='ocrx_word' id='word_1_532' title='bbox 365 2273 389 2301; x_wconf 91' lang='lat' dir='ltr'><strong>si</strong></span> <span class='ocrx_word' id='word_1_533' title='bbox 400 2272 575 2301; x_wconf 83' lang='lat' dir='ltr'><strong>miseratione</strong></span> <span class='ocrx_word' id='word_1_534' title='bbox 592 2271 798 2308; x_wconf 56' lang='lat' dir='ltr'><strong>Gratia-plena,</strong></span> <span class='ocrx_word' id='word_1_535' title='bbox 807 2273 924 2302; x_wconf 70' lang='lat' dir='ltr'><strong>residuae</strong></span> <span class='ocrx_word' id='word_1_536' title='bbox 933 2275 1059 2310; x_wconf 67' lang='lat' dir='ltr'><strong>quaedam</strong></span> 
     </span>
    </p>
   </div>
   <div class='ocr_carea' id='block_1_83' title="bbox 1102 2271 1901 2312">
    <p class='ocr_par' dir='ltr' id='par_1_83' title="bbox 1113 2275 1901 2312">
     <span class='ocr_line' id='line_1_83' title="bbox 1113 2275 1901 2312; baseline -0.001 -10"><span class='ocrx_word' id='word_1_537' title='bbox 1113 2276 1282 2311; x_wconf 82' lang='grc' dir='ltr'>νομίσματα.</span> <span class='ocrx_word' id='word_1_538' title='bbox 1301 2276 1367 2304; x_wconf 76' lang='grc' dir='ltr'>’Ὁτι</span> <span class='ocrx_word' id='word_1_539' title='bbox 1394 2277 1459 2311; x_wconf 83' lang='grc' dir='ltr'>γοῦν</span> <span class='ocrx_word' id='word_1_540' title='bbox 1476 2277 1666 2312; x_wconf 78' lang='grc' dir='ltr'>συμπληρωθῇ</span> <span class='ocrx_word' id='word_1_541' title='bbox 1684 2277 1698 2302; x_wconf 85' lang='grc' dir='ltr'><strong>ό</strong></span> <span class='ocrx_word' id='word_1_542' title='bbox 1717 2276 1825 2312; x_wconf 80' lang='grc' dir='ltr'>χρόνος,</span> <span class='ocrx_word' id='word_1_543' title='bbox 1857 2275 1901 2302; x_wconf 76' lang='grc' dir='ltr'><strong>καὶ</strong></span> 
     </span>
    </p>
   </div>
   <div class='ocr_carea' id='block_1_84' title="bbox 272 2311 1071 2358">
    <p class='ocr_par' dir='ltr' id='par_1_84' title="bbox 272 2318 1060 2356">
     <span class='ocr_line' id='line_1_84' title="bbox 272 2318 1060 2356; baseline 0.004 -9"><span class='ocrx_word' id='word_1_544' title='bbox 272 2320 397 2356; x_wconf 62' lang='lat' dir='ltr'><strong>pecunia:</strong></span> <span class='ocrx_word' id='word_1_545' title='bbox 418 2319 538 2354; x_wconf 70' lang='lat' dir='ltr'><strong>antiquae</strong></span> <span class='ocrx_word' id='word_1_546' title='bbox 560 2318 701 2354; x_wconf 80' lang='lat' dir='ltr'><strong>qualitatis</strong></span> <span class='ocrx_word' id='word_1_547' title='bbox 725 2319 909 2354; x_wconf 81' lang='lat' dir='ltr'><strong>reperiantur.</strong></span> <span class='ocrx_word' id='word_1_548' title='bbox 924 2328 985 2356; x_wconf 78' lang='lat' dir='ltr'><strong>quae</strong></span> <span class='ocrx_word' id='word_1_549' title='bbox 999 2329 1060 2350; x_wconf 91' lang='lat' dir='ltr'><strong>mo-</strong></span> 
     </span>
    </p>
   </div>
   <div class='ocr_carea' id='block_1_85' title="bbox 1103 2311 1902 2358">
    <p class='ocr_par' dir='ltr' id='par_1_85' title="bbox 1113 2311 1902 2358">
     <span class='ocr_line' id='line_1_85' title="bbox 1113 2311 1902 2358; baseline -0.001 -10"><span class='ocrx_word' id='word_1_550' title='bbox 1113 2322 1283 2357; x_wconf 80' lang='grc' dir='ltr'>εὑρίσκεται,</span> <span class='ocrx_word' id='word_1_551' title='bbox 1300 2322 1339 2358; x_wconf 84' lang='grc' dir='ltr'>τῷ</span> <span class='ocrx_word' id='word_1_552' title='bbox 1364 2323 1415 2358; x_wconf 83' lang='grc' dir='ltr'>τῆς</span> <span class='ocrx_word' id='word_1_553' title='bbox 1441 2311 1673 2358; x_wconf 74' lang='grc' dir='ltr'>Κεχαριτωμένης</span> <span class='ocrx_word' id='word_1_554' title='bbox 1701 2323 1782 2353; x_wconf 71' lang='grc' dir='ltr'>ἐλέει,</span> <span class='ocrx_word' id='word_1_555' title='bbox 1813 2330 1902 2356; x_wconf 79' lang='grc' dir='ltr'>περιτ-</span> 
     </span>
    </p>
   </div>
   <div class='ocr_carea' id='block_1_86' title="bbox 274 2364 1073 2404">
    <p class='ocr_par' dir='ltr' id='par_1_86' title="bbox 274 2364 1060 2401">
     <span class='ocr_line' id='line_1_86' title="bbox 274 2364 1060 2401; baseline 0.001 -7"><span class='ocrx_word' id='word_1_556' title='bbox 274 2367 394 2394; x_wconf 79' lang='lat' dir='ltr'><strong>naslerio</strong></span> <span class='ocrx_word' id='word_1_557' title='bbox 418 2373 467 2401; x_wconf 88' lang='lat' dir='ltr'><strong>per</strong></span> <span class='ocrx_word' id='word_1_558' title='bbox 486 2364 514 2392; x_wconf 88' lang='lat' dir='ltr'><strong>id</strong></span> <span class='ocrx_word' id='word_1_559' title='bbox 541 2365 674 2400; x_wconf 88' lang='lat' dir='ltr'><strong>temporis</strong></span> <span class='ocrx_word' id='word_1_560' title='bbox 697 2365 862 2393; x_wconf 78' lang='lat' dir='ltr'><strong>necessariae</strong></span> <span class='ocrx_word' id='word_1_561' title='bbox 878 2373 932 2394; x_wconf 92' lang='lat' dir='ltr'><strong>non</strong></span> <span class='ocrx_word' id='word_1_562' title='bbox 949 2367 1016 2400; x_wconf 86' lang='lat' dir='ltr'><strong>sint,</strong></span> <span class='ocrx_word' id='word_1_563' title='bbox 1032 2368 1060 2395; x_wconf 94' lang='lat' dir='ltr'><strong>in</strong></span> 
     </span>
    </p>
   </div>
   <div class='ocr_carea' id='block_1_87' title="bbox 1100 2364 1899 2404">
    <p class='ocr_par' dir='ltr' id='par_1_87' title="bbox 1114 2368 1899 2404">
     <span class='ocr_line' id='line_1_87' title="bbox 1114 2368 1899 2404; baseline -0.003 -9"><span class='ocrx_word' id='word_1_564' title='bbox 1114 2368 1226 2395; x_wconf 81' lang='grc' dir='ltr'>τεύοντά</span> <span class='ocrx_word' id='word_1_565' title='bbox 1240 2377 1300 2395; x_wconf 80' lang='grc' dir='ltr'>τινα</span> <span class='ocrx_word' id='word_1_566' title='bbox 1317 2369 1493 2404; x_wconf 85' lang='grc' dir='ltr'>νομισμάτων</span> <span class='ocrx_word' id='word_1_567' title='bbox 1508 2369 1628 2400; x_wconf 73' lang='grc' dir='ltr'>παλαιᾶς</span> <span class='ocrx_word' id='word_1_568' title='bbox 1654 2368 1799 2402; x_wconf 79' lang='grc' dir='ltr'>ποιότητος</span> <span class='ocrx_word' id='word_1_569' title='bbox 1828 2368 1899 2400; x_wconf 71' lang='grc' dir='ltr'>ὄντα,</span> 
     </span>
    </p>
   </div>
   <div class='ocr_carea' id='block_1_88' title="bbox 275 2411 1074 2450">
    <p class='ocr_par' dir='ltr' id='par_1_88' title="bbox 275 2411 1059 2449">
     <span class='ocr_line' id='line_1_88' title="bbox 275 2411 1059 2449; baseline 0.003 -10"><span class='ocrx_word' id='word_1_570' title='bbox 275 2417 424 2440; x_wconf 85' lang='lat' dir='ltr'><strong>memorata</strong></span> <span class='ocrx_word' id='word_1_571' title='bbox 437 2411 529 2439; x_wconf 90' lang='lat' dir='ltr'><strong>arcula</strong></span> <span class='ocrx_word' id='word_1_572' title='bbox 543 2411 738 2445; x_wconf 74' lang='lat' dir='ltr'><strong>recondantur,</strong></span> <span class='ocrx_word' id='word_1_573' title='bbox 750 2412 858 2440; x_wconf 88' lang='lat' dir='ltr'><strong>sublato</strong></span> <span class='ocrx_word' id='word_1_574' title='bbox 870 2414 947 2448; x_wconf 86' lang='lat' dir='ltr'><strong>prius</strong></span> <span class='ocrx_word' id='word_1_575' title='bbox 959 2414 1059 2449; x_wconf 81' lang='lat' dir='ltr'><strong>sigillo,</strong></span> 
     </span>
    </p>
   </div>
   <div class='ocr_carea' id='block_1_89' title="bbox 1101 2411 1900 2450">
    <p class='ocr_par' dir='ltr' id='par_1_89' title="bbox 1117 2414 1900 2450">
     <span class='ocr_line' id='line_1_89' title="bbox 1117 2414 1900 2450; baseline -0.001 -10"><span class='ocrx_word' id='word_1_576' title='bbox 1117 2414 1155 2450; x_wconf 84' lang='grc' dir='ltr'>μὴ</span> <span class='ocrx_word' id='word_1_577' title='bbox 1169 2414 1286 2450; x_wconf 87' lang='grc' dir='ltr'>χρειώδη</span> <span class='ocrx_word' id='word_1_578' title='bbox 1299 2415 1451 2450; x_wconf 83' lang='grc' dir='ltr'>τηνικαῦτα</span> <span class='ocrx_word' id='word_1_579' title='bbox 1463 2416 1631 2450; x_wconf 77' lang='grc' dir='ltr'>τυγχάνοντα</span> <span class='ocrx_word' id='word_1_580' title='bbox 1645 2415 1678 2449; x_wconf 75' lang='grc' dir='ltr'><strong>τῇ</strong></span> <span class='ocrx_word' id='word_1_581' title='bbox 1700 2415 1781 2448; x_wconf 73' lang='grc' dir='ltr'>μονῇ,</span> <span class='ocrx_word' id='word_1_582' title='bbox 1808 2414 1900 2440; x_wconf 72' lang='grc' dir='ltr'>ἐναπο-</span> 
     </span>
    </p>
   </div>
   <div class='ocr_carea' id='block_1_90' title="bbox 276 2456 1075 2497">
    <p class='ocr_par' dir='ltr' id='par_1_90' title="bbox 276 2456 1061 2494">
     <span class='ocr_line' id='line_1_90' title="bbox 276 2456 1061 2494; baseline 0.003 -10"><span class='ocrx_word' id='word_1_583' title='bbox 276 2466 308 2485; x_wconf 86' lang='lat' dir='ltr'><strong>ac</strong></span> <span class='ocrx_word' id='word_1_584' title='bbox 324 2457 424 2484; x_wconf 89' lang='lat' dir='ltr'><strong>deinde</strong></span> <span class='ocrx_word' id='word_1_585' title='bbox 450 2456 588 2488; x_wconf 86' lang='lat' dir='ltr'><strong>restituto,</strong></span> <span class='ocrx_word' id='word_1_586' title='bbox 602 2459 631 2483; x_wconf 93' lang='lat' dir='ltr'><strong>ut</strong></span> <span class='ocrx_word' id='word_1_587' title='bbox 645 2463 727 2491; x_wconf 85' lang='lat' dir='ltr'><strong>supra</strong></span> <span class='ocrx_word' id='word_1_588' title='bbox 758 2456 862 2484; x_wconf 88' lang='lat' dir='ltr'><strong>dictum</strong></span> <span class='ocrx_word' id='word_1_589' title='bbox 877 2462 921 2485; x_wconf 86' lang='lat' dir='ltr'><strong>est</strong></span> <span class='ocrx_word' id='word_1_590' title='bbox 938 2466 944 2485; x_wconf 91' lang='lat'><strong>:</strong></span> <span class='ocrx_word' id='word_1_591' title='bbox 960 2458 1061 2494; x_wconf 79' lang='lat' dir='ltr'><strong>ﬁatque</strong></span> 
     </span>
    </p>
   </div>
   <div class='ocr_carea' id='block_1_91' title="bbox 1101 2456 1900 2497">
    <p class='ocr_par' dir='ltr' id='par_1_91' title="bbox 1116 2459 1900 2497">
     <span class='ocr_line' id='line_1_91' title="bbox 1116 2459 1900 2497; baseline -0.004 -10"><span class='ocrx_word' id='word_1_592' title='bbox 1116 2460 1237 2487; x_wconf 83' lang='grc' dir='ltr'>τίθεσθαι</span> <span class='ocrx_word' id='word_1_593' title='bbox 1249 2461 1336 2487; x_wconf 79' lang='grc' dir='ltr'>ταῦτα</span> <span class='ocrx_word' id='word_1_594' title='bbox 1346 2460 1386 2496; x_wconf 86' lang='grc' dir='ltr'>τῷ</span> <span class='ocrx_word' id='word_1_595' title='bbox 1400 2461 1539 2496; x_wconf 79' lang='grc' dir='ltr'>εἰρημένῳ</span> <span class='ocrx_word' id='word_1_596' title='bbox 1553 2459 1684 2497; x_wconf 64' lang='grc' dir='ltr'>κιᾷωτίῳ,</span> <span class='ocrx_word' id='word_1_597' title='bbox 1699 2460 1900 2495; x_wconf 67' lang='grc' dir='ltr'>ἀποσφραγιζο-</span> 
     </span>
    </p>
   </div>
   <div class='ocr_carea' id='block_1_92' title="bbox 275 2503 1074 2542">
    <p class='ocr_par' dir='ltr' id='par_1_92' title="bbox 275 2503 1061 2541">
     <span class='ocr_line' id='line_1_92' title="bbox 275 2503 1061 2541; baseline 0 -9"><span class='ocrx_word' id='word_1_598' title='bbox 275 2505 440 2540; x_wconf 72' lang='lat' dir='ltr'><strong>rescriptum</strong></span> <span class='ocrx_word' id='word_1_599' title='bbox 460 2503 608 2531; x_wconf 65' lang='lat' dir='ltr'><strong>reconditae</strong></span> <span class='ocrx_word' id='word_1_600' title='bbox 623 2504 768 2538; x_wconf 62' lang='lat' dir='ltr'><strong>pecunia;</strong></span> <span class='ocrx_word' id='word_1_601' title='bbox 795 2508 825 2531; x_wconf 90' lang='lat' dir='ltr'><strong>ut</strong></span> <span class='ocrx_word' id='word_1_602' title='bbox 841 2503 863 2531; x_wconf 88' lang='lat' dir='ltr'><strong>si</strong></span> <span class='ocrx_word' id='word_1_603' title='bbox 878 2504 962 2539; x_wconf 85' lang='lat' dir='ltr'><strong>(quod</strong></span> <span class='ocrx_word' id='word_1_604' title='bbox 977 2505 1061 2541; x_wconf 87' lang='lat' dir='ltr'><strong>absit)</strong></span> 
     </span>
    </p>
   </div>
   <div class='ocr_carea' id='block_1_93' title="bbox 1099 2503 1898 2542">
    <p class='ocr_par' dir='ltr' id='par_1_93' title="bbox 1117 2505 1898 2542">
     <span class='ocr_line' id='line_1_93' title="bbox 1117 2505 1898 2542; baseline 0 -10"><span class='ocrx_word' id='word_1_605' title='bbox 1117 2506 1200 2541; x_wconf 86' lang='grc' dir='ltr'>μένῳ,</span> <span class='ocrx_word' id='word_1_606' title='bbox 1220 2508 1267 2532; x_wconf 78' lang='grc' dir='ltr'>καὶ</span> <span class='ocrx_word' id='word_1_607' title='bbox 1280 2507 1502 2542; x_wconf 79' lang='grc' dir='ltr'>σφραγιζομένῳ,</span> <span class='ocrx_word' id='word_1_608' title='bbox 1522 2506 1612 2537; x_wconf 78' lang='grc' dir='ltr'>καθὼς</span> <span class='ocrx_word' id='word_1_609' title='bbox 1627 2505 1757 2541; x_wconf 77' lang='grc' dir='ltr'>ἀνωτέρω</span> <span class='ocrx_word' id='word_1_610' title='bbox 1771 2507 1879 2541; x_wconf 79' lang='grc' dir='ltr'>εἴρηται</span> <span class='ocrx_word' id='word_1_611' title='bbox 1892 2513 1898 2520; x_wconf 89' lang='grc'>·</span> 
     </span>
    </p>
   </div>
   <div class='ocr_carea' id='block_1_94' title="bbox 273 2544 1072 2587">
    <p class='ocr_par' dir='ltr' id='par_1_94' title="bbox 273 2544 1062 2585">
     <span class='ocr_line' id='line_1_94' title="bbox 273 2544 1062 2585; baseline -0.001 -7"><span class='ocrx_word' id='word_1_612' title='bbox 273 2559 338 2579; x_wconf 83' lang='lat' dir='ltr'><strong>casu</strong></span> <span class='ocrx_word' id='word_1_613' title='bbox 352 2550 481 2585; x_wconf 88' lang='lat' dir='ltr'><strong>quopiam</strong></span> <span class='ocrx_word' id='word_1_614' title='bbox 496 2550 523 2576; x_wconf 93' lang='lat' dir='ltr'><strong>in</strong></span> <span class='ocrx_word' id='word_1_615' title='bbox 537 2548 706 2576; x_wconf 88' lang='lat' dir='ltr'><strong>monasterio</strong></span> <span class='ocrx_word' id='word_1_616' title='bbox 718 2549 891 2584; x_wconf 77' lang='lat' dir='ltr'><strong>obtingente,</strong></span> <span class='ocrx_word' id='word_1_617' title='bbox 905 2544 1062 2578; x_wconf 73' lang='lat' dir='ltr'><strong>necessaria</strong></span> 
     </span>
    </p>
   </div>
   <div class='ocr_carea' id='block_1_95' title="bbox 1102 2544 1901 2587">
    <p class='ocr_par' dir='ltr' id='par_1_95' title="bbox 1116 2551 1901 2587">
     <span class='ocr_line' id='line_1_95' title="bbox 1116 2551 1901 2587; baseline 0 -10"><span class='ocrx_word' id='word_1_618' title='bbox 1116 2553 1299 2587; x_wconf 78' lang='grc' dir='ltr'>προσγραφήν</span> <span class='ocrx_word' id='word_1_619' title='bbox 1314 2560 1343 2578; x_wconf 89' lang='grc' dir='ltr'><strong>τε</strong></span> <span class='ocrx_word' id='word_1_620' title='bbox 1361 2552 1484 2586; x_wconf 85' lang='grc' dir='ltr'>γίνεσθαι</span> <span class='ocrx_word' id='word_1_621' title='bbox 1495 2552 1546 2587; x_wconf 81' lang='grc' dir='ltr'><strong>τῆς</strong></span> <span class='ocrx_word' id='word_1_622' title='bbox 1560 2552 1615 2578; x_wconf 87' lang='grc' dir='ltr'><strong>τὼν</strong></span> <span class='ocrx_word' id='word_1_623' title='bbox 1638 2551 1817 2586; x_wconf 77' lang='grc' dir='ltr'>νομισμάτων</span> <span class='ocrx_word' id='word_1_624' title='bbox 1840 2551 1901 2578; x_wconf 77' lang='grc' dir='ltr'>ἀπο-</span> 
     </span>
    </p>
   </div>
   <div class='ocr_carea' id='block_1_96' title="bbox 273 2595 1072 2634">
    <p class='ocr_par' dir='ltr' id='par_1_96' title="bbox 273 2595 1062 2631">
     <span class='ocr_line' id='line_1_96' title="bbox 273 2595 1062 2631; baseline 0 -7"><span class='ocrx_word' id='word_1_625' title='bbox 273 2598 307 2624; x_wconf 86' lang='lat' dir='ltr'><strong>ad</strong></span> <span class='ocrx_word' id='word_1_626' title='bbox 322 2597 382 2631; x_wconf 88' lang='lat' dir='ltr'><strong>ejus</strong></span> <span class='ocrx_word' id='word_1_627' title='bbox 402 2603 536 2630; x_wconf 78' lang='lat' dir='ltr'><strong>expensas</strong></span> <span class='ocrx_word' id='word_1_628' title='bbox 562 2595 674 2622; x_wconf 91' lang='lat' dir='ltr'><strong>aliunde</strong></span> <span class='ocrx_word' id='word_1_629' title='bbox 705 2603 760 2622; x_wconf 86' lang='lat' dir='ltr'><strong>non</strong></span> <span class='ocrx_word' id='word_1_630' title='bbox 786 2596 1062 2630; x_wconf 80' lang='lat' dir='ltr'><strong>suppetant;avulso</strong></span> 
     </span>
    </p>
   </div>
   <div class='ocr_carea' id='block_1_97' title="bbox 1101 2595 1900 2634">
    <p class='ocr_par' dir='ltr' id='par_1_97' title="bbox 1116 2597 1900 2634">
     <span class='ocr_line' id='line_1_97' title="bbox 1116 2597 1900 2634; baseline -0.001 -10"><span class='ocrx_word' id='word_1_631' title='bbox 1116 2597 1236 2629; x_wconf 83' lang='grc' dir='ltr'>θέσεως·</span> <span class='ocrx_word' id='word_1_632' title='bbox 1255 2598 1350 2634; x_wconf 70' lang='grc' dir='ltr'>ὥσπερ</span> <span class='ocrx_word' id='word_1_633' title='bbox 1373 2599 1454 2625; x_wconf 84' lang='grc' dir='ltr'>πάλιν</span> <span class='ocrx_word' id='word_1_634' title='bbox 1480 2599 1558 2634; x_wconf 82' lang='grc' dir='ltr'>(ὅπερ</span> <span class='ocrx_word' id='word_1_635' title='bbox 1580 2598 1760 2633; x_wconf 76' lang='grc' dir='ltr'>ἀπεύχομαι),</span> <span class='ocrx_word' id='word_1_636' title='bbox 1783 2597 1900 2632; x_wconf 78' lang='grc' dir='ltr'>τυχηροῦ</span> 
     </span>
    </p>
   </div>
   <div class='ocr_carea' id='block_1_98' title="bbox 274 2640 1073 2680">
    <p class='ocr_par' dir='ltr' id='par_1_98' title="bbox 274 2640 1061 2676">
     <span class='ocr_line' id='line_1_98' title="bbox 274 2640 1061 2676; baseline -0.003 -6"><span class='ocrx_word' id='word_1_637' title='bbox 274 2643 347 2670; x_wconf 81' lang='lat' dir='ltr'><strong>illius</strong></span> <span class='ocrx_word' id='word_1_638' title='bbox 365 2642 466 2669; x_wconf 59' lang='lat' dir='ltr'><strong>arculas</strong></span> <span class='ocrx_word' id='word_1_639' title='bbox 488 2641 579 2676; x_wconf 83' lang='lat' dir='ltr'><strong>sigillo</strong></span> <span class='ocrx_word' id='word_1_640' title='bbox 596 2641 631 2668; x_wconf 87' lang='lat' dir='ltr'><strong>ab</strong></span> <span class='ocrx_word' id='word_1_641' title='bbox 647 2641 682 2668; x_wconf 84' lang='lat' dir='ltr'><strong>iis</strong></span> <span class='ocrx_word' id='word_1_642' title='bbox 705 2641 753 2675; x_wconf 88' lang='lat' dir='ltr'><strong>qui</strong></span> <span class='ocrx_word' id='word_1_643' title='bbox 772 2640 847 2668; x_wconf 83' lang='lat' dir='ltr'><strong>illam</strong></span> <span class='ocrx_word' id='word_1_644' title='bbox 871 2641 1061 2676; x_wconf 76' lang='lat' dir='ltr'><strong>obsignaram,</strong></span> 
     </span>
    </p>
   </div>
   <div class='ocr_carea' id='block_1_99' title="bbox 1102 2640 1901 2680">
    <p class='ocr_par' dir='ltr' id='par_1_99' title="bbox 1115 2644 1901 2680">
     <span class='ocr_line' id='line_1_99' title="bbox 1115 2644 1901 2680; baseline 0 -10"><span class='ocrx_word' id='word_1_645' title='bbox 1115 2651 1188 2675; x_wconf 73' lang='grc' dir='ltr'>τινος</span> <span class='ocrx_word' id='word_1_646' title='bbox 1202 2645 1355 2678; x_wconf 68' lang='grc' dir='ltr'>συμϐάντος</span> <span class='ocrx_word' id='word_1_647' title='bbox 1369 2646 1408 2676; x_wconf 85' lang='grc' dir='ltr'>είς</span> <span class='ocrx_word' id='word_1_648' title='bbox 1423 2645 1473 2680; x_wconf 88' lang='grc' dir='ltr'>τὴν</span> <span class='ocrx_word' id='word_1_649' title='bbox 1495 2645 1588 2680; x_wconf 72' lang='grc' dir='ltr'>μονὴν,</span> <span class='ocrx_word' id='word_1_650' title='bbox 1613 2644 1684 2671; x_wconf 77' lang='grc' dir='ltr'>ὥστε</span> <span class='ocrx_word' id='word_1_651' title='bbox 1715 2645 1752 2679; x_wconf 82' lang='grc' dir='ltr'>μὴ</span> <span class='ocrx_word' id='word_1_652' title='bbox 1777 2644 1849 2679; x_wconf 75' lang='grc' dir='ltr'>ἔχειν</span> <span class='ocrx_word' id='word_1_653' title='bbox 1870 2645 1901 2670; x_wconf 65' lang='grc' dir='ltr'>τὰ</span> 
     </span>
    </p>
   </div>
   <div class='ocr_carea' id='block_1_100' title="bbox 274 2685 1073 2727">
    <p class='ocr_par' dir='ltr' id='par_1_100' title="bbox 274 2685 1062 2722">
     <span class='ocr_line' id='line_1_100' title="bbox 274 2685 1062 2722; baseline 0 -7"><span class='ocrx_word' id='word_1_654' title='bbox 274 2695 381 2715; x_wconf 84' lang='lat' dir='ltr'><strong>summa</strong></span> <span class='ocrx_word' id='word_1_655' title='bbox 397 2686 520 2722; x_wconf 70' lang='lat' dir='ltr'><strong>quaedam</strong></span> <span class='ocrx_word' id='word_1_656' title='bbox 537 2686 661 2721; x_wconf 77' lang='lat' dir='ltr'><strong>pecunia:</strong></span> <span class='ocrx_word' id='word_1_657' title='bbox 674 2685 820 2719; x_wconf 88' lang='lat' dir='ltr'><strong>educatur,</strong></span> <span class='ocrx_word' id='word_1_658' title='bbox 836 2690 864 2714; x_wconf 89' lang='lat' dir='ltr'><strong>et</strong></span> <span class='ocrx_word' id='word_1_659' title='bbox 880 2686 913 2714; x_wconf 85' lang='lat' dir='ltr'><strong>ad</strong></span> <span class='ocrx_word' id='word_1_660' title='bbox 937 2692 1062 2722; x_wconf 86' lang='lat' dir='ltr'><strong>recepta-</strong></span> 
     </span>
    </p>
   </div>
   <div class='ocr_carea' id='block_1_101' title="bbox 1101 2685 1900 2727">
    <p class='ocr_par' dir='ltr' id='par_1_101' title="bbox 1118 2689 1900 2727">
     <span class='ocr_line' id='line_1_101' title="bbox 1118 2689 1900 2727; baseline -0.001 -11"><span class='ocrx_word' id='word_1_661' title='bbox 1118 2691 1186 2725; x_wconf 73' lang='grc' dir='ltr'>πρὸ;</span> <span class='ocrx_word' id='word_1_662' title='bbox 1202 2690 1289 2723; x_wconf 71' lang='grc' dir='ltr'>ἔξοδον</span> <span class='ocrx_word' id='word_1_663' title='bbox 1317 2692 1420 2727; x_wconf 77' lang='grc' dir='ltr'>ταύτης</span> <span class='ocrx_word' id='word_1_664' title='bbox 1433 2691 1592 2727; x_wconf 74' lang='grc' dir='ltr'>ἀλλαχόθεν,</span> <span class='ocrx_word' id='word_1_665' title='bbox 1602 2690 1861 2726; x_wconf 69' lang='grc' dir='ltr'>ἀποσφραγίζεσθαι</span> <span class='ocrx_word' id='word_1_666' title='bbox 1872 2689 1900 2715; x_wconf 73' lang='grc' dir='ltr'>τὸ</span> 
     </span>
    </p>
   </div>
   <div class='ocr_carea' id='block_1_102' title="bbox 897 2745 1241 2779">
    <p class='ocr_par' dir='ltr' id='par_1_102' title="bbox 897 2745 1241 2779">
     <span class='ocr_line' id='line_1_102' title="bbox 897 2745 1241 2779; baseline 0.015 -5"><span class='ocrx_word' id='word_1_667' title='bbox 897 2745 1128 2777; x_wconf 78' lang='lat' dir='ltr'><strong>Montfauconii</strong></span> <span class='ocrx_word' id='word_1_668' title='bbox 1146 2752 1241 2779; x_wconf 61' lang='lat' dir='ltr'><strong>notae.</strong></span> 
     </span>
    </p>
   </div>
   <div class='ocr_carea' id='block_1_103' title="bbox 310 2793 1109 2836">
    <p class='ocr_par' dir='ltr' id='par_1_103' title="bbox 310 2793 1061 2836">
     <span class='ocr_line' id='line_1_103' title="bbox 310 2793 1061 2836; baseline -0.004 -12"><span class='ocrx_word' id='word_1_669' title='bbox 310 2796 519 2836; x_wconf 69' lang='grc' dir='ltr'><strong>(16)Βέστιρν.</strong></span> <span class='ocrx_word' id='word_1_670' title='bbox 546 2794 634 2836; x_wconf 69' lang='lat' dir='ltr'><strong>vung</strong></span> <span class='ocrx_word' id='word_1_671' title='bbox 665 2793 767 2836; x_wconf 76' lang='lat' dir='ltr'><strong>dicitur</strong></span> <span class='ocrx_word' id='word_1_672' title='bbox 800 2793 972 2836; x_wconf 51' lang='grc' dir='ltr'>βειστιτξριον,.</span> <span class='ocrx_word' id='word_1_673' title='bbox 999 2801 1061 2835; x_wconf 70' lang='lat' dir='ltr'><strong>nam</strong></span> 
     </span>
    </p>
   </div>
   <div class='ocr_carea' id='block_1_104' title="bbox 1101 2793 1900 2836">
    <p class='ocr_par' dir='ltr' id='par_1_104' title="bbox 1117 2796 1900 2836">
     <span class='ocr_line' id='line_1_104' title="bbox 1117 2796 1900 2836; baseline 0.001 -13"><span class='ocrx_word' id='word_1_674' title='bbox 1117 2796 1144 2836; x_wconf 77' lang='lat' dir='ltr'><strong>in</strong></span> <span class='ocrx_word' id='word_1_675' title='bbox 1158 2798 1237 2836; x_wconf 53' lang='lat' dir='ltr'><strong>lflotis</strong></span> <span class='ocrx_word' id='word_1_676' title='bbox 1249 2798 1281 2825; x_wconf 86' lang='lat' dir='ltr'><strong>ad</strong></span> <span class='ocrx_word' id='word_1_677' title='bbox 1295 2798 1502 2836; x_wconf 66' lang='lat' dir='ltr'><strong>Eutlmiogium.</strong></span> <span class='ocrx_word' id='word_1_678' title='bbox 1513 2799 1540 2826; x_wconf 74' lang='grc'>2.</span> <span class='ocrx_word' id='word_1_679' title='bbox 1553 2799 1685 2836; x_wconf 80' lang='lat' dir='ltr'><strong>Arcadius</strong></span> <span class='ocrx_word' id='word_1_680' title='bbox 1696 2797 1900 2836; x_wconf 21' lang='lat' dir='ltr'><strong>derConcordia3</strong></span> 
     </span>
    </p>
   </div>
   <div class='ocr_carea' id='block_1_105' title="bbox 275 2829 1900 2870">
    <p class='ocr_par' dir='ltr' id='par_1_105' title="bbox 275 2829 1900 2870">
     <span class='ocr_line' id='line_1_105' title="bbox 275 2829 1900 2870; baseline 0.001 -13"><span class='ocrx_word' id='word_1_681' title='bbox 275 2829 380 2870; x_wconf 45' lang='lat' dir='ltr'><strong>ptem</strong></span> <span class='ocrx_word' id='word_1_682' title='bbox 406 2836 448 2859; x_wconf 86' lang='lat' dir='ltr'><strong>est</strong></span> <span class='ocrx_word' id='word_1_683' title='bbox 470 2832 558 2870; x_wconf 79' lang='lat' dir='ltr'><strong>ipsum</strong></span> <span class='ocrx_word' id='word_1_684' title='bbox 579 2830 784 2858; x_wconf 88' lang='lat' dir='ltr'><strong>indumentum.</strong></span> <span class='ocrx_word' id='word_1_685' title='bbox 814 2829 1019 2864; x_wconf 79' lang='lat' dir='ltr'><strong>Moschopulus,</strong></span> <span class='ocrx_word' id='word_1_686' title='bbox 1034 2831 1060 2857; x_wconf 94' lang='lat' dir='ltr'><strong>in</strong></span> <span class='ocrx_word' id='word_1_687' title='bbox 1116 2829 1469 2870; x_wconf 25' lang='lat' dir='ltr'><strong>digii.essewlllcillbl&#39;alfulll</strong></span> <span class='ocrx_word' id='word_1_688' title='bbox 1498 2834 1615 2861; x_wconf 87' lang='lat' dir='ltr'><strong>rotundo</strong></span> <span class='ocrx_word' id='word_1_689' title='bbox 1631 2834 1706 2868; x_wconf 80' lang='lat' dir='ltr'><strong>ligno</strong></span> <span class='ocrx_word' id='word_1_690' title='bbox 1722 2833 1900 2862; x_wconf 72' lang='lat' dir='ltr'><strong>circuiuvolvi</strong></span> 
     </span>
    </p>
   </div>
   <div class='ocr_carea' id='block_1_106' title="bbox 275 2868 1900 2901">
    <p class='ocr_par' dir='ltr' id='par_1_106' title="bbox 275 2868 1900 2901">
     <span class='ocr_line' id='line_1_106' title="bbox 275 2868 1900 2901; baseline 0 -7"><span class='ocrx_word' id='word_1_691' title='bbox 275 2868 375 2901; x_wconf 76' lang='lat' dir='ltr'><strong>Ecluga</strong></span> <span class='ocrx_word' id='word_1_692' title='bbox 389 2874 486 2893; x_wconf 82' lang='lat' dir='ltr'><strong>vocum</strong></span> <span class='ocrx_word' id='word_1_693' title='bbox 502 2868 666 2893; x_wconf 78' lang='lat' dir='ltr'><strong>Atticarum.</strong></span> <span class='ocrx_word' id='word_1_694' title='bbox 748 2899 752 2901; x_wconf 24' lang='grc' dir='ltr'><em>Α</em></span> <span class='ocrx_word' id='word_1_695' title='bbox 964 2900 968 2901; x_wconf 25' lang='grc' dir='ltr'><em>ν</em></span> <span class='ocrx_word' id='word_1_696' title='bbox 1114 2868 1235 2895; x_wconf 89' lang='lat' dir='ltr'><strong>solitam.</strong></span> <span class='ocrx_word' id='word_1_697' title='bbox 1263 2869 1289 2896; x_wconf 81' lang='grc'><strong>5.</strong></span> <span class='ocrx_word' id='word_1_698' title='bbox 1311 2869 1504 2901; x_wconf 79' lang='lat' dir='ltr'><strong>Moselwpqus</strong></span> <span class='ocrx_word' id='word_1_699' title='bbox 1536 2869 1574 2896; x_wconf 89' lang='lat' dir='ltr'><strong>ait</strong></span> <span class='ocrx_word' id='word_1_700' title='bbox 1603 2869 1744 2895; x_wconf 75' lang='grc' dir='ltr'>κοντάχιον</span> <span class='ocrx_word' id='word_1_701' title='bbox 1769 2875 1829 2894; x_wconf 88' lang='lat' dir='ltr'><strong>esse</strong></span> <span class='ocrx_word' id='word_1_702' title='bbox 1855 2870 1900 2894; x_wconf 65' lang='lat'><strong>16-</strong></span> 
     </span>
    </p>
   </div>
   <div class='ocr_carea' id='block_1_107' title="bbox 299 2899 1098 2942">
    <p class='ocr_par' dir='ltr' id='par_1_107' title="bbox 299 2899 1060 2942">
     <span class='ocr_line' id='line_1_107' title="bbox 299 2899 1060 2942; baseline -0.003 -14"><span class='ocrx_word' id='word_1_703' title='bbox 299 2899 365 2942; x_wconf 68' lang='grc' dir='ltr'><strong>⁵(Γῖ.)</strong></span> <span class='ocrx_word' id='word_1_704' title='bbox 378 2901 616 2942; x_wconf 45' lang='grc' dir='ltr'>Κυγτακίῳλιξζοξ</span> <span class='ocrx_word' id='word_1_705' title='bbox 629 2900 689 2942; x_wconf 48' lang='lat' dir='ltr'><strong>haec</strong></span> <span class='ocrx_word' id='word_1_706' title='bbox 697 2899 771 2942; x_wconf 72' lang='lat' dir='ltr'><strong>varie</strong></span> <span class='ocrx_word' id='word_1_707' title='bbox 787 2904 946 2942; x_wconf 73' lang='lat' dir='ltr'><strong>usurpatur.</strong></span> <span class='ocrx_word' id='word_1_708' title='bbox 954 2900 984 2942; x_wconf 54' lang='lat'><strong>1.</strong></span> <span class='ocrx_word' id='word_1_709' title='bbox 999 2909 1060 2926; x_wconf 91' lang='grc' dir='ltr'>κον-</span> 
     </span>
    </p>
   </div>
   <div class='ocr_carea' id='block_1_108' title="bbox 1033 2899 1832 2942">
    <p class='ocr_par' dir='ltr' id='par_1_108' title="bbox 1033 2899 1832 2939">
     <span class='ocr_line' id='line_1_108' title="bbox 1033 2899 1832 2939; baseline 0.001 -10"><span class='ocrx_word' id='word_1_710' title='bbox 1033 2909 1060 2926; x_wconf 90' lang='grc' dir='ltr'>ν-</span> <span class='ocrx_word' id='word_1_711' title='bbox 1117 2911 1176 2937; x_wconf 84' lang='grc' dir='ltr'>μον,</span> <span class='ocrx_word' id='word_1_712' title='bbox 1190 2911 1238 2931; x_wconf 89' lang='lat' dir='ltr'><strong>seu</strong></span> <span class='ocrx_word' id='word_1_713' title='bbox 1253 2904 1393 2937; x_wconf 83' lang='lat' dir='ltr'><strong>volumen,</strong></span> <span class='ocrx_word' id='word_1_714' title='bbox 1412 2899 1466 2938; x_wconf 72' lang='lat' dir='ltr'><strong>quo</strong></span> <span class='ocrx_word' id='word_1_715' title='bbox 1478 2912 1559 2932; x_wconf 86' lang='lat' dir='ltr'><strong>sensu</strong></span> <span class='ocrx_word' id='word_1_716' title='bbox 1577 2904 1621 2931; x_wconf 91' lang='lat' dir='ltr'><strong>hic</strong></span> <span class='ocrx_word' id='word_1_717' title='bbox 1639 2903 1725 2939; x_wconf 87' lang='lat' dir='ltr'><strong>accipi</strong></span> <span class='ocrx_word' id='word_1_718' title='bbox 1740 2902 1832 2930; x_wconf 81' lang='lat' dir='ltr'><strong>debet.</strong></span> 
     </span>
    </p>
   </div>
   <div class='ocr_carea' id='block_1_109' title="bbox 279 2934 1058 2969">
    <p class='ocr_par' dir='ltr' id='par_1_109' title="bbox 279 2934 1058 2969">
     <span class='ocr_line' id='line_1_109' title="bbox 279 2934 1058 2969; baseline 0.001 -7"><span class='ocrx_word' id='word_1_719' title='bbox 279 2934 368 2963; x_wconf 73' lang='grc' dir='ltr'>ςὰκιον</span> <span class='ocrx_word' id='word_1_720' title='bbox 386 2940 427 2963; x_wconf 79' lang='lat' dir='ltr'><strong>est</strong></span> <span class='ocrx_word' id='word_1_721' title='bbox 450 2943 514 2969; x_wconf 86' lang='lat' dir='ltr'><strong>pars</strong></span> <span class='ocrx_word' id='word_1_722' title='bbox 530 2934 617 2964; x_wconf 87' lang='lat' dir='ltr'><strong>Oilicii</strong></span> <span class='ocrx_word' id='word_1_723' title='bbox 634 2934 720 2962; x_wconf 82' lang='lat' dir='ltr'><strong>divini</strong></span> <span class='ocrx_word' id='word_1_724' title='bbox 751 2935 785 2962; x_wconf 89' lang='lat' dir='ltr'><strong>de</strong></span> <span class='ocrx_word' id='word_1_725' title='bbox 800 2934 859 2968; x_wconf 80' lang='lat' dir='ltr'><strong>qua</strong></span> <span class='ocrx_word' id='word_1_726' title='bbox 870 2935 930 2963; x_wconf 85' lang='lat' dir='ltr'><strong>fuse</strong></span> <span class='ocrx_word' id='word_1_727' title='bbox 952 2934 1058 2963; x_wconf 81' lang='lat' dir='ltr'><strong>Goarus</strong></span> 
     </span>
    </p>
   </div>
  </div>
