2023 3164
251 191 320 224 1047

887 194 1030 225 IRENES
1050 195 1240 226 AUGUSTE

1814 191 1881 224 1048

248 247 340 275 claves
355 247 461 275 deferet
475 247 508 274 ad
526 246 694 281 praefectam.
708 247 743 275 Et
758 255 792 274 ne
807 247 865 283 ipsa
880 248 992 283 quidem
1007 257 1036 277 se

1101 251 1191 277 ιέντοι
1221 249 1324 285 ὀφείλει
1354 247 1424 277 εἶναι
1451 250 1468 285 ἡ
1493 248 1533 280 είς
1547 248 1650 282 ταύτην
1664 247 1724 284 ,τὴν
1741 247 1882 274 διακονίαν

247 293 355 321 visendi
376 301 458 321 causa
488 293 652 321 accedentes
683 298 815 328 cognatos
842 294 957 328 videbit,
969 296 1037 323 citra

249 339 385 374 prmfectze
399 339 576 375 permissum,
596 345 736 367 annuente
757 346 851 368 autem
867 341 924 375 illa,
938 341 1039 370 invisat

249 391 297 411 eos
311 392 366 419 quo
386 390 466 419 pacto
479 384 531 412 sibi
546 392 708 412 concessum
725 385 818 413 fuerit.

1092 296 1309 332 προϐαλλομένη,
1341 297 1389 324 καὶ
1417 295 1474 331 βίου
1491 294 1599 330 σεμνοῦ,
1627 295 1675 322 καὶ
1703 302 1882 329 μεμαρτυρη-

1094 342 1163 378 μένη
1179 341 1256 377 παρὰ
1271 341 1362 377 πάσης
1378 341 1430 376 τῆς
1445 340 1626 375 ἀδελφότητος
1638 348 1646 355 ·
1667 340 1728 374 ἥτις
1753 339 1802 366 καὶ
1823 339 1882 366 καθ’

1093 388 1212 424 ἑκάστην
1228 388 1349 424 ἑσπέραν
1370 386 1420 419 τὰς
1444 387 1519 419 κλεῖς
1532 386 1727 421 είσκομίζουσα
1747 386 1823 412 ἔσται
1850 387 1883 420 τῇ

249 431 453 467 καθηγουμένῃ.
469 432 523 458 Καὶ
537 431 598 457 οὐδὲ
614 431 684 467 αὐτὴ
698 432 761 464 τοὺς
789 432 835 459 ἐπὶ
863 433 928 460 θέαν
957 433 1043 468 αὐτῆς
1076 433 1248 468 ἀφιγμένους
1283 433 1426 467 συγγενεῖς
1448 431 1544 468 ὄψεται
1567 430 1630 457 ἄνευ
1654 430 1813 466 προτροπῆς
1835 430 1885 464 τῆς

248 478 415 513 ἡγουμένης,
426 479 561 514 ἐπιτροπῇ
576 479 604 506 δὲ
620 479 723 514 ταύτης
736 478 862 506 Θεάσεται
874 480 974 512 αὐτοὺς
997 479 1088 512 καθὼς
1099 480 1132 508 ἂν
1159 479 1337 516 ἐπιτραπείη.

286 539 372 566 Porro
389 547 444 566 non
463 539 523 566 vul't
540 539 686 574 imperium
702 547 805 573 meum,
816 547 876 567 eam
893 540 926 567 ad
938 540 1038 568 ostium

247 589 383 620 perpetuo
397 592 525 618 manere;
537 585 584 612 sed
597 586 704 617 statuit,
713 591 742 612 ut
756 585 815 620 ipsa
830 593 942 620 quoque
955 586 983 613 in
995 594 1040 614 as-

248 629 355 664 signato
379 629 523 658 domicilio
539 638 602 658 eum
618 630 763 658 sororibus
781 630 912 658 resideat.
940 630 969 659 Si
986 639 1040 666 qua

249 682 316 702 vero
332 675 483 702 necessitas
497 675 644 710 postularit
655 682 715 702 eam
732 675 765 703 ad
777 675 879 702 ostium
898 675 1041 708 accedere,

249 729 347 756 nempe
362 729 377 749 a
393 721 582 749 tintinnabula
601 721 735 749 monitam
751 729 781 749 se
809 721 843 749 ad
867 721 970 749 ostium
994 730 1042 750 vo-

249 767 409 802 cari,jussu
432 767 568 802 praefecte
590 767 741 800 abscedet;
768 773 797 795 et
831 767 878 795 ubi
908 766 1041 800 cilicium,

250 812 436 847 quodcunque
456 813 523 840 illud
545 813 640 846 fuerit,
656 814 822 849 impleverit,
838 821 933 842 rursus
949 813 1043 850 ingre-

252 858 355 890 dietur,
367 863 467 886 etcum
482 859 588 886 ceteris
603 860 719 887 sedebit.

529 971 642 999 CAPUT
662 971 746 999 XXX.

253 1028 359 1062 Quanta
391 1033 508 1064 tempore
534 1029 562 1056 in
582 1030 744 1056 monasterio
777 1036 928 1065 exspectare
950 1031 1044 1058 debeat

323 1073 381 1100 qua:
411 1065 571 1092 extrinsecus
588 1065 703 1097 advenit,
730 1069 754 1092 et
773 1066 876 1093 tonderi
888 1066 971 1094 debet.

288 1169 355 1204 Quae
367 1169 474 1198 tonderi
489 1169 602 1202 debent,
614 1173 642 1197 et
656 1168 802 1197 deﬁnitum
815 1169 977 1198 monialium
990 1178 1044 1198 nu-

255 1223 361 1243 merum
378 1215 504 1250 implere,
533 1215 556 1243 si
575 1215 686 1250 quidem
702 1215 841 1244 voluerint
852 1216 986 1252 deposilis
997 1225 1045 1244 ca-

254 1263 338 1297 pillis,
351 1261 517 1290 obedientize
538 1262 745 1294 vestimentum,
758 1267 786 1290 et
804 1262 940 1298 mandyan
956 1263 1045 1290 solum

255 1309 382 1340 induere.
411 1316 459 1336 sex
479 1307 619 1336 mensium
642 1313 751 1344 tempus
777 1309 990 1344 exspectabunt.
1016 1310 1044 1337 Si

255 1361 323 1381 vero
338 1354 487 1382 familiares
501 1354 638 1389 quedam,
648 1358 677 1382 et
691 1354 863 1382 honestiores
886 1354 999 1386 fuerint.
1014 1363 1047 1383 ac

257 1400 344 1436 probe
366 1400 470 1428 sciatur
484 1401 580 1436 quales
594 1400 649 1428 vita
667 1401 732 1434 sint,
754 1401 970 1436 monasteriique
990 1401 1047 1429 dis-

257 1447 388 1482 eiplinam
405 1453 433 1475 et
447 1447 605 1475 institutum
617 1447 776 1475 nullatenus
786 1447 986 1482 ignoraverint,
998 1447 1046 1475 ubi

258 1492 386 1527 praetecta
409 1497 628 1521 consentaneum
652 1492 799 1528 iudicabit,
832 1494 910 1529 juxta
931 1492 1046 1521 formam

259 1537 461 1566 tondebuntur.

1127 539 1266 574 Διηνεκῶς
1282 539 1375 574 μέντοι
1388 538 1555 574 προσμένειν
1569 536 1654 571 αὐτὴν
1669 537 1698 563 ἐν
1712 536 1752 572 τῷ
1766 537 1883 571 πυλῶνι,

1090 585 1121 612 οὒ
1140 585 1266 621 βούλεται
1283 585 1299 620 ἡ
1318 584 1444 620 βασιλεία
1463 592 1526 619 μου,
1539 583 1608 611 ἀλλὰ
1621 583 1758 618 καθῆσθαι
1772 585 1821 610 καὶ
1833 585 1884 612 αὖ·

1091 632 1139 668 τὴν
1153 632 1182 658 ὲν
1197 631 1237 665 τῷ
1252 630 1438 666 ἀφωρισμένῳ
1451 629 1566 665 οἰκίσκῳ
1581 629 1651 665 μετά
1668 629 1720 665 τῆς
1739 629 1887 665 ἀδελφότη-

1093 686 1149 710 τος,
1161 677 1319 713 διορίζεται.
1338 677 1372 704 Et
1381 685 1423 709 τις
1435 677 1464 704 δὲ
1477 676 1557 712 χρεία
1570 677 1684 711 γένηται
1698 676 1886 712 παραϐάλλειν

1092 723 1196 759 ταύτην
1209 724 1239 750 ἐν
1253 723 1292 758 τῷ
1307 723 1412 750 πυλῶνι
1429 721 1654 757 ἀναδιδαχθεῖσαν
1669 722 1714 748 διὰ
1727 722 1780 749 τοῦ
1797 722 1888 750 κὼδωο

1093 778 1150 801 νος,
1166 769 1209 796 ὅτι
1228 768 1338 796 καλοῖτο
1358 768 1427 803 πρὸς
1451 768 1498 795 τὸν
1518 767 1643 798 πυλῶνα.
1664 767 1814 801 προστάξει
1838 767 1887 802 τῆς

1094 815 1307 851 καθηγουμένης
1337 814 1538 846 ἀπελεύσεται,
1569 814 1617 840 καὶ
1648 814 1698 849 τὴν
1729 813 1886 846 διακονίαν,

1094 861 1175 888 ὁποία
1198 861 1276 893 ἐστὶ,
1311 860 1494 896 πληρώσασα,
1523 859 1708 887 εἰσελεύσεται
1733 858 1813 892 αὖθις
1843 861 1888 888 καὶ

1096 906 1352 942 συγκαθεσθήσεται
1365 907 1425 938 ταῖς
1440 906 1560 938 λοιπαῖς.

1403 974 1530 1002 ΚΕΦΔΛ.
1560 974 1600 1002 Λ¹.

1097 1033 1167 1067 Περὶ
1192 1033 1256 1078 {of}.
1272 1033 1386 1078 :rdg’grn
1397 1033 1511 1078 xpdr'or
1530 1033 1582 1074 ῥεῖ
1605 1033 1790 1078 περιθεῖν-εγ.
1801 1034 1836 1061 ἐν
1854 1033 1890 1068 τῇ

1129 1068 1211 1131 ﬁeri}
1226 1068 1285 1129 ἳὴν
1299 1068 1422 1130 ἔξωθεν
1448 1068 1619 1101 εἰσιοῦσαν,
1637 1068 1688 1096 καί
1709 1070 1888 1104 μέλλουσαν

1153 1112 1229 1130 ποκε
1238 1111 1298 1138 ρεσ
1317 1113 1358 1131 αι.

1133 1170 1168 1197 Δί
1182 1178 1215 1204 γε
1232 1169 1286 1205 μὴν
1301 1169 1498 1204 ἀποκείρεσθαι
1517 1169 1677 1205 μέλλουσαι,
1695 1169 1744 1196 καὶ
1765 1170 1812 1196 τὸν
1825 1170 1889 1205 dipt-

1099 1217 1199 1251 σμένον
1220 1215 1276 1243 τῶν
1293 1215 1420 1250 μοναχῶν
1445 1214 1622 1250 ἀναπληροῦν
1641 1215 1769 1250 ἀριθμὸν,
1791 1217 1816 1242 εξ
1843 1216 1889 1250 μὲν

1099 1262 1252 1297 βούλονται,
1269 1261 1318 1293 τὰς
1339 1262 1436 1297 τρίχας
1452 1261 1631 1295 ἀποθέμεναι,
1645 1262 1675 1288 τὸ
1691 1262 1741 1296 τῆς
1753 1262 1889 1296 ain-auri};

1101 1308 1212 1343 ἱμάτιον
1229 1308 1277 1335 καὶ
1299 1307 1345 1334 τον
1363 1307 1485 1342 μανδύαν
1502 1307 1559 1343 (19)
1579 1307 1660 1342 μόνον
1677 1308 1888 1339 ἐπενδύσασοαι,

1098 1351 1279 1388 περιμενοῦσι
1299 1352 1345 1379 τὸν
1359 1353 1538 1388 ἑξαμηνιαῖον
1561 1353 1668 1387 καιρόν.
1687 1353 1719 1380 Et
1733 1352 1762 1379 δὲ
1778 1362 1811 1385 γε
1831 1362 1889 1379 συν-

1099 1399 1176 1434 ήθεις
1203 1399 1287 1431 τινὲς,
1303 1399 1352 1425 καὶ
1364 1398 1419 1426 τῶν
1433 1398 1654 1434 άξιολογωτέρων
1667 1400 1839 1433 τυγχάνοιεν,
1855 1400 1890 1431 ὼς

1099 1444 1180 1472 αὐταί
1202 1453 1232 1471 τε
1254 1444 1487 1478 ὲπιγινώσκεσθαι
1504 1445 1596 1471 ὁποῖαι
1614 1444 1662 1471 τὸν
1677 1445 1735 1480 βίον
1761 1446 1827 1478 stat,
1845 1446 1890 1472 καὶ

1099 1491 1150 1526 τὴν
1162 1490 1210 1518 τοῦ
1229 1490 1414 1526 μοναστηρίου
1430 1489 1570 1526 διαγωγὴν
1584 1490 1632 1516 καὶ
1653 1491 1825 1518 κατάστασιν
1840 1500 1890 1526 μη-

1099 1536 1194 1571 δαμῶς
1218 1536 1338 1570 ἀγνοεῖν,
1365 1536 1411 1562 ὅτε
1435 1537 1525 1571 κρινεί
1549 1537 1566 1571 ἡ
1591 1536 1730 1572 ἡγουμένη
1754 1537 1891 1572 συμφέρτν

1100 1581 1183 1616 εἷναι,
1202 1582 1272 1609 κατά
1288 1582 1340 1609 τὸν·
1349 1582 1435 1609 τύπον
1451 1582 1684 1618 ἀποκαρὴσονται.

295 1637 361 1670 Quae
384 1645 451 1665 vero
461 1637 587 1665 habitum
598 1641 724 1664 sanctum
733 1637 767 1664 ab
778 1637 837 1672 ipsa
851 1637 929 1665 indui
941 1638 1046 1669 volunt,

1138 1639 1171 1666 Δί
1185 1639 1214 1666 δὲ
1234 1638 1397 1674 βουλόμεναι
1417 1639 1447 1666 τὸ
1459 1639 1538 1673 ἅγιον
1555 1639 1649 1674 σχῆμα
1665 1639 1695 1672 ἐξ
1715 1640 1801 1674 αὐτῆς
1815 1640 1891 1666 ἐπιν-

259 1687 282 1714 si
298 1685 410 1720 quidem
422 1685 474 1720 pia:
486 1685 620 1712 mulieres
635 1684 749 1717 fuerint,
763 1688 792 1712 et
811 1684 895 1712 vitam
917 1685 1050 1712 monasti-

260 1738 321 1758 cam
335 1731 364 1758 in
378 1729 504 1758 saeculari
520 1730 618 1758 habitu
635 1730 762 1765 degerint
781 1739 788 1757 :
805 1738 894 1765 neque
906 1731 972 1766 ipsae
983 1738 1050 1766 pro-

261 1777 382 1804 bationis
399 1782 509 1811 tempus
532 1776 744 1811 exspectabunt.
768 1784 868 1812 nempe
885 1777 1048 1809 triennium,

260 1823 334 1858 quod
354 1823 442 1851 sancti
455 1823 549 1850 Patres
566 1822 601 1850 ad
618 1823 839 1858 experimentum
859 1827 888 1851 et
912 1823 1051 1858 probatio-

260 1877 336 1902 nem,
351 1869 385 1897 iis
398 1877 459 1904 quae
473 1870 554 1897 aliam
569 1870 653 1898 vitam
666 1870 808 1902 duxerint,
832 1870 966 1898 canonice
983 1870 1051 1897 deii-

260 1916 350 1945 niere.
378 1915 432 1943 Sed
458 1916 491 1943 ad
517 1921 601 1944 totam
632 1916 835 1951 probationem,
849 1923 897 1944 sex
912 1916 1050 1944 mensium

262 1966 371 1997 tempus
384 1962 450 1998 ipsis
462 1962 528 1990 satis
539 1962 603 1993 erit,
621 1967 741 1997 tuncque
761 1966 885 1997 optatum
903 1969 1052 1997 assequen-

262 2012 319 2040 tur,
335 2013 366 2036 ut
379 2016 395 2036 a
410 2009 512 2036 sanctis
526 2008 654 2036 Patribus
664 2008 807 2036 decretum
821 2013 874 2037 est.
893 2008 923 2036 Si
935 2016 1001 2037 vero
1017 2017 1051 2037 ex

263 2054 454 2090 ignorantibus
478 2058 506 2081 et
529 2054 630 2089 ignotis
653 2054 766 2086 fuerint,
779 2059 925 2090 postquam
948 2055 1054 2082 hebdo-

262 2100 370 2128 madam
385 2107 467 2127 unam
482 2099 590 2127 dierum
601 2100 628 2126 in
639 2100 805 2127 monasterio
820 2100 1052 2135 exspectaverint,

263 2146 424 2174 monasticis
443 2145 618 2173 vestimentis
647 2145 809 2175 induentnr.
838 2150 866 2173 et
895 2145 1053 2173 ministrare

261 2193 345 2228 jnssa:
363 2193 390 2219 in
407 2191 554 2226 assignatis
567 2192 646 2226 juxta
664 2191 739 2218 vires
762 2191 870 2223 olIiciis,
893 2199 943 2226 per
967 2192 1053 2219 trien-

263 2237 342 2266 nium
356 2236 384 2264 in
398 2236 568 2264 monasterio
591 2236 810 2271 perseverabunt
825 2245 832 2263 :
846 2243 899 2264 nec
910 2243 1009 2272 magno
1025 2243 1054 2264 et

263 2284 388 2320 angelico
402 2283 498 2311 habitu
517 2283 706 2315 donabuntur,
719 2283 807 2311 donec
821 2283 932 2311 triennii
946 2287 1054 2318 tempus
1070 2300 1091 2329 υ

263 2331 298 2358 ad
317 2339 412 2359 earum
428 2330 648 2366 experimentum
661 2330 818 2358 absolutum
833 2329 927 2362 fuerit,
950 2334 978 2356 et
991 2337 1053 2363 spe-

265 2382 354 2406 ctatas
374 2377 448 2412 ipsas
476 2381 606 2412 tantaque
621 2376 677 2404 vita
705 2376 803 2412 dignas
822 2376 1050 2404 manifestaverit.

265 2423 324 2452 Hoc
334 2425 406 2452 enim
417 2428 527 2459 tempus
542 2423 681 2458 obtinere,
697 2423 760 2450 lata).
772 2423 806 2450 de
820 2423 874 2451 illis
889 2423 963 2458 leges
985 2422 1055 2450 deﬂ-

265 2472 379 2499 nierunt
392 2481 399 2499 :
415 2471 467 2499 nisi
481 2470 572 2506 gravis
587 2470 699 2506 quidam
713 2470 826 2498 morbus
837 2471 965 2498 accidens
985 2475 1054 2498 tem-

265 2526 317 2554 pus
331 2518 503 2553 probationis
518 2517 683 2546 contrahere
698 2517 828 2553 coegerit.

1102 1684 1235 1711 δύσασθαι
1248 1691 1257 1699 ⁸
1274 1685 1299 1711 εί
1323 1684 1373 1719 μὶν
1394 1683 1451 1710 είεν
1472 1684 1603 1718 γυναῖκες
1625 1683 1762 1716 εὐλαϐεῖς,
1785 1685 1834 1712 καὶ
1848 1684 1891 1711 τὺν

1104 1730 1252 1766 μοναχικδν
1264 1730 1322 1766 βίον
1335 1731 1363 1757 ὲν
1379 1730 1506 1765 κοσμικῷ
1517 1730 1676 1759 διανύουσαι
1691 1731 1823 1766 σχήματι,
1839 1731 1891 1758 οὐδ’

1107 1776 1188 1804 αὐταὶ
1200 1775 1379 1812 περιμενοῦσι
1394 1776 1440 1804 τὸν
1451 1776 1501 1811 τῆς
1516 1776 1679 1812 δοκιμασίας
1691 1777 1799 1812 καιρὸν,
1815 1785 1892 1804 τουτ-

1104 1823 1162 1850 έστι
1186 1823 1236 1860 τὴν
1260 1823 1383 1858 τριετίαν
1399 1823 1467 1859 (20),
1494 1824 1528 1858 ἢν
1553 1823 1578 1850 οἱ
1598 1823 1673 1857 ἃγιοι
1702 1823 1826 1859 Πατέρες
1853 1824 1893 1855 είς

1104 1870 1204 1905 πεῖραν
1223 1870 1271 1896 καὶ
1296 1869 1469 1905 δοκιμασίαν¹
1487 1871 1547 1901 ταῖς
1571 1870 1660 1902 ἄλλως
1683 1870 1810 1905 ἐχούσαις
1823 1871 1893 1897 κατά

1103 1915 1150 1942 τὺν
1167 1915 1233 1950 βίον,
1252 1915 1404 1948 καωνικῶς
1420 1916 1611 1950 ἀφωρίσαντο·
1624 1917 1683 1943 ἀλλ’
1702 1917 1818 1952 ἀρκέσει
1831 1917 1893 1943 ταύ-

1104 1969 1166 1993 ταις
1193 1963 1232 1993 εἰς
1248 1961 1402 1997 ἀπόπειραν
1432 1961 1565 1997 παντελῆ,
1597 1962 1645 1989 καὶ
1672 1963 1687 1989 ό
1717 1962 1893 1998 ἑξαμηνιαίος

1105 2009 1210 2044 χρόνος,
1239 2009 1287 2035 καὶ
1314 2007 1346 2034 τὸ
1372 2007 1524 2042 τηνικαῦτα
1549 2007 1689 2040 τεύξονται
1713 2008 1761 2034 τοῦ
1786 2008 1892 2041 ἐφετοῦ.

1105 2054 1196 2086 καθὼς
1210 2054 1257 2081 καὶ
1281 2054 1338 2085 τοῖς
1353 2053 1442 2088 ἁγίοις
1465 2054 1589 2089 Πατρὰσι
1614 2054 1800 2089 διηγόρευται.
1816 2055 1847 2081 ει
1866 2052 1894 2081 δὲ

1105 2099 1159 2126 τῶν
1181 2098 1336 2132 ἀγνοονσῶν
1365 2107 1395 2125 τε
1426 2099 1473 2126 καὶ
1500 2099 1694 2134 ἀγνοουμένων
1723 2100 1893 2133 τυγχάνοιεν,

1106 2145 1242 2180 ἑϐδομάδα
1257 2146 1323 2179 μίαν
1334 2145 1447 2180 ἡμερῶν
1508 2146 1576 2181 μονῇ
1594 2146 1800 2180 περιμείνασαι,
1819 2154 1893 2178 περι-

1107 2190 1252 2217 ϐαλοῦνται
1278 2191 1311 2217 τὰ
1329 2191 1466 2226 μοναχικὰ
1490 2191 1662 2226 περιϐόλαια,
1679 2191 1727 2219 καὶ
1749 2191 1895 2226 ὑπηρετεῖν

1107 2237 1136 2263 ὲν
1149 2238 1210 2268 ταῖς
1222 2236 1293 2263 κατά
1305 2237 1420 2272 δύναμιν
1430 2237 1579 2269 διακονίαις
1592 2238 1805 2273 ἑπιταττόμεναι
1817 2246 1895 2273 προσ-

1108 2285 1309 2320 καρτερήσονσι
1328 2286 1362 2320 τῇ
1391 2286 1459 2320 μονῇ
1479 2285 1620 2320 τριετίαν·
1641 2286 1689 2312 τοῦ
1707 2286 1829 2321 μεγάλου
1850 2286 1894 2313 καὶ

1107 2331 1254 2365 ἀγγελικοῦ
1283 2331 1425 2367 σχήματος
1442 2331 1498 2367 (21)
1520 2332 1558 2368 μὴ
1583 2333 1809 2368 καταξιούμεναι,
1832 2334 1894 2368 πρὶν

1106 2376 1140 2403 ἀν
1154 2377 1169 2403 ὁ
1191 2376 1242 2411 τῆς
1255 2377 1376 2412 τριετίας
1394 2378 1489 2412 χρόνος
1511 2379 1606 2410 αὐταῖς
1622 2378 1710 2414 ἀφεθῇ
1731 2379 1772 2410 εἰς
1781 2380 1893 2414 ’πεῖραν,

1106 2423 1154 2449 καὶ
1168 2423 1297 2458 δοκίμους
1308 2424 1393 2456 αὐτὰς
1408 2424 1456 2450 καὶ
1471 2424 1551 2457 ἀξίας
1564 2425 1614 2460 τῆς
1625 2423 1794 2459 τηλικαύτης
1806 2423 1894 2459 βιοτῆς

1106 2470 1285 2504 παραστήσῃ.
1303 2469 1405 2496 Τοῦτον
1418 2470 1472 2505 γὰρ
1485 2469 1531 2496 τὸν
1549 2470 1646 2506 καιρὸν
1665 2472 1789 2505 κρατεῖν,
1805 2471 1852 2496 καὶ
1868 2469 1894 2496 αἱ

1105 2517 1153 2542 ἐπὶ
1170 2517 1284 2548 ταύταις
1307 2517 1432 2552 κείμεναι
1450 2515 1589 2548 διατάξεις
1609 2516 1766 2552 ὡρίσαντο·
1787 2515 1857 2551 πλὴν
1872 2514 1895 2540 ει

1109 2563 1146 2598 μή
1163 2562 1215 2589 πού
1237 2571 1279 2594 τις
1302 2562 1400 2598 βαρεῖα
1424 2563 1620 2598 προσπεσοῦσα
1644 2563 1721 2594 νόσος
1737 2563 1784 2589 τὸν
1801 2562 1894 2597 χρόνον

1107 2609 1260 2643 ἀναγκάσοι
1272 2609 1437 2644 συσταλῆναι
1449 2610 1498 2645 τῆς
1513 2609 1686 2645 δοκιμασίας.

897 2688 1123 2720 Monti‘auconii
1153 2693 1248 2720 notae.

302 2777 360 2812 (l9)
375 2776 529 2812 Μανδγύαν.
543 2775 590 2812 Est
605 2781 691 2812 genus
705 2774 873 2812 vestimenti,
887 2775 920 2802 ab
930 2775 1053 2812 numeris

267 2809 400 2847 ad'pedes
418 2809 725 2847 deﬂuelttis,quod_non
735 2810 823 2847 solum
837 2810 1052 2847 niotiacltis._sed

268 2853 296 2874 et
316 2844 453 2881 episcopis
467 2846 529 2873 usui
550 2850 632 2881 erat:
651 2844 686 2872 dc
708 2852 763 2881 quo
785 2845 901 2878 Goarus,
922 2845 949 2872 in
974 2845 1052 2881 Notis

268 2882 301 2908 ad
329 2880 539 2916 Euchblogium,
569 2880 627 2908 l'use
648 2885 676 2908 ct
689 2880 798 2908 erudite
819 2887 869 2908 suo
893 2887 968 2908 more
993 2880 1051 2908 dis-

270 2921 357 2950 putat.

1143 2774 1198 2809 (20)
1208 2775 1245 2802 De
1253 2774 1365 2815 deﬁnita
1378 2774 1490 2802 triennii
1502 2774 1676 2815 probatione,
1687 2773 1751 2815 vide
1760 2773 1891 2815 Joannem

1107 2809 1241 2837 Zonaram
1261 2809 1296 2838 ad
1308 2817 1441 2838 canonem
1466 2809 1595 2845 quintum
1626 2809 1724 2845 synodi
1759 2809 1854 2844 prima:
1865 2811 1893 2834 et

1107 2846 1250 2915 “$3173;
1266 2879 1356 2913 magni
1373 2884 1401 2907 et
1415 2878 1530 2915 angelici
1544 2879 1654 2909 habitus
1677 2879 1852 2915 susceptione
1864 2880 1892 2905 et

1105 2915 1165 2949 ejus
1180 2915 1279 2950 cilicio,
1294 2915 1351 2943 vide
1363 2915 1575 2951 Euchologium.
