2023 3164
439 245 565 273 ΚΕΦΔΛ.
582 245 640 274 AA'
649 265 658 280 ε

159 289 228 325 Περὶ
247 290 301 318 τοῦ
319 291 404 329 τίνας
427 290 477 317 δεῖ
486 291 732 329 ῥποστέ.],λεσθαι
749 293 795 326 εις
815 293 874 329 τὴν
893 294 953 322 τῶν

300 325 457 361 κτημάτων
468 325 521 361 τῆς
539 327 638 362 μονῆς
653 325 811 362 πρόνοιαν.

196 383 228 410 Οί
237 382 266 410 δέ
279 391 311 418 γε
323 382 552 418 ἀποστελλόμενοι
561 384 602 415 εἰς
611 383 661 421 τὴν
673 384 729 411 τῶν
741 386 890 421 κτημάτων
904 386 956 422 τῆς

163 430 247 466 μονῆς
266 429 406 465 πρόνοιαν,
421 430 458 465 μὴ
477 429 522 457 διὰ
533 430 708 465 συγγένειαν,
724 431 741 468 ἢ
757 432 922 469 οικειότητα,
937 432 954 469 ἢ

161 476 259 511 ἑτέραν
274 476 336 502 τινὰ
356 477 486 512 τοιαύτην
508 476 599 503 αἰτίαν
617 477 851 513 προτιμᾶσθωσαν
863 487 870 494 ·
887 479 956 506 ἀλλά

163 520 266 556 πολλὴν
279 521 407 556 φροντίδα
419 521 601 553 τιθέσθωσαν,
612 521 630 557 ἦ
645 530 675 548 τε
687 523 892 560 καθηγουμὲνη,
907 524 955 551 καὶ

162 567 177 593 ὁ
191 567 263 593 κατὰ
277 567 392 602 καιροὺς
407 567 561 602 οἰκονόμος,
577 568 718 604 εὑρίσκειν
737 569 899 605 ἀνθρώπους
912 570 956 597 εὕ-

163 612 349 648 υπολήπτους,
373 613 421 640 καὶ
443 613 610 648 όλιγαρκετς,
635 614 828 648 ἀναπαύοντας
843 616 893 651 μὲν
908 616 956 644 καὶ

163 659 229 692 τοὺς
249 660 279 686 ὲν
301 660 359 691 τοῖς
379 659 516 695 κτήμασι,
541 660 588 687 καὶ
604 660 719 696 μηδενὸς
744 662 956 698 νοσφιζομένους

164 705 221 732 τῶν
236 707 269 740 τῇ
287 706 354 741 μονῇ
379 705 546 741 ἀνηκόντων,
566 706 664 742 πεῖράν
679 716 709 734 τε
730 707 842 743 ἔχοντας
859 709 899 741 εἰς
922 708 957 736 τὰ

163 752 317 787 γεωργικά.
333 751 390 787 Τῆς
405 751 433 778 δὲ
445 751 550 779 τούτων
565 753 747 789 ἀποστολῆςὴ
762 753 955 790 καθηγουμένη

163 797 222 830 ἔξει
239 799 289 832 τὴν
308 797 447 831 ἐξουσίαν,
471 798 603 832 ὡσαύτως
620 800 668 826 καὶ
688 800 738 835 τῆς
758 799 894 836 διαδοχῆς,
911 801 957 827 ὅτε

163 843 301 880 εὐρεθοῖεν
334 843 495 880 [εὑρεθεῖεν]
532 845 582 881 τῆς
618 845 766 881 ὀρθότητος
802 846 956 882 ἐκτραπέν-

162 898 220 922 τες,
237 889 284 922 οὒς
297 891 400 925 ὀφείλει
422 892 436 918 ὁ
456 892 600 926 οἰκονόμος
616 892 728 928 ὲφορᾷν,
749 893 794 919 ὅτε
815 892 892 928 παρὰ
906 894 956 929 τῆς

877 195 1055 228 TYPICUM.

1289 257 1402 287 CAPUT
1418 259 1514 288 XXXI.

1009 299 1123 333 Quinam
1140 301 1176 328 ad
1192 303 1312 332 curanda
1325 308 1478 334 monasterii
1489 308 1590 343 ργασία
1602 310 1721 339 mittendi
1734 314 1785 340 sint

1041 389 1093 424 Qui
1106 390 1140 418 ad
1156 391 1259 427 praedia
1274 396 1433 423 monasterii
1448 399 1575 425 curanda
1591 400 1750 434 mittuntur,
1763 411 1796 430 ne

1005 434 1147 464 aﬂinitatis
1162 444 1211 465 seu
1223 438 1418 469 familiaritatis
1431 443 1529 477 gratia,
1542 449 1589 471 aut
1603 445 1639 471 ob
1650 448 1796 480 quamdam

1006 482 1088 509 aliam
1107 483 1227 512 similem
1243 493 1355 514 causam
1380 493 1556 523 cooptentur.
1586 489 1639 518 Sed
1672 500 1797 527 magnam

1006 528 1222 558 sollicitudinem
1243 537 1339 567 gerant
1363 534 1503 568 pra-recta,
1525 541 1553 563 et
1569 536 1642 564 illius
1665 539 1798 573 temporis

1007 581 1181 608 (economus,
1197 585 1253 612 quo
1283 579 1409 608 homines
1436 583 1576 617 reperiant
1601 584 1648 618 qui
1665 584 1710 611 vili
1728 593 1798 612 con-

1007 620 1070 648 duci
1087 622 1204 656 possint,
1233 623 1361 659 frugales.
1385 626 1432 661 qui
1462 628 1612 657 cohibeant
1639 637 1687 657 eos
1706 631 1752 665 qui
1771 631 1797 658 in

1008 667 1119 702 pradiis
1130 674 1294 703 versantur;
1316 671 1384 698 nihil
1411 680 1505 700 rerum
1526 676 1687 703 monasterii
1705 677 1799 704 subri-

1007 713 1126 748 picntes,
1141 715 1317 750 agriculturae
1335 718 1450 752 peritos.
1467 719 1522 747 llos
1535 721 1662 748 mittendi
1679 728 1799 756 potesta-

1009 763 1063 787 tem
1077 760 1191 789 habebit
1202 763 1340 797 praetecta,
1356 765 1486 792 similiter
1503 770 1532 793 et
1553 766 1728 800 immutandi,
1750 769 1799 797 ubi

1007 814 1022 833 a
1038 807 1174 842 probitate
1203 808 1376 838 declinantes
1393 811 1559 846 deprehensi
1584 813 1688 841 l'uerint
1707 823 1714 847 ;
1728 823 1799 849 quos

1008 852 1092 881 debet
1104 861 1266 883 meonomus
1280 856 1439 890 observare.
1451 865 1514 885 cum
1527 866 1542 885 a
1558 859 1686 893 praefecti:
1698 860 1799 887 missus

1008 899 1102 933 fuerit,
1115 901 1283 930 inclusiones
1297 903 1484 938 inspecturus.
1509 913 1571 932 cum
1590 905 1798 941 inspectoribus

163 936 320 971 ἡγουμένης
344 937 484 972 πεμφθείη
507 938 568 970 τοὺς
590 938 792 974 συγκλεισμοὺς
815 939 952 966 ἐποπτεύ-

1009 946 1142 974 rationem
1165 948 1297 982 initurus,
1321 954 1349 977 et
1372 950 1465 978 omnia
1484 955 1514 978 ut
1537 952 1798 980 convcuitadmini-

166 990 232 1015 σων,
251 983 373 1014 καὶτοὺς
391 983 588 1016 ὲπισκεπτίτας
605 985 787 1022 λογαριάσων,
803 985 851 1013 καὶ
868 986 957 1014 πάντα

166 1028 281 1061 δεόντως
293 1029 494 1065 οῑκονομήσων.

447 1088 575 1116 ΚΕΦΑΔ.
595 1087 650 1116 AB’
660 1108 668 1116 .

163 1133 232 1168 Περὶ
251 1133 434 1167 ἀκολουθίας
457 1134 587 1177 πρώτης,
613 1135 718 1170 τρίτης
738 1144 771 1162 τε
797 1145 846 1163 και
866 1145 957 1171 εκτης

517 1179 606 1204 ωρας.

205 1223 289 1250 ’Δλλὰ
305 1224 389 1260 μέχρι
411 1224 509 1252 τούτου
539 1225 604 1261 περὶ
629 1224 732 1252 τούτων
757 1225 955 1261 διαλεχθέντες,

165 1270 245 1305 φέρε,
263 1271 328 1306 περὶ
350 1271 400 1306 τῆς
427 1271 661 1307 ἑκκλησιαστικῆς
685 1272 779 1299 λοιπὸν
794 1272 956 1304 ἀκολουθίας

163 1316 352 1351 διαληψόμεθα
364 1324 373 1334 ·
387 1317 434 1344 καὶ
448 1317 493 1344 ἵνα
507 1326 540 1351 γε
553 1318 608 1345 ἀπὸ
626 1319 715 1353 φωτὸς
725 1318 885 1354 ἀρξώμεθα,
902 1318 957 1346 ἀπὸ

164 1363 216 1397 τῆς
229 1363 342 1398 πρώτης
358 1364 492 1398 ἡμερινῆς
507 1363 584 1398 ὥρας
595 1364 645 1399 τὴν
655 1365 743 1400 ἀρχὴν
758 1364 936 1400 ποιησώμεθα
946 1372 954 1380 ·

163 1409 210 1435 τὸν
233 1408 300 1435 Θεδν
319 1409 391 1436 κατά
414 1409 494 1436 τοῦτο
522 1409 699 1445 μιμούμενοι,
718 1411 767 1446 τῆς
791 1410 837 1437 τοῦ
853 1411 956 1446 κόσμου

166 1455 323 1486 συστάσεως
347 1454 400 1480 ἀπὸ
419 1455 468 1489 τῆς
488 1454 536 1481 τοῦ
557 1455 647 1489 φωτὸς
665 1456 848 1491 δημιουργίας
873 1456 957 1492 ἀρξά-

167 1509 258 1537 μενον.
276 1501 354 1528 Μετὰ
367 1500 458 1527 τοίνυν
476 1501 527 1536 τὴν
542 1501 742 1536 συμπλήρωσιν
757 1501 806 1536 τῆς
826 1501 957 1537 όρθρινῆς

166 1547 330 1582 δοξολογίας,
347 1547 388 1574 δεῖ
406 1546 554 1574 συνάπτειν
577 1548 651 1582 ἡμᾶς
674 1548 724 1583 τὴν
752 1547 864 1583 πρώτην
881 1548 956 1583 ὥραν

1008 997 1094 1022 stratu
1099 1002 1154 1023 rus.

1174 1092 1191 1118 /
1278 1093 1392 1123 CAPUT
1412 1095 1522 1124 XXXII.

1104 1140 1143 1168 De
1154 1141 1236 1176 οθῑείο
1255 1142 1357 1176 primm,
1377 1143 1462 1170 tertiw
1477 1146 1501 1169 et
1514 1147 1596 1171 sextae
1612 1144 1694 1172 hom.

1044 1227 1097 1255 Sed
1112 1231 1257 1262 postquam
1273 1227 1307 1254 de
1322 1227 1365 1254 his
1374 1227 1511 1256 hactenus
1525 1228 1719 1259 disseruimus.
1734 1238 1796 1264 age.

1007 1273 1042 1301 de
1052 1273 1240 1300 ecclesiastico
1261 1272 1392 1307 deinceps
1419 1273 1509 1301 oﬂicio
1532 1274 1674 1305 dicamus;
1688 1279 1715 1302 et
1737 1280 1797 1302 uta

1007 1319 1069 1347 luce
1084 1319 1259 1354 incipiamus.
1275 1327 1290 1346 a
1316 1319 1404 1353 prima
1423 1319 1491 1346 hora
1507 1319 1609 1346 diurna
1624 1319 1734 1346 initium
1748 1320 1797 1346 du.

1007 1373 1116 1397 camus,
1127 1365 1156 1392 in
1171 1365 1225 1393 hoc
1236 1365 1321 1392 Deum
1343 1365 1496 1398 imitantes,
1517 1365 1564 1400 qui
1581 1366 1676 1392 mundi
1692 1367 1798 1393 consti—

1009 1411 1143 1440 tutionem
1158 1419 1174 1439 a
1186 1411 1258 1439 lucis
1271 1411 1412 1439 creatione
1427 1411 1578 1438 inchoavit.
1589 1410 1732 1446 Completa
1746 1412 1799 1438 ita-

1008 1466 1062 1494 que
1078 1457 1213 1486 matutina
1241 1457 1346 1491 Laude,
1377 1457 1568 1493 subjungenda
1592 1458 1674 1485 nobis
1698 1463 1741 1486 est
1764 1459 1799 1486 de

1008 1512 1084 1532 more
1099 1504 1186 1540 prima
1205 1504 1284 1535 hora,
1303 1503 1332 1531 in
1346 1505 1426 1540 cujus
1447 1503 1502 1531 ﬁne
1518 1503 1636 1531 dicenda
1659 1504 1716 1532 haec
1736 1512 1799 1531 ora-

1010 1551 1048 1578 tio
1066 1560 1073 1578 ε
1092 1560 1101 1577 ι
1125 1551 1177 1584 Qui
1198 1551 1226 1578 in
1249 1551 1329 1588 omni
1353 1556 1477 1586 tempore
1499 1554 1527 1578 et
1546 1550 1620 1578 omni
1637 1551 1716 1578 hera.
1739 1560 1748 1577 ι
1765 1551 1800 1579 Et

167 1594 238 1622 κατὰ
251 1595 281 1620 τὸ
297 1593 512 1628 συνειθισμένον,
530 1593 579 1620 καὶ
597 1593 645 1620 ἐπὶ
657 1593 696 1628 τῷ
709 1593 781 1620 τέλει
795 1594 898 1629 ταύτης
911 1593 955 1621 λέ-

1009 1596 1232 1632 postorationem
1249 1595 1316 1623 ﬁant
1339 1601 1479 1624 consuetae
1497 1596 1714 1631 genuﬂexiones,
1727 1604 1741 1624 a
1758 1605 1800 1624 ro-

167 1640 324 1675 γεσοαιτὴν
336 1639 419 1674 εὐχὴν
430 1640 534 1672 ταύτην
545 1647 553 1655 ·
569 1649 578 1665 ι
596 1639 626 1666 '0
643 1640 673 1667 ιν
691 1641 774 1668 παντὶ
791 1640 890 1676 καιρῷ,
908 1641 955 1668 καὶ

167 1687 329 1723 πάσῃιῶρᾳ
351 1687 419 1722 (9.2).
446 1695 456 1712 ι
479 1686 535 1713 Καὶ
555 1686 626 1721 μετὰ
648 1687 699 1720 τὴν
723 1687 805 1722 εὐχὴν
832 1687 956 1721 γίνεσθαι

167 1734 218 1766 τὰς
250 1733 378 1768 συνήθεις
409 1732 604 1766 γονυκλισίας,
636 1733 696 1764 ταῖς
728 1733 778 1768 μὲν
804 1733 958 1760 δυνατωτέ-

169 1789 230 1815 ραις
253 1779 307 1806 ἀπὸ
333 1780 386 1814 γῆς
408 1779 474 1806 ἀνευ
501 1779 698 1815 προσευχαδίου
724 1778 797 1814 (‘23)°
822 1780 882 1810 ταῖς
907 1779 958 1806 ἀσ-

169 1826 342 1861 θενεστέραις
365 1825 411 1858 δὲ,
441 1825 488 1852 καὶ
514 1824 584 1861 μετά
621 1833 693 1857 τινος
717 1825 958 1860 ὑποστηρίγματος

170 1871 313 1903 ταπεινοῦ,
335 1872 382 1898 καὶ
401 1871 584 1907 βοηθήματος.
603 1871 683 1898 Ἔστι
699 1871 728 1898 δὲ
748 1872 765 1906 ὴ
789 1871 957 1906 γονυκλισία,

171 1920 311 1955 μετάνοιαι
326 1918 384 1954 (ει)
396 1918 556 1951 δεκαπέντε,
569 1915 607 1945 ὦν
629 1919 659 1945 αι
681 1918 731 1953 μὲν
756 1918 866 1953 πρῶται
883 1918 960 1953 τρεῖς

169 1965 306 1999 ὀφείλουσι
322 1964 446 1999 γίνεσθαι
465 1963 665 1999 σχολαιότερον,
683 1964 731 1990 καὶ
749 1961 805 1990 οἷον
829 1962 960 1999 βραδύτε-

172 2020 217 2047 ρον
231 2011 260 2038 ἐν
277 2019 307 2037 τε
322 2012 356 2045 τῇ
373 2010 513 2043 συστάσει,
533 2010 581 2036 καὶ
594 2010 628 2045 τῇ
644 2009 698 2036 τῶν
715 2009 838 2043 γονάτων
852 2009 939 2036 κλίσει
950 2016 958 2024 ⁸

171 2057 241 2084 ὥστε
254 2056 385 2083 δύνασθαι
398 2056 517 2090 ἑκάστην
533 2054 621 2090 ὑμῶν,
635 2054 761 2081 ἑστῶσαν
784 2054 833 2089 μὲν
848 2054 896 2080 καὶ
910 2053 960 2085 τὰς

170 2104 264 2139 χεῖρας
286 2101 471 2137 ἑκτεταμένας
496 2101 612 2136 ἔχουσαν
636 2101 726 2134 λέγειν
739 2101 913 2137 καθεκάστην
927 2102 960 2128 ὲκ

170 2149 263 2186 τρίτου
276 2149 307 2176 τό
317 2157 324 2164 ·
343 2158 352 2174 ι
374 2147 404 2175 '0
418 2147 495 2180 Θεὸς,
513 2147 637 2182 ἱλάσθητί
653 2156 699 2183 μοι
715 2148 748 2183 τῇ
761 2147 930 2183 ἁμαρτωλῷ·
947 2156 957 2173 ι

171 2194 232 2223 εἶτα
250 2195 381 2222 κλίνασαν
395 2195 430 2221 τά
448 2194 550 2229 γόνατα
564 2194 612 2221 καὶ
631 2195 682 2229 τὴν
696 2195 817 2230 κεφαλὴν
830 2194 883 2226 ἕως
897 2193 959 2229 γῆς,

171 2241 262 2277 τρίτον
282 2240 374 2275 λέγειν
398 2240 500 2275 ὁμοίως
525 2240 566 2273 τὺ,
586 2249 596 2266 ι
614 2240 758 2275 Ἦμαρτόν
782 2249 835 2272 σοι,
859 2239 958 2276 Κύριε,

1007 1641 1182 1670 bustioribus
1209 1641 1322 1676 quidem
1342 1641 1376 1668 ad
1393 1646 1494 1670 terram
1507 1642 1567 1670 sine
1576 1642 1798 1677 proseuchadio:

1007 1688 1042 1716 ab
1068 1688 1269 1715 inﬁrmioribus
1286 1695 1352 1715 vero
1365 1688 1493 1716 adhibito
1517 1688 1615 1715 humili
1637 1688 1800 1716 fulcimento

1007 1739 1036 1762 et
1048 1733 1196 1769 adiutorio.
1212 1733 1261 1761 Est
1271 1737 1363 1761 autem
1374 1733 1529 1768 genuﬂexio
1540 1734 1703 1762 reverentia
1717 1735 1799 1769 quin-

1008 1781 1109 1813 decim,
1125 1787 1243 1815 quarum
1261 1784 1318 1806 tres
1331 1780 1440 1814 priores
1454 1779 1557 1806 lentius
1574 1779 1633 1807 ﬁeri
1657 1780 1760 1807 debent
1772 1783 1802 1806 et

1008 1828 1095 1863 quasi.
1106 1827 1221 1859 tardius,
1238 1834 1302 1854 cum
1318 1826 1390 1853 inter
1403 1826 1543 1855 standum.
1560 1831 1618 1852 tum
1635 1826 1662 1852 in
1677 1833 1794 1861 genuum

1009 1873 1141 1901 ﬂexione:
1157 1877 1188 1900 ut
1203 1878 1373 1906 unaquaeque
1391 1876 1513 1898 vestrum
1536 1875 1612 1897 stans
1631 1875 1659 1897 et
1673 1870 1800 1897 manibus

1009 1918 1138 1954 expansis
1163 1917 1257 1945 dicere
1284 1917 1372 1952 possit
1405 1921 1449 1944 ter
1477 1916 1511 1944 ad
1539 1916 1671 1951 singulas,
1700 1916 1766 1942 illud
1791 1923 1799 1943 :

1014 1974 1024 1990 ι
1042 1964 1126 1996 Deus,
1147 1963 1286 1998 propitius
1312 1967 1371 1990 esto
1395 1962 1463 1989 mihi
1483 1961 1642 1997 peccatrici.
1666 1971 1675 1987 ι
1694 1960 1800 1988 Deinde

1011 2010 1124 2038 ﬂectens
1138 2016 1228 2045 genua
1243 2013 1271 2036 et
1281 2013 1364 2043 caput
1381 2016 1467 2043 usque
1486 2008 1518 2035 ad
1538 2013 1652 2039 terram,
1671 2012 1713 2035 ter
1724 2007 1802 2034 simi-

1010 2057 1074 2084 liter
1084 2056 1176 2084 dicere
1188 2055 1256 2083 illud
1274 2064 1281 2082 :
1300 2065 1309 2082 ι
1330 2055 1444 2083 Peccavi
1460 2055 1521 2087 tibi,
1544 2055 1670 2085 Domine.
1689 2054 1800 2088 ignosce

1011 2103 1090 2131 mihi.
1104 2112 1114 2130 ι
1127 2103 1162 2130 Ει
1174 2107 1230 2130 tres
1239 2101 1351 2138 quidem
1364 2101 1572 2137 genuﬂexiones
1582 2102 1622 2128 sic
1636 2109 1651 2128 a
1665 2101 1746 2128 vobis
1759 2101 1800 2128 fa-

1011 2149 1134 2180 ciendae:
1154 2148 1269 2184 reliqua:
1283 2156 1346 2175 vero
1366 2147 1513 2175 duodecim
1525 2147 1645 2175 celerius
1659 2155 1666 2174 :
1685 2151 1715 2174 ut
1731 2155 1803 2182 quaa-

1011 2195 1080 2224 libet
1092 2195 1177 2223 semel
1190 2194 1264 2222 dicat
1283 2194 1309 2222 in
1327 2201 1448 2229 genuum
1465 2193 1595 2226 ﬂexione,
1609 2197 1639 2221 et
1656 2193 1740 2220 semel
1757 2193 1802 2220 in-

1013 2246 1054 2269 ter
1081 2241 1210 2270 standum
1234 2240 1365 2276 praedicta
1395 2239 1608 2275 supplicationis
1635 2239 1729 2266 verba.
1750 2238 1804 2266 Ge-

172 2273 351 2323 συγχώρησόν
374 2273 431 2322 μοι.
449 2296 460 2314 ι
477 2287 532 2314 Καὶ
552 2286 601 2318 τὰς
627 2273 676 2322 μέν
696 2273 773 2322 τρεῖς
787 2273 956 2320 γονυκλισίας

1012 2295 1098 2314 ηιιιιιη
1115 2295 1181 2315 vero
1207 2287 1351 2317 ﬂexiones.
1372 2289 1400 2313 et
1419 2286 1577 2314 erectiones
1605 2285 1721 2317 facietis.
1747 2293 1802 2312 non

171 2334 257 2366 οὕτως
272 2335 337 2369 ὑμῖν
352 2333 491 2368 ποιητέον,
513 2333 563 2364 τὰς
584 2332 611 2359 δὲ
626 2333 723 2365 λοιπὰς
744 2333 848 2360 δώδεκα
864 2341 956 2360 συντο-

1011 2333 1059 2361 ubi
1071 2332 1305 2369 singulislibitum
1320 2332 1415 2364 fuerit,
1428 2332 1620 2368 incomposite.
1636 2336 1664 2359 et
1675 2338 1803 2366 quoquo-

174 2380 296 2415 μώτερον
306 2387 313 2395 ·
328 2381 366 2412 ὡς
383 2379 494 2414 ἐφάπαξ
508 2379 601 2413 λέγειν
621 2379 741 2413 ἑκάστην
760 2379 788 2405 ὲν
803 2380 836 2414 τῇ
849 2379 904 2405 τῶν
917 2386 956 2413 γο-

1012 2379 1095 2407 modo
1110 2390 1116 2407 :
1136 2379 1184 2407 sed
1196 2379 1275 2414 quasi
1286 2387 1371 2406 unum
1385 2386 1508 2412 corpus;
1524 2386 1580 2406 una
1598 2377 1752 2408 ﬂectentes,
1775 2381 1804 2404 et

172 2425 262 2452 νάτων
277 2424 374 2458 κλίσει,
399 2426 446 2453 καὶ
459 2426 493 2461 τῇ
508 2427 603 2453 στάσει
624 2425 700 2458 ἅπαξ
717 2425 751 2452 τὰ
775 2425 956 2462 προειρημένα

1011 2433 1066 2452 una
1089 2432 1140 2452 vos
1168 2424 1323 2459 erigentes;
1341 2423 1413 2451 duce
1428 2426 1610 2457 utrarumque
1627 2425 1737 2449 utentes
1751 2421 1804 2448 Ee-

171 2469 224 2504 τῆς
243 2469 361 2501 ἱκετείας
384 2471 507 2506 ῥήματα.
525 2471 676 2507 Ποιήσεσοε
695 2471 723 2497 δὲ
738 2471 787 2503 τάς
808 2480 838 2498 τε
851 2471 906 2498 τῶν
920 2479 956 2506 γο

1011 2470 1103 2499 τιθεῖσι
1121 2471 1280 2506 praeposita,
1313 2474 1378 2497 ante
1396 2476 1505 2496 sacrum
1522 2468 1635 2504 adytum
1661 2471 1761 2498 stante,
1776 2471 1806 2494 et

172 2517 262 2543 νάτων
289 2515 402 2548 κλίσεις,
417 2516 465 2543 καὶ
488 2516 537 2548 τὰς
561 2516 732 2549 ἀνανεύσεις,
758 2517 808 2551 οὐχ
825 2517 870 2544 ὅτε
892 2517 956 2544 δοκε

1014 2517 1132 2544 ﬂexione
1147 2516 1260 2552 quidem
1278 2516 1436 2547 ﬂexionem.
1451 2514 1594 2542 erectione
1606 2521 1672 2541 vero
1687 2512 1806 2540 erectio-

172 2562 289 2597 ἑκάστῃ,
301 2560 427 2592 ἀτάκτως
438 2561 486 2588 καὶ
500 2562 684 2597 ἀλληνάλλως,
699 2563 756 2590 ἀλλ’
766 2562 804 2594 ὡς
823 2562 854 2590 ἐν
870 2562 956 2598 σῶμα1

1016 2572 1079 2592 nem
1091 2567 1337 2592 eommonstrante.
1352 2563 1386 2590 Et
1399 2562 1452 2590 hoc
1475 2561 1588 2596 quidem
1601 2559 1722 2595 oﬂicium
1737 2559 1804 2593 diei,

173 2610 232 2645 ἅμα
244 2608 294 2644 μὲν
309 2606 476 2642 κλινόμεναι,
489 2607 548 2642 ἆμα
560 2607 589 2634 δὲ
599 2608 798 2643 ἀνιστάμεναι·
809 2608 858 2635 καὶ
872 2608 956 2644 όδηγιῖ

1018 2610 1046 2637 ίη
1059 2617 1114 2645 quo
1126 2610 1185 2638 vice
1203 2619 1213 2636 ι
1235 2609 1309 2637 Deus
1329 2608 1472 2639 Dominus,
1492 2605 1621 2638 Alleluia,
1642 2616 1651 2632 ι
1667 2610 1805 2634 cantatur.

813 2666 1045 2699 Monll‘auconii
1067 2672 1162 2700 notae.

211 2728 267 2764 (22)
281 2727 449 2765 Orationem,
467 2726 499 2765 Ὦ
516 2727 545 2765 εν
574 2729 658 2765 gravet
684 2728 787 2765 καιρῷ,
810 2728 857 2755 καὶ
887 2729 963 2765 nec!)

175 2762 246 2799 ὥρᾳ.
258 2762 294 2790 ’ὲν
308 2762 416 2798 οὐρανῷ
431 2763 476 2789 καὶ
491 2763 538 2789 ἐπὶ
554 2763 619 2797 γῆς,
632 2762 872 2803 προσκυνούμενος
895 2762 964 2799 Χριῖ
1017 2762 1136 2801 Cangius
1154 2765 1181 2806 in
1196 2765 1332 2806 Clquario
1346 2764 1448 2793 Graeca.
1528 2762 1536 2763 ί
1666 2797 1672 2803 1
1710 2796 1716 2802 _

177 2799 265 2836 676;}
276 2798 372 2836 85bit
400 2797 587 2836 paxpdgupog,
607 2802 676 2836 etc,
699 2798 785 2836 habes
810 2806 837 2824 ιη
854 2798 965 2836 ῌονοιο-
1053 2800 1194 2836 (‘14)de
1222 2805 1278 2828 sint
1305 2800 1446 2836 μετάνοιαι
1469 2806 1519 2826 seu
1535 2796 1806 2836 reverentiaennhoc

177 2807 238 2828 στος
251 2807 342 2829 aueo;
358 2807 372 2824 ο
400 2807 587 2833 μακρουυμος,
607 2807 676 2829 etc..
700 2807 785 2825 naues
810 2807 837 2824 In
854 2807 956 2826 ηονοιο·

176 2834 218 2896 fio
231 2833 320 2874 στα-ρο
331 2833 456 2874 Venetiis
464 2833 550 2867 edito,
566 2833 640 2869 quod
653 2833 677 2861 si
689 2833 827 2866 consulas,
844 2834 956 2867 plurima

187 2877 221 2895 ns
239 2869 338 2895 stmilia
351 2876 484 2896 reperies.

1053 2807 1110 2836 (Ἡ)
1123 2807 1194 2834 Qum
1222 2807 1278 2828 Stnt
1305 2807 1446 2836 μετανοιαι
1469 2807 1519 2826 seu
1535 2807 1698 2826 reverentia:
1709 2807 1736 2823 ιιι
1753 2807 1803 2823 nuc

1017 2837 1106 2871 capite
1123 2835 1290 2871 explicatur;
1315 2835 1404 2864 fusius
1418 2838 1509 2863 autem
1537 2833 1565 2862 in
1580 2833 1658 2861 Notis
1669 2831 1752 2861 Goari
1768 2831 1803 2858 ad

1018 2871 1228 2896 Eucholotrium.

187 2869 338 2907 ιίςὲιηιξξὶίι
351 2869 484 2907 reperies.
707 2903 714 2907 _
806 2905 812 2907 Α
825 2905 832 2907 _
1017 2869 1228 2907 Euchologium.

212 2904 267 2939 (23)
289 2903 489 2940 Ιιροσευχάδιον
504 2909 563 2933 erat
584 2911 634 2933 ceu
649 2903 751 2940 gradus
767 2905 878 2941 quidam
908 2913 962 2941 quo

1035 2731 1235 2758 enuﬂectenles
1250 2729 1451 2761 inniteoantur,
1469 2728 1504 2756 de
1519 2735 1575 2763 quo
1601 2726 1806 2754 eruditissimus
