2023 3164
242 198 313 231 1055

872 194 1016 226 IRENES
1035 193 1224 226 AUGUSTE

1795 191 1862 225 1056

241 264 312 288 mus,
329 263 392 283 cum
407 255 504 282 notitia
516 253 651 289 praetecta:
666 262 672 280 :
689 261 778 288 neque
801 261 867 280 vero
888 252 1027 282 laudabile

1082 252 1183 287 μένης·
1202 250 1386 286 ἀκοινώνητον
1408 250 1436 277 δέ
1461 258 1522 277 τινα
1537 249 1636 284 ἑαυτὴν
1652 250 1779 286 ἡγεῖσθαι
1803 251 1864 277 ἄνευ

239 307 290 334 cst,
308 301 465 336 quamdam,
481 300 583 334 alisque
600 300 660 335 ejus
677 299 785 331 notitia,
804 299 856 326 sibi
874 307 929 326 non
951 306 1028 326 com-

240 346 437 374 municandum
454 353 516 373 esse
537 345 679 380 judicare;
707 345 891 380 damnataque
903 345 955 372 erit
967 352 1028 380 quze

239 393 307 420 illud
337 392 434 427 egerit,
461 391 564 426 quippe
594 398 656 426 quae
687 398 764 418 suam
793 390 946 426 expleverit
979 398 1028 418 vo-

239 439 385 466 luntatem.

275 485 327 512 Par
341 489 385 511 est
412 488 505 511 autem
526 487 556 510 ut
591 491 652 517 quae
676 482 919 510 communicatum
952 486 1026 515 sunt,

241 530 360 557 olliciurn
378 530 405 557 in
422 535 516 557 sancta
527 528 720 556 communione
739 529 849 556 solitum
866 529 1029 564 psallant,et

240 576 267 603 in
283 575 423 603 communi
437 580 611 602 communem
626 574 660 601 ad
675 574 791 601 invicem
804 575 1026 609 genuﬂexionem

239 623 382 654 facientes,
391 621 498 649 veniam
514 624 609 648 mutuo
622 620 794 648 concedant:
806 620 900 656 sicque
911 620 1028 648 viviﬁcis

241 667 504 695 sanctiﬁcationibus
520 666 697 702 participem.

509 733 621 762 CAPUT
642 733 761 761 XXXIV.

242 791 311 824 Quot
331 799 411 827 partes
434 791 462 818 in
483 791 597 827 qualibet
621 791 728 826 liturgia
753 792 877 827 afferendi
910 792 975 825 sint,
999 797 1027 819 et

560 834 606 861 pro
620 826 720 861 quibus.

276 879 397 913 Singulis
414 879 513 907 diebus
540 880 566 907 in
579 880 674 907 divina
689 881 798 917 liturgia
821 887 927 917 septem
944 891 1029 918 panes

1077 298 1128 332 τῆς
1147 296 1251 324 ἐκείνου
1275 296 1416 331 είδήσεως,
1445 295 1495 322 οὐκ
1520 295 1679 322 ἐπαινετόν·
1701 296 1865 330 κατάκριτος

1077 343 1106 370 δὲ
1121 342 1198 369 ἔσται
1220 343 1237 377 ἡ
1259 340 1338 368 τοῦτο
1353 339 1479 373 ποιοῦσα,
1493 339 1531 371 ὡς
1552 340 1619 367 ἴδιον
1634 339 1810 375 ἐκπληροῦσα
1822 339 1851 365 θέ

1078 389 1110 424 λη
1115 397 1162 423 μα.

1115 479 1171 511 Τὰς
1188 479 1281 515 μέντοι
1300 478 1521 514 μεταλαμϐάνειν
1533 477 1706 512 ὀφειλούσας,
1722 475 1865 510 ἐνδεχόμε-

1079 526 1124 553 νόν
1139 527 1197 553 ἔστι
1211 525 1260 560 τὴν
1274 525 1320 551 ἐπὶ
1331 526 1365 560 τῇ
1381 524 1446 560 ἁγίᾳ
1460 523 1609 559 μεταλήψει
1623 521 1787 549 ἀκολουθίαν
1800 521 1866 555 ψάλ-

1079 573 1146 605 λειν,
1170 572 1264 606 κοινήν
1285 579 1316 598 τε
1344 570 1442 602 κοινῶς
1469 570 1519 605 τὴν
1541 568 1715 604 γονυκλισιαν
1739 567 1867 602 ἀλλήλαις

1080 618 1221 650 ποιούσας,
1245 617 1346 644 διδόναι
1361 616 1554 652 συγχώρησινι
1565 617 1614 644 καὶ
1629 616 1716 647 οὕτως
1734 614 1789 641 τῶν
1803 614 1868 646 ζωο-

1080 663 1167 690 ποιιῖΝ
1183 662 1405 699 μεταλαμϐάνειν
1419 662 1577 697 ἁγιασμῶν.

1371 730 1497 757 ΚΕΦΔΛ.
1516 729 1577 757 AA'.

1080 790 1149 825 Περὶ
1162 790 1216 817 τοῦ
1239 790 1356 822 πόσους
1375 789 1484 825 ἄρτους
1504 787 1551 815 δεῖ
1568 787 1793 825 προσφέρεσθαι
1810 788 1870 814 καθ’

1163 825 1301 860 ἑκάστην
1313 824 1514 858 λειτουργίαν,
1530 823 1580 850 καὶ
1593 823 1669 857 ὑπὲρ
1684 824 1788 850 τίνων.

1115 882 1184 909 Καθ’
1201 882 1321 917 ἑκάστην
1348 882 1376 908 δὲ
1397 881 1506 916 ἡμέραν
1528 881 1557 907 ὲν
1570 881 1603 916 τῇ
1627 880 1688 914 θεία
1712 879 1871 914 λειτουργξᾳ

241 924 408 956 oﬂ‘crcntur,
436 932 507 952 unus
529 926 698 958 Dominicus,
726 927 795 954 alter
817 927 903 962 gratia
935 929 1024 964 plena:

1081 929 1151 956 ἑπτὰ
1164 928 1242 964 ἄρτοι
1266 926 1542 964 προσενεχθήσονται,
1557 923 1598 957 εἷς
1621 925 1801 958 Δεσποτικδς,
1815 926 1871 952 ἓτε-

243 971 364 997 Domina:
383 975 482 998 nostra:
498 975 527 998 et
543 971 676 1006 Deiparze.
694 972 765 999 alius
775 973 863 1000 sancti
876 973 950 1000 illius
964 974 1028 1007 diei,

241 1015 313 1042 alius
343 1023 391 1049 pro
413 1017 602 1051 redemptione
620 1022 648 1044 et
670 1018 832 1046 remissione
856 1025 1029 1053 peccatorum

242 1062 459 1094 pmslantissimi
476 1063 529 1089 mei
551 1063 737 1098 imperatoris,
760 1072 868 1092 necnon
887 1073 1028 1100 meorum;

241 1108 312 1135 alius
329 1116 378 1143 pro
407 1109 571 1136 monialibus
593 1117 656 1144 qua:
681 1109 858 1143 dormierint,
887 1112 958 1140 alius
980 1120 1030 1147 pro

241 1154 410 1189 parentibus,
425 1158 454 1181 et
464 1155 571 1182 caeteris
587 1156 711 1190 cognatis
724 1157 826 1184 nostris
841 1158 888 1192 qui
906 1158 1029 1186 dormie-

244 1200 319 1232 rint;
337 1205 364 1227 οι
379 1201 452 1228 alius
475 1208 525 1235 pro
545 1201 616 1228 vivis
644 1201 717 1234 ﬁliis,
737 1203 855 1237 generis,
876 1208 904 1231 et
918 1204 1031 1238 reliquis

241 1245 367 1273 ailinibus
379 1247 491 1274 nostris.
505 1247 568 1274 Post
579 1253 695 1275 mortem
708 1256 774 1276 vero
786 1254 917 1282 nostram,
928 1258 1031 1278 memo-

243 1297 320 1319 ratus
333 1293 412 1327 panis
429 1301 479 1327 pro
501 1294 663 1321 remissione
681 1300 856 1329 peccatorum
872 1300 1029 1323 nostrorum

241 1339 385 1374 speciatim
397 1339 541 1370 oll‘eretur,
555 1344 583 1366 et
594 1340 689 1366 sieliet
705 1340 730 1366 in
745 1345 917 1374 perpetuum.
931 1340 959 1367 Si
969 1342 1031 1376 quis

240 1391 332 1413 autem
341 1394 374 1414 ex
384 1386 516 1413 ambobus
526 1386 614 1419 nobis,
626 1386 701 1421 prius
711 1386 798 1414 altero
805 1387 948 1421 moriatur,
960 1395 1030 1415 unus

241 1432 351 1466 quidem
374 1432 452 1466 panis
475 1432 566 1460 denuo
583 1440 633 1467 pro
649 1432 759 1460 vivente
780 1432 933 1467 speciatim.
960 1433 1030 1461 alter

241 1485 308 1505 vero
331 1486 427 1506 rursus
448 1486 496 1513 pro
514 1477 644 1506 defuncto
663 1477 808 1506 oﬂ‘eretur.
824 1479 889 1506 Post
912 1485 1029 1507 mortem

240 1528 333 1550 autem
352 1525 412 1559 ejus
437 1525 484 1559 qui
499 1528 641 1559 superstes
657 1524 760 1558 fuerat,
775 1533 848 1553 unus
862 1525 962 1553 iterum
978 1534 1030 1561 pro

241 1569 375 1597 ambobus
391 1570 534 1597 otl'eretur.

278 1707 401 1743 Singulis
427 1715 492 1736 vero
519 1709 646 1738 Sabbatis
677 1711 824 1740 ott'erendae
849 1716 914 1740 sunt
939 1720 1032 1748 parvae

245 1760 343 1781 cruces
371 1761 422 1789 pro
446 1754 480 1782 iis
494 1756 541 1791 qui
567 1757 624 1792 jam
651 1756 826 1785 dormierunt
858 1759 1030 1793 parentibus,

244 1798 308 1826 ﬁliis
323 1802 352 1826 et
365 1799 484 1827 nuribus
500 1801 613 1835 nostris,
631 1807 659 1829 et
674 1809 725 1838 pro
745 1802 778 1830 iis
793 1803 840 1840 qui
853 1808 949 1839 postea
964 1804 1032 1831 dor-

244 1844 348 1877 mient;
363 1852 413 1880 pro
434 1847 586 1880 quaternis,
600 1855 672 1875 una:
690 1848 737 1884 qui
747 1852 776 1876 et
786 1849 1033 1878 describendisunt

242 1891 271 1918 in
290 1890 438 1927 diptychis,
466 1900 617 1929 eorumque
642 1895 766 1923 facienda
796 1897 1030 1930 commemoratio,

242 1940 273 1962 ut
296 1936 323 1962 in
343 1937 433 1972 typico
447 1938 613 1966 continetur.
644 1939 697 1967 Pro
714 1940 784 1967 vivis
810 1941 915 1974 pariter
937 1941 984 1976 qui
1003 1942 1030 1970 in

241 1980 389 2016 diptychis,
420 1988 449 2010 et
476 1983 504 2010 in
534 1985 626 2020 typico
653 1985 783 2021 descripti
813 1991 889 2019 sunt,
918 1987 1032 2022 singulis

242 2026 392 2055 Dominicis
410 2028 470 2055 alia!
490 2037 599 2063 cruces,
626 2031 704 2065 juxta
719 2039 865 2059 numerum
890 2032 1030 2061 dormien-

243 2071 321 2104 tium,
337 2073 500 2101 otl‘erentur.

515 2185 629 2214 CAPUT
649 2187 757 2216 XXXV.

243 2242 282 2270 De
312 2243 378 2270 hora
409 2251 498 2276 nona,
531 2246 696 2283 vespertino,
731 2251 756 2273 et
787 2248 950 2283 parmychide
978 2250 1029 2276 sive

569 2281 715 2316 pervigilio.

275 2346 408 2374 Volumus
432 2351 461 2373 ut
492 2347 609 2375 mesoria
634 2347 707 2375 horae
723 2355 804 2376 nome
824 2348 851 2376 in
866 2348 1031 2377 dormitorio

241 2397 335 2421 vestro
364 2393 490 2420 similiter
516 2394 679 2429 psallantnr,
697 2403 782 2430 parvo
809 2395 888 2429 signo
912 2396 1030 2431 pulsato.

240 2438 345 2467 Nonam
361 2448 427 2467 vero
440 2440 535 2468 horam
548 2441 662 2476 psallere
680 2449 730 2469 vos
747 2446 857 2477 oportet
868 2442 939 2470 sicut
950 2443 1031 2470 horas

240 2487 275 2514 de
297 2487 398 2522 quibus
425 2488 553 2523 superius
578 2493 722 2516 tractatum
748 2494 800 2521 est,
819 2497 881 2516 cum
905 2490 1032 2518 mesoriis

240 2533 310 2568 ejus,
331 2538 360 2561 et
377 2534 551 2567 reverentiis,
565 2535 643 2570 signo
660 2542 757 2563 omnes
774 2535 808 2562 de
828 2542 904 2563 more
927 2542 1031 2563 convo-

241 2585 331 2607 cante.
357 2580 520 2615 VeSpertina
541 2590 608 2609 vero
627 2582 688 2609 laus
704 2589 719 2609 a
743 2581 823 2609 vobis
847 2581 1030 2616 persolvetur,

243 2629 274 2653 ut
290 2626 317 2653 in
335 2625 486 2662 Synaxario
505 2628 677 2661 declaratur;
691 2632 719 2655 et
732 2628 864 2656 continuo
881 2629 1032 2664 pannychis

240 2672 298 2700 tive
321 2672 506 2707 pervigilium.
534 2672 760 2708 Quandoquidem
782 2678 874 2701 autem
891 2673 973 2700 hodie
1001 2674 1030 2701 in

241 2718 423 2754 pannychide,
444 2727 491 2747 sex
521 2720 641 2754 troparia
672 2721 699 2747 in
720 2720 969 2755 singulis.canticis
983 2727 1030 2747 ca-

241 2767 358 2794 nuntur,
374 2767 436 2798 post
448 2768 573 2791 nostrum
587 2765 621 2791 ad
640 2765 724 2793 Deum
736 2764 900 2797 discessum,
911 2769 1031 2800 quatuor

242 2807 320 2842 quim
331 2816 356 2834 m
371 2809 448 2843 juxta
467 2809 648 2845 Synaxarium
665 2810 867 2844 cantabuntur,
894 2810 949 2839 duo
964 2818 1030 2839 vero

245 2858 325 2880 erunt
340 2854 462 2884 funerea.

1082 983 1128 1010 ρος
1141 975 1189 1010 τῆς
1210 974 1434 1010 κεχαριτωμένης
1450 973 1531 1009 ἡμῶν
1548 973 1699 1006 Δεσποίνης
1715 972 1765 998 καὶ
1778 971 1872 998 85016-

1081 1030 1142 1053 κου.
1158 1021 1251 1057 ἕτερος
1266 1020 1313 1048 τοῦ
1327 1020 1399 1047 κατὰ
1413 1020 1462 1055 τὴν
1480 1018 1586 1055 ἡμέραν
1599 1019 1691 1052 ἁγίου,
1705 1018 1786 1049 ἄλλος
1804 1018 1872 1052 ὑπὲρ

1081 1066 1179 1102 λύτρου
1193 1067 1241 1094 καὶ
1255 1067 1380 1101 ἀφέσεως
1393 1066 1447 1092 τῶν
1464 1064 1608 1100 ἁμαρτιῶν
1621 1063 1668 1090 τοῦ
1681 1073 1711 1090 τε
1723 1063 1871 1098 κρατίστου

1083 1121 1134 1148 μου
1153 1111 1286 1147 βασιλέως
1308 1111 1356 1139 καὶ
1371 1111 1456 1146 ἐμοῦ·
1473 1111 1566 1146 ἔτερος
1582 1110 1654 1145 ὑπὶρ
1667 1110 1722 1137 τῶν
1739 1118 1871 1143 κεκοιμη-

1083 1159 1174 1194 μένων
1187 1158 1325 1194 μοναχῶν.
1347 1157 1427 1189 ἄλλος
1445 1157 1515 1192 ὑπὲρ
1530 1156 1585 1183 τῶν
1600 1156 1816 1190 κεκοιμημένων
1829 1164 1872 1189 το-

1081 1205 1151 1232 νέων
1166 1205 1214 1231 καὶ
1233 1204 1335 1231 λοιπῶν
1352 1203 1491 1237 συγγενῶν
1507 1202 1596 1237 ἡμῶν,
1618 1203 1666 1229 καὶ
1688 1202 1784 1236 ἕτερος
1802 1201 1872 1236 ὑπὲρ

1081 1250 1136 1277 τῶν
1152 1250 1261 1282 ζώντων
1275 1249 1390 1280 παίδων,
1407 1249 1454 1275 καὶ
1473 1248 1618 1282 γαμσρῶν,
1633 1250 1681 1275 καὶ
1693 1248 1796 1275 λοιπῶν
1812 1257 1873 1282 συγ.

1081 1296 1168 1330 γενῶν
1183 1296 1272 1331 ἡμῶν.
1289 1296 1344 1322 Καὶ
1357 1295 1428 1330 μετὰ
1440 1295 1555 1321 θάνατον
1566 1294 1595 1320 δὲ
1609 1294 1698 1329 ἡμῶν,
1715 1294 1873 1326 ἰδιαζόντως

1081 1343 1095 1369 ὁ
1111 1342 1204 1377 ῥηθεὶς
1218 1341 1300 1377 ἄρτος
1319 1341 1390 1375 ὑπὲρ
1405 1341 1529 1375 ἀφέσεως
1544 1340 1599 1366 τῶν
1618 1339 1762 1375 ἡμετέρων
1774 1348 1873 1374 προσε-

1081 1387 1242 1423 νεχθήσεται
1263 1386 1417 1422 ἁμαρτιῶν,
1444 1386 1491 1412 καὶ
1519 1385 1604 1417 οὕτως
1620 1386 1767 1420 γενήσεται
1790 1386 1820 1417 ἐς
1845 1386 1873 1412 τὸ

1081 1434 1214 1469 διηνεκές.
1232 1433 1262 1459 Et
1273 1433 1301 1460 δέ
1316 1442 1358 1465 τις
1371 1433 1401 1466 ἐξ
1414 1432 1580 1468 ἀμφοτέρων
1595 1432 1673 1466 ἡμῶν
1691 1432 1871 1467 προτελευτῆ-

1082 1488 1125 1506 σει
1136 1479 1184 1506 τοῦ
1200 1479 1270 1511 ἐνὸς,
1283 1480 1296 1504 ὀ
1313 1478 1362 1513 μὲν
1379 1475 1419 1508 εἷς
1437 1479 1519 1513 ἄρτος
1533 1477 1614 1504 πάλιν
1630 1476 1786 1509 ἰδιαζόντως
1802 1477 1872 1512 ὑπὲρ

1080 1524 1129 1552 τοῦ
1145 1524 1245 1556 ζῶντος
1258 1524 1527 1559 προσκομισθὴσεται
1540 1531 1548 1540 ’
1563 1523 1658 1558 ἔτερος
1670 1523 1698 1550 δὲ
1710 1523 1789 1555 αὖθις
1802 1523 1872 1558 ὑπὲρ

1082 1570 1128 1597 τοῦ
1144 1569 1356 1606 τελευτήσαντος
1371 1570 1603 1605 προσαχθήσεται.
1621 1570 1700 1596 Μετά
1714 1569 1743 1597 δὲ
1759 1570 1805 1596 τὸν
1824 1569 1871 1596 τοῦ

1083 1615 1264 1651 ὲπιζήσαντος
1287 1616 1413 1649 θάνατον,
1435 1612 1475 1647 εἷς
1499 1616 1581 1643 πάλιν
1608 1615 1678 1651 ὑπὲρ
1709 1616 1872 1652 ἀμφοτέρων

1083 1662 1344 1698 προσενεχθήσεται.

1119 1709 1186 1735 Κατ’
1201 1709 1317 1735 ἕκαστον
1332 1708 1360 1735 δὲ
1376 1708 1525 1741 Σάὸσατον,
1541 1708 1590 1734 καὶ
1604 1707 1721 1742 σταυρία
1734 1707 1872 1742 ὀφεῡ.ουσι

1083 1753 1315 1788 προσκομίζεσθαι
1331 1754 1402 1789 ὑπὲρ
1417 1753 1470 1780 τῶν
1482 1755 1748 1789 προκεκοιμημὲνων
1758 1754 1871 1788 γονέων,

1083 1800 1130 1827 καὶ
1145 1799 1258 1832 παίδων,
1278 1799 1325 1825 καὶ
1344 1799 1459 1834 νυμφῶν
1474 1800 1563 1834 ἡμῶν.
1577 1799 1625 1826 καὶ
1637 1799 1692 1827 τῶν
1703 1800 1743 1831 εις
1759 1800 1790 1826 τὸ
1806 1808 1872 1835 μιτ-

1083 1847 1179 1873 έπειτιι
1205 1845 1468 1881 κοιμηθησομένων,
1495 1846 1542 1872 ἐπὶ
1565 1847 1622 1877 τοῖς
1649 1846 1798 1881 τέσσαρσιν
1824 1845 1870 1872 ἒν·

1082 1894 1108 1920 οἳ
1127 1893 1173 1920 καὶ
1189 1892 1342 1927 ὀφείλουσιν
1369 1891 1557 1926 ἐγγράφεσθαι
1583 1892 1612 1919 ἐν
1634 1893 1690 1924 τοῖς
1713 1891 1870 1926 διπτύχοις,

1082 1939 1130 1966 καὶ
1142 1937 1364 1974 μνημονεύεσθαι
1377 1938 1447 1964 κατὰ
1460 1938 1510 1972 τὴν
1521 1937 1568 1964 τοῦ
1580 1938 1696 1964 τυπικοῡ
1713 1937 1869 1972 περίληψιν.

1088 1984 1228 2016 Ὡσαύτως
1242 1984 1289 2011 καὶ
1299 1984 1369 2020 ὑπὲρ
1382 1983 1437 2010 τῶν
1447 1983 1556 2016 ζώντων
1575 1984 1622 2011 καὶ
1637 1984 1871 2018 ἀναγραφομένων

1086 2032 1115 2058 ἐν
1130 2033 1187 2062 τοῖς
1200 2031 1342 2066 διπτύχοις
1355 2030 1402 2057 καὶ
1422 2030 1461 2065 τῷ
1476 2029 1584 2063 τυπικῷ
1595 2038 1601 2045 ⁸
1615 2030 1663 2056 καὶ
1677 2029 1737 2057 καθ’
1752 2030 1871 2064 ἑκάστην

1082 2076 1237 2111 Κυριακὴν,
1253 2076 1335 2111 ἕτερα
1348 2075 1464 2111 σταυρία
1478 2075 1576 2110 ἐπίσης
1589 2076 1646 2108 τοῖς
1659 2075 1870 2111 κεκοιμημένοις

1083 2123 1378 2158 προσκομισθήσονται.

1372 2190 1497 2217 ΚΕΦΔΛ.
1517 2190 1579 2217 AE’.

1084 2247 1152 2282 Περὶ
1168 2246 1222 2281 τῆς
1243 2247 1371 2280 ὲννιὶτης
1386 2246 1481 2308 ὤραῖὲ
1492 2245 1664 2281 ἐσπεριγοῦ,
1687 2245 1736 2273 καὶ
1758 2253 1870 2272 παννυ-

1432 2291 1448 2308 Ὶ
1482 2291 1525 2308 0C.

1430 2291 1525 2316 χιοος.

1127 2350 1265 2381 Ὡσαύτως
1288 2350 1335 2376 καὶ
1349 2350 1383 2376 τὰ
1409 2350 1458 2384 τῆς
1480 2350 1594 2383 ἑννάτης
1615 2349 1690 2384 ὧρας
1707 2347 1830 2384 μεσώρια
1843 2349 1869 2374 ἐν

1082 2396 1122 2431 τῷ
1137 2395 1309 2431 κοιμητηρίῳ
1321 2396 1398 2431 ὑμῶν
1416 2395 1566 2430 ψάλλεσθαι
1579 2394 1749 2430 βουλόμεθα,”
1759 2396 1806 2421 τοῦ
1829 2403 1870 2429 μι-

1083 2443 1150 2478 κροῦ
1179 2443 1313 2478 συμϐόλου
1340 2443 1518 2479 κρουομένου.
1542 2443 1598 2478 Τήν
1616 2451 1648 2478 γε
1679 2443 1732 2478 μὴν
1757 2442 1870 2477 ὲννάτην

1082 2488 1157 2524 ὥραν
1173 2489 1285 2523 ψάλλειν
1310 2489 1381 2524 ὑμᾶς
1399 2489 1450 2520 δεῖ,
1471 2488 1564 2520 καθὼς
1583 2489 1631 2515 καὶ
1657 2489 1707 2520 τὰς
1725 2487 1869 2523 προδιαλη-

1082 2535 1196 2569 φθείσας
1212 2534 1298 2570 ὥρας,
1323 2535 1393 2569 μετά
1414 2543 1444 2561 τε
1466 2535 1520 2561 τῶν
1541 2534 1685 2570 μεσωρίων
1704 2534 1801 2569 αὐτῆς,
1823 2532 1869 2560 καὶ

1081 2582 1138 2608 τῶν
1158 2582 1319 2616 μετανοιῶν,
1336 2580 1383 2608 τοῦ
1400 2581 1578 2616 σημαντῆρος
1597 2581 1688 2612 πάσας
1707 2580 1870 2614 συγκαλοῦν-

1082 2636 1130 2659 τος
1147 2627 1185 2659 ὡς
1210 2627 1282 2658 ἔθος.
1304 2627 1358 2653 Καὶ
1373 2627 1387 2653 ὁ
1412 2627 1556 2662 ἑσπερινὸς
1578 2627 1607 2654 δὲ
1623 2627 1708 2662 ὕμνος
1730 2626 1803 2653 κατὰ
1821 2625 1869 2660 τὴν

1082 2674 1128 2701 τοῦ
1154 2673 1320 2709 Συναξαρίου
1343 2674 1408 2709 ὑμῖν
1423 2673 1586 2708 τελούμενος
1603 2674 1679 2700 ἔσται
1701 2673 1847 2708 περίληψιν
1860 2679 1867 2688 ⁸

1082 2720 1129 2746 καὶ
1145 2719 1289 2750 συναπτῶς
1307 2720 1322 2753 ἡ
1346 2719 1487 2754 παννυχις.
1512 2719 1588 2746 Ἐπεὶ
1602 2719 1630 2746 δὲ
1653 2719 1773 2754 σήμερον
1794 2719 1823 2745 ἐν
1835 2719 1867 2752 τῇ

1082 2765 1223 2800 παννυχίδι
1246 2765 1276 2797 ἓξ
1294 2765 1433 2800 τροπάρια
1457 2765 1517 2792 καθ’
1530 2766 1649 2800 ἑκάστην
1663 2765 1734 2800 ᾠδὴν
1754 2764 1869 2799 ψάλλον-

1081 2820 1138 2845 ται,
1157 2810 1225 2846 μετὰ
1242 2810 1290 2845 τὴν
1304 2810 1381 2846 ἡμῶν
1397 2811 1465 2846 πρὸς
1480 2811 1582 2846 Κύριον
1598 2809 1731 2846 ἐκδημίαν
1744 2817 1751 2825 ·
1769 2809 1804 2836 τὰ
1819 2809 1863 2844 μὲν

1082 2856 1204 2892 τέσσαρα
1227 2856 1362 2890 ὀφείλουσι
1379 2855 1528 2891 aeneae“
1547 2856 1619 2884 κατὰ
1640 2856 1670 2884 τὸ
1692 2854 1867 2889 Συναξάριον,

1084 2903 1118 2931 τὰ
1133 2902 1161 2930 δὲ
1184 2902 1229 2930 δύο
1243 2900 1314 2931 εἶναι
1333 2903 1500 2940 νεκρώσιμα.
