2023 3164
155 207 223 240 105⁵1

441 261 566 288 ΚΕΦΔΛ.
583 261 654 294 AG'.

353 308 423 343 Περὶ
440 308 500 335 τῶν
523 307 732 335 Ἁποδείπνων.

190 364 222 391 'll
238 363 268 391 δέ
287 372 320 398 γε
347 364 403 391 τῶν
421 363 606 391 Ἀποδείπνων
637 363 785 391 ἀκολουθία
813 363 882 398 μετὰ
908 363 939 390 τδ

149 410 257 437 δεῖπνον
285 410 350 445 ὑμῖν
373 410 566 445 τελεσθήσεται
592 410 623 436 ὲν
646 409 685 445 τῷ
712 409 766 444 τῆς
791 408 939 444 ἐκκλησίας

149 455 316 490 ἐξωάρθηκι,
343 456 371 482 ἐν
389 452 411 489 ᾧ
435 455 483 482 καὶ
511 455 546 482 τὰ
569 455 671 489 γόνατα
695 454 802 482 κλιτέον
815 455 898 489 ὑμτνι
914 455 939 481 εί

150 501 235 536 μήγε
248 501 290 535 τὸ,
311 511 321 528 ι
341 501 408 534 Θεδς
425 501 540 537 Κύριος,
561 511 571 527 ›
593 501 733 536 ψάλλοιτο.

441 556 569 583 ΚΕΦᾹΔ.
586 555 649 583 ΔΖ¹.

273 601 343 636 Περὶ
357 601 413 636 τῆς
428 601 608 636 νυκτερινῆς
621 601 813 635 ἀκολουθίας.

185 654 241 681 Καὶ
270 655 338 690 μετὰ
367 655 417 690 τὴν
441 655 496 682 τῶν
520 655 706 683 Ἀποδείπνων
732 657 939 693 συμπλήρωσιν,

148 700 195 728 τοῦ
212 701 309 736 ἱερέως
327 701 378 736 τὴν
396 701 497 738 συνήθη
517 703 677 735 ἐπειπόντος
688 703 781 739 εὐχὴν,
798 703 876 738 ὑμεῖς
891 704 941 739 μὲν

148 746 195 773 ἐπὶ
211 747 360 782 πρόσωπον
373 749 413 779 εἰς
424 748 477 783 γῆν
489 749 616 775 πεσεῖσθε
628 750 812 785 προσέχουσαι
824 751 857 786 τῇ
872 749 940 776 καθ-

147 793 299 828 ηγουμένῃ·
317 793 425 828 ἐκείνης
439 794 468 820 δὲ
485 796 552 829 πρὸς
571 795 644 830 ὑμᾶς
672 795 816 831 εἰπούσης,
840 804 849 821 ι
870 796 940 830 Συγ-

148 839 294 873 χωρήσατέ
310 847 356 873 μοι
369 840 398 865 ὲν
412 839 519 876 Κυρίῳ,
536 840 648 874 ἀδελφαί
662 848 668 854 ·
685 841 810 876 ἥμαρτον
823 841 880 876 γὰρ
893 841 940 868 καὶ

146 883 232 918 ἔργῳ,
258 885 307 911 κα)⁸
333 884 415 919 λόγῳ,
446 886 491 912 καὶ
515 887 587 912 κατὰ
614 886 751 913 διάνοιαν·
773 896 782 912 ι
809 887 941 922 κάκείνης

873 205 1050 236 TYPICUM.

1716 207 1784 240 1058

1266 258 1378 287 CAPUT
1399 257 1517 286 XXXVI.

1157 304 1194 332 De
1208 304 1352 340 Apodipnis
1365 313 1412 331 seu
1431 303 1617 339 Complelorio.

1025 361 1203 397 Completorii
1218 361 1337 390 ollicium
1354 367 1416 397 post
1429 370 1536 390 canam
1551 370 1566 390 a
1585 363 1665 391 vobis
1676 365 1784 399 persol-

991 413 1073 436 vetur
1085 408 1112 436 in
1126 409 1256 437 exteriori
1277 409 1402 437 ecclesia:
1414 409 1568 442 vestibulo;
1587 409 1615 436 in
1629 418 1684 445 quo
1699 411 1783 438 etiam

991 462 1080 490 genua
1091 454 1168 482 vobis
1184 453 1318 482 ﬂectenda
1335 459 1400 482 sunt
1416 465 1422 482 :
1438 455 1491 482 nisi
1509 465 1519 481 ι
1538 455 1609 483 Deus
1623 456 1756 484 Dominus
1770 466 1779 483 ι

992 501 1136 535 psallatur.

1250 557 1364 585 CAPUT
1384 557 1518 585 XXXVII.

1237 603 1277 630 De
1292 607 1421 630 nocturno
1437 604 1530 638 a/ﬁcio.

1026 657 1160 686 Absoluto
1179 657 1377 693 Completorio,
1399 665 1546 694 postquam
1562 661 1691 689 sacerdos
1716 669 1783 690 con-

991 705 1096 728 suetam
1119 703 1271 730 orationem
1290 703 1403 735 dixerit,
1428 712 1478 731 vos
1492 705 1604 739 quidem
1628 705 1655 733 in
1675 707 1781 735 vultum

991 746 1024 773 ad
1038 752 1138 774 ter-ram
1154 747 1306 782 procidetis
1320 747 1455 783 prwfecta:
1467 749 1644 777 attendentes
1658 758 1665 776 :
1677 755 1705 777 et
1719 759 1781 778 cum

992 792 1037 820 illa
1052 793 1131 821 vobis
1151 793 1273 821 dixerit:
1294 803 1303 819 ε
1322 789 1542 829 Ignoscite'mih'i
1557 795 1583 821 in
1597 795 1724 828 Domino,
1740 803 1784 823 so.

992 846 1079 872 rorcs,
1099 841 1210 874 peccavi
1223 840 1296 868 enim
1313 848 1407 875 opere,
1425 841 1510 868 verbo
1525 846 1553 868 et
1568 842 1750 876 cogitatione;
1769 852 1779 867 ι

992 893 1023 913 ac
1039 894 1089 921 pro
1103 886 1183 914 vobis
1198 887 1331 920 oraverit,
1352 887 1468 915 dicens:
1496 897 1505 913 ι
1524 888 1596 915 Deus
1610 896 1660 923 per
1679 889 1783 916 oratio-

147 929 339 965 ἔπευξαμένης
357 931 421 966 ὑμῖν
445 932 491 958 καὶ
516 932 647 967 εἰπούσης
660 940 666 948 ·
687 941 698 958 ι
722 932 752 959 '0
768 933 834 965 Θεὸς
846 933 879 960 δι’
894 934 936 960 εύ-

991 939 1040 959 nes
1065 932 1176 960 Patrum
1202 937 1362 961 nostrorum
1376 933 1502 970 ignoscat
1515 934 1645 962 omnibus
1658 935 1749 967 nobis,
1768 945 1778 960 ι

146 975 204 1011 χῶν
219 976 275 1002 τῶν
290 977 416 1012 πατέρων
429 977 506 1012 ἡμῶν
519 979 696 1013 συγχωρήσαι
711 979 813 1011 πάσαις
826 980 892 1014 ἡμῖν
905 988 911 995 ·
925 989 935 1006 ι

146 1022 236 1054 οὕτως
252 1023 410 1058 ἀπάρξασθε
429 1024 478 1059 τῆς
492 1025 652 1061 νυκτερινῆς
676 1026 849 1059 ἀκολουθίας,
868 1026 940 1054 κατὰ

145 1068 193 1094 τὸν
209 1069 296 1095 τύπον
316 1070 356 1101 εις
372 1070 402 1096 τὺ
421 1071 604 1106 κοιμητήριον
621 1072 797 1107 ἀφικόμεναι,
819 1073 875 1100 εἴτε
897 1073 940 1099 ὲν‹

145 1115 193 1146 τὸς
218 1115 266 1141 τοῦ
291 1115 482 1150 κοιμητηρίου,
505 1116 561 1143 εἴτε
586 1118 665 1149 ἐκτὸς
691 1118 813 1144 ἐκτελεῖν
834 1118 939 1154 ταύτην

145 1159 306 1194 ὀφείλουσαι
319 1170 326 1177 ν
342 1162 433 1193 καθὼς
458 1161 491 1188 ἂν
505 1162 520 1188 ὅ
536 1171 565 1189 τε
585 1163 680 1198 καιρὸς
694 1164 834 1199 ἀπαιτοίη,
858 1165 905 1191 καὶ
921 1166 938 1200 ὴ

147 1205 346 1243 καθηγουμένη
373 1207 494 1243 βούλοιτο
507 1217 513 1224 ·
528 1209 561 1245 ἥν
582 1207 806 1245 ὲκπληρὼσασαι,
825 1210 940 1246 πλήρεις

145 1251 320 1288 εὐφροσύνης
335 1255 525 1290 πνευματικῆς
541 1255 579 1288 εἰς
599 1255 682 1282 ὕπνον
697 1256 883 1292 τραπήσεσθε.

441 1310 566 1338 ΚΕΦΑΛ.
581 1311 646 1338 AH’.

262 1356 333 1390 Περὶ
346 1356 401 1391 τῆς
417 1357 623 1391 μεσονυκτίου
637 1358 830 1391 ἀκολουθίας.

191 1411 237 1438 Ἐν
253 1412 343 1448 καιρῷ
363 1413 392 1440 δὲ
407 1415 572 1449 προσήκοντι
593 1415 643 1449 τῆς
661 1415 793 1450 τελούσης
815 1416 867 1450 τὴν
887 1415 938 1451 τῆς

146 1458 367 1494 ἑκκλησιαρχίας
389 1459 538 1493 διακονίαν,
565 1461 710 1496 μετάνοιαν
735 1463 770 1497 τῇ
798 1462 937 1497 καθηγου-

147 1503 218 1539 μένῃ
238 1504 397 1540 βαλλούσης,
421 1507 468 1533 καὶ
488 1507 519 1533 τὸ
534 1506 612 1539 ξύ).ον
634 1508 801 1544 κρουσάσης,
818 1508 868 1544 τὴν
886 1517 937 1544 με-

145 1551 294 1577 σονυκτίου
312 1551 476 1580 ἀκολουθίαν
497 1553 526 1579 ὲν
538 1553 578 1589 τῷ
593 1553 695 1589 ἄρϐηκι
714 1554 765 1589 τῆς
787 1555 937 1590 ικκλησίας

991 977 1030 1006 sic
1048 978 1216 1006 inchoabitis
1239 984 1406 1008 nocturnum
1422 980 1553 1013 olIicium,
1566 981 1644 1016 juxta
1664 981 1780 1008 formam

990 1024 1023 1051 ad
1040 1025 1235 1052 dormitorium
1250 1031 1410 1061 pergentes;
1424 1031 1453 1054 et
1467 1027 1524 1054 sive
1535 1027 1617 1059 intra,
1631 1027 1689 1054 sive
1702 1031 1780 1054 extra

990 1068 1182 1096 dormitorium
1199 1069 1266 1097 illud
1292 1070 1404 1105 explere
1420 1070 1540 1104 debetis,
1562 1075 1593 1098 ut
1608 1076 1717 1106 tempus
1728 1079 1780 1107 po-

990 1114 1109 1146 stularit,
1122 1119 1150 1142 et
1162 1119 1191 1142 ut
1201 1115 1328 1150 prmiecta
1341 1116 1477 1150 voluerit;
1492 1117 1566 1152 quod
1582 1125 1644 1145 cum
1654 1117 1783 1152 expleve-

991 1159 1062 1192 ritis,
1084 1160 1171 1195 plenae
1191 1160 1293 1188 laetitia:
1308 1161 1464 1196 spiritualis
1479 1170 1577 1191 somno
1599 1170 1649 1191 vos
1666 1162 1795 1192 dabitis.,

1247 1318 1361 1346 CAPUT
1379 1319 1523 1347 XXXVIII.

1209 1363 1247 1391 De
1260 1364 1345 1399 ofﬁcio
1361 1365 1452 1392 "redite
1466 1365 1560 1392 noctis.

1024 1424 1151 1460 Congruo
1169 1429 1303 1459 tempore,
1328 1432 1391 1452 cum
1410 1432 1440 1452 ea
1457 1433 1519 1460 quae
1533 1425 1655 1453 ecclesia:
1673 1432 1780 1461 praepo-

989 1471 1078 1499 situra
1100 1470 1236 1504 Iungitur,
1257 1471 1441 1498 reverentiam
1463 1470 1598 1506 praefeclac
1617 1472 1725 1504 fecerit,
1751 1476 1780 1500 et

988 1518 1092 1553 lignum
1106 1517 1272 1553 pulsaverit;
1287 1522 1432 1553 postquam
1446 1518 1480 1545 ad
1499 1518 1624 1546 ecclesiae
1638 1518 1778 1545 arthccem

988 1571 1036 1591 seu
1052 1563 1220 1591 vestibulum
1234 1564 1414 1596 adveneritis,
1434 1563 1531 1592 media:
1547 1564 1636 1591 noctis
1658 1563 1778 1591 ollicium

141 1597 380 1632 παραγενόμεναι,
397 1599 565 1626 ὲκτελέσετε.
584 1599 651 1626 Οὐδὲ
667 1600 753 1636 αὐτῆς
766 1600 817 1635 τῆς
829 1600 935 1628 διυπνι-

989 1607 1161 1642 persolvetis,
1177 1615 1212 1635 ne
1228 1607 1286 1642 ipsa
1312 1608 1425 1643 quidem
1441 1616 1501 1643 quae
1518 1615 1568 1635 vos
1583 1608 1714 1636 excitavit
1726 1608 1778 1636 ab-

140 1643 236 1678 σάσης
260 1644 333 1678 ὑμᾶς
360 1645 633 1682 ὰπολιμπανομένης,
661 1646 718 1674 ἀλλ’
744 1647 803 1682 ἄμα
826 1656 857 1675 τε
887 1648 936 1676 σὺν

141 1688 207 1724 ὑμῖν
239 1689 412 1725 ψαλλούσης,
436 1692 484 1717 καὶ
505 1691 555 1722 τὰς
579 1691 627 1718 τοῦ
652 1692 717 1719 ναοῦ
749 1695 936 1728 φωταγωγοὺς

139 1736 334 1771 ἅναπτούσης.
355 1736 411 1772 Τῆς
423 1737 451 1764 δὲ
468 1737 646 1772 μεσονυκτίου
661 1738 797 1774 ύμνῳδῑας
814 1740 879 1774 ὑμῖν
892 1748 936 1766 τες

141 1781 318 1817 λεισθείσης,
349 1783 548 1819 κρουσθήσεται
576 1784 607 1810 τὸ
633 1784 705 1819 μέγα
729 1786 935 1820 σημαντήριον,

139 1827 263 1862 προσέτι
282 1828 311 1855 δὲ
327 1828 373 1855 καὶ
394 1829 424 1855 ἰδ
448 1828 567 1863 χαλκοῦν
579 1837 586 1844 ·
603 1830 650 1856 καὶ
673 1829 760 1862 οὕτως
781 1830 936 1864 ἁπάρξεσθε

138 1874 189 1908 τῆς
204 1872 343 1908 ὀρθρινῆς
366 1874 540 1908 ἀκολουθίας,
559 1871 594 1910 ἦς
610 1875 628 1910 ἡ
651 1874 762 1910 ἐναρξις
781 1875 881 1911 ἐφεξῆς
896 1877 935 1903 ει-

140 1921 275 1955 ρήσεται.

441 1977 566 2006 ΚΕΦΔΛ.
582 1979 644 2007 ΛΘ’.

342 2026 411 2059 Περὶ
433 2025 581 2060 ἐνάρξεως
604 2027 742 2061 Ὀρθρου.

176 2082 264 2110 Μετὰ
280 2083 307 2108 δὲ
324 2082 354 2108 τὺ
371 2082 540 2117 κρουσθῆναι
553 2083 583 2109 τὸ
598 2083 716 2118 χαλκοῦν
735 2086 934 2122 σημαντήριον,

139 2129 155 2154 ὁ
169 2128 267 2163 ἱερεὺς
284 2127 429 2161 εὐλογήσει
449 2127 495 2153 τὸν
509 2127 587 2160 Θεὸν,
607 2128 654 2155 τὸν
675 2129 822 2157 τύπον-τοῦ
844 2133 935 2168 τιμίου

143 2173 267 2209 σταυροῦ
284 2172 438 2208 ἔμπροσθεν
452 2173 502 2208 τῆς
519 2175 600 2207 ἁγίας
617 2175 756 2211 τραπέζης
774 2177 811 2212 τῷ
835 2177 936 2213 θυμια-

140 2219 234 2254 τηρί-ελ
253 2217 356 2244 τυπῶν.
381 2216 447 2244 Εἶτα
464 2218 523 2252 ἅμα
536 2220 568 2254 τῇ
586 2219 633 2246 τοῦ
648 2220 715 2247 Θεοῦ
731 2221 844 2254 αίνέσετ,
857 2232 936 2258 τρισο

987 1657 1076 1686 sente,
1092 1652 1140 1680 sed
1158 1660 1211 1679 una
1224 1653 1369 1681 vobiscum
1383 1653 1526 1688 psallente,
1543 1658 1571 1681 et
1586 1653 1680 1689 templi
1697 1654 1779 1681 lumi-

987 1698 1065 1725 naria
1089 1697 1269 1726 accendente.
1287 1699 1402 1734 Expleto
1427 1703 1519 1726 autem
1541 1707 1557 1726 ιι
1580 1699 1657 1727 vobis
1681 1699 1779 1727 medim

986 1743 1077 1771 noctis
1089 1749 1184 1778 cantu,
1196 1752 1325 1780 magnum
1344 1745 1451 1780 signum
1466 1745 1632 1779 pulsabitur,
1649 1753 1681 1772 ac
1700 1745 1776 1772 insu-

987 1796 1046 1823 per,
1063 1797 1171 1817 aaneum
1189 1798 1195 1816 :
1213 1793 1241 1817 et
1257 1789 1297 1817 sic
1309 1790 1447 1824 incipietis
1462 1790 1628 1818 matutinum
1645 1791 1776 1824 ollicium,

987 1833 1021 1862 do
1033 1834 1113 1869 cujus
1126 1834 1205 1862 initio
1217 1834 1349 1869 deinceps
1362 1834 1483 1862 dicetur.

1252 1989 1367 2018 CAPUT
1386 1989 1509 2017 XXXIX.

1239 2037 1278 2064 De
1295 2038 1370 2065 initio
1384 2037 1522 2064 Malun’m’.

1022 2092 1169 2127 Postquam
1185 2100 1292 2120 aeneum
1310 2093 1419 2129 signum
1435 2093 1572 2128 pulsatum
1584 2092 1776 2125 fuerit,saccr-

987 2138 1037 2166 dos
1066 2138 1214 2166 benedicet
1239 2140 1337 2172 Deum,
1357 2139 1472 2174 ﬁguram
1497 2139 1661 2166 venerandae
1685 2139 1777 2166 crucis

987 2192 1078 2212 coram
1100 2189 1193 2212 sancta
1209 2192 1316 2217 mensa,
1332 2185 1474 2212 thuribulo
1488 2184 1647 2212 cﬂ‘ormaus.
1661 2184 1776 2217 Dehinc,

988 2238 1040 2257 una
1057 2239 1119 2258 cum
1139 2230 1187 2258 Dei
1201 2231 1283 2258 laude
1298 2232 1410 2266 trisagio
1425 2239 1439 2258 a
1450 2230 1530 2258 vobis
1542 2231 1627 2263 dicto,
1639 2231 1776 2258 decimum

142 2265 225 2298 αγίου
249 2263 396 2297 γενομένου
422 2264 487 2298 παρ’
510 2264 599 2298 ὑμῶν,
622 2264 668 2291 τὸν
690 2266 932 2295 ἐννεακαιδέκατον

989 2284 1089 2303 nonum
1117 2281 1144 2304 et
1167 2277 1330 2304 vicesimum
1363 2278 1500 2312 psalmum
1526 2276 1689 2308 cantabitis,
1713 2285 1776 2304 cum

143 2309 193 2335 καὶ
225 2308 348 2334 εἰκοστὸν
375 2306 482 2342 ψαλμὸν
508 2308 617 2343 ᾅσεσθε,
647 2310 716 2344 μετὰ
729 2311 785 2337 τῶν
810 2312 934 2347 συνήθων

143 2355 309 2389 τροπαρῑων
321 2355 367 2380 καὶ
381 2354 439 2385 τοῦ,
465 2363 474 2380 ι
494 2355 593 2390 Κύριε,
608 2355 731 2390 ἐλέησον,
753 2366 762 2382 ι
776 2357 813 2388 ὡς
832 2356 889 2384 οἷόν
904 2367 933 2385 τε

145 2400 222 2435 μετὰ
248 2400 369 2434 ἰσότητος
400 2402 447 2426 καὶ
478 2401 627 2437 προσοχῆς.
664 2402 744 2429 Ἀ).λὰ
771 2403 858 2430 ταῦτα
885 2405 935 2439 μὲν

144 2448 259 2472 ἔσονται
276 2445 432 2480 ψαλλόμενοι
448 2448 514 2482 παρ’
527 2448 613 2483 ὑμῶν,
635 2448 690 2474 ἔστ’
712 2450 746 2475 ἂν
759 2450 774 2476 ὀ
790 2451 935 2485 κράτιστός

147 2500 205 2528 μου
222 2491 348 2525 βασιλεὺς
361 2493 390 2518 ὲν
407 2494 464 2523 τοῖς
486 2492 568 2524 ζῶσιν
612 2502 619 2509 ·
634 2494 676 2530 εῐη
699 2494 728 2521 δὲ
741 2496 934 2532 ὲπιμήκιστον,

142 2537 166 2567 ὧ
180 2538 271 2574 Κύριε
283 2538 329 2564 καὶ
341 2538 455 2565 Θεοτόκε
464 2547 472 2554 ο
485 2541 593 2568 ἐπειδὰν
608 2541 636 2567 δὲ
649 2536 710 2568 τῶν
725 2543 789 2578 τῇδε
803 2544 934 2579 μεταστῇ,

140 2586 253 2621 ψαλμοὶ
285 2584 334 2620 μὲν
360 2584 424 2618 ὑμῖν
447 2585 572 2620 ᾀδόμενοι
596 2587 713 2620 ἔσονται,
739 2588 780 2621 τὸ,
800 2597 810 2614 ι
833 2589 936 2624 Κύριος

141 2631 288 2666 ποιμαίνει
304 2639 338 2664 με
350 2638 357 2644 ·
377 2639 386 2655 ι
401 2631 448 2656 καὶ
460 2630 500 2663 τὸ,
516 2640 526 2656 ι
545 2631 591 2658 Σοὶ
606 2634 707 2667 πρέπει
723 2633 818 2669 ὕμνος,
832 2635 846 2660 ὁ
856 2634 933 2668 Θεὸς,

141 2678 173 2704 ὲν
190 2676 273 2702 Σιών.
287 2675 444 2710 »Τροπάρια
453 2675 538 2702 δὲκαὶ
553 2677 622 2703 αὐτὰ
634 2679 810 2714 ἅναπαύσιμα
820 2687 828 2694 ·
842 2689 851 2705 ‹
860 2680 936 2715 Μνή-

144 2723 241 2757 σθητι,
259 2722 354 2758 Κύριε.
376 2722 556 2756 ’Λνάπαυσον,
567 2723 662 2760 Σωτὴρ
678 2725 768 2761 ἡμῶν.
785 2725 866 2758 Δόξα.
879 2727 934 2754 Καὶ

143 2769 205 2797 νῦν.
227 2779 236 2796 ι

181 2815 262 2843 Μετὰ
277 2816 304 2842 δὲ
322 2816 352 2843 τὸ
362 2816 520 2852 τελεσθῆναι
532 2817 563 2844 τὸ
575 2818 727 2853 τρισάγιον,
742 2820 758 2855 ἡ
771 2820 935 2857 ἐκκλησιάρ-

181 2905 207 2920 ’⁸
220 2906 290 2935 Psal.
305 2914 385 2942 cxxv,
397 2909 424 2936 1.
462 2909 485 2926 ³⁷
503 2909 564 2938 Psal
594 2918 664 2943 LXW,
680 2911 704 2938 I.

985 2321 1075 2348 solitis
1091 2321 1231 2355 tropariis,
1248 2325 1276 2348 ct
1295 2330 1304 2346 ι
1322 2322 1405 2356 Kyrie
1421 2322 1535 2352 eleison,
1553 2330 1562 2346 ι
1583 2329 1646 2348 cum
1663 2321 1776 2355 aequali-

985 2371 1042 2393 tate
1066 2370 1094 2392 et
1121 2367 1284 2400 attentione,
1312 2367 1401 2402 quoad
1425 2367 1483 2394 ﬁeri
1506 2368 1615 2402 poterit.
1644 2367 1696 2394 Sed
1720 2366 1776 2394 haec

987 2414 1099 2449 quidem
1120 2421 1135 2440 a
1149 2413 1227 2440 vobis
1241 2414 1405 2448 psalleutur,
1428 2413 1516 2440 donec
1533 2412 1776 2447 praestantissimus

986 2467 1065 2487 meus
1085 2459 1234 2494 imperator
1253 2459 1281 2485 in
1302 2459 1372 2485 vivis
1400 2458 1485 2485 fuerit
1508 2459 1546 2493 (id
1569 2465 1634 2485 vero
1653 2457 1776 2484 diutissi-

986 2513 1061 2533 mum
1077 2505 1124 2538 sit,
1145 2512 1162 2532 ο
1177 2504 1304 2537 Domine,
1319 2509 1348 2531 et
1363 2505 1506 2539 Deipara);
1526 2509 1670 2538 postquam
1682 2507 1775 2530 autem

986 2551 1052 2579 hinc
1069 2551 1218 2578 translatus
1229 2551 1323 2583 fuerit,
1341 2551 1368 2578 hi
1385 2550 1484 2577 Psalmi
1500 2558 1514 2577 a
1527 2549 1605 2576 vobis
1622 2549 1774 2577 cantabun-

986 2599 1054 2622 tur:
1076 2604 1086 2621 ι
1109 2595 1242 2622 Dominus
1265 2595 1352 2630 pascit
1376 2602 1420 2622 me
1436 2595 1470 2628 ",
1497 2604 1507 2620 ι
1534 2599 1585 2622 et:
1614 2604 1623 2620 ‹
1643 2595 1681 2622 Te
1695 2594 1774 2622 decet

983 2641 1113 2677 hymnus,
1132 2641 1204 2668 Deus
1227 2642 1254 2668 in
1271 2641 1338 2667 Sion
1356 2641 1408 2667 ⁸⁷.»
1428 2641 1559 2676 Troparia
1575 2648 1651 2673 vero,
1673 2645 1701 2667 et
1715 2639 1773 2674 ipsa

983 2685 1098 2714 iunerca
1111 2695 1118 2713 :
1136 2687 1297 2720 (Memento,
1306 2686 1433 2714 Domine.
1445 2687 1482 2714 Da
1500 2687 1634 2722 requiem,
1648 2686 1773 2713 Salvator

985 2735 1089 2759 noster.
1107 2731 1209 2760 Gloria.
1226 2732 1260 2759 Et
1272 2739 1356 2760 nunc.
1377 2741 1386 2757 ι

1020 2824 1154 2854 Absoluto
1187 2830 1279 2855 autem
1316 2825 1444 2862 trisagio,
1472 2826 1594 2854 ecclesia:
1625 2825 1771 2862 praeposita
