2023 3164
251 217 323 249 1059

882 209 1026 241 IRENES
1047 208 1236 239 AUGUSTIE

1799 207 1867 241 106‘)

246 272 454 308 liexapsaln'mm
475 278 523 298 seu
546 277 593 297 sex
619 269 738 304 psalmos
771 267 896 302 incipiet,
914 267 988 294 lente
1012 269 1040 292 et

1103 274 1172 300 [ισσα
1193 263 1240 291 τοῦ
1262 263 1421 299 ἐξαψάλμου
1439 263 1496 299 (58)
1517 264 1669 299 ἁπάρξεται
1691 264 1825 300 σχολαίως
1849 275 1878 293 τε

247 324 350 347 attente
380 316 446 344 illml
471 323 583 346 canens,
605 319 632 342 et
657 315 750 348 quieta
775 313 950 347 demissaque
969 319 1037 339 voce

247 364 384 399 psallens;
405 367 434 388 ut
451 361 563 394 reliquae
583 359 653 386 citra
674 359 779 393 lapsum
794 362 822 385 et
835 365 958 384 errorem
977 364 1036 384 eam

249 409 379 443 subsequi
395 408 513 439 valeant,
525 411 553 433 et
568 405 640 440 apud
651 406 754 440 seipsas
767 406 848 432 verba
867 404 1038 431 Psalmorum

249 458 342 481 mente
371 452 521 479 revolvere.
540 451 574 478 Et
590 452 629 477 sic
648 454 708 485 post
735 450 874 483 expletum
896 447 1039 482 liexapsal-

249 507 335 531 mum,
353 499 513 525 universum
535 496 661 523 Matutini
678 495 797 522 ofﬁcium
813 494 996 529 persolvetur,
1010 497 1039 520 ut

249 546 277 572 in
310 544 461 580 Synaxario
488 544 662 574 continetur,
690 541 763 576 quod
796 540 975 576 Synaxarium
1005 539 1040 566 de

250 595 406 618 sanctorum
420 597 530 624 quoque
541 588 710 623 jejuniorum
723 586 813 614 ollieio
831 585 1039 613 accuratissime

250 643 300 662 vos
324 634 469 664 edocebit,
489 641 598 660 necnon
617 632 756 666 quomodo
782 631 861 658 vobis
885 630 1041 667 peragenda

251 681 305 708 sint
321 688 382 707 cum
395 680 459 712 alia,
474 684 530 706 tum
545 679 654 714 vigilia),
671 680 697 705 in
713 678 787 705 omni
802 677 956 710 Dominica,
969 677 1040 704 festo

250 727 378 759 Domini,
408 730 436 753 et
466 726 581 760 reliquis
605 729 763 752 sanctorum
787 723 946 757 memoriis,
973 731 1042 758 quas

251 776 363 798 enarrat
381 771 578 806 Synaaarium.

288 862 434 895 Cmternm,
451 861 628 894 imperatoria
644 868 705 887 mea
728 861 857 896 majestas
877 859 922 887 hic
945 863 1043 886 vestra:

254 909 407 936 inﬁrmitati
420 916 449 935 se
462 912 658 942 attemperans,
673 907 745 934 circa
760 906 866 941 vigilias
880 905 1043 933 clementius

1092 311 1140 336 καὶ
1155 310 1344 345 προσεκτικῶς
1361 309 1462 345 ᾄδουσα
1477 310 1553 342 αὺτδ,
1569 311 1616 337 καὶ
1631 310 1724 346 ἡσύχῳ
1741 311 1879 346 ὑπᾴδουαα

1091 358 1124 392 τῇ
1139 357 1214 392 φωνῇ
1226 364 1233 370 ⁸
1247 356 1278 382 ἵν’
1293 356 1380 391 ἔχοιεν
1391 356 1547 383 ἀκολουθεῖν
1558 357 1625 392 αὐτῇ
1646 358 1673 383 al
1692 357 1785 383 λοιπαὶ
1796 358 1879 393 ἀπρω

1093 401 1211 432 σκόπως.
1229 402 1276 427 καὶ
1296 401 1434 433 ἀπλανῶς,
1451 401 1499 428 καὶ
1516 401 1643 434 διεξιέναι
1658 402 1719 429 καθ’
1733 402 1834 434 ἑαυτὰς
1847 403 1880 429 τα

1094 449 1204 482 ῥήματα
1218 447 1273 474 τῶν
1287 447 1420 482 Ψαλμῶν.
1443 447 1521 474 Οὕτω
1538 456 1568 474 τε
1585 449 1654 482 μετὰ
1673 448 1724 483 τὴν
1752 448 1800 474 τοῦ
1821 448 1882 481 ἐξα-

1093 494 1201 528 ψὰλμου
1221 493 1406 529 ἐκπλήρωσιν,
1428 494 1444 529 ἠ
1462 494 1537 520 πᾶσα
1553 493 1600 520 τοῦ
1621 493 1740 529 Ὄρθρου
1767 495 1882 521 ἀκολου-

1095 539 1139 566 θία
1152 539 1345 574 τελεσθήσεται
1369 540 1440 566 κατά
1455 540 1505 574 τὴν
1519 539 1567 566 τοῦ
1585 540 1752 575 Συναξαρίου
1769 540 1882 575 περίλη-

1093 587 1156 622 ψιν·
1179 587 1247 622 ὅπερ
1261 586 1293 621 δὴ
1321 586 1487 621 Συναξάριον
1505 585 1630 620 καὶπερὶ
1653 585 1704 619 τῆς
1719 587 1774 612 τῶν
1797 586 1882 619 ἁγίων

1094 633 1226 668 νηστειῶν
1246 632 1418 664 ἀκολουθίας,
1438 631 1624 666 ἀκριϐέστατα
1650 631 1714 666 ὑμῖν
1739 631 1882 667 ὑποθήσει.

1095 680 1171 707 Καοδ
1186 680 1234 707 καὶ
1253 679 1434 713 διαπρακτέον
1449 679 1483 705 τά
1496 686 1526 704 τε
1544 678 1613 705 ἄλλα
1629 678 1705 714 ὑμῖν,
1727 678 1774 704 καὶ
1789 678 1821 713 δὴ
1836 679 1884 704 καὶ

1095 726 1144 757 τὰς
1156 725 1310 760 ἀγρυπνίας
1329 727 1357 751 ὲν
1378 724 1454 760 πάσῃ
1471 724 1598 758 κυριακῇ
1620 724 1775 758 Δεσποτικῇ
1791 723 1882 757 ἑορτῇ.

1096 770 1142 796 καὶ
1153 770 1207 796 τῶν
1222 769 1324 796 λοιπῶν
1338 769 1424 804 ἁγίων
1440 770 1574 804 μνήμαις,
1587 767 1620 800 ἃς
1633 767 1744 800 διέξεισι
1757 767 1788 794 τὸ
1801 768 1884 794 Συνα-

1097 817 1201 851 ξάριον.

1132 861 1206 897 Πλὴν
1225 860 1344 888 ἐνταῦθα
1367 861 1626 894 συγκαταϐαίνουσα
1649 861 1665 896 ἡ
1692 859 1818 895 βασιλεία
1835 867 1884 894 μου

1099 909 1131 943 τῇ
1148 907 1276 943 ἀσθενείᾳ
1292 907 1379 942 ὑμῶν,
1397 908 1444 933 καὶ
1458 908 1521 942 περὶ
1537 907 1591 934 τῶν
1604 906 1764 941 ἀγρυπνιῶν
1776 914 1886 939 συμπα-

254 955 395 990 quidpiam
410 955 586 990 excogitavit.
602 954 670 982 Volo
684 954 758 981 enim
770 957 799 980 et
820 957 923 986 statuo,
941 957 971 980 ut
986 960 1044 980 om-

1103 954 1226 989 )éo-capév
1239 962 1266 980 τι
1286 953 1457 988 ὲπινενόηκε.
1475 952 1610 988 Βούλομαι
1628 953 1693 987 γὰρ,
1711 952 1758 978 καὶ
1771 951 1888 986 διορίζο-

254 1009 304 1028 nes
317 1000 418 1035 vigiliae
429 1001 454 1027 in
468 1000 544 1028 l’estis
559 1000 666 1026 Domini
679 999 727 1026 Dei
739 1004 766 1026 et
779 998 930 1026 Salvatoris
946 998 1046 1030 nostri,

254 1055 361 1074 necnon
379 1047 538 1074 castissima:
553 1047 675 1074 Domina:
690 1050 716 1073 et
732 1046 854 1081 Deipara:
871 1044 1045 1080 peragenda,

256 1102 304 1128 per
320 1097 405 1121 totam
424 1099 532 1120 nOetem
549 1098 689 1128 agantur;
700 1093 857 1128 pariterque
883 1092 975 1127 vigilia
989 1099 1048 1118 ma-

255 1140 299 1175 gni
313 1141 442 1172 Canonis,
462 1147 604 1167 sacrarum
619 1140 791 1172 Passienum,
808 1140 921 1173 insuper
938 1138 1048 1165 Exulta-

257 1185 339 1212 tionis
354 1185 518 1212 venerandae
534 1185 635 1217 erucis,
661 1189 688 1212 ct
711 1190 869 1212 sanctorum
888 1184 1049 1220 eeryphaeo-

257 1238 374 1265 rumque
391 1231 579 1266 apostolorum
595 1230 670 1258 Petri
684 1236 712 1258 et
730 1231 819 1258 Pauli.
833 1230 944 1265 Vigilias
957 1235 1049 1256 autem

259 1285 319 1312 quae
335 1282 399 1304 ante
414 1277 572 1304 Dominicos
589 1277 648 1303 dies
665 1281 844 1312 peraguntur,
866 1277 918 1303 nisi
934 1283 995 1302 cum
1009 1275 1049 1309 ip-

258 1323 296 1350 sis
309 1323 407 1350 festum
424 1323 535 1358 aliquod
548 1323 656 1350 Domini
674 1323 759 1349 nostri
776 1327 934 1354 concurrat,
956 1327 1050 1348 mstatc

258 1369 369 1403 quidem
389 1369 470 1396 tertia
488 1369 568 1400 liora,
591 1369 683 1396 hieme
695 1376 760 1395 vero
775 1372 871 1403 quarta
890 1367 1049 1401 incipiente,

258 1414 415 1448 explebitis.
434 1414 462 1441 Si
481 1419 573 1442 autem
594 1414 740 1449 contigerit
755 1415 822 1441 duas
836 1413 861 1440 in
879 1412 1051 1440 hebdomade

261 1468 315 1486 una
336 1460 442 1496 vigilias
460 1468 638 1496 concurrere,
669 1468 751 1488 unam
769 1459 880 1495 quidem
909 1459 1050 1494 cujusdam

259 1505 323 1532 festi
344 1506 463 1538 Domini,
480 1507 595 1534 alteram
611 1514 678 1534 vero
693 1515 726 1534 ex
742 1507 796 1534 illis
812 1514 871 1541 qua:
888 1506 916 1532 in
928 1505 1052 1532 Domini-

260 1551 300 1578 cis
332 1556 440 1579 statuta:
468 1557 533 1578 sunt
555 1561 561 1579 :
587 1553 695 1580 Domini
719 1552 831 1587 quidem
859 1552 980 1589 vigiliam
995 1551 1052 1578 sive

260 1596 443 1629 praecesserit,
460 1596 517 1623 sive
534 1604 599 1628 non,
615 1605 673 1632 .pcr
688 1603 772 1624 totum
792 1601 900 1623 noctem
923 1596 994 1630 exigi
1007 1595 1053 1630 ju—
1066 1612 1088 1640 ο

261 1640 370 1673 bemus,
397 1641 546 1669 liominicze
564 1649 627 1668 vero
648 1642 767 1677 vigiliam
795 1647 870 1669 sexta
896 1642 961 1668 hora
986 1641 1054 1669 inei—

262 1685 356 1720 piente
371 1687 503 1720 compleri
526 1695 532 1713 :
549 1692 579 1714 ut
593 1687 633 1714 sic
653 1687 762 1715 modico
777 1695 873 1715 somno
889 1693 978 1723 capto,
998 1688 1054 1716 ala-

260 1730 368 1758 criores
384 1732 411 1758 in
426 1733 608 1766 sequentibus
619 1733 751 1761 evadatis.
764 1734 797 1761 Et
813 1734 839 1760 in
856 1735 990 1762 matutino
1001 1734 1055 1761 dici

266 1778 440 1813 pervigilium
456 1778 661 1814 subsequentis,
678 1780 760 1807 solito
776 1780 883 1807 tardius
903 1780 980 1815 quasi
1002 1788 1055 1806 una

262 1821 330 1849 hora
345 1830 394 1849 vos
408 1830 520 1857 surgere
539 1824 596 1851 vult
614 1824 760 1859 imperium
776 1832 879 1855 meum.
896 1829 923 1852 et
943 1824 1054 1851 matuti-

262 1874 328 1893 num
354 1875 453 1902 agere;
470 1872 500 1895 ut
524 1876 639 1904 corpora
666 1875 758 1897 vestra
774 1879 789 1897 a
806 1870 900 1897 labore
918 1875 1052 1904 recreata,

264 1913 291 1938 in
305 1915 448 1947 proprium
467 1922 564 1942 rursus
581 1915 666 1942 robur
685 1917 876 1943 restituantur.

1101 1010 1162 1036 μαι,
1193 1001 1242 1032 τὰς
1271 1000 1319 1035 μὲν
1344 999 1390 1025 ἐπὶ
1417 1000 1476 1031 ταῖς
1501 999 1681 1029 Δεσποτικαῖς
1705 999 1814 1033 ἑορταῖς
1841 996 1886 1023 τοῦ

1100 1046 1203 1081 Κυρίου
1219 1045 1266 1071 καὶ
1281 1044 1348 1071 Θεοῦ
1364 1044 1411 1072 καὶ
1429 1044 1558 1079 Σωτῆρος
1578 1044 1667 1079 ἡμῶν,
1684 1043 1732 1070 καὶ
1753 1043 1803 1076 τῆς
1822 1051 1888 1069 παν-

1100 1093 1183 1126 άγνου
1200 1091 1350 1126 Δεσποίνης
1366 1091 1412 1117 καὶ
1425 1091 1565 1122 Θεοτὸκου,
1588 1090 1722 1116 τελεῖσθαι
1738 1089 1888 1124 μελλούσας

1100 1136 1264 1171 ἀγρυπνίας,
1282 1136 1372 1167 πάσας
1397 1136 1570 1166 ὁλονυχτῖους
1590 1135 1723 1170 γίνεσθαι,
1740 1135 1788 1162 καὶ
1805 1135 1888 1170 αὐτὴν

1100 1183 1149 1215 τὴν
1169 1181 1214 1208 τοῦ
1237 1182 1356 1216 μεγάλου
1373 1182 1492 1212 Κανόνος
1510 1181 1579 1216 (59),
1599 1182 1646 1207 καὶ
1662 1180 1710 1216 τὴν
1734 1180 1788 1206 τῶν
1805 1180 1888 1213 ἁγίων

1102 1228 1202 1254 Παθῶν
1214 1227 1281 1263 (40),
1299 1227 1339 1254 ἔτι
1356 1236 1387 1262 γε
1405 1228 1457 1262 μὴν
1476 1229 1523 1254 καὶ
1537 1228 1587 1262 τὴν
1610 1228 1660 1262 τῆς
1680 1226 1828 1262 ’Υψὼσεως
1843 1225 1887 1252 τοῦ

1100 1274 1192 1308 τιμίου
1208 1273 1340 1308 Σταυροῦ,
1365 1273 1412 1299 καὶ
1427 1273 1475 1307 τὴν
1492 1273 1547 1298 τῶν
1561 1273 1646 1306 ἁγίων
1668 1273 1716 1298 καί
1733 1271 1888 1307 κορυφαίων

1102 1319 1258 1346 ἁποσιόλων
1280 1319 1383 1354 Πέτρου
1401 1319 1446 1345 καὶ
1467 1318 1584 1345 Παύλου.
1600 1319 1656 1350 Τὰς
1676 1317 1704 1344 δέ
1726 1326 1757 1352 γε
1774 1318 1820 1343 ἐπὶ
1837 1316 1888 1342 τῶν

1102 1365 1251 1400 Κυριακῶν
1279 1364 1402 1400 ἡμερῶν,
1429 1364 1452 1390 εί
1478 1365 1515 1399 μή
1546 1373 1597 1390 που
1624 1363 1740 1395 ταύταις
1763 1364 1811 1390 καὶ
1837 1363 1888 1389 τῶν

1102 1411 1278 1438 Δεσποτικῶν
1296 1411 1344 1446 μία
1358 1411 1498 1446 συνδράμῃ
1516 1411 1628 1446 ἑορτῶν,
1646 1411 1742 1446 Θέρους
1764 1411 1814 1445 μὲν
1830 1410 1888 1445 τρί-

1102 1467 1151 1490 της
1170 1457 1254 1492 ὥρας,
1280 1465 1413 1491 χειμωνος
1430 1457 1458 1484 δὲ
1479 1459 1614 1492 τετάρτης
1632 1457 1789 1492 ἀρχομένης
1812 1458 1889 1483 Exta.

1103 1503 1170 1529 λείν.
1189 1503 1219 1529 Εί
1231 1503 1259 1529 δέ
1271 1511 1323 1529 που
1336 1504 1414 1537 τύχοι
1424 1503 1470 1529 δύο
1482 1504 1510 1529 ὲν
1525 1504 1575 1538 μιᾷ
1590 1503 1718 1538 ὲῦδομάδι
1731 1503 1890 1538 συνδραμεῖν

1104 1549 1270 1585 ἀγρυπνίας,
1298 1549 1363 1584 μίαν
1392 1550 1452 1584 μὲν,
1481 1550 1650 1584 Δεσποτικῆς
1678 1558 1751 1580 τινος
1775 1549 1889 1584 ἑορτῆς,

1104 1596 1200 1632 ἑτέραν
1223 1596 1261 1626 δὲ,
1280 1596 1334 1622 τῶν
1359 1596 1387 1622 ὲν
1418 1597 1479 1627 ταῖς
1503 1596 1658 1630 Κυριακαίς
1682 1595 1890 1630 τετυπωμένων.

1105 1642 1161 1676 Τὴν
1175 1642 1224 1676 μὲν
1241 1642 1288 1668 οὖν
1304 1642 1484 1677 Δεσποτικὴν,
1501 1643 1556 1669 εἴτε
1568 1642 1600 1678 δὴ
1619 1642 1821 1677 προηγήσεται,
1840 1641 1892 1667 εἴτε

1104 1689 1151 1714 καὶ
1169 1688 1216 1723 μὴ,
1233 1688 1387 1715 ὀλονύκτιον
1402 1688 1526 1722 γίνεσθαι
1537 1687 1716 1723 ὲντελλόμεθα
1727 1695 1734 1704 '
1746 1688 1796 1722 τὴν
1807 1688 1834 1714 δὲ
1846 1689 1892 1722 τῆς

1107 1735 1259 1768 Κυριακῆς,
1277 1734 1359 1769 ἕκτης
1373 1734 1446 1769 ὧρας
1460 1734 1615 1769 ἀρχομένης
1626 1742 1633 1749 ·
1650 1734 1684 1760 ἶν’
1698 1733 1771 1760 οὕτω
1796 1733 1891 1768 μικρὸν

1108 1781 1348 1815 ἀναπαυσάμεναι,
1375 1780 1579 1816 προθυμότεραι
1602 1781 1658 1812 τοῖς
1680 1779 1836 1815 ἔμπροσθεν
1852 1779 1892 1810 γί-

1108 1825 1208 1852 νοισθε.
1222 1825 1277 1851 Καὶ
1295 1825 1343 1850 ἐπὶ
1353 1824 1392 1860 τῷ
1414 1825 1507 1860 ὕρθρῳ
1522 1825 1551 1851 δὲ
1575 1827 1625 1860 τῆς
1641 1825 1711 1860 μετὰ
1731 1825 1781 1859 τὴν
1803 1824 1892 1850 ὀλονὺ-

1109 1879 1184 1898 κτιον
1193 1872 1346 1906 ἀγρυπνίαν
1360 1871 1478 1907 ἡμέρας,
1495 1871 1660 1907 βραδύτερον
1674 1872 1746 1906 ὑμᾶς
1756 1871 1803 1897 τοῦ
1817 1870 1893 1904 συνή-

1109 1916 1183 1950 θους,
1201 1917 1266 1943 ὡσεὶ
1282 1918 1346 1952 μίαν
1366 1917 1441 1951 ὥραν
1457 1915 1648 1948 ἐξανίστασθαι
1664 1917 1680 1950 ἡ
1698 1915 1821 1950 βασιλεία
1844 1923 1892 1948 μου

263 1958 399 1993 βούλεται,
419 1960 466 1986 καὶ
489 1960 627 1996 ὁρθρῑζειν
642 1970 649 1978 ’
666 1962 709 1988 ἵνα
727 1965 759 1989 τὰ
778 1962 891 1997 σώματα
905 1963 982 1997 ὑμῶν
1001 1963 1056 1990 ἀπὸ
1075 1962 1122 1989 τοῦ
1157 1963 1242 1990 κόπου
1276 1962 1476 1998 ἁνακτηθέντα,
1496 1963 1536 1994 εἰς
1551 1962 1601 1998 τὴν
1614 1962 1719 1989 οἰκείαν
1736 1961 1815 1993 αὖθις
1829 1962 1893 1987 ἁπο-

264 2007 436 2034 καταςτῶσιν
450 2008 537 2042 ἰσχύν.

563 2065 675 2092 CAPUT
691 2065 747 2091 XL.

265 2120 304 2147 De
316 2121 450 2147 vocatione
461 2120 496 2146 ad
507 2125 663 2154 mansam,et
677 2120 708 2146 de
719 2121 856 2155 discipﬁna
869 2122 902 2148 ibi
914 2122 1053 2148 servanda.

302 2211 529 2246 Quandoquidem
554 2211 587 2238 de
603 2211 788 2239 ecclesiastico
804 2212 904 2245 oﬂicio,
926 2217 955 2239 ut
975 2214 1054 2240 nobis
1071 2225 1093 2252 υ

266 2257 355 2284 visum
378 2261 430 2289 est,
455 2255 651 2290 tractavimus,
671 2259 704 2285 de
723 2257 872 2286 refectione
894 2260 1054 2287 monialium

267 2303 398 2338 deinceps
414 2303 562 2330 dicendum
589 2303 719 2331 Absoluta
733 2303 904 2340 igitursacra
920 2311 948 2333 et
962 2305 1054 2334 divina

267 2350 388 2385 liturgia,
414 2350 441 2377 in
458 2349 569 2376 arthece
595 2357 642 2377 seu
663 2349 800 2377 vestibulo
813 2357 925 2378 manere
942 2351 1054 2384 debent,

266 2399 458 2429 exspectantes
479 2394 650 2421 vocationem
673 2393 706 2420 ad
731 2401 905 2421 communem
932 2403 1054 2422 mensam

266 2447 315 2473 per
340 2439 452 2466 solitum
473 2438 588 2474 lignum.
606 2439 717 2466 Pulsato
733 2446 799 2466 vero
816 2439 901 2474 ligno,
928 2448 981 2467 una
1005 2449 1054 2468 ex-

266 2485 346 2512 ibunt
363 2492 424 2511 eum
436 2484 670 2517 eeclesiarcliissa,
684 2488 711 2512 et
724 2485 858 2519 prafeetze
873 2487 1054 2514 reverentiam

265 2531 377 2564 facient,
389 2535 416 2558 et
430 2531 469 2558 sic
485 2537 628 2566 postquam
644 2531 763 2559 demissa
776 2536 803 2558 et
817 2533 977 2567 congruenti
988 2541 1055 2561 voce

267 2581 429 2605 consuetum
446 2577 600 2613 inceperim
614 2577 748 2612 psalmum
763 2585 873 2613 nempe,
901 2587 910 2603 ι
925 2578 1056 2606 Ειςιιίιιὼο

1408 2063 1532 2090 ΚΕΦΑΔ.
1551 2064 1596 2090 Μ’.

1109 2122 1177 2155 Περὶ
1195 2120 1250 2154 τῆς
1265 2121 1308 2153 είς
1326 2119 1383 2154 τὴν
1397 2120 1543 2154 τράπεζαν
1563 2122 1712 2154 κλήσεως,
1726 2121 1776 2147 καί
1793 2121 1848 2155 τῆς
1861 2121 1892 2148 ἐν

1370 2155 1446 2190 αὐτῇ
1470 2155 1629 2190 διαμονῆς.

1151 2213 1258 2246 Ἐπειδὴ
1283 2213 1410 2248 περὶτῆς
1435 2212 1666 2247 ὲκκλησιαστικῆς
1689 2213 1850 2245 ἀκολουθίας
1862 2214 1893 2240 τὰ

1108 2257 1238 2284 δοκοῦντα
1249 2258 1420 2293 διείληπται,
1437 2258 1477 2284 δεῖ
1489 2258 1582 2284 λοιπὸν
1597 2259 1684 2285 sit:st
1700 2260 1747 2285 καὶ
1769 2260 1835 2294 περὶ
1846 2261 1892 2294 τῆς

1109 2304 1258 2336 ἑστιάσεως
1270 2305 1325 2330 τῶν
1337 2304 1523 2339 μοναζουοῶν.
1536 2305 1731 2341 Πληρωθείσης
1743 2305 1835 2332 τοίνυν
1846 2307 1892 2341 τῆς

1110 2349 1186 2383 ίερᾶς
1202 2349 1248 2375 καὶ
1263 2348 1338 2379 θείας
1354 2348 1536 2383 λειτουργίας,
1552 2350 1581 2376 ὲν
1597 2348 1637 2384 τῷ
1653 2349 1755 2385 ἄρθηκι
1776 2352 1893 2386 προσμέ-

1109 2403 1166 2421 νειν
1180 2394 1346 2429 ὀφείλουσιν,
1373 2395 1551 2430 ἐκδεχόμεναι
1566 2395 1614 2431 τὴν
1637 2395 1681 2422 διὰ
1696 2395 1745 2422 τοῦ
1763 2397 1893 2432 συνήθους

1110 2440 1190 2473 ξύλου
1210 2441 1378 2477 πρόσκλησιν
1392 2441 1439 2467 ἐπὶ
1451 2441 1501 2476 τὴν
1513 2442 1606 2476 κοινὴν
1615 2441 1766 2476 τράπεζαν.
1784 2443 1839 2469 Τοῦ
1851 2443 1893 2475 ﬁdo

1110 2487 1157 2514 λου
1172 2487 1200 2514 δὲ
1213 2487 1402 2523 κρουσθέντος,
1429 2487 1582 2520 συνεξιέναι
1596 2490 1629 2524 τῇ
1651 2489 1893 2525 ἑκκλησιαρχίσσῃ,

1110 2535 1273 2569 προσκυνεῖν
1287 2534 1316 2561 δὲ
1338 2536 1372 2571 τῇ
1393 2537 1565 2570 προεστώςῃ,
1585 2536 1631 2561 καὶ
1657 2535 1730 2562 οὓτω
1743 2536 1792 2563 τοῦ
1814 2538 1894 2571 συνή-

1112 2580 1174 2611 θους
1190 2580 1348 2616 ὰρξαμένας
1367 2580 1475 2615 ψαλμοῦ
1489 2581 1612 2616 ἠρεμαίᾳ
1627 2581 1674 2607 καὶ
1688 2581 1847 2618 καθηκούσῃ
1863 2583 1893 2616 τῇ

881 2647 1111 2680 Montfauconii
1132 2655 1228 2681 notae.

303 2712 358 2748 ('58)
380 2710 587 2745 Ἐξαψάνίμου.
604 2710 634 2737 Id
661 2715 703 2738 est
718 2718 764 2738 sex
792 2710 1054 2748 Psalmi__Landum,

267 2746 367 2781 nempe
377 2755 452 2776 mn,
464 2753 602 2777 xxxvn,n,
612 2754 729 2776 Lxxxvn,
742 2754 787 2777 cn,
798 2746 1056 2781 cvr.n.lllorologiunt

268 2783 295 2808 in
311 2782 364 2810 Oll'.
377 2781 512 2810 Matutini,
531 2788 585 2814 quo
605 2782 715 2807 nomine
734 2781 924 2815 intelliguntur
938 2782 1056 2808 Laudes.

304 2818 360 2851 (59)
378 2816 516 2850 Μεγάλου
540 2816 678 2847 κανόνος.
695 2815 806 2842 Festum
829 2817 919 2850 magni
936 2817 1056 2844 Canonis

269 2852 391 2878 occurrit
407 2852 474 2877 feria
491 2851 587 2884 quinta
616 2851 718 2884 quinta:
738 2850 918 2878 hebdomadis
933 2851 1056 2884 Quadra-

270 2887 389 2917 gesimm,
405 2885 430 2911 id
456 2890 507 2917 est,
537 2889 600 2912 ante
618 2885 787 2913 Dominicant
818 2886 975 2919 Passionis;
993 2894 1055 2913 nam

273 2920 317 2946 illa
335 2920 483 2946 ltebdotnas
499 2924 541 2953 est
567 2920 664 2947 ordine
691 2920 786 2954 quinta
804 2922 874 2955 apud
889 2921 1009 2954 Gnecos,
1026 2927 1056 2949 ut

1110 2713 1183 2747 apud
1198 2720 1248 2755 nos
1263 2717 1371 2746 quarta.
1384 2712 1490 2755 Dicitur
1501 2715 1591 2755 magni
1611 2714 1741 2755 Canonis,
1760 2715 1826 2755 quia
1840 2723 1894 2742 ma-

1109 2747 1291 2809 ﬁgplsrCanon
1304 2748 1392 2775 sancti
1407 2748 1524 2776 Andrea:
1537 2747 1675 2776 Cretensis
1691 2750 1737 2776 illo
1759 2747 1804 2777 die
1817 2758 1895 2778 cane-

1126 2817 1202 2856 _(40}
1222 2816 1284 2844 Τῶν
1299 2818 1392 2858 ἁγίων
1418 2818 1534 2858 Παθῶγ.
1559 2819 1655 2858 Vigilia
1669 2827 1810 2858 sacrarum
1833 2822 1895 2858 Pas-

1110 2854 1219 2879 sionum
1247 2854 1369 2880 occurrit
1399 2858 1479 2880 nocte
1507 2854 1696 2882 intercedente
1713 2857 1784 2883 inter
1799 2857 1893 2883 feriam

1108 2887 1232 2921 quintam
1253 2887 1281 2915 in
1294 2887 1378 2916 Canta
1392 2888 1500 2918 Domini
1526 2894 1553 2916 ct
1569 2889 1666 2917 feriam
1681 2896 1783 2919 sextam
1802 2891 1830 2918 in
1844 2891 1892 2918 Pa~

1108 2930 1229 2950 rascevc.
