  <div class='ocr_page' id='page_1' title='image "/cluster/home/n/w/nwhite01/storage/ocr_20150623/127/njp.32101077773040/643.png"; bbox 0 0 2023 3164; ppageno 0'>
   <div class='ocr_carea' id='block_1_1' title="bbox 525 271 749 302">
    <p class='ocr_par' dir='ltr' id='par_1_1' title="bbox 525 271 749 302">
     <span class='ocr_line' id='line_1_1' title="bbox 525 271 749 302; baseline -0.009 -1"><span class='ocrx_word' id='word_1_1' title='bbox 525 272 640 302; x_wconf 78' lang='lat' dir='ltr'>CAPUT</span> <span class='ocrx_word' id='word_1_2' title='bbox 657 271 749 300; x_wconf 77' lang='lat' dir='ltr'><strong>XLIV.</strong></span> 
     </span>
    </p>
   </div>
   <div class='ocr_carea' id='block_1_2' title="bbox 245 316 1035 358">
    <p class='ocr_par' dir='ltr' id='par_1_2' title="bbox 245 316 1035 358">
     <span class='ocr_line' id='line_1_2' title="bbox 245 316 1035 358; baseline -0.01 -9"><span class='ocrx_word' id='word_1_3' title='bbox 245 320 322 356; x_wconf 73' lang='lat' dir='ltr'><strong>Quod</strong></span> <span class='ocrx_word' id='word_1_4' title='bbox 334 329 391 358; x_wconf 69' lang='lat' dir='ltr'><strong>qui:</strong></span> <span class='ocrx_word' id='word_1_5' title='bbox 402 321 465 348; x_wconf 82' lang='lat' dir='ltr'><strong>bene</strong></span> <span class='ocrx_word' id='word_1_6' title='bbox 474 320 562 348; x_wconf 77' lang='lat' dir='ltr'><strong>valent</strong></span> <span class='ocrx_word' id='word_1_7' title='bbox 573 326 745 358; x_wconf 71' lang='lat' dir='ltr'><strong>communem_</strong></span> <span class='ocrx_word' id='word_1_8' title='bbox 751 325 870 358; x_wconf 72' lang='lat' dir='ltr'><strong>mensam</strong></span> <span class='ocrx_word' id='word_1_9' title='bbox 888 316 1035 342; x_wconf 73' lang='lat' dir='ltr'><strong>detrectare</strong></span> 
     </span>
    </p>
   </div>
   <div class='ocr_carea' id='block_1_3' title="bbox 455 353 824 390">
    <p class='ocr_par' dir='ltr' id='par_1_3' title="bbox 455 353 824 390">
     <span class='ocr_line' id='line_1_3' title="bbox 455 353 824 390; baseline -0.008 -8"><span class='ocrx_word' id='word_1_10' title='bbox 455 359 596 390; x_wconf 73' lang='lat' dir='ltr'><strong>nequeant,</strong></span> <span class='ocrx_word' id='word_1_11' title='bbox 611 359 636 381; x_wconf 80' lang='lat' dir='ltr'><strong>et</strong></span> <span class='ocrx_word' id='word_1_12' title='bbox 653 354 684 380; x_wconf 78' lang='lat' dir='ltr'><strong>de</strong></span> <span class='ocrx_word' id='word_1_13' title='bbox 700 353 824 388; x_wconf 73' lang='lat' dir='ltr'><strong>inﬁrmis.</strong></span> 
     </span>
    </p>
   </div>
   <div class='ocr_carea' id='block_1_4' title="bbox 282 409 1035 446">
    <p class='ocr_par' dir='ltr' id='par_1_4' title="bbox 282 409 1035 446">
     <span class='ocr_line' id='line_1_4' title="bbox 282 409 1035 446; baseline -0.009 -4"><span class='ocrx_word' id='word_1_14' title='bbox 282 415 311 443; x_wconf 86' lang='lat' dir='ltr'><strong>1n</strong></span> <span class='ocrx_word' id='word_1_15' title='bbox 324 415 375 442; x_wconf 83' lang='lat' dir='ltr'><strong>hac</strong></span> <span class='ocrx_word' id='word_1_16' title='bbox 390 418 481 441; x_wconf 88' lang='lat' dir='ltr'><strong>autem</strong></span> <span class='ocrx_word' id='word_1_17' title='bbox 496 412 635 440; x_wconf 89' lang='lat' dir='ltr'><strong>communi</strong></span> <span class='ocrx_word' id='word_1_18' title='bbox 649 411 729 439; x_wconf 81' lang='lat' dir='ltr'><strong>vobis</strong></span> <span class='ocrx_word' id='word_1_19' title='bbox 743 415 839 446; x_wconf 87' lang='lat' dir='ltr'><strong>parata</strong></span> <span class='ocrx_word' id='word_1_20' title='bbox 851 417 953 440; x_wconf 86' lang='lat' dir='ltr'><strong>mensa.</strong></span> <span class='ocrx_word' id='word_1_21' title='bbox 969 409 1035 436; x_wconf 89' lang='lat' dir='ltr'><strong>dum</strong></span> 
     </span>
    </p>
   </div>
   <div class='ocr_carea' id='block_1_5' title="bbox 247 455 1036 492">
    <p class='ocr_par' dir='ltr' id='par_1_5' title="bbox 247 455 1036 492">
     <span class='ocr_line' id='line_1_5' title="bbox 247 455 1036 492; baseline -0.009 -4"><span class='ocrx_word' id='word_1_22' title='bbox 247 461 317 488; x_wconf 84' lang='lat' dir='ltr'><strong>bene</strong></span> <span class='ocrx_word' id='word_1_23' title='bbox 341 459 479 491; x_wconf 75' lang='lat' dir='ltr'><strong>valebitis,</strong></span> <span class='ocrx_word' id='word_1_24' title='bbox 496 458 572 485; x_wconf 92' lang='lat' dir='ltr'><strong>nullo</strong></span> <span class='ocrx_word' id='word_1_25' title='bbox 596 462 729 492; x_wconf 68' lang='lat' dir='ltr'><strong>praetextu</strong></span> <span class='ocrx_word' id='word_1_26' title='bbox 745 456 876 490; x_wconf 85' lang='lat' dir='ltr'><strong>nullaque</strong></span> <span class='ocrx_word' id='word_1_27' title='bbox 903 455 1036 490; x_wconf 73' lang='lat' dir='ltr'><strong>petitione</strong></span> 
     </span>
    </p>
   </div>
   <div class='ocr_carea' id='block_1_6' title="bbox 249 501 1038 538">
    <p class='ocr_par' dir='ltr' id='par_1_6' title="bbox 249 501 1038 538">
     <span class='ocr_line' id='line_1_6' title="bbox 249 501 1038 538; baseline -0.009 -4"><span class='ocrx_word' id='word_1_28' title='bbox 249 507 380 538; x_wconf 87' lang='lat' dir='ltr'><strong>admissa,</strong></span> <span class='ocrx_word' id='word_1_29' title='bbox 396 505 575 533; x_wconf 66' lang='lat' dir='ltr'><strong>refectionem</strong></span> <span class='ocrx_word' id='word_1_30' title='bbox 592 503 724 536; x_wconf 84' lang='lat' dir='ltr'><strong>sumetis;</strong></span> <span class='ocrx_word' id='word_1_31' title='bbox 739 506 768 530; x_wconf 87' lang='lat' dir='ltr'><strong>et</strong></span> <span class='ocrx_word' id='word_1_32' title='bbox 780 503 854 530; x_wconf 85' lang='lat' dir='ltr'><strong>nulla</strong></span> <span class='ocrx_word' id='word_1_33' title='bbox 869 502 925 529; x_wconf 85' lang='lat' dir='ltr'><strong>erit</strong></span> <span class='ocrx_word' id='word_1_34' title='bbox 939 501 1038 528; x_wconf 84' lang='lat' dir='ltr'><strong>idonea</strong></span> 
     </span>
    </p>
   </div>
   <div class='ocr_carea' id='block_1_7' title="bbox 248 546 1039 581">
    <p class='ocr_par' dir='ltr' id='par_1_7' title="bbox 248 546 1039 581">
     <span class='ocr_line' id='line_1_7' title="bbox 248 546 1039 581; baseline -0.01 0"><span class='ocrx_word' id='word_1_35' title='bbox 248 553 357 581; x_wconf 82' lang='lat' dir='ltr'><strong>occasio</strong></span> <span class='ocrx_word' id='word_1_36' title='bbox 376 551 548 579; x_wconf 90' lang='lat' dir='ltr'><strong>detrectandi</strong></span> <span class='ocrx_word' id='word_1_37' title='bbox 563 554 728 577; x_wconf 87' lang='lat' dir='ltr'><strong>conventum</strong></span> <span class='ocrx_word' id='word_1_38' title='bbox 749 549 777 576; x_wconf 92' lang='lat' dir='ltr'><strong>in</strong></span> <span class='ocrx_word' id='word_1_39' title='bbox 801 555 948 576; x_wconf 83' lang='lat' dir='ltr'><strong>commune</strong></span> <span class='ocrx_word' id='word_1_40' title='bbox 965 546 1039 574; x_wconf 85' lang='lat' dir='ltr'><strong>rcl&#39;e-</strong></span> 
     </span>
    </p>
   </div>
   <div class='ocr_carea' id='block_1_8' title="bbox 250 593 1038 632">
    <p class='ocr_par' dir='ltr' id='par_1_8' title="bbox 250 593 1038 632">
     <span class='ocr_line' id='line_1_8' title="bbox 250 593 1038 632; baseline -0.006 -7"><span class='ocrx_word' id='word_1_41' title='bbox 250 599 380 626; x_wconf 88' lang='lat' dir='ltr'><strong>ctorium.</strong></span> <span class='ocrx_word' id='word_1_42' title='bbox 402 598 468 631; x_wconf 72' lang='lat' dir='ltr'><strong>Quae</strong></span> <span class='ocrx_word' id='word_1_43' title='bbox 488 604 553 625; x_wconf 84' lang='lat' dir='ltr'><strong>vero</strong></span> <span class='ocrx_word' id='word_1_44' title='bbox 566 596 686 632; x_wconf 72' lang='lat' dir='ltr'><strong>graviter</strong></span> <span class='ocrx_word' id='word_1_45' title='bbox 708 599 852 629; x_wconf 61' lang='lat' dir='ltr'><strong>aegrotant,</strong></span> <span class='ocrx_word' id='word_1_46' title='bbox 873 597 902 621; x_wconf 91' lang='lat' dir='ltr'><strong>et</strong></span> <span class='ocrx_word' id='word_1_47' title='bbox 918 593 956 621; x_wconf 91' lang='lat' dir='ltr'><strong>sic</strong></span> <span class='ocrx_word' id='word_1_48' title='bbox 977 597 1038 620; x_wconf 88' lang='lat' dir='ltr'><strong>uta</strong></span> 
     </span>
    </p>
   </div>
   <div class='ocr_carea' id='block_1_9' title="bbox 218 639 1039 679">
    <p class='ocr_par' dir='ltr' id='par_1_9' title="bbox 218 639 1039 679">
     <span class='ocr_line' id='line_1_9' title="bbox 218 639 1039 679; baseline -0.006 -8"><span class='ocrx_word' id='word_1_49' title='bbox 218 642 221 648; x_wconf 78' lang='grc'><em>”</em></span> <span class='ocrx_word' id='word_1_50' title='bbox 251 644 323 671; x_wconf 85' lang='lat' dir='ltr'><strong>lecto</strong></span> <span class='ocrx_word' id='word_1_51' title='bbox 340 651 453 679; x_wconf 75' lang='lat' dir='ltr'><strong>surgere</strong></span> <span class='ocrx_word' id='word_1_52' title='bbox 468 647 516 670; x_wconf 88' lang='lat' dir='ltr'><strong>aut</strong></span> <span class='ocrx_word' id='word_1_53' title='bbox 531 642 679 676; x_wconf 83' lang='lat' dir='ltr'><strong>tranquille</strong></span> <span class='ocrx_word' id='word_1_54' title='bbox 694 641 816 669; x_wconf 88' lang='lat' dir='ltr'><strong>dormire</strong></span> <span class='ocrx_word' id='word_1_55' title='bbox 829 643 980 675; x_wconf 87' lang='lat' dir='ltr'><strong>nequeant,</strong></span> <span class='ocrx_word' id='word_1_56' title='bbox 990 639 1039 666; x_wconf 87' lang='lat' dir='ltr'><strong>sed</strong></span> 
     </span>
    </p>
   </div>
   <div class='ocr_carea' id='block_1_10' title="bbox 250 685 1039 723">
    <p class='ocr_par' dir='ltr' id='par_1_10' title="bbox 250 685 1039 723">
     <span class='ocr_line' id='line_1_10' title="bbox 250 685 1039 723; baseline -0.006 -5"><span class='ocrx_word' id='word_1_57' title='bbox 250 691 345 718; x_wconf 83' lang='lat' dir='ltr'><strong>turbas</strong></span> <span class='ocrx_word' id='word_1_58' title='bbox 360 694 487 718; x_wconf 83' lang='lat' dir='ltr'><strong>moveant</strong></span> <span class='ocrx_word' id='word_1_59' title='bbox 505 694 532 717; x_wconf 88' lang='lat' dir='ltr'><strong>et</strong></span> <span class='ocrx_word' id='word_1_60' title='bbox 551 689 668 716; x_wconf 55' lang='lat' dir='ltr'><strong>turbatae,</strong></span> <span class='ocrx_word' id='word_1_61' title='bbox 685 688 757 721; x_wconf 86' lang='lat' dir='ltr'><strong>sint;</strong></span> <span class='ocrx_word' id='word_1_62' title='bbox 768 688 846 723; x_wconf 82' lang='lat' dir='ltr'><strong>jussu</strong></span> <span class='ocrx_word' id='word_1_63' title='bbox 861 686 996 722; x_wconf 66' lang='lat' dir='ltr'><strong>pmfcctaa</strong></span> <span class='ocrx_word' id='word_1_64' title='bbox 1012 685 1039 713; x_wconf 92' lang='lat' dir='ltr'><strong>in</strong></span> 
     </span>
    </p>
   </div>
   <div class='ocr_carea' id='block_1_11' title="bbox 251 731 1041 772">
    <p class='ocr_par' dir='ltr' id='par_1_11' title="bbox 251 731 1041 772">
     <span class='ocr_line' id='line_1_11' title="bbox 251 731 1041 772; baseline -0.008 -8"><span class='ocrx_word' id='word_1_65' title='bbox 251 737 386 772; x_wconf 86' lang='lat' dir='ltr'><strong>peculiari</strong></span> <span class='ocrx_word' id='word_1_66' title='bbox 409 736 490 768; x_wconf 79' lang='lat' dir='ltr'><strong>cella,</strong></span> <span class='ocrx_word' id='word_1_67' title='bbox 508 735 601 770; x_wconf 87' lang='lat' dir='ltr'><strong>quiete</strong></span> <span class='ocrx_word' id='word_1_68' title='bbox 612 739 640 762; x_wconf 87' lang='lat' dir='ltr'><strong>et</strong></span> <span class='ocrx_word' id='word_1_69' title='bbox 652 734 824 761; x_wconf 86' lang='lat' dir='ltr'><strong>accuratiore</strong></span> <span class='ocrx_word' id='word_1_70' title='bbox 839 732 972 767; x_wconf 85' lang='lat' dir='ltr'><strong>obsequio</strong></span> <span class='ocrx_word' id='word_1_71' title='bbox 992 731 1041 758; x_wconf 92' lang='lat' dir='ltr'><strong>do-</strong></span> 
     </span>
    </p>
   </div>
   <div class='ocr_carea' id='block_1_12' title="bbox 251 775 1041 814">
    <p class='ocr_par' dir='ltr' id='par_1_12' title="bbox 251 775 1041 814">
     <span class='ocr_line' id='line_1_12' title="bbox 251 775 1041 814; baseline -0.006 -6"><span class='ocrx_word' id='word_1_72' title='bbox 251 782 402 809; x_wconf 85' lang='lat' dir='ltr'><strong>nabuntur.</strong></span> <span class='ocrx_word' id='word_1_73' title='bbox 426 780 559 808; x_wconf 65' lang='lat' dir='ltr'><strong>Praefecta</strong></span> <span class='ocrx_word' id='word_1_74' title='bbox 578 787 644 807; x_wconf 88' lang='lat' dir='ltr'><strong>vero</strong></span> <span class='ocrx_word' id='word_1_75' title='bbox 667 786 753 814; x_wconf 72' lang='lat' dir='ltr'><strong>aegras</strong></span> <span class='ocrx_word' id='word_1_76' title='bbox 777 777 938 813; x_wconf 75' lang='lat' dir='ltr'><strong>diligentius</strong></span> <span class='ocrx_word' id='word_1_77' title='bbox 961 775 1041 812; x_wconf 88' lang='lat' dir='ltr'><strong>quasi</strong></span> 
     </span>
    </p>
   </div>
   <div class='ocr_carea' id='block_1_13' title="bbox 253 823 1042 861">
    <p class='ocr_par' dir='ltr' id='par_1_13' title="bbox 253 823 1042 861">
     <span class='ocr_line' id='line_1_13' title="bbox 253 823 1042 861; baseline -0.005 -8"><span class='ocrx_word' id='word_1_78' title='bbox 253 827 365 861; x_wconf 89' lang='lat' dir='ltr'><strong>propria</strong></span> <span class='ocrx_word' id='word_1_79' title='bbox 387 826 510 853; x_wconf 88' lang='lat' dir='ltr'><strong>membra</strong></span> <span class='ocrx_word' id='word_1_80' title='bbox 524 825 649 857; x_wconf 82' lang='lat' dir='ltr'><strong>curabit;</strong></span> <span class='ocrx_word' id='word_1_81' title='bbox 666 825 788 860; x_wconf 80' lang='lat' dir='ltr'><strong>ipsisque</strong></span> <span class='ocrx_word' id='word_1_82' title='bbox 804 823 837 850; x_wconf 91' lang='lat' dir='ltr'><strong>ad</strong></span> <span class='ocrx_word' id='word_1_83' title='bbox 852 823 955 850; x_wconf 85' lang='lat' dir='ltr'><strong>victum</strong></span> <span class='ocrx_word' id='word_1_84' title='bbox 974 830 1042 850; x_wconf 89' lang='lat' dir='ltr'><strong>con-</strong></span> 
     </span>
    </p>
   </div>
   <div class='ocr_carea' id='block_1_14' title="bbox 253 868 1041 906">
    <p class='ocr_par' dir='ltr' id='par_1_14' title="bbox 253 868 1041 906">
     <span class='ocr_line' id='line_1_14' title="bbox 253 868 1041 906; baseline -0.003 -8"><span class='ocrx_word' id='word_1_85' title='bbox 253 872 379 906; x_wconf 78' lang='lat' dir='ltr'><strong>gruentia</strong></span> <span class='ocrx_word' id='word_1_86' title='bbox 403 871 516 904; x_wconf 84' lang='lat' dir='ltr'><strong>tribuet,</strong></span> <span class='ocrx_word' id='word_1_87' title='bbox 532 871 803 906; x_wconf 88' lang='lat' dir='ltr'><strong>sollicitudinemque</strong></span> <span class='ocrx_word' id='word_1_88' title='bbox 829 874 907 905; x_wconf 77' lang='lat' dir='ltr'><strong>geret</strong></span> <span class='ocrx_word' id='word_1_89' title='bbox 931 868 966 898; x_wconf 86' lang='lat' dir='ltr'><strong>de</strong></span> <span class='ocrx_word' id='word_1_90' title='bbox 989 868 1041 896; x_wconf 90' lang='lat' dir='ltr'><strong>alia</strong></span> 
     </span>
    </p>
   </div>
   <div class='ocr_carea' id='block_1_15' title="bbox 253 917 546 946">
    <p class='ocr_par' dir='ltr' id='par_1_15' title="bbox 253 917 546 946">
     <span class='ocr_line' id='line_1_15' title="bbox 253 917 546 946; baseline 0 -1"><span class='ocrx_word' id='word_1_91' title='bbox 253 924 348 945; x_wconf 85' lang='lat' dir='ltr'><strong>earum</strong></span> <span class='ocrx_word' id='word_1_92' title='bbox 365 917 546 946; x_wconf 85' lang='lat' dir='ltr'><strong>recreatione.</strong></span> 
     </span>
    </p>
   </div>
   <div class='ocr_carea' id='block_1_16' title="bbox 542 1057 754 1086">
    <p class='ocr_par' dir='ltr' id='par_1_16' title="bbox 542 1057 754 1086">
     <span class='ocr_line' id='line_1_16' title="bbox 542 1057 754 1086; baseline -0.009 0"><span class='ocrx_word' id='word_1_93' title='bbox 542 1057 654 1086; x_wconf 77' lang='lat' dir='ltr'><strong>CAPUT</strong></span> <span class='ocrx_word' id='word_1_94' title='bbox 673 1057 754 1085; x_wconf 82' lang='lat' dir='ltr'><strong>XLV.</strong></span> 
     </span>
    </p>
   </div>
   <div class='ocr_carea' id='block_1_17' title="bbox 390 1103 904 1140">
    <p class='ocr_par' dir='ltr' id='par_1_17' title="bbox 390 1103 904 1140">
     <span class='ocr_line' id='line_1_17' title="bbox 390 1103 904 1140; baseline -0.002 -8"><span class='ocrx_word' id='word_1_95' title='bbox 390 1103 465 1138; x_wconf 81' lang='lat' dir='ltr'><strong>Quod</strong></span> <span class='ocrx_word' id='word_1_96' title='bbox 479 1105 593 1132; x_wconf 70' lang='lat' dir='ltr'><strong>secunda</strong></span> <span class='ocrx_word' id='word_1_97' title='bbox 605 1104 665 1139; x_wconf 75' lang='lat' dir='ltr'><strong>fieri</strong></span> <span class='ocrx_word' id='word_1_98' title='bbox 681 1105 773 1131; x_wconf 81' lang='lat' dir='ltr'><strong>debeat</strong></span> <span class='ocrx_word' id='word_1_99' title='bbox 789 1105 904 1140; x_wconf 68' lang='lat' dir='ltr'><strong>reiectio.</strong></span> 
     </span>
    </p>
   </div>
   <div class='ocr_carea' id='block_1_18' title="bbox 289 1158 1041 1196">
    <p class='ocr_par' dir='ltr' id='par_1_18' title="bbox 289 1158 1041 1196">
     <span class='ocr_line' id='line_1_18' title="bbox 289 1158 1041 1196; baseline -0.003 -8"><span class='ocrx_word' id='word_1_100' title='bbox 289 1161 438 1196; x_wconf 82' lang='lat' dir='ltr'><strong>Postquam</strong></span> <span class='ocrx_word' id='word_1_101' title='bbox 453 1160 538 1195; x_wconf 78' lang='lat' dir='ltr'><strong>igitur</strong></span> <span class='ocrx_word' id='word_1_102' title='bbox 560 1160 694 1188; x_wconf 89' lang='lat' dir='ltr'><strong>moniales</strong></span> <span class='ocrx_word' id='word_1_103' title='bbox 714 1168 728 1187; x_wconf 89' lang='lat' dir='ltr'><strong>a</strong></span> <span class='ocrx_word' id='word_1_104' title='bbox 742 1167 837 1187; x_wconf 85' lang='lat' dir='ltr'><strong>mensa</strong></span> <span class='ocrx_word' id='word_1_105' title='bbox 860 1158 1041 1192; x_wconf 77' lang='lat' dir='ltr'><strong>surrexerint,</strong></span> 
     </span>
    </p>
   </div>
   <div class='ocr_carea' id='block_1_19' title="bbox 255 1205 1044 1241">
    <p class='ocr_par' dir='ltr' id='par_1_19' title="bbox 255 1205 1044 1241">
     <span class='ocr_line' id='line_1_19' title="bbox 255 1205 1044 1241; baseline -0.003 -7"><span class='ocrx_word' id='word_1_106' title='bbox 255 1207 342 1235; x_wconf 88' lang='lat' dir='ltr'><strong>altera</strong></span> <span class='ocrx_word' id='word_1_107' title='bbox 353 1207 399 1234; x_wconf 80' lang='lat' dir='ltr'><strong>ﬁat</strong></span> <span class='ocrx_word' id='word_1_108' title='bbox 411 1206 533 1239; x_wconf 84' lang='lat' dir='ltr'><strong>refectio,</strong></span> <span class='ocrx_word' id='word_1_109' title='bbox 546 1206 679 1241; x_wconf 81' lang='lat' dir='ltr'><strong>appositis</strong></span> <span class='ocrx_word' id='word_1_110' title='bbox 690 1206 807 1241; x_wconf 91' lang='lat' dir='ltr'><strong>panibus</strong></span> <span class='ocrx_word' id='word_1_111' title='bbox 816 1210 846 1239; x_wconf 78' lang='lat' dir='ltr'><strong>et</strong></span> <span class='ocrx_word' id='word_1_112' title='bbox 861 1205 940 1238; x_wconf 84' lang='lat' dir='ltr'><strong>cibis,</strong></span> <span class='ocrx_word' id='word_1_113' title='bbox 955 1213 1044 1240; x_wconf 86' lang='lat' dir='ltr'><strong>quan-</strong></span> 
     </span>
    </p>
   </div>
   <div class='ocr_carea' id='block_1_20' title="bbox 255 1250 1044 1287">
    <p class='ocr_par' dir='ltr' id='par_1_20' title="bbox 255 1250 1044 1287">
     <span class='ocr_line' id='line_1_20' title="bbox 255 1250 1044 1287; baseline -0.003 -7"><span class='ocrx_word' id='word_1_114' title='bbox 255 1258 313 1280; x_wconf 90' lang='lat' dir='ltr'><strong>tum</strong></span> <span class='ocrx_word' id='word_1_115' title='bbox 331 1253 356 1279; x_wconf 93' lang='lat' dir='ltr'><strong>in</strong></span> <span class='ocrx_word' id='word_1_116' title='bbox 373 1253 461 1287; x_wconf 89' lang='lat' dir='ltr'><strong>prima</strong></span> <span class='ocrx_word' id='word_1_117' title='bbox 486 1259 581 1279; x_wconf 86' lang='lat' dir='ltr'><strong>mensa</strong></span> <span class='ocrx_word' id='word_1_118' title='bbox 604 1252 721 1287; x_wconf 89' lang='lat' dir='ltr'><strong>appositi</strong></span> <span class='ocrx_word' id='word_1_119' title='bbox 743 1256 818 1284; x_wconf 86' lang='lat' dir='ltr'><strong>sunt,</strong></span> <span class='ocrx_word' id='word_1_120' title='bbox 834 1256 862 1278; x_wconf 91' lang='lat' dir='ltr'><strong>et</strong></span> <span class='ocrx_word' id='word_1_121' title='bbox 885 1250 1044 1278; x_wconf 78' lang='lat' dir='ltr'><strong>reﬁciantur</strong></span> 
     </span>
    </p>
   </div>
   <div class='ocr_carea' id='block_1_21' title="bbox 256 1297 1042 1333">
    <p class='ocr_par' dir='ltr' id='par_1_21' title="bbox 256 1297 1042 1333">
     <span class='ocr_line' id='line_1_21' title="bbox 256 1297 1042 1333; baseline -0.001 -9"><span class='ocrx_word' id='word_1_122' title='bbox 256 1305 318 1333; x_wconf 68' lang='lat' dir='ltr'><strong>quae</strong></span> <span class='ocrx_word' id='word_1_123' title='bbox 343 1298 545 1325; x_wconf 87' lang='lat' dir='ltr'><strong>ministravcre.</strong></span> <span class='ocrx_word' id='word_1_124' title='bbox 573 1297 667 1332; x_wconf 89' lang='lat' dir='ltr'><strong>Neque</strong></span> <span class='ocrx_word' id='word_1_125' title='bbox 693 1297 773 1325; x_wconf 86' lang='lat' dir='ltr'><strong>liceat</strong></span> <span class='ocrx_word' id='word_1_126' title='bbox 794 1297 878 1332; x_wconf 89' lang='lat' dir='ltr'><strong>(quod</strong></span> <span class='ocrx_word' id='word_1_127' title='bbox 902 1297 930 1323; x_wconf 90' lang='lat' dir='ltr'><strong>in</strong></span> <span class='ocrx_word' id='word_1_128' title='bbox 955 1297 1042 1331; x_wconf 92' lang='lat' dir='ltr'><strong>prima</strong></span> 
     </span>
    </p>
   </div>
   <div class='ocr_carea' id='block_1_22' title="bbox 257 1341 1044 1377">
    <p class='ocr_par' dir='ltr' id='par_1_22' title="bbox 257 1341 1044 1377">
     <span class='ocr_line' id='line_1_22' title="bbox 257 1341 1044 1377; baseline 0 -8"><span class='ocrx_word' id='word_1_129' title='bbox 257 1343 410 1370; x_wconf 81' lang='lat' dir='ltr'><strong>refectione</strong></span> <span class='ocrx_word' id='word_1_130' title='bbox 434 1347 567 1375; x_wconf 88' lang='lat' dir='ltr'><strong>statuere,</strong></span> <span class='ocrx_word' id='word_1_131' title='bbox 592 1342 724 1369; x_wconf 88' lang='lat' dir='ltr'><strong>memoria</strong></span> <span class='ocrx_word' id='word_1_132' title='bbox 747 1341 862 1377; x_wconf 74' lang='lat' dir='ltr'><strong>excidit)</strong></span> <span class='ocrx_word' id='word_1_133' title='bbox 881 1342 1006 1377; x_wconf 75' lang='lat' dir='ltr'><strong>surgenti</strong></span> <span class='ocrx_word' id='word_1_134' title='bbox 1029 1350 1044 1369; x_wconf 90' lang='lat' dir='ltr'><strong>a</strong></span> 
     </span>
    </p>
   </div>
   <div class='ocr_carea' id='block_1_23' title="bbox 257 1389 1045 1425">
    <p class='ocr_par' dir='ltr' id='par_1_23' title="bbox 257 1389 1045 1425">
     <span class='ocr_line' id='line_1_23' title="bbox 257 1389 1045 1425; baseline -0.001 -8"><span class='ocrx_word' id='word_1_135' title='bbox 257 1397 363 1422; x_wconf 85' lang='lat' dir='ltr'><strong>mensa,</strong></span> <span class='ocrx_word' id='word_1_136' title='bbox 377 1390 518 1425; x_wconf 85' lang='lat' dir='ltr'><strong>quidpiam</strong></span> <span class='ocrx_word' id='word_1_137' title='bbox 534 1397 628 1417; x_wconf 87' lang='lat' dir='ltr'><strong>secum</strong></span> <span class='ocrx_word' id='word_1_138' title='bbox 642 1398 677 1417; x_wconf 78' lang='lat' dir='ltr'><strong>ex</strong></span> <span class='ocrx_word' id='word_1_139' title='bbox 696 1389 839 1425; x_wconf 83' lang='lat' dir='ltr'><strong>appositis,</strong></span> <span class='ocrx_word' id='word_1_140' title='bbox 861 1390 919 1417; x_wconf 84' lang='lat' dir='ltr'><strong>sive</strong></span> <span class='ocrx_word' id='word_1_141' title='bbox 934 1397 1045 1425; x_wconf 87' lang='lat' dir='ltr'><strong>panem,</strong></span> 
     </span>
    </p>
   </div>
   <div class='ocr_carea' id='block_1_24' title="bbox 258 1436 1044 1471">
    <p class='ocr_par' dir='ltr' id='par_1_24' title="bbox 258 1436 1044 1471">
     <span class='ocr_line' id='line_1_24' title="bbox 258 1436 1044 1471; baseline -0.001 -7"><span class='ocrx_word' id='word_1_142' title='bbox 258 1436 315 1464; x_wconf 83' lang='lat' dir='ltr'><strong>sive</strong></span> <span class='ocrx_word' id='word_1_143' title='bbox 337 1437 403 1471; x_wconf 93' lang='lat' dir='ltr'><strong>quid</strong></span> <span class='ocrx_word' id='word_1_144' title='bbox 423 1436 508 1468; x_wconf 86' lang='lat' dir='ltr'><strong>aliud,</strong></span> <span class='ocrx_word' id='word_1_145' title='bbox 532 1436 637 1464; x_wconf 83' lang='lat' dir='ltr'><strong>tollere.</strong></span> <span class='ocrx_word' id='word_1_146' title='bbox 665 1436 717 1463; x_wconf 88' lang='lat' dir='ltr'><strong>Sed</strong></span> <span class='ocrx_word' id='word_1_147' title='bbox 741 1443 831 1471; x_wconf 89' lang='lat' dir='ltr'><strong>neque</strong></span> <span class='ocrx_word' id='word_1_148' title='bbox 848 1436 1044 1464; x_wconf 86' lang='lat' dir='ltr'><strong>monacharum</strong></span> 
     </span>
    </p>
   </div>
   <div class='ocr_carea' id='block_1_25' title="bbox 258 1484 1045 1520">
    <p class='ocr_par' dir='ltr' id='par_1_25' title="bbox 258 1484 1045 1520">
     <span class='ocr_line' id='line_1_25' title="bbox 258 1484 1045 1520; baseline 0 -8"><span class='ocrx_word' id='word_1_149' title='bbox 258 1484 383 1519; x_wconf 70' lang='lat' dir='ltr'><strong>quaedam</strong></span> <span class='ocrx_word' id='word_1_150' title='bbox 400 1486 572 1520; x_wconf 83' lang='lat' dir='ltr'><strong>pulmentum</strong></span> <span class='ocrx_word' id='word_1_151' title='bbox 595 1485 639 1512; x_wconf 88' lang='lat' dir='ltr'><strong>vel</strong></span> <span class='ocrx_word' id='word_1_152' title='bbox 657 1484 805 1519; x_wconf 78' lang='lat' dir='ltr'><strong>legumina,</strong></span> <span class='ocrx_word' id='word_1_153' title='bbox 830 1489 878 1512; x_wconf 88' lang='lat' dir='ltr'><strong>aut</strong></span> <span class='ocrx_word' id='word_1_154' title='bbox 896 1485 1045 1520; x_wconf 83' lang='lat' dir='ltr'><strong>quidquam</strong></span> 
     </span>
    </p>
   </div>
   <div class='ocr_carea' id='block_1_26' title="bbox 259 1529 1045 1565">
    <p class='ocr_par' dir='ltr' id='par_1_26' title="bbox 259 1529 1045 1565">
     <span class='ocr_line' id='line_1_26' title="bbox 259 1529 1045 1565; baseline -0.003 -7"><span class='ocrx_word' id='word_1_155' title='bbox 259 1531 334 1558; x_wconf 92' lang='lat' dir='ltr'><strong>aliud</strong></span> <span class='ocrx_word' id='word_1_156' title='bbox 347 1539 441 1558; x_wconf 86' lang='lat' dir='ltr'><strong>secum</strong></span> <span class='ocrx_word' id='word_1_157' title='bbox 457 1538 567 1559; x_wconf 87' lang='lat' dir='ltr'><strong>sumere</strong></span> <span class='ocrx_word' id='word_1_158' title='bbox 582 1535 668 1565; x_wconf 84' lang='lat' dir='ltr'><strong>petat,</strong></span> <span class='ocrx_word' id='word_1_159' title='bbox 685 1530 733 1557; x_wconf 88' lang='lat' dir='ltr'><strong>sed</strong></span> <span class='ocrx_word' id='word_1_160' title='bbox 751 1530 779 1557; x_wconf 92' lang='lat' dir='ltr'><strong>in</strong></span> <span class='ocrx_word' id='word_1_161' title='bbox 797 1529 935 1557; x_wconf 89' lang='lat' dir='ltr'><strong>communi</strong></span> <span class='ocrx_word' id='word_1_162' title='bbox 950 1536 1045 1557; x_wconf 88' lang='lat' dir='ltr'><strong>omnes</strong></span> 
     </span>
    </p>
   </div>
   <div class='ocr_carea' id='block_1_27' title="bbox 259 1577 449 1605">
    <p class='ocr_par' dir='ltr' id='par_1_27' title="bbox 259 1577 449 1605">
     <span class='ocr_line' id='line_1_27' title="bbox 259 1577 449 1605; baseline -0.005 -1"><span class='ocrx_word' id='word_1_163' title='bbox 259 1577 428 1605; x_wconf 82' lang='lat' dir='ltr'><strong>reﬁciantur.</strong></span> <span class='ocrx_word' id='word_1_164' title='bbox 447 1577 449 1579; x_wconf 81' lang='grc'><strong>’</strong></span> 
     </span>
    </p>
   </div>
   <div class='ocr_carea' id='block_1_28' title="bbox 545 1631 763 1660">
    <p class='ocr_par' dir='ltr' id='par_1_28' title="bbox 545 1631 763 1660">
     <span class='ocr_line' id='line_1_28' title="bbox 545 1631 763 1660; baseline -0.005 0"><span class='ocrx_word' id='word_1_165' title='bbox 545 1631 656 1660; x_wconf 83' lang='lat' dir='ltr'><strong>CAPUT</strong></span> <span class='ocrx_word' id='word_1_166' title='bbox 673 1631 763 1660; x_wconf 77' lang='lat' dir='ltr'><strong>XLVI.</strong></span> 
     </span>
    </p>
   </div>
   <div class='ocr_carea' id='block_1_29' title="bbox 262 1676 1047 1712">
    <p class='ocr_par' dir='ltr' id='par_1_29' title="bbox 262 1676 1047 1712">
     <span class='ocr_line' id='line_1_29' title="bbox 262 1676 1047 1712; baseline -0.001 -7"><span class='ocrx_word' id='word_1_167' title='bbox 262 1677 300 1705; x_wconf 88' lang='lat' dir='ltr'><strong><em>De</em></strong></span> <span class='ocrx_word' id='word_1_168' title='bbox 320 1678 388 1704; x_wconf 74' lang='lat' dir='ltr'><strong>victu</strong></span> <span class='ocrx_word' id='word_1_169' title='bbox 411 1678 439 1704; x_wconf 86' lang='lat' dir='ltr'><strong>in</strong></span> <span class='ocrx_word' id='word_1_170' title='bbox 466 1676 553 1704; x_wconf 73' lang='lat' dir='ltr'><strong>diebus</strong></span> <span class='ocrx_word' id='word_1_171' title='bbox 577 1676 750 1709; x_wconf 81' lang='lat' dir='ltr'><strong>litaniarum,</strong></span> <span class='ocrx_word' id='word_1_172' title='bbox 775 1685 822 1704; x_wconf 70' lang='lat' dir='ltr'><strong>seu</strong></span> <span class='ocrx_word' id='word_1_173' title='bbox 844 1677 1047 1712; x_wconf 74' lang='lat' dir='ltr'><strong>procmionum.</strong></span> 
     </span>
    </p>
   </div>
   <div class='ocr_carea' id='block_1_30' title="bbox 294 1733 1049 1770">
    <p class='ocr_par' dir='ltr' id='par_1_30' title="bbox 294 1733 1049 1770">
     <span class='ocr_line' id='line_1_30' title="bbox 294 1733 1049 1770; baseline 0 -8"><span class='ocrx_word' id='word_1_174' title='bbox 294 1734 380 1763; x_wconf 86' lang='lat' dir='ltr'><strong>Cibus</strong></span> <span class='ocrx_word' id='word_1_175' title='bbox 389 1738 480 1761; x_wconf 85' lang='lat' dir='ltr'><strong>vester</strong></span> <span class='ocrx_word' id='word_1_176' title='bbox 493 1734 520 1761; x_wconf 89' lang='lat' dir='ltr'><strong>in</strong></span> <span class='ocrx_word' id='word_1_177' title='bbox 534 1733 633 1761; x_wconf 87' lang='lat' dir='ltr'><strong>diebus</strong></span> <span class='ocrx_word' id='word_1_178' title='bbox 643 1734 849 1769; x_wconf 85' lang='lat' dir='ltr'><strong>processiouum</strong></span> <span class='ocrx_word' id='word_1_179' title='bbox 861 1734 893 1762; x_wconf 89' lang='lat' dir='ltr'><strong>ad</strong></span> <span class='ocrx_word' id='word_1_180' title='bbox 903 1734 1049 1770; x_wconf 84' lang='lat' dir='ltr'><strong>prandium</strong></span> 
     </span>
    </p>
   </div>
   <div class='ocr_carea' id='block_1_31' title="bbox 259 1778 1048 1815">
    <p class='ocr_par' dir='ltr' id='par_1_31' title="bbox 259 1778 1048 1815">
     <span class='ocr_line' id='line_1_31' title="bbox 259 1778 1048 1815; baseline 0.003 -8"><span class='ocrx_word' id='word_1_181' title='bbox 259 1778 324 1813; x_wconf 82' lang='lat' dir='ltr'><strong>erit,</strong></span> <span class='ocrx_word' id='word_1_182' title='bbox 340 1780 420 1808; x_wconf 85' lang='lat' dir='ltr'><strong>tertia</strong></span> <span class='ocrx_word' id='word_1_183' title='bbox 434 1780 545 1815; x_wconf 91' lang='lat' dir='ltr'><strong>quidem</strong></span> <span class='ocrx_word' id='word_1_184' title='bbox 566 1784 592 1807; x_wconf 83' lang='lat' dir='ltr'><strong>et</strong></span> <span class='ocrx_word' id='word_1_185' title='bbox 607 1781 702 1815; x_wconf 89' lang='lat' dir='ltr'><strong>quinta</strong></span> <span class='ocrx_word' id='word_1_186' title='bbox 722 1780 801 1813; x_wconf 80' lang='lat' dir='ltr'><strong>feria,</strong></span> <span class='ocrx_word' id='word_1_187' title='bbox 817 1781 936 1808; x_wconf 85' lang='lat' dir='ltr'><strong>Sabbato</strong></span> <span class='ocrx_word' id='word_1_188' title='bbox 950 1787 978 1809; x_wconf 91' lang='lat' dir='ltr'><strong>et</strong></span> <span class='ocrx_word' id='word_1_189' title='bbox 993 1781 1048 1809; x_wconf 85' lang='lat' dir='ltr'><strong>Do-</strong></span> 
     </span>
    </p>
   </div>
   <div class='ocr_carea' id='block_1_32' title="bbox 261 1826 1048 1861">
    <p class='ocr_par' dir='ltr' id='par_1_32' title="bbox 261 1826 1048 1861">
     <span class='ocr_line' id='line_1_32' title="bbox 261 1826 1048 1861; baseline 0.001 -8"><span class='ocrx_word' id='word_1_190' title='bbox 261 1827 373 1859; x_wconf 82' lang='lat' dir='ltr'><strong>minica,</strong></span> <span class='ocrx_word' id='word_1_191' title='bbox 398 1827 453 1854; x_wconf 93' lang='lat' dir='ltr'><strong>duo</strong></span> <span class='ocrx_word' id='word_1_192' title='bbox 478 1826 580 1853; x_wconf 78' lang='lat' dir='ltr'><strong>fercula</strong></span> <span class='ocrx_word' id='word_1_193' title='bbox 602 1831 650 1854; x_wconf 91' lang='lat' dir='ltr'><strong>aut</strong></span> <span class='ocrx_word' id='word_1_194' title='bbox 674 1827 736 1859; x_wconf 84' lang='lat' dir='ltr'><strong>tria,</strong></span> <span class='ocrx_word' id='word_1_195' title='bbox 761 1827 784 1854; x_wconf 91' lang='lat' dir='ltr'><strong>si</strong></span> <span class='ocrx_word' id='word_1_196' title='bbox 805 1826 937 1861; x_wconf 66' lang='lat' dir='ltr'><strong>praetecta:</strong></span> <span class='ocrx_word' id='word_1_197' title='bbox 958 1827 1048 1855; x_wconf 89' lang='lat' dir='ltr'><strong>visum</strong></span> 
     </span>
    </p>
   </div>
   <div class='ocr_carea' id='block_1_33' title="bbox 259 1872 1049 1908">
    <p class='ocr_par' dir='ltr' id='par_1_33' title="bbox 259 1872 1049 1908">
     <span class='ocr_line' id='line_1_33' title="bbox 259 1872 1049 1908; baseline 0 -8"><span class='ocrx_word' id='word_1_198' title='bbox 259 1874 353 1905; x_wconf 81' lang='lat' dir='ltr'><strong>fuerit,</strong></span> <span class='ocrx_word' id='word_1_199' title='bbox 372 1881 405 1900; x_wconf 81' lang='lat' dir='ltr'><strong>ex</strong></span> <span class='ocrx_word' id='word_1_200' title='bbox 419 1873 542 1908; x_wconf 87' lang='lat' dir='ltr'><strong>piscibus</strong></span> <span class='ocrx_word' id='word_1_201' title='bbox 553 1878 581 1900; x_wconf 84' lang='lat' dir='ltr'><strong>et</strong></span> <span class='ocrx_word' id='word_1_202' title='bbox 593 1881 684 1901; x_wconf 87' lang='lat' dir='ltr'><strong>caseo.</strong></span> <span class='ocrx_word' id='word_1_203' title='bbox 701 1872 827 1901; x_wconf 65' lang='lat' dir='ltr'><strong>Secunda</strong></span> <span class='ocrx_word' id='word_1_204' title='bbox 843 1873 920 1905; x_wconf 81' lang='lat' dir='ltr'><strong>feria,</strong></span> <span class='ocrx_word' id='word_1_205' title='bbox 937 1873 992 1901; x_wconf 88' lang='lat' dir='ltr'><strong>duo</strong></span> <span class='ocrx_word' id='word_1_206' title='bbox 1007 1874 1049 1901; x_wconf 91' lang='lat' dir='ltr'><strong>vel</strong></span> 
     </span>
    </p>
   </div>
   <div class='ocr_carea' id='block_1_34' title="bbox 260 1917 1049 1954">
    <p class='ocr_par' dir='ltr' id='par_1_34' title="bbox 260 1917 1049 1954">
     <span class='ocr_line' id='line_1_34' title="bbox 260 1917 1049 1954; baseline -0.001 -9"><span class='ocrx_word' id='word_1_207' title='bbox 260 1918 312 1945; x_wconf 83' lang='lat' dir='ltr'><strong>tria</strong></span> <span class='ocrx_word' id='word_1_208' title='bbox 329 1925 363 1945; x_wconf 81' lang='lat' dir='ltr'><strong>ex</strong></span> <span class='ocrx_word' id='word_1_209' title='bbox 375 1918 560 1951; x_wconf 72' lang='lat' dir='ltr'><strong>leguminibus</strong></span> <span class='ocrx_word' id='word_1_210' title='bbox 574 1918 661 1945; x_wconf 87' lang='lat' dir='ltr'><strong>coctis</strong></span> <span class='ocrx_word' id='word_1_211' title='bbox 675 1925 737 1945; x_wconf 89' lang='lat' dir='ltr'><strong>cum</strong></span> <span class='ocrx_word' id='word_1_212' title='bbox 751 1917 822 1950; x_wconf 88' lang='lat' dir='ltr'><strong>oleo,</strong></span> <span class='ocrx_word' id='word_1_213' title='bbox 839 1922 867 1945; x_wconf 89' lang='lat' dir='ltr'><strong>et</strong></span> <span class='ocrx_word' id='word_1_214' title='bbox 882 1925 915 1945; x_wconf 82' lang='lat' dir='ltr'><strong>ex</strong></span> <span class='ocrx_word' id='word_1_215' title='bbox 929 1918 1049 1954; x_wconf 75' lang='lat' dir='ltr'><strong>conchy-</strong></span> 
     </span>
    </p>
   </div>
   <div class='ocr_carea' id='block_1_35' title="bbox 260 1962 1049 1999">
    <p class='ocr_par' dir='ltr' id='par_1_35' title="bbox 260 1962 1049 1999">
     <span class='ocr_line' id='line_1_35' title="bbox 260 1962 1049 1999; baseline 0.001 -9"><span class='ocrx_word' id='word_1_216' title='bbox 260 1963 320 1996; x_wconf 87' lang='lat' dir='ltr'><strong>liis,</strong></span> <span class='ocrx_word' id='word_1_217' title='bbox 335 1964 356 1991; x_wconf 91' lang='lat' dir='ltr'><strong>si</strong></span> <span class='ocrx_word' id='word_1_218' title='bbox 368 1964 553 1999; x_wconf 85' lang='lat' dir='ltr'><strong>reperiantur.</strong></span> <span class='ocrx_word' id='word_1_219' title='bbox 568 1963 685 1992; x_wconf 87' lang='lat' dir='ltr'><strong>Tetrade</strong></span> <span class='ocrx_word' id='word_1_220' title='bbox 700 1971 766 1990; x_wconf 87' lang='lat' dir='ltr'><strong>vero</strong></span> <span class='ocrx_word' id='word_1_221' title='bbox 780 1968 808 1990; x_wconf 92' lang='lat' dir='ltr'><strong>et</strong></span> <span class='ocrx_word' id='word_1_222' title='bbox 823 1962 984 1996; x_wconf 85' lang='lat' dir='ltr'><strong>Parasceve,</strong></span> <span class='ocrx_word' id='word_1_223' title='bbox 999 1971 1049 1991; x_wconf 86' lang='lat' dir='ltr'><strong>seu</strong></span> 
     </span>
    </p>
   </div>
   <div class='ocr_carea' id='block_1_36' title="bbox 261 2008 1050 2044">
    <p class='ocr_par' dir='ltr' id='par_1_36' title="bbox 261 2008 1050 2044">
     <span class='ocr_line' id='line_1_36' title="bbox 261 2008 1050 2044; baseline 0 -8"><span class='ocrx_word' id='word_1_224' title='bbox 261 2013 370 2044; x_wconf 82' lang='lat' dir='ltr'><strong>quarta,</strong></span> <span class='ocrx_word' id='word_1_225' title='bbox 387 2013 417 2036; x_wconf 89' lang='lat' dir='ltr'><strong>et</strong></span> <span class='ocrx_word' id='word_1_226' title='bbox 431 2014 507 2037; x_wconf 78' lang='lat' dir='ltr'><strong>sexta</strong></span> <span class='ocrx_word' id='word_1_227' title='bbox 523 2009 603 2042; x_wconf 82' lang='lat' dir='ltr'><strong>feria,</strong></span> <span class='ocrx_word' id='word_1_228' title='bbox 623 2009 679 2036; x_wconf 88' lang='lat' dir='ltr'><strong>duo</strong></span> <span class='ocrx_word' id='word_1_229' title='bbox 703 2008 746 2036; x_wconf 81' lang='lat' dir='ltr'><strong>vel</strong></span> <span class='ocrx_word' id='word_1_230' title='bbox 763 2008 814 2036; x_wconf 84' lang='lat' dir='ltr'><strong>tria</strong></span> <span class='ocrx_word' id='word_1_231' title='bbox 839 2009 942 2036; x_wconf 80' lang='lat' dir='ltr'><strong>fercula</strong></span> <span class='ocrx_word' id='word_1_232' title='bbox 956 2016 990 2036; x_wconf 80' lang='lat' dir='ltr'><strong>ex</strong></span> <span class='ocrx_word' id='word_1_233' title='bbox 1009 2009 1050 2036; x_wconf 90' lang='lat' dir='ltr'><strong>le-</strong></span> 
     </span>
    </p>
   </div>
   <div class='ocr_carea' id='block_1_37' title="bbox 260 2055 1050 2090">
    <p class='ocr_par' dir='ltr' id='par_1_37' title="bbox 260 2055 1050 2090">
     <span class='ocr_line' id='line_1_37' title="bbox 260 2055 1050 2090; baseline -0.001 -8"><span class='ocrx_word' id='word_1_234' title='bbox 260 2055 419 2090; x_wconf 75' lang='lat' dir='ltr'><strong>guminibus</strong></span> <span class='ocrx_word' id='word_1_235' title='bbox 433 2055 504 2082; x_wconf 64' lang='lat'><strong>001‘</strong></span> <span class='ocrx_word' id='word_1_236' title='bbox 543 2062 605 2082; x_wconf 89' lang='lat' dir='ltr'><strong>cum</strong></span> <span class='ocrx_word' id='word_1_237' title='bbox 623 2055 695 2087; x_wconf 88' lang='lat' dir='ltr'><strong>oleo,</strong></span> <span class='ocrx_word' id='word_1_238' title='bbox 721 2059 751 2082; x_wconf 87' lang='lat' dir='ltr'><strong>et</strong></span> <span class='ocrx_word' id='word_1_239' title='bbox 772 2062 805 2081; x_wconf 83' lang='lat' dir='ltr'><strong>ex</strong></span> <span class='ocrx_word' id='word_1_240' title='bbox 827 2055 951 2082; x_wconf 85' lang='lat' dir='ltr'><strong>oleribus</strong></span> <span class='ocrx_word' id='word_1_241' title='bbox 967 2055 1050 2082; x_wconf 86' lang='lat' dir='ltr'><strong>simili</strong></span> 
     </span>
    </p>
   </div>
   <div class='ocr_carea' id='block_1_38' title="bbox 263 2101 353 2128">
    <p class='ocr_par' dir='ltr' id='par_1_38' title="bbox 263 2101 353 2128">
     <span class='ocr_line' id='line_1_38' title="bbox 263 2101 353 2128; baseline 0.022 -2"><span class='ocrx_word' id='word_1_242' title='bbox 263 2101 353 2128; x_wconf 86' lang='lat' dir='ltr'><strong>modo.</strong></span> 
     </span>
    </p>
   </div>
   <div class='ocr_carea' id='block_1_39' title="bbox 297 2145 1051 2180">
    <p class='ocr_par' dir='ltr' id='par_1_39' title="bbox 297 2145 1051 2180">
     <span class='ocr_line' id='line_1_39' title="bbox 297 2145 1051 2180; baseline -0.001 -6"><span class='ocrx_word' id='word_1_243' title='bbox 297 2147 325 2174; x_wconf 85' lang='lat' dir='ltr'><strong>Si</strong></span> <span class='ocrx_word' id='word_1_244' title='bbox 338 2152 430 2174; x_wconf 88' lang='lat' dir='ltr'><strong>autem</strong></span> <span class='ocrx_word' id='word_1_245' title='bbox 445 2146 473 2172; x_wconf 91' lang='lat' dir='ltr'><strong>in</strong></span> <span class='ocrx_word' id='word_1_246' title='bbox 489 2146 557 2180; x_wconf 87' lang='lat' dir='ltr'><strong>ipsis</strong></span> <span class='ocrx_word' id='word_1_247' title='bbox 571 2145 648 2173; x_wconf 81' lang='lat' dir='ltr'><strong>feriis</strong></span> <span class='ocrx_word' id='word_1_248' title='bbox 664 2145 796 2176; x_wconf 87' lang='lat' dir='ltr'><strong>secunda.</strong></span> <span class='ocrx_word' id='word_1_249' title='bbox 816 2151 913 2180; x_wconf 82' lang='lat' dir='ltr'><strong>quarta</strong></span> <span class='ocrx_word' id='word_1_250' title='bbox 928 2150 956 2172; x_wconf 85' lang='lat' dir='ltr'><strong>et</strong></span> <span class='ocrx_word' id='word_1_251' title='bbox 971 2146 1051 2173; x_wconf 85' lang='lat' dir='ltr'><strong>Para-</strong></span> 
     </span>
    </p>
   </div>
   <div class='ocr_carea' id='block_1_40' title="bbox 261 2189 1051 2225">
    <p class='ocr_par' dir='ltr' id='par_1_40' title="bbox 261 2189 1051 2225">
     <span class='ocr_line' id='line_1_40' title="bbox 261 2189 1051 2225; baseline -0.003 -6"><span class='ocrx_word' id='word_1_252' title='bbox 261 2199 341 2219; x_wconf 81' lang='lat' dir='ltr'><strong>sceve</strong></span> <span class='ocrx_word' id='word_1_253' title='bbox 355 2199 369 2218; x_wconf 89' lang='lat' dir='ltr'><strong>a</strong></span> <span class='ocrx_word' id='word_1_254' title='bbox 383 2190 548 2225; x_wconf 81' lang='lat' dir='ltr'><strong>quibusdam</strong></span> <span class='ocrx_word' id='word_1_255' title='bbox 568 2189 672 2217; x_wconf 87' lang='lat' dir='ltr'><strong>Christi</strong></span> <span class='ocrx_word' id='word_1_256' title='bbox 691 2189 847 2217; x_wconf 88' lang='lat' dir='ltr'><strong>amantibus</strong></span> <span class='ocrx_word' id='word_1_257' title='bbox 861 2189 909 2217; x_wconf 85' lang='lat' dir='ltr'><strong>ﬁat</strong></span> <span class='ocrx_word' id='word_1_258' title='bbox 925 2191 1051 2217; x_wconf 83' lang='lat' dir='ltr'><strong>consola-</strong></span> 
     </span>
    </p>
   </div>
   <div class='ocr_carea' id='block_1_41' title="bbox 262 2235 1049 2270">
    <p class='ocr_par' dir='ltr' id='par_1_41' title="bbox 262 2235 1049 2270">
     <span class='ocr_line' id='line_1_41' title="bbox 262 2235 1049 2270; baseline 0 -7"><span class='ocrx_word' id='word_1_259' title='bbox 262 2237 312 2267; x_wconf 87' lang='lat' dir='ltr'><strong>tio,</strong></span> <span class='ocrx_word' id='word_1_260' title='bbox 331 2241 379 2263; x_wconf 92' lang='lat' dir='ltr'><strong>aut</strong></span> <span class='ocrx_word' id='word_1_261' title='bbox 395 2235 503 2263; x_wconf 92' lang='lat' dir='ltr'><strong>Domini</strong></span> <span class='ocrx_word' id='word_1_262' title='bbox 520 2235 679 2262; x_wconf 86' lang='lat' dir='ltr'><strong>solemnitas</strong></span> <span class='ocrx_word' id='word_1_263' title='bbox 693 2239 831 2266; x_wconf 85' lang='lat' dir='ltr'><strong>occurrat,</strong></span> <span class='ocrx_word' id='word_1_264' title='bbox 847 2235 906 2263; x_wconf 88' lang='lat' dir='ltr'><strong>sive</strong></span> <span class='ocrx_word' id='word_1_265' title='bbox 925 2236 1049 2270; x_wconf 62' lang='lat' dir='ltr'><strong>quaedam</strong></span> 
     </span>
    </p>
   </div>
   <div class='ocr_carea' id='block_1_42' title="bbox 261 2274 1087 2316">
    <p class='ocr_par' dir='ltr' id='par_1_42' title="bbox 261 2274 1087 2316">
     <span class='ocr_line' id='line_1_42' title="bbox 261 2274 1087 2316; baseline 0 -7"><span class='ocrx_word' id='word_1_266' title='bbox 261 2282 408 2309; x_wconf 83' lang='lat' dir='ltr'><strong>duodecim</strong></span> <span class='ocrx_word' id='word_1_267' title='bbox 435 2285 594 2309; x_wconf 84' lang='lat' dir='ltr'><strong>sanctorum</strong></span> <span class='ocrx_word' id='word_1_268' title='bbox 619 2281 818 2316; x_wconf 89' lang='lat' dir='ltr'><strong>apostolorum,</strong></span> <span class='ocrx_word' id='word_1_269' title='bbox 835 2281 876 2308; x_wconf 87' lang='lat' dir='ltr'><strong>vel</strong></span> <span class='ocrx_word' id='word_1_270' title='bbox 900 2281 1046 2316; x_wconf 75' lang='lat' dir='ltr'><strong>insignium</strong></span> <span class='ocrx_word' id='word_1_271' title='bbox 1065 2274 1087 2302; x_wconf 76' lang='grc' dir='ltr'><strong>ι)</strong></span> 
     </span>
    </p>
   </div>
   <div class='ocr_carea' id='block_1_43' title="bbox 263 2328 1048 2365">
    <p class='ocr_par' dir='ltr' id='par_1_43' title="bbox 263 2328 1048 2365">
     <span class='ocr_line' id='line_1_43' title="bbox 263 2328 1048 2365; baseline 0.001 -9"><span class='ocrx_word' id='word_1_272' title='bbox 263 2334 424 2365; x_wconf 79' lang='lat' dir='ltr'><strong>martyrum,</strong></span> <span class='ocrx_word' id='word_1_273' title='bbox 440 2337 490 2356; x_wconf 73' lang='lat' dir='ltr'><strong>seu</strong></span> <span class='ocrx_word' id='word_1_274' title='bbox 504 2328 679 2364; x_wconf 84' lang='lat' dir='ltr'><strong>pontiﬁcum;</strong></span> <span class='ocrx_word' id='word_1_275' title='bbox 699 2332 764 2355; x_wconf 88' lang='lat' dir='ltr'><strong>tunc</strong></span> <span class='ocrx_word' id='word_1_276' title='bbox 782 2328 869 2363; x_wconf 85' lang='lat' dir='ltr'><strong>pisces</strong></span> <span class='ocrx_word' id='word_1_277' title='bbox 880 2336 989 2364; x_wconf 83' lang='lat' dir='ltr'><strong>quoque</strong></span> <span class='ocrx_word' id='word_1_278' title='bbox 999 2336 1048 2357; x_wconf 89' lang='lat' dir='ltr'><strong>co-</strong></span> 
     </span>
    </p>
   </div>
   <div class='ocr_carea' id='block_1_44' title="bbox 262 2375 1049 2412">
    <p class='ocr_par' dir='ltr' id='par_1_44' title="bbox 262 2375 1049 2412">
     <span class='ocr_line' id='line_1_44' title="bbox 262 2375 1049 2412; baseline 0 -8"><span class='ocrx_word' id='word_1_279' title='bbox 262 2377 388 2410; x_wconf 86' lang='lat' dir='ltr'><strong>medetis,</strong></span> <span class='ocrx_word' id='word_1_280' title='bbox 404 2377 456 2404; x_wconf 85' lang='lat' dir='ltr'><strong>hoc</strong></span> <span class='ocrx_word' id='word_1_281' title='bbox 469 2381 582 2404; x_wconf 83' lang='lat' dir='ltr'><strong>curante</strong></span> <span class='ocrx_word' id='word_1_282' title='bbox 597 2375 741 2412; x_wconf 67' lang='lat' dir='ltr'><strong>praetecta;</strong></span> <span class='ocrx_word' id='word_1_283' title='bbox 756 2375 809 2404; x_wconf 87' lang='lat' dir='ltr'><strong>nisi</strong></span> <span class='ocrx_word' id='word_1_284' title='bbox 824 2376 949 2412; x_wconf 75' lang='lat' dir='ltr'><strong>quaedam</strong></span> <span class='ocrx_word' id='word_1_285' title='bbox 975 2384 1049 2404; x_wconf 89' lang='lat' dir='ltr'><strong>acce-</strong></span> 
     </span>
    </p>
   </div>
   <div class='ocr_carea' id='block_1_45' title="bbox 262 2423 613 2452">
    <p class='ocr_par' dir='ltr' id='par_1_45' title="bbox 262 2423 613 2452">
     <span class='ocr_line' id='line_1_45' title="bbox 262 2423 613 2452; baseline -0.003 -1"><span class='ocrx_word' id='word_1_286' title='bbox 262 2424 310 2451; x_wconf 91' lang='lat' dir='ltr'><strong>dat</strong></span> <span class='ocrx_word' id='word_1_287' title='bbox 326 2424 361 2451; x_wconf 88' lang='lat' dir='ltr'><strong>ab</strong></span> <span class='ocrx_word' id='word_1_288' title='bbox 376 2425 437 2451; x_wconf 90' lang='lat' dir='ltr'><strong>aliis</strong></span> <span class='ocrx_word' id='word_1_289' title='bbox 451 2423 613 2452; x_wconf 85' lang='lat' dir='ltr'><strong>consolatio.</strong></span> 
     </span>
    </p>
   </div>
   <div class='ocr_carea' id='block_1_46' title="bbox 299 2469 1053 2502">
    <p class='ocr_par' dir='ltr' id='par_1_46' title="bbox 299 2469 1053 2502">
     <span class='ocr_line' id='line_1_46' title="bbox 299 2469 1053 2502; baseline -0.001 -5"><span class='ocrx_word' id='word_1_290' title='bbox 299 2471 382 2497; x_wconf 81' lang='lat' dir='ltr'><strong>Pctus</strong></span> <span class='ocrx_word' id='word_1_291' title='bbox 392 2478 458 2498; x_wconf 88' lang='lat' dir='ltr'><strong>vero</strong></span> <span class='ocrx_word' id='word_1_292' title='bbox 473 2474 563 2498; x_wconf 80' lang='lat' dir='ltr'><strong>vester</strong></span> <span class='ocrx_word' id='word_1_293' title='bbox 578 2470 606 2497; x_wconf 91' lang='lat' dir='ltr'><strong>in</strong></span> <span class='ocrx_word' id='word_1_294' title='bbox 625 2469 755 2498; x_wconf 89' lang='lat' dir='ltr'><strong>omnibus</strong></span> <span class='ocrx_word' id='word_1_295' title='bbox 768 2469 926 2497; x_wconf 86' lang='lat' dir='ltr'><strong>litaniarum</strong></span> <span class='ocrx_word' id='word_1_296' title='bbox 944 2469 1053 2502; x_wconf 88' lang='lat' dir='ltr'><strong>diebus,</strong></span> 
     </span>
    </p>
   </div>
   <div class='ocr_carea' id='block_1_47' title="bbox 262 2515 1051 2552">
    <p class='ocr_par' dir='ltr' id='par_1_47' title="bbox 262 2515 1051 2552">
     <span class='ocr_line' id='line_1_47' title="bbox 262 2515 1051 2552; baseline -0.001 -9"><span class='ocrx_word' id='word_1_297' title='bbox 262 2516 316 2543; x_wconf 91' lang='lat' dir='ltr'><strong>erit</strong></span> <span class='ocrx_word' id='word_1_298' title='bbox 336 2524 398 2543; x_wconf 93' lang='lat' dir='ltr'><strong>cum</strong></span> <span class='ocrx_word' id='word_1_299' title='bbox 415 2517 518 2552; x_wconf 86' lang='lat' dir='ltr'><strong>majore</strong></span> <span class='ocrx_word' id='word_1_300' title='bbox 538 2516 655 2551; x_wconf 75' lang='lat' dir='ltr'><strong>hexagio</strong></span> <span class='ocrx_word' id='word_1_301' title='bbox 672 2524 679 2543; x_wconf 91' lang='lat'><strong>:</strong></span> <span class='ocrx_word' id='word_1_302' title='bbox 697 2520 725 2543; x_wconf 88' lang='lat' dir='ltr'><strong>at</strong></span> <span class='ocrx_word' id='word_1_303' title='bbox 748 2515 795 2543; x_wconf 92' lang='lat' dir='ltr'><strong>ubi</strong></span> <span class='ocrx_word' id='word_1_304' title='bbox 811 2515 947 2550; x_wconf 66' lang='lat' dir='ltr'><strong>praetecta:</strong></span> <span class='ocrx_word' id='word_1_305' title='bbox 962 2515 1051 2542; x_wconf 91' lang='lat' dir='ltr'><strong>visum</strong></span> 
     </span>
    </p>
   </div>
   <div class='ocr_carea' id='block_1_48' title="bbox 262 2560 1051 2597">
    <p class='ocr_par' dir='ltr' id='par_1_48' title="bbox 262 2560 1051 2597">
     <span class='ocr_line' id='line_1_48' title="bbox 262 2560 1051 2597; baseline -0.001 -9"><span class='ocrx_word' id='word_1_306' title='bbox 262 2561 355 2594; x_wconf 82' lang='lat' dir='ltr'><strong>fuerit,</strong></span> <span class='ocrx_word' id='word_1_307' title='bbox 375 2562 521 2596; x_wconf 80' lang='lat' dir='ltr'><strong>augebitur</strong></span> <span class='ocrx_word' id='word_1_308' title='bbox 535 2565 668 2597; x_wconf 89' lang='lat' dir='ltr'><strong>quantum</strong></span> <span class='ocrx_word' id='word_1_309' title='bbox 683 2561 734 2596; x_wconf 82' lang='lat' dir='ltr'><strong>ipsi</strong></span> <span class='ocrx_word' id='word_1_310' title='bbox 749 2560 873 2589; x_wconf 86' lang='lat' dir='ltr'><strong>libuerit.</strong></span> <span class='ocrx_word' id='word_1_311' title='bbox 885 2560 926 2587; x_wconf 80' lang='lat' dir='ltr'><strong>Ad</strong></span> <span class='ocrx_word' id='word_1_312' title='bbox 945 2567 1051 2587; x_wconf 76' lang='lat' dir='ltr'><strong>ccenam</strong></span> 
     </span>
    </p>
   </div>
   <div class='ocr_carea' id='block_1_49' title="bbox 262 2606 1052 2642">
    <p class='ocr_par' dir='ltr' id='par_1_49' title="bbox 262 2606 1052 2642">
     <span class='ocr_line' id='line_1_49' title="bbox 262 2606 1052 2642; baseline -0.003 -8"><span class='ocrx_word' id='word_1_313' title='bbox 262 2612 354 2635; x_wconf 87' lang='lat' dir='ltr'><strong>autem</strong></span> <span class='ocrx_word' id='word_1_314' title='bbox 365 2608 527 2635; x_wconf 88' lang='lat' dir='ltr'><strong>eorumdem</strong></span> <span class='ocrx_word' id='word_1_315' title='bbox 536 2608 643 2635; x_wconf 91' lang='lat' dir='ltr'><strong>dierum</strong></span> <span class='ocrx_word' id='word_1_316' title='bbox 652 2611 807 2642; x_wconf 86' lang='lat' dir='ltr'><strong>apponetur</strong></span> <span class='ocrx_word' id='word_1_317' title='bbox 815 2606 891 2633; x_wconf 87' lang='lat' dir='ltr'><strong>vobis</strong></span> <span class='ocrx_word' id='word_1_318' title='bbox 902 2607 980 2640; x_wconf 83' lang='lat' dir='ltr'><strong>panis</strong></span> <span class='ocrx_word' id='word_1_319' title='bbox 989 2613 1052 2633; x_wconf 89' lang='lat' dir='ltr'><strong>cum</strong></span> 
     </span>
    </p>
   </div>
   <div class='ocr_carea' id='block_1_50' title="bbox 261 2651 1051 2688">
    <p class='ocr_par' dir='ltr' id='par_1_50' title="bbox 261 2651 1051 2688">
     <span class='ocr_line' id='line_1_50' title="bbox 261 2651 1051 2688; baseline -0.001 -8"><span class='ocrx_word' id='word_1_320' title='bbox 261 2654 384 2682; x_wconf 86' lang='lat' dir='ltr'><strong>oleribus</strong></span> <span class='ocrx_word' id='word_1_321' title='bbox 396 2653 548 2681; x_wconf 87' lang='lat' dir='ltr'><strong>secundum</strong></span> <span class='ocrx_word' id='word_1_322' title='bbox 566 2656 769 2688; x_wconf 82' lang='lat' dir='ltr'><strong>tempestatem,</strong></span> <span class='ocrx_word' id='word_1_323' title='bbox 783 2657 811 2679; x_wconf 92' lang='lat' dir='ltr'><strong>et</strong></span> <span class='ocrx_word' id='word_1_324' title='bbox 827 2651 929 2679; x_wconf 89' lang='lat' dir='ltr'><strong>modici</strong></span> <span class='ocrx_word' id='word_1_325' title='bbox 945 2651 1051 2679; x_wconf 81' lang='lat' dir='ltr'><strong>fructus</strong></span> 
     </span>
    </p>
   </div>
   <div class='ocr_carea' id='block_1_51' title="bbox 878 209 1228 245">
    <p class='ocr_par' dir='ltr' id='par_1_51' title="bbox 878 209 1228 245">
     <span class='ocr_line' id='line_1_51' title="bbox 878 209 1228 245; baseline -0.023 0"><span class='ocrx_word' id='word_1_326' title='bbox 878 213 970 245; x_wconf 83' lang='lat' dir='ltr'><strong>IREN</strong></span> <span class='ocrx_word' id='word_1_327' title='bbox 977 211 1021 242; x_wconf 88' lang='lat' dir='ltr'><strong>ES</strong></span> <span class='ocrx_word' id='word_1_328' title='bbox 1039 209 1228 241; x_wconf 60' lang='lat' dir='ltr'><strong>AUGUSTAE</strong></span> 
     </span>
    </p>
   </div>
   <div class='ocr_carea' id='block_1_52' title="bbox 1810 199 1876 233">
    <p class='ocr_par' dir='ltr' id='par_1_52' title="bbox 1810 199 1876 233">
     <span class='ocr_line' id='line_1_52' title="bbox 1810 199 1876 233; baseline 0.015 -1"><span class='ocrx_word' id='word_1_329' title='bbox 1810 199 1876 233; x_wconf 67' lang='grc'>1064</span> 
     </span>
    </p>
   </div>
   <div class='ocr_carea' id='block_1_53' title="bbox 1374 260 1583 289">
    <p class='ocr_par' dir='ltr' id='par_1_53' title="bbox 1374 260 1583 289">
     <span class='ocr_line' id='line_1_53' title="bbox 1374 260 1583 289; baseline -0.01 0"><span class='ocrx_word' id='word_1_330' title='bbox 1374 261 1498 289; x_wconf 77' lang='grc' dir='ltr'><strong>ΚΕΦΔΛ.</strong></span> <span class='ocrx_word' id='word_1_331' title='bbox 1517 260 1583 288; x_wconf 76' lang='lat' dir='ltr'><strong>MA&#39;.</strong></span> 
     </span>
    </p>
   </div>
   <div class='ocr_carea' id='block_1_54' title="bbox 1088 305 1876 344">
    <p class='ocr_par' dir='ltr' id='par_1_54' title="bbox 1088 305 1876 344">
     <span class='ocr_line' id='line_1_54' title="bbox 1088 305 1876 344; baseline -0.006 -8"><span class='ocrx_word' id='word_1_332' title='bbox 1088 310 1157 344; x_wconf 72' lang='grc' dir='ltr'>Περὶ</span> <span class='ocrx_word' id='word_1_333' title='bbox 1174 310 1227 336; x_wconf 82' lang='grc' dir='ltr'>τοῦ</span> <span class='ocrx_word' id='word_1_334' title='bbox 1254 308 1458 344; x_wconf 78' lang='grc' dir='ltr'>ἀπαραίτητον</span> <span class='ocrx_word' id='word_1_335' title='bbox 1479 305 1556 344; x_wconf 72' lang='grc' dir='ltr'>εἶναι</span> <span class='ocrx_word' id='word_1_336' title='bbox 1579 305 1645 344; x_wconf 80' lang='grc' dir='ltr'>ταῖς</span> <span class='ocrx_word' id='word_1_337' title='bbox 1668 305 1876 344; x_wconf 61' lang='grc' dir='ltr'>ὑγιαιγορσαις</span> 
     </span>
    </p>
   </div>
   <div class='ocr_carea' id='block_1_55' title="bbox 1133 342 1830 378">
    <p class='ocr_par' dir='ltr' id='par_1_55' title="bbox 1133 342 1830 378">
     <span class='ocr_line' id='line_1_55' title="bbox 1133 342 1830 378; baseline -0.003 -7"><span class='ocrx_word' id='word_1_338' title='bbox 1133 345 1191 378; x_wconf 78' lang='grc' dir='ltr'>τὴν</span> <span class='ocrx_word' id='word_1_339' title='bbox 1210 342 1319 378; x_wconf 55' lang='lat' dir='ltr'><strong>ium-hi</strong></span> <span class='ocrx_word' id='word_1_340' title='bbox 1332 343 1490 378; x_wconf 77' lang='grc' dir='ltr'>τράπεζαν,</span> <span class='ocrx_word' id='word_1_341' title='bbox 1507 343 1557 371; x_wconf 74' lang='grc' dir='ltr'>καὶ</span> <span class='ocrx_word' id='word_1_342' title='bbox 1573 343 1641 377; x_wconf 73' lang='grc' dir='ltr'>περὶ</span> <span class='ocrx_word' id='word_1_343' title='bbox 1655 342 1830 370; x_wconf 74' lang='grc' dir='ltr'>νοσουσῶν.</span> 
     </span>
    </p>
   </div>
   <div class='ocr_carea' id='block_1_56' title="bbox 1123 399 1877 436">
    <p class='ocr_par' dir='ltr' id='par_1_56' title="bbox 1123 399 1877 436">
     <span class='ocr_line' id='line_1_56' title="bbox 1123 399 1877 436; baseline -0.001 -9"><span class='ocrx_word' id='word_1_344' title='bbox 1123 401 1233 436; x_wconf 82' lang='grc' dir='ltr'>Ταύτην</span> <span class='ocrx_word' id='word_1_345' title='bbox 1248 400 1277 427; x_wconf 66' lang='grc' dir='ltr'>δὲ</span> <span class='ocrx_word' id='word_1_346' title='bbox 1298 400 1348 435; x_wconf 80' lang='grc' dir='ltr'>τὴν</span> <span class='ocrx_word' id='word_1_347' title='bbox 1373 401 1450 435; x_wconf 77' lang='grc' dir='ltr'>κοινῇ</span> <span class='ocrx_word' id='word_1_348' title='bbox 1472 399 1701 436; x_wconf 79' lang='grc' dir='ltr'>εὐτρεπισθεῖσαν</span> <span class='ocrx_word' id='word_1_349' title='bbox 1728 399 1794 433; x_wconf 80' lang='grc' dir='ltr'>ὑμῖν</span> <span class='ocrx_word' id='word_1_350' title='bbox 1808 399 1877 434; x_wconf 72' lang='grc' dir='ltr'>τρά-</span> 
     </span>
    </p>
   </div>
   <div class='ocr_carea' id='block_1_57' title="bbox 1089 446 1880 481">
    <p class='ocr_par' dir='ltr' id='par_1_57' title="bbox 1089 446 1880 481">
     <span class='ocr_line' id='line_1_57' title="bbox 1089 446 1880 481; baseline 0 -9"><span class='ocrx_word' id='word_1_351' title='bbox 1089 446 1185 479; x_wconf 78' lang='grc' dir='ltr'>πεζαν,</span> <span class='ocrx_word' id='word_1_352' title='bbox 1219 446 1248 472; x_wconf 71' lang='grc' dir='ltr'>αἱ</span> <span class='ocrx_word' id='word_1_353' title='bbox 1281 446 1331 481; x_wconf 70' lang='grc' dir='ltr'>μὲν</span> <span class='ocrx_word' id='word_1_354' title='bbox 1355 446 1544 480; x_wconf 74' lang='grc' dir='ltr'>ὑγιαίνουσαι,</span> <span class='ocrx_word' id='word_1_355' title='bbox 1572 446 1799 481; x_wconf 71' lang='grc' dir='ltr'>ἀπροφάσιστον,</span> <span class='ocrx_word' id='word_1_356' title='bbox 1832 446 1880 472; x_wconf 79' lang='grc' dir='ltr'>καὶ</span> 
     </span>
    </p>
   </div>
   <div class='ocr_carea' id='block_1_58' title="bbox 1089 492 1880 527">
    <p class='ocr_par' dir='ltr' id='par_1_58' title="bbox 1089 492 1880 527">
     <span class='ocr_line' id='line_1_58' title="bbox 1089 492 1880 527; baseline 0 -9"><span class='ocrx_word' id='word_1_357' title='bbox 1089 493 1278 527; x_wconf 74' lang='grc' dir='ltr'>ἀπαραίτητον</span> <span class='ocrx_word' id='word_1_358' title='bbox 1308 492 1400 525; x_wconf 79' lang='grc' dir='ltr'><strong>ἕξετε·</strong></span> <span class='ocrx_word' id='word_1_359' title='bbox 1419 493 1468 519; x_wconf 76' lang='grc' dir='ltr'>καὶ</span> <span class='ocrx_word' id='word_1_360' title='bbox 1493 492 1607 526; x_wconf 81' lang='grc' dir='ltr'><strong>οὐδεμία</strong></span> <span class='ocrx_word' id='word_1_361' title='bbox 1632 492 1710 518; x_wconf 73' lang='grc' dir='ltr'>ἔσται</span> <span class='ocrx_word' id='word_1_362' title='bbox 1742 492 1880 527; x_wconf 79' lang='grc' dir='ltr'>πρόφασις</span> 
     </span>
    </p>
   </div>
   <div class='ocr_carea' id='block_1_59' title="bbox 1091 537 1881 573">
    <p class='ocr_par' dir='ltr' id='par_1_59' title="bbox 1091 537 1881 573">
     <span class='ocr_line' id='line_1_59' title="bbox 1091 537 1881 573; baseline 0.001 -9"><span class='ocrx_word' id='word_1_363' title='bbox 1091 537 1173 573; x_wconf 74' lang='grc' dir='ltr'>ἱκανὴ</span> <span class='ocrx_word' id='word_1_364' title='bbox 1190 538 1258 573; x_wconf 78' lang='grc' dir='ltr'>πρὸς</span> <span class='ocrx_word' id='word_1_365' title='bbox 1282 538 1447 573; x_wconf 78' lang='grc' dir='ltr'><strong>παραίτησιν</strong></span> <span class='ocrx_word' id='word_1_366' title='bbox 1466 537 1516 573; x_wconf 83' lang='grc' dir='ltr'><strong>τῆς</strong></span> <span class='ocrx_word' id='word_1_367' title='bbox 1537 539 1577 570; x_wconf 71' lang='grc' dir='ltr'><strong>εις</strong></span> <span class='ocrx_word' id='word_1_368' title='bbox 1600 538 1631 564; x_wconf 84' lang='grc' dir='ltr'><strong>τὺ</strong></span> <span class='ocrx_word' id='word_1_369' title='bbox 1647 538 1736 564; x_wconf 82' lang='grc' dir='ltr'>κοινὸν</span> <span class='ocrx_word' id='word_1_370' title='bbox 1756 539 1881 565; x_wconf 77' lang='grc' dir='ltr'>ἑστιατό-</span> 
     </span>
    </p>
   </div>
   <div class='ocr_carea' id='block_1_60' title="bbox 1092 583 1881 619">
    <p class='ocr_par' dir='ltr' id='par_1_60' title="bbox 1092 583 1881 619">
     <span class='ocr_line' id='line_1_60' title="bbox 1092 583 1881 619; baseline 0.003 -10"><span class='ocrx_word' id='word_1_371' title='bbox 1092 591 1150 618; x_wconf 92' lang='grc' dir='ltr'>ριον</span> <span class='ocrx_word' id='word_1_372' title='bbox 1172 583 1368 615; x_wconf 82' lang='grc' dir='ltr'>συνελεύσεως.</span> <span class='ocrx_word' id='word_1_373' title='bbox 1392 584 1424 610; x_wconf 79' lang='grc' dir='ltr'><strong>Αἱ</strong></span> <span class='ocrx_word' id='word_1_374' title='bbox 1441 583 1605 610; x_wconf 74' lang='grc' dir='ltr'>ὰσθενοῦσαι</span> <span class='ocrx_word' id='word_1_375' title='bbox 1629 584 1659 610; x_wconf 76' lang='grc' dir='ltr'>δὲ</span> <span class='ocrx_word' id='word_1_376' title='bbox 1681 585 1812 619; x_wconf 75' lang='grc' dir='ltr'>ἰσχυρῶς,</span> <span class='ocrx_word' id='word_1_377' title='bbox 1833 585 1881 611; x_wconf 83' lang='grc' dir='ltr'>καὶ</span> 
     </span>
    </p>
   </div>
   <div class='ocr_carea' id='block_1_61' title="bbox 1090 628 1882 665">
    <p class='ocr_par' dir='ltr' id='par_1_61' title="bbox 1090 628 1882 665">
     <span class='ocr_line' id='line_1_61' title="bbox 1090 628 1882 665; baseline 0.004 -10"><span class='ocrx_word' id='word_1_378' title='bbox 1090 628 1178 661; x_wconf 84' lang='grc' dir='ltr'>οὓτως</span> <span class='ocrx_word' id='word_1_379' title='bbox 1193 629 1263 656; x_wconf 80' lang='grc' dir='ltr'>ὥστε</span> <span class='ocrx_word' id='word_1_380' title='bbox 1287 630 1324 664; x_wconf 87' lang='grc' dir='ltr'>μὴ</span> <span class='ocrx_word' id='word_1_381' title='bbox 1352 629 1482 656; x_wconf 85' lang='grc' dir='ltr'>δύνασθαι</span> <span class='ocrx_word' id='word_1_382' title='bbox 1501 630 1551 664; x_wconf 79' lang='grc' dir='ltr'><strong>τῆς</strong></span> <span class='ocrx_word' id='word_1_383' title='bbox 1569 629 1664 665; x_wconf 87' lang='grc' dir='ltr'>κλίνης</span> <span class='ocrx_word' id='word_1_384' title='bbox 1687 631 1882 662; x_wconf 71' lang='grc' dir='ltr'><strong>ἐξανίστασθαι</strong></span> 
     </span>
    </p>
   </div>
   <div class='ocr_carea' id='block_1_62' title="bbox 1091 674 1883 711">
    <p class='ocr_par' dir='ltr' id='par_1_62' title="bbox 1091 674 1883 711">
     <span class='ocr_line' id='line_1_62' title="bbox 1091 674 1883 711; baseline 0.004 -11"><span class='ocrx_word' id='word_1_385' title='bbox 1091 674 1108 709; x_wconf 82' lang='grc' dir='ltr'>ἢ</span> <span class='ocrx_word' id='word_1_386' title='bbox 1123 675 1269 710; x_wconf 77' lang='grc' dir='ltr'><strong>ἀταράχως</strong></span> <span class='ocrx_word' id='word_1_387' title='bbox 1294 674 1407 708; x_wconf 79' lang='grc' dir='ltr'>ὑπνοῦν,</span> <span class='ocrx_word' id='word_1_388' title='bbox 1427 675 1484 701; x_wconf 79' lang='grc' dir='ltr'>ἀλλ’</span> <span class='ocrx_word' id='word_1_389' title='bbox 1505 675 1674 711; x_wconf 75' lang='grc' dir='ltr'>ὲνοχλοῦσαι,</span> <span class='ocrx_word' id='word_1_390' title='bbox 1690 676 1738 703; x_wconf 79' lang='grc' dir='ltr'>καὶ</span> <span class='ocrx_word' id='word_1_391' title='bbox 1754 677 1883 711; x_wconf 76' lang='grc' dir='ltr'>ἐνοχλού-</span> 
     </span>
    </p>
   </div>
   <div class='ocr_carea' id='block_1_63' title="bbox 1093 721 1882 758">
    <p class='ocr_par' dir='ltr' id='par_1_63' title="bbox 1093 721 1882 758">
     <span class='ocr_line' id='line_1_63' title="bbox 1093 721 1882 758; baseline 0.003 -11"><span class='ocrx_word' id='word_1_392' title='bbox 1093 729 1185 755; x_wconf 80' lang='grc' dir='ltr'>μεναι,</span> <span class='ocrx_word' id='word_1_393' title='bbox 1201 721 1273 748; x_wconf 85' lang='grc' dir='ltr'>κατὰ</span> <span class='ocrx_word' id='word_1_394' title='bbox 1285 721 1397 757; x_wconf 85' lang='grc' dir='ltr'><strong>γνώμην</strong></span> <span class='ocrx_word' id='word_1_395' title='bbox 1417 722 1466 757; x_wconf 82' lang='grc' dir='ltr'>τῆς</span> <span class='ocrx_word' id='word_1_396' title='bbox 1481 722 1690 758; x_wconf 75' lang='grc' dir='ltr'>καθηγουμένης</span> <span class='ocrx_word' id='word_1_397' title='bbox 1705 723 1734 749; x_wconf 69' lang='grc' dir='ltr'>ἐν</span> <span class='ocrx_word' id='word_1_398' title='bbox 1753 723 1882 755; x_wconf 71' lang='grc' dir='ltr'><strong>ἰδιάζοντι</strong></span> 
     </span>
    </p>
   </div>
   <div class='ocr_carea' id='block_1_64' title="bbox 1092 769 1884 806">
    <p class='ocr_par' dir='ltr' id='par_1_64' title="bbox 1092 769 1884 806">
     <span class='ocr_line' id='line_1_64' title="bbox 1092 769 1884 806; baseline 0.004 -11"><span class='ocrx_word' id='word_1_399' title='bbox 1092 769 1189 804; x_wconf 85' lang='grc' dir='ltr'>κελλίῳ</span> <span class='ocrx_word' id='word_1_400' title='bbox 1203 769 1344 802; x_wconf 72' lang='grc' dir='ltr'><strong>τεύξονται</strong></span> <span class='ocrx_word' id='word_1_401' title='bbox 1365 770 1559 803; x_wconf 79' lang='grc' dir='ltr'>ἀναπαύσεως,</span> <span class='ocrx_word' id='word_1_402' title='bbox 1573 771 1622 797; x_wconf 83' lang='grc' dir='ltr'><strong>καὶ</strong></span> <span class='ocrx_word' id='word_1_403' title='bbox 1648 772 1794 806; x_wconf 80' lang='grc' dir='ltr'><strong>θεραπείας</strong></span> <span class='ocrx_word' id='word_1_404' title='bbox 1819 772 1884 798; x_wconf 75' lang='grc' dir='ltr'>ἑπι-</span> 
     </span>
    </p>
   </div>
   <div class='ocr_carea' id='block_1_65' title="bbox 1094 815 1882 852">
    <p class='ocr_par' dir='ltr' id='par_1_65' title="bbox 1094 815 1882 852">
     <span class='ocr_line' id='line_1_65' title="bbox 1094 815 1882 852; baseline 0.001 -10"><span class='ocrx_word' id='word_1_405' title='bbox 1094 815 1271 851; x_wconf 70' lang='grc' dir='ltr'>μελεπτέρας.</span> <span class='ocrx_word' id='word_1_406' title='bbox 1295 817 1419 852; x_wconf 79' lang='grc' dir='ltr'>Φροντιεῖ</span> <span class='ocrx_word' id='word_1_407' title='bbox 1442 816 1470 843; x_wconf 79' lang='grc' dir='ltr'>δὲ</span> <span class='ocrx_word' id='word_1_408' title='bbox 1488 817 1505 852; x_wconf 81' lang='grc' dir='ltr'>ὴ</span> <span class='ocrx_word' id='word_1_409' title='bbox 1531 816 1728 852; x_wconf 84' lang='grc' dir='ltr'>καθηγουμένη</span> <span class='ocrx_word' id='word_1_410' title='bbox 1752 817 1802 844; x_wconf 74' lang='grc' dir='ltr'>καὶ</span> <span class='ocrx_word' id='word_1_411' title='bbox 1825 817 1882 844; x_wconf 81' lang='grc' dir='ltr'>τῶν</span> 
     </span>
    </p>
   </div>
   <div class='ocr_carea' id='block_1_66' title="bbox 1093 862 1883 898">
    <p class='ocr_par' dir='ltr' id='par_1_66' title="bbox 1093 862 1883 898">
     <span class='ocr_line' id='line_1_66' title="bbox 1093 862 1883 898; baseline 0.001 -10"><span class='ocrx_word' id='word_1_412' title='bbox 1093 862 1229 889; x_wconf 85' lang='grc' dir='ltr'>νοσουσῶν</span> <span class='ocrx_word' id='word_1_413' title='bbox 1253 862 1477 897; x_wconf 70' lang='grc' dir='ltr'><strong>ἐπιμελέστερον,</strong></span> <span class='ocrx_word' id='word_1_414' title='bbox 1497 862 1536 894; x_wconf 83' lang='grc' dir='ltr'><strong>ὡς</strong></span> <span class='ocrx_word' id='word_1_415' title='bbox 1562 862 1672 889; x_wconf 74' lang='grc' dir='ltr'>οἰκείων</span> <span class='ocrx_word' id='word_1_416' title='bbox 1694 863 1802 898; x_wconf 75' lang='grc' dir='ltr'>μελῶν·</span> <span class='ocrx_word' id='word_1_417' title='bbox 1834 863 1883 889; x_wconf 79' lang='grc' dir='ltr'>καὶ</span> 
     </span>
    </p>
   </div>
   <div class='ocr_carea' id='block_1_67' title="bbox 1095 908 1881 944">
    <p class='ocr_par' dir='ltr' id='par_1_67' title="bbox 1095 908 1881 944">
     <span class='ocr_line' id='line_1_67' title="bbox 1095 908 1881 944; baseline 0 -10"><span class='ocrx_word' id='word_1_418' title='bbox 1095 908 1209 944; x_wconf 80' lang='grc' dir='ltr'><strong>παρέξει</strong></span> <span class='ocrx_word' id='word_1_419' title='bbox 1235 908 1349 939; x_wconf 75' lang='grc' dir='ltr'>ταύταις</span> <span class='ocrx_word' id='word_1_420' title='bbox 1374 909 1409 935; x_wconf 75' lang='grc' dir='ltr'><strong>τὰ</strong></span> <span class='ocrx_word' id='word_1_421' title='bbox 1433 908 1591 944; x_wconf 76' lang='grc' dir='ltr'>κατάλληλα</span> <span class='ocrx_word' id='word_1_422' title='bbox 1617 909 1687 944; x_wconf 73' lang='grc' dir='ltr'>πρὸς</span> <span class='ocrx_word' id='word_1_423' title='bbox 1711 909 1881 944; x_wconf 70' lang='grc' dir='ltr'>διατροφὴν,</span> 
     </span>
    </p>
   </div>
   <div class='ocr_carea' id='block_1_68' title="bbox 1095 955 1882 992">
    <p class='ocr_par' dir='ltr' id='par_1_68' title="bbox 1095 955 1882 992">
     <span class='ocr_line' id='line_1_68' title="bbox 1095 955 1882 992; baseline 0.003 -11"><span class='ocrx_word' id='word_1_424' title='bbox 1095 955 1223 990; x_wconf 77' lang='grc' dir='ltr'>πρόνοιάν</span> <span class='ocrx_word' id='word_1_425' title='bbox 1244 963 1274 982; x_wconf 82' lang='grc' dir='ltr'>τε</span> <span class='ocrx_word' id='word_1_426' title='bbox 1298 956 1442 990; x_wconf 82' lang='grc' dir='ltr'>ποιήσεται</span> <span class='ocrx_word' id='word_1_427' title='bbox 1466 956 1512 983; x_wconf 75' lang='grc' dir='ltr'>καὶ</span> <span class='ocrx_word' id='word_1_428' title='bbox 1529 956 1579 992; x_wconf 83' lang='grc' dir='ltr'><strong>τῆς</strong></span> <span class='ocrx_word' id='word_1_429' title='bbox 1598 956 1681 991; x_wconf 77' lang='grc' dir='ltr'>ἄλλης</span> <span class='ocrx_word' id='word_1_430' title='bbox 1698 956 1789 983; x_wconf 79' lang='grc' dir='ltr'>αὐτῶν</span> <span class='ocrx_word' id='word_1_431' title='bbox 1813 957 1882 983; x_wconf 79' lang='grc' dir='ltr'>ἀνα-</span> 
     </span>
    </p>
   </div>
   <div class='ocr_carea' id='block_1_69' title="bbox 1093 1001 1231 1033">
    <p class='ocr_par' dir='ltr' id='par_1_69' title="bbox 1093 1001 1231 1033">
     <span class='ocr_line' id='line_1_69' title="bbox 1093 1001 1231 1033; baseline -0.014 -4"><span class='ocrx_word' id='word_1_432' title='bbox 1093 1001 1231 1033; x_wconf 69' lang='grc' dir='ltr'>παύσειας.</span> 
     </span>
    </p>
   </div>
   <div class='ocr_carea' id='block_1_70' title="bbox 1379 1059 1589 1086">
    <p class='ocr_par' dir='ltr' id='par_1_70' title="bbox 1379 1059 1589 1086">
     <span class='ocr_line' id='line_1_70' title="bbox 1379 1059 1589 1086; baseline 0.005 -1"><span class='ocrx_word' id='word_1_433' title='bbox 1379 1059 1506 1085; x_wconf 75' lang='grc' dir='ltr'><strong>ΚΕΦΑΛ.</strong></span> <span class='ocrx_word' id='word_1_434' title='bbox 1521 1059 1589 1086; x_wconf 84' lang='lat' dir='ltr'><strong>ME&#39;.</strong></span> 
     </span>
    </p>
   </div>
   <div class='ocr_carea' id='block_1_71' title="bbox 1146 1104 1829 1139">
    <p class='ocr_par' dir='ltr' id='par_1_71' title="bbox 1146 1104 1829 1139">
     <span class='ocr_line' id='line_1_71' title="bbox 1146 1104 1829 1139; baseline 0.003 -8"><span class='ocrx_word' id='word_1_435' title='bbox 1146 1104 1216 1139; x_wconf 78' lang='grc' dir='ltr'>Περὶ</span> <span class='ocrx_word' id='word_1_436' title='bbox 1230 1104 1282 1132; x_wconf 83' lang='grc' dir='ltr'>τοῦ</span> <span class='ocrx_word' id='word_1_437' title='bbox 1296 1105 1347 1132; x_wconf 73' lang='grc' dir='ltr'>καὶ</span> <span class='ocrx_word' id='word_1_438' title='bbox 1367 1104 1511 1138; x_wconf 78' lang='grc' dir='ltr'><strong>δευτέραν</strong></span> <span class='ocrx_word' id='word_1_439' title='bbox 1524 1105 1660 1139; x_wconf 78' lang='grc' dir='ltr'>τίνεσθαι</span> <span class='ocrx_word' id='word_1_440' title='bbox 1677 1104 1829 1133; x_wconf 80' lang='grc' dir='ltr'>ἑστίασιν.</span> 
     </span>
    </p>
   </div>
   <div class='ocr_carea' id='block_1_72' title="bbox 1130 1162 1883 1198">
    <p class='ocr_par' dir='ltr' id='par_1_72' title="bbox 1130 1162 1883 1198">
     <span class='ocr_line' id='line_1_72' title="bbox 1130 1162 1883 1198; baseline 0 -9"><span class='ocrx_word' id='word_1_441' title='bbox 1130 1162 1226 1189; x_wconf 88' lang='grc' dir='ltr'>Τοίνυν</span> <span class='ocrx_word' id='word_1_442' title='bbox 1243 1162 1312 1197; x_wconf 71' lang='grc' dir='ltr'>μετὰ</span> <span class='ocrx_word' id='word_1_443' title='bbox 1327 1162 1358 1189; x_wconf 83' lang='grc' dir='ltr'>τὸ</span> <span class='ocrx_word' id='word_1_444' title='bbox 1377 1162 1427 1194; x_wconf 77' lang='grc' dir='ltr'>τὰς</span> <span class='ocrx_word' id='word_1_445' title='bbox 1448 1163 1568 1198; x_wconf 80' lang='grc' dir='ltr'>μοναχὰς</span> <span class='ocrx_word' id='word_1_446' title='bbox 1589 1163 1740 1197; x_wconf 75' lang='grc' dir='ltr'>ἀναστῆναι</span> <span class='ocrx_word' id='word_1_447' title='bbox 1753 1163 1804 1198; x_wconf 85' lang='grc' dir='ltr'><strong>τῆς</strong></span> <span class='ocrx_word' id='word_1_448' title='bbox 1818 1171 1883 1198; x_wconf 86' lang='grc' dir='ltr'>τρα-</span> 
     </span>
    </p>
   </div>
   <div class='ocr_carea' id='block_1_73' title="bbox 1095 1207 1884 1244">
    <p class='ocr_par' dir='ltr' id='par_1_73' title="bbox 1095 1207 1884 1244">
     <span class='ocr_line' id='line_1_73' title="bbox 1095 1207 1884 1244; baseline 0.001 -11"><span class='ocrx_word' id='word_1_449' title='bbox 1095 1207 1192 1242; x_wconf 73' lang='grc' dir='ltr'>πέζης,</span> <span class='ocrx_word' id='word_1_450' title='bbox 1207 1207 1328 1239; x_wconf 77' lang='grc' dir='ltr'><strong>ἑστίασις</strong></span> <span class='ocrx_word' id='word_1_451' title='bbox 1346 1207 1460 1243; x_wconf 84' lang='grc' dir='ltr'>δευτέρα</span> <span class='ocrx_word' id='word_1_452' title='bbox 1477 1208 1594 1242; x_wconf 76' lang='grc' dir='ltr'><strong>γινέσθω</strong></span> <span class='ocrx_word' id='word_1_453' title='bbox 1613 1208 1704 1243; x_wconf 82' lang='grc' dir='ltr'>ἄρτων</span> <span class='ocrx_word' id='word_1_454' title='bbox 1723 1217 1752 1235; x_wconf 84' lang='grc' dir='ltr'><strong>τε</strong></span> <span class='ocrx_word' id='word_1_455' title='bbox 1767 1217 1884 1244; x_wconf 66' lang='lat' dir='ltr'><strong>impart-</strong></span> 
     </span>
    </p>
   </div>
   <div class='ocr_carea' id='block_1_74' title="bbox 1096 1253 1883 1290">
    <p class='ocr_par' dir='ltr' id='par_1_74' title="bbox 1096 1253 1883 1290">
     <span class='ocr_line' id='line_1_74' title="bbox 1096 1253 1883 1290; baseline 0 -10"><span class='ocrx_word' id='word_1_456' title='bbox 1096 1253 1216 1289; x_wconf 78' lang='grc' dir='ltr'><strong>θεμένων</strong></span> <span class='ocrx_word' id='word_1_457' title='bbox 1230 1254 1278 1280; x_wconf 77' lang='grc' dir='ltr'>καὶ</span> <span class='ocrx_word' id='word_1_458' title='bbox 1298 1254 1462 1289; x_wconf 75' lang='grc' dir='ltr'><strong>βρωμάτων,</strong></span> <span class='ocrx_word' id='word_1_459' title='bbox 1481 1254 1532 1281; x_wconf 75' lang='grc' dir='ltr'>ὅσα</span> <span class='ocrx_word' id='word_1_460' title='bbox 1547 1255 1577 1280; x_wconf 76' lang='grc' dir='ltr'>ὲν</span> <span class='ocrx_word' id='word_1_461' title='bbox 1593 1255 1628 1290; x_wconf 77' lang='grc' dir='ltr'><strong>τῇ</strong></span> <span class='ocrx_word' id='word_1_462' title='bbox 1645 1254 1741 1290; x_wconf 81' lang='grc' dir='ltr'>πρώτῃ</span> <span class='ocrx_word' id='word_1_463' title='bbox 1761 1254 1883 1289; x_wconf 82' lang='grc' dir='ltr'>παρατέ-</span> 
     </span>
    </p>
   </div>
   <div class='ocr_carea' id='block_1_75' title="bbox 1096 1299 1882 1336">
    <p class='ocr_par' dir='ltr' id='par_1_75' title="bbox 1096 1299 1882 1336">
     <span class='ocr_line' id='line_1_75' title="bbox 1096 1299 1882 1336; baseline 0 -10"><span class='ocrx_word' id='word_1_464' title='bbox 1096 1299 1183 1327; x_wconf 79' lang='grc' dir='ltr'>θειται</span> <span class='ocrx_word' id='word_1_465' title='bbox 1197 1301 1334 1336; x_wconf 81' lang='grc' dir='ltr'><strong>τραπέζῃ.</strong></span> <span class='ocrx_word' id='word_1_466' title='bbox 1350 1301 1405 1328; x_wconf 78' lang='grc' dir='ltr'><strong>Καὶ</strong></span> <span class='ocrx_word' id='word_1_467' title='bbox 1422 1301 1608 1328; x_wconf 82' lang='grc' dir='ltr'>ὲστιάσθωσαν</span> <span class='ocrx_word' id='word_1_468' title='bbox 1626 1301 1654 1327; x_wconf 70' lang='grc' dir='ltr'>αἱ</span> <span class='ocrx_word' id='word_1_469' title='bbox 1673 1301 1882 1335; x_wconf 80' lang='grc' dir='ltr'>διακονήσασαι.</span> 
     </span>
    </p>
   </div>
   <div class='ocr_carea' id='block_1_76' title="bbox 1096 1345 1883 1383">
    <p class='ocr_par' dir='ltr' id='par_1_76' title="bbox 1096 1345 1883 1383">
     <span class='ocr_line' id='line_1_76' title="bbox 1096 1345 1883 1383; baseline 0 -10"><span class='ocrx_word' id='word_1_470' title='bbox 1096 1345 1142 1381; x_wconf 80' lang='grc' dir='ltr'><strong>Μὴ</strong></span> <span class='ocrx_word' id='word_1_471' title='bbox 1168 1346 1269 1378; x_wconf 73' lang='grc' dir='ltr'>ἐξέστω</span> <span class='ocrx_word' id='word_1_472' title='bbox 1294 1346 1333 1379; x_wconf 80' lang='grc' dir='ltr'>δὲ,</span> <span class='ocrx_word' id='word_1_473' title='bbox 1362 1347 1430 1382; x_wconf 83' lang='grc' dir='ltr'>ὅπερ</span> <span class='ocrx_word' id='word_1_474' title='bbox 1458 1347 1506 1373; x_wconf 74' lang='grc' dir='ltr'>καὶ.</span> <span class='ocrx_word' id='word_1_475' title='bbox 1533 1348 1562 1373; x_wconf 76' lang='grc' dir='ltr'>ἐν</span> <span class='ocrx_word' id='word_1_476' title='bbox 1583 1349 1616 1382; x_wconf 80' lang='grc' dir='ltr'>τῇ</span> <span class='ocrx_word' id='word_1_477' title='bbox 1644 1345 1742 1383; x_wconf 78' lang='grc' dir='ltr'>πρώτῃ</span> <span class='ocrx_word' id='word_1_478' title='bbox 1763 1347 1883 1374; x_wconf 60' lang='lat' dir='ltr'><strong>Esaiam</strong></span> 
     </span>
    </p>
   </div>
   <div class='ocr_carea' id='block_1_77' title="bbox 1096 1391 1881 1428">
    <p class='ocr_par' dir='ltr' id='par_1_77' title="bbox 1096 1391 1881 1428">
     <span class='ocr_line' id='line_1_77' title="bbox 1096 1391 1881 1428; baseline -0.001 -9"><span class='ocrx_word' id='word_1_479' title='bbox 1096 1393 1255 1427; x_wconf 80' lang='grc' dir='ltr'><strong>τυπωθῆναι</strong></span> <span class='ocrx_word' id='word_1_480' title='bbox 1283 1391 1420 1425; x_wconf 80' lang='grc' dir='ltr'>διέλαθεν,</span> <span class='ocrx_word' id='word_1_481' title='bbox 1456 1392 1623 1428; x_wconf 79' lang='grc' dir='ltr'>ἀνισταμένη</span> <span class='ocrx_word' id='word_1_482' title='bbox 1653 1392 1702 1427; x_wconf 79' lang='grc' dir='ltr'><strong>τῆς</strong></span> <span class='ocrx_word' id='word_1_483' title='bbox 1727 1393 1881 1428; x_wconf 76' lang='grc' dir='ltr'><strong>τραπέζης,</strong></span> 
     </span>
    </p>
   </div>
   <div class='ocr_carea' id='block_1_78' title="bbox 1097 1438 1883 1474">
    <p class='ocr_par' dir='ltr' id='par_1_78' title="bbox 1097 1438 1883 1474">
     <span class='ocr_line' id='line_1_78' title="bbox 1097 1438 1883 1474; baseline 0 -10"><span class='ocrx_word' id='word_1_484' title='bbox 1097 1438 1183 1474; x_wconf 83' lang='grc' dir='ltr'>αῐρειν</span> <span class='ocrx_word' id='word_1_485' title='bbox 1201 1446 1227 1464; x_wconf 81' lang='grc' dir='ltr'><strong>τι</strong></span> <span class='ocrx_word' id='word_1_486' title='bbox 1253 1438 1312 1473; x_wconf 82' lang='grc' dir='ltr'>μεθ’</span> <span class='ocrx_word' id='word_1_487' title='bbox 1332 1438 1432 1473; x_wconf 78' lang='grc' dir='ltr'>ἑαυτῆς</span> <span class='ocrx_word' id='word_1_488' title='bbox 1447 1438 1479 1464; x_wconf 73' lang='grc' dir='ltr'>ἐκ</span> <span class='ocrx_word' id='word_1_489' title='bbox 1500 1439 1556 1464; x_wconf 87' lang='grc' dir='ltr'>τῶν</span> <span class='ocrx_word' id='word_1_490' title='bbox 1571 1438 1796 1473; x_wconf 74' lang='grc' dir='ltr'>παρακειμένων,</span> <span class='ocrx_word' id='word_1_491' title='bbox 1815 1439 1883 1473; x_wconf 74' lang='grc' dir='ltr'>μήτε</span> 
     </span>
    </p>
   </div>
   <div class='ocr_carea' id='block_1_79' title="bbox 1097 1483 1884 1519">
    <p class='ocr_par' dir='ltr' id='par_1_79' title="bbox 1097 1483 1884 1519">
     <span class='ocr_line' id='line_1_79' title="bbox 1097 1483 1884 1519; baseline -0.001 -9"><span class='ocrx_word' id='word_1_492' title='bbox 1097 1483 1192 1519; x_wconf 78' lang='grc' dir='ltr'>ἄρτον,</span> <span class='ocrx_word' id='word_1_493' title='bbox 1211 1483 1276 1518; x_wconf 74' lang='grc' dir='ltr'>μήθ’</span> <span class='ocrx_word' id='word_1_494' title='bbox 1292 1483 1385 1519; x_wconf 76' lang='grc' dir='ltr'>ἓτερον</span> <span class='ocrx_word' id='word_1_495' title='bbox 1399 1493 1425 1510; x_wconf 89' lang='grc' dir='ltr'><strong>τι</strong></span> <span class='ocrx_word' id='word_1_496' title='bbox 1436 1492 1443 1500; x_wconf 69' lang='grc'><strong><em>⁸</em></strong></span> <span class='ocrx_word' id='word_1_497' title='bbox 1463 1484 1534 1510; x_wconf 76' lang='grc' dir='ltr'>ἀλλὰ</span> <span class='ocrx_word' id='word_1_498' title='bbox 1549 1485 1616 1519; x_wconf 77' lang='grc' dir='ltr'>μηδὲ</span> <span class='ocrx_word' id='word_1_499' title='bbox 1631 1484 1685 1511; x_wconf 79' lang='grc' dir='ltr'>τῶν</span> <span class='ocrx_word' id='word_1_500' title='bbox 1702 1484 1828 1519; x_wconf 80' lang='grc' dir='ltr'>μοναχῶν</span> <span class='ocrx_word' id='word_1_501' title='bbox 1843 1492 1884 1515; x_wconf 74' lang='grc' dir='ltr'>τις</span> 
     </span>
    </p>
   </div>
   <div class='ocr_carea' id='block_1_80' title="bbox 1097 1529 1882 1566">
    <p class='ocr_par' dir='ltr' id='par_1_80' title="bbox 1097 1529 1882 1566">
     <span class='ocr_line' id='line_1_80' title="bbox 1097 1529 1882 1566; baseline 0 -10"><span class='ocrx_word' id='word_1_502' title='bbox 1097 1529 1208 1556; x_wconf 80' lang='grc' dir='ltr'>αἰτείτω</span> <span class='ocrx_word' id='word_1_503' title='bbox 1220 1529 1280 1564; x_wconf 74' lang='grc' dir='ltr'>μεθ’</span> <span class='ocrx_word' id='word_1_504' title='bbox 1292 1529 1393 1564; x_wconf 80' lang='grc' dir='ltr'>ἑαυτῆς</span> <span class='ocrx_word' id='word_1_505' title='bbox 1405 1529 1534 1565; x_wconf 78' lang='grc' dir='ltr'>λαὸεῖν,ἢ</span> <span class='ocrx_word' id='word_1_506' title='bbox 1547 1529 1720 1565; x_wconf 84' lang='grc' dir='ltr'>μαγειρείαν,</span> <span class='ocrx_word' id='word_1_507' title='bbox 1731 1529 1747 1566; x_wconf 84' lang='grc' dir='ltr'><strong>ῆ</strong></span> <span class='ocrx_word' id='word_1_508' title='bbox 1759 1530 1882 1565; x_wconf 73' lang='grc' dir='ltr'>ὄσπριον,</span> 
     </span>
    </p>
   </div>
   <div class='ocr_carea' id='block_1_81' title="bbox 1099 1576 1740 1613">
    <p class='ocr_par' dir='ltr' id='par_1_81' title="bbox 1099 1576 1740 1613">
     <span class='ocr_line' id='line_1_81' title="bbox 1099 1576 1740 1613; baseline -0.005 -9"><span class='ocrx_word' id='word_1_509' title='bbox 1099 1577 1116 1613; x_wconf 79' lang='grc' dir='ltr'><strong>ἢ</strong></span> <span class='ocrx_word' id='word_1_510' title='bbox 1136 1576 1200 1604; x_wconf 72' lang='grc' dir='ltr'>ἀλλο</span> <span class='ocrx_word' id='word_1_511' title='bbox 1213 1585 1249 1610; x_wconf 81' lang='grc' dir='ltr'><strong>τι,</strong></span> <span class='ocrx_word' id='word_1_512' title='bbox 1264 1576 1332 1603; x_wconf 71' lang='grc' dir='ltr'>ἀλλὰ</span> <span class='ocrx_word' id='word_1_513' title='bbox 1348 1577 1526 1612; x_wconf 9' lang='grc' dir='ltr'>κοινῇὶπᾶσαι</span> <span class='ocrx_word' id='word_1_514' title='bbox 1539 1577 1740 1604; x_wconf 77' lang='grc' dir='ltr'>ὲστιάσθωσαν.</span> 
     </span>
    </p>
   </div>
   <div class='ocr_carea' id='block_1_82' title="bbox 1380 1633 1603 1666">
    <p class='ocr_par' dir='ltr' id='par_1_82' title="bbox 1380 1633 1603 1666">
     <span class='ocr_line' id='line_1_82' title="bbox 1380 1633 1603 1666; baseline 0.009 -7"><span class='ocrx_word' id='word_1_515' title='bbox 1380 1633 1506 1660; x_wconf 74' lang='grc' dir='ltr'><strong>ΚΕΦΑΛ.</strong></span> <span class='ocrx_word' id='word_1_516' title='bbox 1527 1633 1603 1666; x_wconf 66' lang='grc' dir='ltr'><strong>Μετ’,</strong></span> 
     </span>
    </p>
   </div>
   <div class='ocr_carea' id='block_1_83' title="bbox 1164 1677 1825 1714">
    <p class='ocr_par' dir='ltr' id='par_1_83' title="bbox 1164 1677 1825 1714">
     <span class='ocr_line' id='line_1_83' title="bbox 1164 1677 1825 1714; baseline 0.002 -9"><span class='ocrx_word' id='word_1_517' title='bbox 1164 1678 1235 1712; x_wconf 76' lang='grc' dir='ltr'><strong>Περὶ</strong></span> <span class='ocrx_word' id='word_1_518' title='bbox 1249 1677 1305 1713; x_wconf 82' lang='grc' dir='ltr'><strong>τῆς</strong></span> <span class='ocrx_word' id='word_1_519' title='bbox 1320 1678 1356 1704; x_wconf 74' lang='grc' dir='ltr'><strong>ἐν</strong></span> <span class='ocrx_word' id='word_1_520' title='bbox 1372 1678 1437 1712; x_wconf 82' lang='grc' dir='ltr'>ταῖς</span> <span class='ocrx_word' id='word_1_521' title='bbox 1451 1678 1550 1712; x_wconf 70' lang='grc' dir='ltr'>λιταῖς</span> <span class='ocrx_word' id='word_1_522' title='bbox 1562 1678 1683 1714; x_wconf 78' lang='grc' dir='ltr'>ἡμέραις</span> <span class='ocrx_word' id='word_1_523' title='bbox 1700 1679 1825 1714; x_wconf 52' lang='grc' dir='ltr'>τροφῆς.</span> 
     </span>
    </p>
   </div>
   <div class='ocr_carea' id='block_1_84' title="bbox 1141 1734 1886 1770">
    <p class='ocr_par' dir='ltr' id='par_1_84' title="bbox 1141 1734 1886 1770">
     <span class='ocr_line' id='line_1_84' title="bbox 1141 1734 1886 1770; baseline 0 -10"><span class='ocrx_word' id='word_1_524' title='bbox 1141 1734 1173 1760; x_wconf 86' lang='grc' dir='ltr'><strong>Ἡ</strong></span> <span class='ocrx_word' id='word_1_525' title='bbox 1188 1734 1216 1760; x_wconf 81' lang='grc' dir='ltr'>δὲ</span> <span class='ocrx_word' id='word_1_526' title='bbox 1235 1735 1323 1770; x_wconf 69' lang='grc' dir='ltr'>τροφὴ</span> <span class='ocrx_word' id='word_1_527' title='bbox 1348 1734 1424 1769; x_wconf 81' lang='grc' dir='ltr'>ὑμῶν</span> <span class='ocrx_word' id='word_1_528' title='bbox 1440 1735 1517 1761; x_wconf 74' lang='grc' dir='ltr'>ἔσται</span> <span class='ocrx_word' id='word_1_529' title='bbox 1533 1735 1563 1762; x_wconf 71' lang='grc' dir='ltr'>ἑν</span> <span class='ocrx_word' id='word_1_530' title='bbox 1584 1736 1643 1766; x_wconf 78' lang='grc' dir='ltr'>ταῖς</span> <span class='ocrx_word' id='word_1_531' title='bbox 1658 1736 1745 1766; x_wconf 79' lang='grc' dir='ltr'>λιταῖς</span> <span class='ocrx_word' id='word_1_532' title='bbox 1767 1735 1886 1770; x_wconf 67' lang='grc' dir='ltr'><strong>ήμὲραες</strong></span> 
     </span>
    </p>
   </div>
   <div class='ocr_carea' id='block_1_85' title="bbox 1100 1779 1886 1816">
    <p class='ocr_par' dir='ltr' id='par_1_85' title="bbox 1100 1779 1886 1816">
     <span class='ocr_line' id='line_1_85' title="bbox 1100 1779 1886 1816; baseline 0.001 -11"><span class='ocrx_word' id='word_1_533' title='bbox 1100 1779 1172 1806; x_wconf 77' lang='grc' dir='ltr'>κατὰ</span> <span class='ocrx_word' id='word_1_534' title='bbox 1182 1779 1213 1805; x_wconf 82' lang='grc' dir='ltr'>τὸ</span> <span class='ocrx_word' id='word_1_535' title='bbox 1225 1779 1336 1814; x_wconf 75' lang='grc' dir='ltr'>ἄριστον</span> <span class='ocrx_word' id='word_1_536' title='bbox 1349 1786 1356 1794; x_wconf 84' lang='grc'><em>’</em></span> <span class='ocrx_word' id='word_1_537' title='bbox 1377 1779 1465 1815; x_wconf 82' lang='grc' dir='ltr'>Τρίτῃ</span> <span class='ocrx_word' id='word_1_538' title='bbox 1481 1779 1542 1814; x_wconf 79' lang='grc' dir='ltr'>μὲν,</span> <span class='ocrx_word' id='word_1_539' title='bbox 1554 1779 1601 1806; x_wconf 75' lang='grc' dir='ltr'>καὶ</span> <span class='ocrx_word' id='word_1_540' title='bbox 1617 1780 1743 1816; x_wconf 75' lang='grc' dir='ltr'>Πέμπτῃ,</span> <span class='ocrx_word' id='word_1_541' title='bbox 1756 1781 1804 1806; x_wconf 78' lang='grc' dir='ltr'>καὶ</span> <span class='ocrx_word' id='word_1_542' title='bbox 1816 1780 1886 1806; x_wconf 81' lang='grc' dir='ltr'><strong>Σαϐ-</strong></span> 
     </span>
    </p>
   </div>
   <div class='ocr_carea' id='block_1_86' title="bbox 1099 1825 1885 1862">
    <p class='ocr_par' dir='ltr' id='par_1_86' title="bbox 1099 1825 1885 1862">
     <span class='ocr_line' id='line_1_86' title="bbox 1099 1825 1885 1862; baseline 0.003 -10"><span class='ocrx_word' id='word_1_543' title='bbox 1099 1825 1185 1861; x_wconf 76' lang='grc' dir='ltr'>ϐάτῳ,</span> <span class='ocrx_word' id='word_1_544' title='bbox 1202 1826 1250 1852; x_wconf 78' lang='grc' dir='ltr'>καὶ</span> <span class='ocrx_word' id='word_1_545' title='bbox 1276 1826 1414 1861; x_wconf 70' lang='grc' dir='ltr'>κυριακῇ,</span> <span class='ocrx_word' id='word_1_546' title='bbox 1431 1827 1568 1861; x_wconf 78' lang='grc' dir='ltr'>ἐδέσματα</span> <span class='ocrx_word' id='word_1_547' title='bbox 1594 1826 1640 1853; x_wconf 69' lang='grc' dir='ltr'>δύο</span> <span class='ocrx_word' id='word_1_548' title='bbox 1662 1826 1678 1862; x_wconf 80' lang='grc' dir='ltr'>ἢ</span> <span class='ocrx_word' id='word_1_549' title='bbox 1704 1827 1778 1862; x_wconf 78' lang='grc' dir='ltr'>τρῖα,</span> <span class='ocrx_word' id='word_1_550' title='bbox 1809 1827 1835 1854; x_wconf 73' lang='grc' dir='ltr'>εί</span> <span class='ocrx_word' id='word_1_551' title='bbox 1854 1827 1885 1862; x_wconf 75' lang='grc' dir='ltr'>τῇ</span> 
     </span>
    </p>
   </div>
   <div class='ocr_carea' id='block_1_87' title="bbox 1100 1871 1885 1908">
    <p class='ocr_par' dir='ltr' id='par_1_87' title="bbox 1100 1871 1885 1908">
     <span class='ocr_line' id='line_1_87' title="bbox 1100 1871 1885 1908; baseline 0 -10"><span class='ocrx_word' id='word_1_552' title='bbox 1100 1871 1296 1908; x_wconf 77' lang='grc' dir='ltr'>καθηγουμένῃ</span> <span class='ocrx_word' id='word_1_553' title='bbox 1309 1871 1412 1906; x_wconf 80' lang='grc' dir='ltr'>δοκοίη,</span> <span class='ocrx_word' id='word_1_554' title='bbox 1427 1872 1460 1898; x_wconf 91' lang='grc' dir='ltr'><strong>δι’</strong></span> <span class='ocrx_word' id='word_1_555' title='bbox 1478 1872 1579 1907; x_wconf 82' lang='grc' dir='ltr'>ίχθύων</span> <span class='ocrx_word' id='word_1_556' title='bbox 1595 1873 1642 1898; x_wconf 69' lang='grc' dir='ltr'>καὶ</span> <span class='ocrx_word' id='word_1_557' title='bbox 1651 1872 1734 1907; x_wconf 79' lang='grc' dir='ltr'>τυροῦ</span> <span class='ocrx_word' id='word_1_558' title='bbox 1745 1881 1752 1887; x_wconf 93' lang='grc'><strong>·</strong></span> <span class='ocrx_word' id='word_1_559' title='bbox 1769 1873 1798 1899; x_wconf 78' lang='grc' dir='ltr'>ἐν</span> <span class='ocrx_word' id='word_1_560' title='bbox 1814 1873 1843 1900; x_wconf 70' lang='grc' dir='ltr'><strong>δδ</strong></span> <span class='ocrx_word' id='word_1_561' title='bbox 1854 1874 1885 1908; x_wconf 84' lang='grc' dir='ltr'>τῇ</span> 
     </span>
    </p>
   </div>
   <div class='ocr_carea' id='block_1_88' title="bbox 1100 1917 1885 1955">
    <p class='ocr_par' dir='ltr' id='par_1_88' title="bbox 1100 1917 1885 1955">
     <span class='ocr_line' id='line_1_88' title="bbox 1100 1917 1885 1955; baseline 0.001 -10"><span class='ocrx_word' id='word_1_562' title='bbox 1100 1919 1225 1954; x_wconf 75' lang='grc' dir='ltr'>δευτέρᾳ,</span> <span class='ocrx_word' id='word_1_563' title='bbox 1240 1918 1286 1945; x_wconf 84' lang='grc' dir='ltr'>δύο</span> <span class='ocrx_word' id='word_1_564' title='bbox 1297 1918 1314 1953; x_wconf 83' lang='grc' dir='ltr'>ἢ</span> <span class='ocrx_word' id='word_1_565' title='bbox 1329 1918 1392 1953; x_wconf 83' lang='grc' dir='ltr'>τρία</span> <span class='ocrx_word' id='word_1_566' title='bbox 1412 1917 1448 1944; x_wconf 70' lang='grc' dir='ltr'>δι’</span> <span class='ocrx_word' id='word_1_567' title='bbox 1461 1918 1583 1953; x_wconf 78' lang='grc' dir='ltr'>ὀσπρίων</span> <span class='ocrx_word' id='word_1_568' title='bbox 1602 1918 1710 1954; x_wconf 71' lang='grc' dir='ltr'>ἑψητῶν</span> <span class='ocrx_word' id='word_1_569' title='bbox 1724 1919 1773 1946; x_wconf 72' lang='grc' dir='ltr'>σὺν</span> <span class='ocrx_word' id='word_1_570' title='bbox 1793 1919 1885 1955; x_wconf 72' lang='grc' dir='ltr'>ἐλαίῳ,</span> 
     </span>
    </p>
   </div>
   <div class='ocr_carea' id='block_1_89' title="bbox 1100 1964 1886 2000">
    <p class='ocr_par' dir='ltr' id='par_1_89' title="bbox 1100 1964 1886 2000">
     <span class='ocr_line' id='line_1_89' title="bbox 1100 1964 1886 2000; baseline 0.001 -9"><span class='ocrx_word' id='word_1_571' title='bbox 1100 1966 1148 1992; x_wconf 83' lang='grc' dir='ltr'>καὶ</span> <span class='ocrx_word' id='word_1_572' title='bbox 1161 1964 1403 2000; x_wconf 76' lang='grc' dir='ltr'>ὀστρακοδέρμων,</span> <span class='ocrx_word' id='word_1_573' title='bbox 1420 1965 1444 1990; x_wconf 80' lang='lat' dir='ltr'><strong>sl</strong></span> <span class='ocrx_word' id='word_1_574' title='bbox 1458 1965 1629 1998; x_wconf 70' lang='grc' dir='ltr'>εὑρίσκοιντο</span> <span class='ocrx_word' id='word_1_575' title='bbox 1641 1973 1648 1980; x_wconf 88' lang='grc'><strong>·</strong></span> <span class='ocrx_word' id='word_1_576' title='bbox 1665 1966 1774 2000; x_wconf 76' lang='grc' dir='ltr'>τετράδι</span> <span class='ocrx_word' id='word_1_577' title='bbox 1793 1975 1823 1993; x_wconf 78' lang='grc' dir='ltr'>τε</span> <span class='ocrx_word' id='word_1_578' title='bbox 1841 1967 1886 1992; x_wconf 77' lang='grc' dir='ltr'>καὶ</span> 
     </span>
    </p>
   </div>
   <div class='ocr_carea' id='block_1_90' title="bbox 1100 2009 1886 2046">
    <p class='ocr_par' dir='ltr' id='par_1_90' title="bbox 1100 2009 1886 2046">
     <span class='ocr_line' id='line_1_90' title="bbox 1100 2009 1886 2046; baseline 0 -9"><span class='ocrx_word' id='word_1_579' title='bbox 1100 2011 1268 2046; x_wconf 82' lang='grc' dir='ltr'>Παρασκευῇ</span> <span class='ocrx_word' id='word_1_580' title='bbox 1291 2009 1339 2036; x_wconf 80' lang='grc' dir='ltr'>δύο</span> <span class='ocrx_word' id='word_1_581' title='bbox 1359 2009 1376 2044; x_wconf 81' lang='grc' dir='ltr'><strong>ἢ</strong></span> <span class='ocrx_word' id='word_1_582' title='bbox 1389 2009 1454 2045; x_wconf 86' lang='grc' dir='ltr'>τρία</span> <span class='ocrx_word' id='word_1_583' title='bbox 1477 2010 1615 2045; x_wconf 74' lang='grc' dir='ltr'>ἐδέσματα</span> <span class='ocrx_word' id='word_1_584' title='bbox 1635 2010 1669 2037; x_wconf 78' lang='grc' dir='ltr'>δι’</span> <span class='ocrx_word' id='word_1_585' title='bbox 1683 2011 1808 2046; x_wconf 71' lang='grc' dir='ltr'>ὀσπρίων</span> <span class='ocrx_word' id='word_1_586' title='bbox 1821 2011 1886 2046; x_wconf 77' lang='grc' dir='ltr'><strong>ἑψη-</strong></span> 
     </span>
    </p>
   </div>
   <div class='ocr_carea' id='block_1_91' title="bbox 1100 2056 1651 2091">
    <p class='ocr_par' dir='ltr' id='par_1_91' title="bbox 1100 2056 1651 2091">
     <span class='ocr_line' id='line_1_91' title="bbox 1100 2056 1651 2091; baseline 0 -8"><span class='ocrx_word' id='word_1_587' title='bbox 1100 2057 1155 2083; x_wconf 86' lang='grc' dir='ltr'>τῶν</span> <span class='ocrx_word' id='word_1_588' title='bbox 1176 2058 1225 2084; x_wconf 79' lang='grc' dir='ltr'><strong>σὺν</strong></span> <span class='ocrx_word' id='word_1_589' title='bbox 1238 2056 1320 2083; x_wconf 79' lang='grc' dir='ltr'>ὲλαίω</span> <span class='ocrx_word' id='word_1_590' title='bbox 1337 2056 1385 2083; x_wconf 82' lang='grc' dir='ltr'>καὶ</span> <span class='ocrx_word' id='word_1_591' title='bbox 1400 2056 1527 2091; x_wconf 81' lang='grc' dir='ltr'>λαχάνων</span> <span class='ocrx_word' id='word_1_592' title='bbox 1539 2057 1651 2091; x_wconf 85' lang='grc' dir='ltr'>ὁμοίως.</span> 
     </span>
    </p>
   </div>
   <div class='ocr_carea' id='block_1_92' title="bbox 1137 2146 1886 2182">
    <p class='ocr_par' dir='ltr' id='par_1_92' title="bbox 1137 2146 1886 2182">
     <span class='ocr_line' id='line_1_92' title="bbox 1137 2146 1886 2182; baseline 0.001 -9"><span class='ocrx_word' id='word_1_593' title='bbox 1137 2147 1169 2173; x_wconf 80' lang='lat' dir='ltr'><strong>Ei</strong></span> <span class='ocrx_word' id='word_1_594' title='bbox 1191 2147 1219 2174; x_wconf 73' lang='grc' dir='ltr'>δὲ</span> <span class='ocrx_word' id='word_1_595' title='bbox 1235 2147 1283 2173; x_wconf 79' lang='grc' dir='ltr'>καὶ</span> <span class='ocrx_word' id='word_1_596' title='bbox 1297 2147 1327 2173; x_wconf 81' lang='grc' dir='ltr'>ὲν</span> <span class='ocrx_word' id='word_1_597' title='bbox 1348 2146 1453 2178; x_wconf 79' lang='grc' dir='ltr'>αὐταῖς,</span> <span class='ocrx_word' id='word_1_598' title='bbox 1468 2148 1500 2182; x_wconf 83' lang='grc' dir='ltr'>τῇ</span> <span class='ocrx_word' id='word_1_599' title='bbox 1524 2146 1648 2182; x_wconf 75' lang='grc' dir='ltr'>δευτέρᾳ,</span> <span class='ocrx_word' id='word_1_600' title='bbox 1673 2148 1757 2182; x_wconf 72' lang='grc' dir='ltr'>φημὶ,</span> <span class='ocrx_word' id='word_1_601' title='bbox 1779 2147 1886 2182; x_wconf 74' lang='grc' dir='ltr'>τετράδι</span> 
     </span>
    </p>
   </div>
   <div class='ocr_carea' id='block_1_93' title="bbox 1100 2192 1887 2230">
    <p class='ocr_par' dir='ltr' id='par_1_93' title="bbox 1100 2192 1887 2230">
     <span class='ocr_line' id='line_1_93' title="bbox 1100 2192 1887 2230; baseline 0.001 -11"><span class='ocrx_word' id='word_1_602' title='bbox 1100 2200 1143 2225; x_wconf 83' lang='grc' dir='ltr'><strong>τε,</strong></span> <span class='ocrx_word' id='word_1_603' title='bbox 1159 2193 1205 2220; x_wconf 73' lang='grc' dir='ltr'>καὶ</span> <span class='ocrx_word' id='word_1_604' title='bbox 1219 2194 1379 2228; x_wconf 78' lang='grc' dir='ltr'>παρασκευῇ</span> <span class='ocrx_word' id='word_1_605' title='bbox 1399 2192 1477 2228; x_wconf 70' lang='grc' dir='ltr'>παρά</span> <span class='ocrx_word' id='word_1_606' title='bbox 1487 2201 1567 2219; x_wconf 87' lang='grc' dir='ltr'>τινων</span> <span class='ocrx_word' id='word_1_607' title='bbox 1579 2193 1758 2229; x_wconf 76' lang='grc' dir='ltr'>φιλοχρίστων</span> <span class='ocrx_word' id='word_1_608' title='bbox 1775 2195 1887 2230; x_wconf 73' lang='grc' dir='ltr'>γένηται</span> 
     </span>
    </p>
   </div>
   <div class='ocr_carea' id='block_1_94' title="bbox 1103 2237 1887 2274">
    <p class='ocr_par' dir='ltr' id='par_1_94' title="bbox 1103 2237 1887 2274">
     <span class='ocr_line' id='line_1_94' title="bbox 1103 2237 1887 2274; baseline 0.003 -10"><span class='ocrx_word' id='word_1_609' title='bbox 1103 2237 1274 2273; x_wconf 78' lang='grc' dir='ltr'>παράκλησις</span> <span class='ocrx_word' id='word_1_610' title='bbox 1293 2237 1362 2274; x_wconf 75' lang='grc' dir='ltr'><strong>(Η),</strong></span> <span class='ocrx_word' id='word_1_611' title='bbox 1379 2238 1396 2273; x_wconf 75' lang='grc' dir='ltr'>ἢ</span> <span class='ocrx_word' id='word_1_612' title='bbox 1410 2238 1490 2273; x_wconf 79' lang='grc' dir='ltr'>ἑορτὴ</span> <span class='ocrx_word' id='word_1_613' title='bbox 1509 2239 1579 2274; x_wconf 85' lang='grc' dir='ltr'><strong>τύχῃ</strong></span> <span class='ocrx_word' id='word_1_614' title='bbox 1597 2239 1761 2274; x_wconf 73' lang='grc' dir='ltr'>Δεσποτιχὴ,</span> <span class='ocrx_word' id='word_1_615' title='bbox 1775 2240 1793 2274; x_wconf 77' lang='grc' dir='ltr'><strong>ἡ</strong></span> <span class='ocrx_word' id='word_1_616' title='bbox 1818 2248 1887 2270; x_wconf 78' lang='grc' dir='ltr'>τινος</span> 
     </span>
    </p>
   </div>
   <div class='ocr_carea' id='block_1_95' title="bbox 1100 2283 1888 2321">
    <p class='ocr_par' dir='ltr' id='par_1_95' title="bbox 1100 2283 1888 2321">
     <span class='ocr_line' id='line_1_95' title="bbox 1100 2283 1888 2321; baseline 0.003 -11"><span class='ocrx_word' id='word_1_617' title='bbox 1100 2283 1155 2310; x_wconf 86' lang='grc' dir='ltr'>τῶν</span> <span class='ocrx_word' id='word_1_618' title='bbox 1166 2283 1270 2310; x_wconf 86' lang='grc' dir='ltr'>δώδεκα</span> <span class='ocrx_word' id='word_1_619' title='bbox 1281 2283 1366 2318; x_wconf 84' lang='grc' dir='ltr'>ἁγίων</span> <span class='ocrx_word' id='word_1_620' title='bbox 1379 2283 1547 2316; x_wconf 75' lang='grc' dir='ltr'>ἀποστόλων,</span> <span class='ocrx_word' id='word_1_621' title='bbox 1560 2283 1576 2319; x_wconf 82' lang='grc' dir='ltr'>ἢ</span> <span class='ocrx_word' id='word_1_622' title='bbox 1596 2283 1650 2310; x_wconf 81' lang='grc' dir='ltr'><strong>τῶν</strong></span> <span class='ocrx_word' id='word_1_623' title='bbox 1663 2285 1808 2319; x_wconf 79' lang='grc' dir='ltr'>ἐπισήμων</span> <span class='ocrx_word' id='word_1_624' title='bbox 1820 2294 1888 2321; x_wconf 89' lang='grc' dir='ltr'>μαρ-</span> 
     </span>
    </p>
   </div>
   <div class='ocr_carea' id='block_1_96' title="bbox 1101 2329 1887 2365">
    <p class='ocr_par' dir='ltr' id='par_1_96' title="bbox 1101 2329 1887 2365">
     <span class='ocr_line' id='line_1_96' title="bbox 1101 2329 1887 2365; baseline 0.001 -9"><span class='ocrx_word' id='word_1_625' title='bbox 1101 2329 1202 2364; x_wconf 84' lang='grc' dir='ltr'>τύρων,</span> <span class='ocrx_word' id='word_1_626' title='bbox 1223 2329 1239 2365; x_wconf 78' lang='grc' dir='ltr'><strong>ἢ</strong></span> <span class='ocrx_word' id='word_1_627' title='bbox 1261 2329 1406 2364; x_wconf 77' lang='grc' dir='ltr'>ἱεραρχῶν,</span> <span class='ocrx_word' id='word_1_628' title='bbox 1427 2329 1527 2356; x_wconf 68' lang='grc' dir='ltr'>ἐσθίειν</span> <span class='ocrx_word' id='word_1_629' title='bbox 1544 2329 1591 2355; x_wconf 81' lang='grc' dir='ltr'>καὶ</span> <span class='ocrx_word' id='word_1_630' title='bbox 1609 2330 1669 2356; x_wconf 78' lang='grc' dir='ltr'>τότε</span> <span class='ocrx_word' id='word_1_631' title='bbox 1684 2330 1790 2365; x_wconf 76' lang='grc' dir='ltr'>ἰχθύας,</span> <span class='ocrx_word' id='word_1_632' title='bbox 1804 2331 1887 2365; x_wconf 77' lang='grc' dir='ltr'>αὐτῆς</span> 
     </span>
    </p>
   </div>
   <div class='ocr_carea' id='block_1_97' title="bbox 1102 2373 1886 2410">
    <p class='ocr_par' dir='ltr' id='par_1_97' title="bbox 1102 2373 1886 2410">
     <span class='ocr_line' id='line_1_97' title="bbox 1102 2373 1886 2410; baseline 0 -10"><span class='ocrx_word' id='word_1_633' title='bbox 1102 2374 1258 2410; x_wconf 78' lang='grc' dir='ltr'>ἡγουμένης</span> <span class='ocrx_word' id='word_1_634' title='bbox 1268 2373 1368 2401; x_wconf 81' lang='grc' dir='ltr'>ταύτου</span> <span class='ocrx_word' id='word_1_635' title='bbox 1380 2373 1593 2409; x_wconf 79' lang='grc' dir='ltr'>φροντιζοὺσης·</span> <span class='ocrx_word' id='word_1_636' title='bbox 1607 2374 1632 2400; x_wconf 83' lang='grc' dir='ltr'><strong>εἰ</strong></span> <span class='ocrx_word' id='word_1_637' title='bbox 1649 2374 1686 2408; x_wconf 85' lang='grc' dir='ltr'>μή</span> <span class='ocrx_word' id='word_1_638' title='bbox 1702 2383 1745 2405; x_wconf 81' lang='grc' dir='ltr'><strong>τις</strong></span> <span class='ocrx_word' id='word_1_639' title='bbox 1761 2374 1788 2409; x_wconf 83' lang='grc' dir='ltr'>ῖη</span> <span class='ocrx_word' id='word_1_640' title='bbox 1802 2374 1857 2410; x_wconf 77' lang='grc' dir='ltr'><strong>[εἴη</strong></span> <span class='ocrx_word' id='word_1_641' title='bbox 1865 2373 1886 2409; x_wconf 77' lang='grc' dir='ltr'><strong>η</strong></span> 
     </span>
    </p>
   </div>
   <div class='ocr_carea' id='block_1_98' title="bbox 1101 2419 1488 2456">
    <p class='ocr_par' dir='ltr' id='par_1_98' title="bbox 1101 2419 1488 2456">
     <span class='ocr_line' id='line_1_98' title="bbox 1101 2419 1488 2456; baseline -0.005 -8"><span class='ocrx_word' id='word_1_642' title='bbox 1101 2420 1168 2456; x_wconf 78' lang='grc' dir='ltr'>παρ’</span> <span class='ocrx_word' id='word_1_643' title='bbox 1186 2420 1288 2455; x_wconf 80' lang='grc' dir='ltr'>ἐτέρων</span> <span class='ocrx_word' id='word_1_644' title='bbox 1304 2419 1488 2455; x_wconf 78' lang='grc' dir='ltr'>παράκλησις.</span> 
     </span>
    </p>
   </div>
   <div class='ocr_carea' id='block_1_99' title="bbox 1145 2464 1886 2501">
    <p class='ocr_par' dir='ltr' id='par_1_99' title="bbox 1145 2464 1886 2501">
     <span class='ocr_line' id='line_1_99' title="bbox 1145 2464 1886 2501; baseline -0.001 -9"><span class='ocrx_word' id='word_1_645' title='bbox 1145 2466 1177 2493; x_wconf 89' lang='grc' dir='ltr'><strong><em>Ἦ</em></strong></span> <span class='ocrx_word' id='word_1_646' title='bbox 1194 2466 1223 2492; x_wconf 76' lang='grc' dir='ltr'>δὲ</span> <span class='ocrx_word' id='word_1_647' title='bbox 1235 2466 1314 2497; x_wconf 89' lang='grc' dir='ltr'>πόσις</span> <span class='ocrx_word' id='word_1_648' title='bbox 1326 2464 1404 2500; x_wconf 77' lang='grc' dir='ltr'>ὑμῶν</span> <span class='ocrx_word' id='word_1_649' title='bbox 1421 2466 1450 2491; x_wconf 85' lang='grc' dir='ltr'>ὲν</span> <span class='ocrx_word' id='word_1_650' title='bbox 1468 2465 1569 2497; x_wconf 83' lang='grc' dir='ltr'>πάσαις</span> <span class='ocrx_word' id='word_1_651' title='bbox 1583 2466 1642 2497; x_wconf 85' lang='grc' dir='ltr'>ταῖς</span> <span class='ocrx_word' id='word_1_652' title='bbox 1658 2465 1746 2496; x_wconf 80' lang='grc' dir='ltr'>λιταῖς</span> <span class='ocrx_word' id='word_1_653' title='bbox 1772 2466 1886 2501; x_wconf 77' lang='grc' dir='ltr'>ἡμέραις</span> 
     </span>
    </p>
   </div>
   <div class='ocr_carea' id='block_1_100' title="bbox 1101 2510 1885 2546">
    <p class='ocr_par' dir='ltr' id='par_1_100' title="bbox 1101 2510 1885 2546">
     <span class='ocr_line' id='line_1_100' title="bbox 1101 2510 1885 2546; baseline -0.001 -8"><span class='ocrx_word' id='word_1_654' title='bbox 1101 2511 1178 2538; x_wconf 74' lang='grc' dir='ltr'>ἔσται</span> <span class='ocrx_word' id='word_1_655' title='bbox 1204 2511 1272 2546; x_wconf 78' lang='grc' dir='ltr'>μετὰ</span> <span class='ocrx_word' id='word_1_656' title='bbox 1294 2510 1342 2538; x_wconf 74' lang='grc' dir='ltr'>τοῦ</span> <span class='ocrx_word' id='word_1_657' title='bbox 1371 2510 1492 2546; x_wconf 79' lang='grc' dir='ltr'>μείζονος</span> <span class='ocrx_word' id='word_1_658' title='bbox 1516 2511 1626 2544; x_wconf 78' lang='grc' dir='ltr'>ἐξαγίου</span> <span class='ocrx_word' id='word_1_659' title='bbox 1645 2510 1719 2546; x_wconf 68' lang='grc'><strong>(49)-</strong></span> <span class='ocrx_word' id='word_1_660' title='bbox 1735 2512 1781 2538; x_wconf 81' lang='grc' dir='ltr'>ὅτε</span> <span class='ocrx_word' id='word_1_661' title='bbox 1807 2511 1836 2537; x_wconf 74' lang='grc' dir='ltr'>δὲ</span> <span class='ocrx_word' id='word_1_662' title='bbox 1856 2512 1885 2545; x_wconf 82' lang='grc' dir='ltr'>τῇ</span> 
     </span>
    </p>
   </div>
   <div class='ocr_carea' id='block_1_101' title="bbox 1103 2555 1884 2592">
    <p class='ocr_par' dir='ltr' id='par_1_101' title="bbox 1103 2555 1884 2592">
     <span class='ocr_line' id='line_1_101' title="bbox 1103 2555 1884 2592; baseline -0.001 -9"><span class='ocrx_word' id='word_1_663' title='bbox 1103 2556 1263 2592; x_wconf 82' lang='grc' dir='ltr'>προεστὼσῃ</span> <span class='ocrx_word' id='word_1_664' title='bbox 1280 2555 1361 2589; x_wconf 79' lang='grc' dir='ltr'>δόξει,</span> <span class='ocrx_word' id='word_1_665' title='bbox 1379 2556 1426 2582; x_wconf 84' lang='grc' dir='ltr'><strong>καί</strong></span> <span class='ocrx_word' id='word_1_666' title='bbox 1450 2555 1669 2591; x_wconf 79' lang='grc' dir='ltr'>ὲπαυξηθήοεται</span> <span class='ocrx_word' id='word_1_667' title='bbox 1686 2555 1803 2582; x_wconf 75' lang='grc' dir='ltr'>καθόσον</span> <span class='ocrx_word' id='word_1_668' title='bbox 1820 2557 1884 2590; x_wconf 78' lang='grc' dir='ltr'>αὐτῇ</span> 
     </span>
    </p>
   </div>
   <div class='ocr_carea' id='block_1_102' title="bbox 1103 2602 1885 2638">
    <p class='ocr_par' dir='ltr' id='par_1_102' title="bbox 1103 2602 1885 2638">
     <span class='ocr_line' id='line_1_102' title="bbox 1103 2602 1885 2638; baseline -0.003 -8"><span class='ocrx_word' id='word_1_669' title='bbox 1103 2603 1241 2638; x_wconf 80' lang='grc' dir='ltr'>βουλητόν.</span> <span class='ocrx_word' id='word_1_670' title='bbox 1265 2602 1344 2629; x_wconf 80' lang='grc' dir='ltr'>Κατὰ</span> <span class='ocrx_word' id='word_1_671' title='bbox 1367 2602 1396 2628; x_wconf 75' lang='grc' dir='ltr'>δὲ</span> <span class='ocrx_word' id='word_1_672' title='bbox 1411 2602 1441 2628; x_wconf 83' lang='grc' dir='ltr'><strong>τὺ</strong></span> <span class='ocrx_word' id='word_1_673' title='bbox 1455 2602 1562 2629; x_wconf 83' lang='grc' dir='ltr'>δεῖπνον</span> <span class='ocrx_word' id='word_1_674' title='bbox 1577 2602 1632 2628; x_wconf 87' lang='grc' dir='ltr'>τῶν</span> <span class='ocrx_word' id='word_1_675' title='bbox 1657 2602 1749 2629; x_wconf 83' lang='grc' dir='ltr'>αὐτῶν</span> <span class='ocrx_word' id='word_1_676' title='bbox 1777 2602 1885 2637; x_wconf 82' lang='grc' dir='ltr'>ἡμερῶν</span> 
     </span>
    </p>
   </div>
   <div class='ocr_carea' id='block_1_103' title="bbox 1103 2647 1886 2684">
    <p class='ocr_par' dir='ltr' id='par_1_103' title="bbox 1103 2647 1886 2684">
     <span class='ocr_line' id='line_1_103' title="bbox 1103 2647 1886 2684; baseline -0.003 -8"><span class='ocrx_word' id='word_1_677' title='bbox 1103 2648 1323 2684; x_wconf 80' lang='grc' dir='ltr'>παρατεθήσεται</span> <span class='ocrx_word' id='word_1_678' title='bbox 1347 2647 1412 2682; x_wconf 81' lang='grc' dir='ltr'>ὑμῖν</span> <span class='ocrx_word' id='word_1_679' title='bbox 1435 2647 1527 2683; x_wconf 77' lang='grc' dir='ltr'>ἄρτος,</span> <span class='ocrx_word' id='word_1_680' title='bbox 1554 2648 1602 2675; x_wconf 74' lang='grc' dir='ltr'>καὶ</span> <span class='ocrx_word' id='word_1_681' title='bbox 1626 2647 1730 2682; x_wconf 82' lang='grc' dir='ltr'>λάχανα</span> <span class='ocrx_word' id='word_1_682' title='bbox 1759 2648 1794 2674; x_wconf 81' lang='grc' dir='ltr'>τὰ</span> <span class='ocrx_word' id='word_1_683' title='bbox 1820 2647 1886 2674; x_wconf 71' lang='grc' dir='ltr'>κατὰ</span> 
     </span>
    </p>
   </div>
   <div class='ocr_carea' id='block_1_104' title="bbox 889 2720 1244 2756">
    <p class='ocr_par' dir='ltr' id='par_1_104' title="bbox 889 2720 1244 2756">
     <span class='ocr_line' id='line_1_104' title="bbox 889 2720 1244 2756; baseline -0.008 -4"><span class='ocrx_word' id='word_1_684' title='bbox 889 2720 1123 2756; x_wconf 81' lang='lat' dir='ltr'><strong>[Montfauconii</strong></span> <span class='ocrx_word' id='word_1_685' title='bbox 1150 2722 1244 2750; x_wconf 70' lang='lat' dir='ltr'><strong>notae.</strong></span> 
     </span>
    </p>
   </div>
   <div class='ocr_carea' id='block_1_105' title="bbox 299 2784 1046 2824">
    <p class='ocr_par' dir='ltr' id='par_1_105' title="bbox 299 2784 1046 2824">
     <span class='ocr_line' id='line_1_105' title="bbox 299 2784 1046 2824; baseline -0.005 -9"><span class='ocrx_word' id='word_1_686' title='bbox 299 2787 356 2824; x_wconf 68' lang='lat' dir='ltr'><strong>(tl)</strong></span> <span class='ocrx_word' id='word_1_687' title='bbox 373 2786 578 2824; x_wconf 72' lang='grc' dir='ltr'><strong>Παράκλησις.</strong></span> <span class='ocrx_word' id='word_1_688' title='bbox 597 2785 700 2824; x_wconf 74' lang='lat' dir='ltr'><strong>Eodem</strong></span> <span class='ocrx_word' id='word_1_689' title='bbox 712 2785 770 2824; x_wconf 77' lang='lat' dir='ltr'><strong>fere</strong></span> <span class='ocrx_word' id='word_1_690' title='bbox 792 2792 875 2824; x_wconf 82' lang='lat' dir='ltr'><strong>sensu</strong></span> <span class='ocrx_word' id='word_1_691' title='bbox 895 2784 947 2824; x_wconf 74' lang='lat' dir='ltr'><strong>hic</strong></span> <span class='ocrx_word' id='word_1_692' title='bbox 964 2791 1046 2824; x_wconf 33' lang='lat' dir='ltr'><strong>usuri</strong></span> 
     </span>
    </p>
   </div>
   <div class='ocr_carea' id='block_1_106' title="bbox 260 2819 1048 2858">
    <p class='ocr_par' dir='ltr' id='par_1_106' title="bbox 260 2819 1048 2858">
     <span class='ocr_line' id='line_1_106' title="bbox 260 2819 1048 2858; baseline -0.008 -7"><span class='ocrx_word' id='word_1_693' title='bbox 260 2819 353 2858; x_wconf 65' lang='lat' dir='ltr'><strong>ptitur,</strong></span> <span class='ocrx_word' id='word_1_694' title='bbox 364 2819 422 2857; x_wconf 82' lang='lat' dir='ltr'><strong>quo</strong></span> <span class='ocrx_word' id='word_1_695' title='bbox 433 2822 578 2858; x_wconf 74' lang='lat' dir='ltr'><strong>consolatio</strong></span> <span class='ocrx_word' id='word_1_696' title='bbox 594 2821 666 2856; x_wconf 87' lang='lat' dir='ltr'><strong>apud</strong></span> <span class='ocrx_word' id='word_1_697' title='bbox 686 2820 801 2858; x_wconf 65' lang='lat' dir='ltr'><strong>Latinos</strong></span> <span class='ocrx_word' id='word_1_698' title='bbox 813 2829 820 2847; x_wconf 90' lang='lat'>:</span> <span class='ocrx_word' id='word_1_699' title='bbox 831 2820 889 2847; x_wconf 60' lang='lat' dir='ltr'><strong>haec</strong></span> <span class='ocrx_word' id='word_1_700' title='bbox 903 2819 977 2858; x_wconf 80' lang='lat' dir='ltr'><strong>enim</strong></span> <span class='ocrx_word' id='word_1_701' title='bbox 987 2822 1048 2858; x_wconf 77' lang='lat' dir='ltr'><strong>erat</strong></span> 
     </span>
    </p>
   </div>
   <div class='ocr_carea' id='block_1_107' title="bbox 262 2854 1048 2892">
    <p class='ocr_par' dir='ltr' id='par_1_107' title="bbox 262 2854 1048 2892">
     <span class='ocr_line' id='line_1_107' title="bbox 262 2854 1048 2892; baseline -0.003 -8"><span class='ocrx_word' id='word_1_702' title='bbox 262 2854 345 2892; x_wconf 77' lang='lat' dir='ltr'><strong>parva</strong></span> <span class='ocrx_word' id='word_1_703' title='bbox 358 2854 437 2885; x_wconf 63' lang='lat' dir='ltr'><strong>cinna</strong></span> <span class='ocrx_word' id='word_1_704' title='bbox 453 2856 596 2884; x_wconf 87' lang='lat' dir='ltr'><strong>monachis</strong></span> <span class='ocrx_word' id='word_1_705' title='bbox 609 2854 637 2883; x_wconf 81' lang='lat' dir='ltr'><strong>in</strong></span> <span class='ocrx_word' id='word_1_706' title='bbox 653 2856 780 2883; x_wconf 71' lang='lat' dir='ltr'><strong>solatium</strong></span> <span class='ocrx_word' id='word_1_707' title='bbox 795 2862 937 2892; x_wconf 77' lang='lat' dir='ltr'><strong>concessa.</strong></span> <span class='ocrx_word' id='word_1_708' title='bbox 951 2855 981 2892; x_wconf 79' lang='lat' dir='ltr'><strong>In</strong></span> <span class='ocrx_word' id='word_1_709' title='bbox 993 2854 1048 2892; x_wconf 62' lang='grc' dir='ltr'>μου</span> 
     </span>
    </p>
   </div>
   <div class='ocr_carea' id='block_1_108' title="bbox 263 2889 1049 2926">
    <p class='ocr_par' dir='ltr' id='par_1_108' title="bbox 263 2889 1049 2926">
     <span class='ocr_line' id='line_1_108' title="bbox 263 2889 1049 2926; baseline -0.001 -9"><span class='ocrx_word' id='word_1_710' title='bbox 263 2889 354 2919; x_wconf 63' lang='lat' dir='ltr'><strong>Exulem</strong></span> <span class='ocrx_word' id='word_1_711' title='bbox 375 2892 466 2926; x_wconf 86' lang='lat' dir='ltr'><strong>typico</strong></span> <span class='ocrx_word' id='word_1_712' title='bbox 488 2891 664 2926; x_wconf 82' lang='grc' dir='ltr'>παράκλησις</span> <span class='ocrx_word' id='word_1_713' title='bbox 690 2895 719 2917; x_wconf 93' lang='lat' dir='ltr'><strong>ut</strong></span> <span class='ocrx_word' id='word_1_714' title='bbox 737 2891 885 2925; x_wconf 91' lang='lat' dir='ltr'><strong>plurimum</strong></span> <span class='ocrx_word' id='word_1_715' title='bbox 914 2889 1049 2926; x_wconf 78' lang='lat' dir='ltr'><strong>accipitur</strong></span> 
     </span>
    </p>
   </div>
   <div class='ocr_carea' id='block_1_109' title="bbox 265 2923 1048 2960">
    <p class='ocr_par' dir='ltr' id='par_1_109' title="bbox 265 2923 1048 2960">
     <span class='ocr_line' id='line_1_109' title="bbox 265 2923 1048 2960; baseline -0.001 -8"><span class='ocrx_word' id='word_1_716' title='bbox 265 2933 316 2959; x_wconf 86' lang='lat' dir='ltr'><strong>pro</strong></span> <span class='ocrx_word' id='word_1_717' title='bbox 342 2923 491 2954; x_wconf 67' lang='lat' dir='ltr'><strong>refectione</strong></span> <span class='ocrx_word' id='word_1_718' title='bbox 522 2923 750 2959; x_wconf 62' lang='lat' dir='ltr'><strong>extraordinaria,</strong></span> <span class='ocrx_word' id='word_1_719' title='bbox 769 2926 796 2952; x_wconf 86' lang='lat' dir='ltr'><strong>in</strong></span> <span class='ocrx_word' id='word_1_720' title='bbox 823 2932 876 2959; x_wconf 88' lang='lat' dir='ltr'><strong>qua</strong></span> <span class='ocrx_word' id='word_1_721' title='bbox 897 2925 986 2960; x_wconf 86' lang='lat' dir='ltr'><strong>pisces</strong></span> <span class='ocrx_word' id='word_1_722' title='bbox 1005 2923 1048 2951; x_wconf 92' lang='lat' dir='ltr'><strong>vel</strong></span> 
     </span>
    </p>
   </div>
   <div class='ocr_carea' id='block_1_110' title="bbox 1103 2781 1479 2817">
    <p class='ocr_par' dir='ltr' id='par_1_110' title="bbox 1103 2781 1479 2817">
     <span class='ocr_line' id='line_1_110' title="bbox 1103 2781 1479 2817; baseline -0.005 -7"><span class='ocrx_word' id='word_1_723' title='bbox 1103 2782 1246 2817; x_wconf 68' lang='lat' dir='ltr'><strong>conchylia</strong></span> <span class='ocrx_word' id='word_1_724' title='bbox 1260 2781 1479 2817; x_wconf 75' lang='lat' dir='ltr'><strong>apponebantur.</strong></span> 
     </span>
    </p>
   </div>
   <div class='ocr_carea' id='block_1_111' title="bbox 1139 2813 1886 2852">
    <p class='ocr_par' dir='ltr' id='par_1_111' title="bbox 1139 2813 1886 2852">
     <span class='ocr_line' id='line_1_111' title="bbox 1139 2813 1886 2852; baseline -0.011 -4"><span class='ocrx_word' id='word_1_725' title='bbox 1139 2813 1364 2852; x_wconf 61' lang='grc' dir='ltr'><strong>(ΑΞΓἘΕᾱῨίου.</strong></span> <span class='ocrx_word' id='word_1_726' title='bbox 1378 2815 1464 2851; x_wconf 75' lang='lat' dir='ltr'><strong>Vulgo</strong></span> <span class='ocrx_word' id='word_1_727' title='bbox 1478 2815 1551 2851; x_wconf 90' lang='lat' dir='ltr'><strong>apud</strong></span> <span class='ocrx_word' id='word_1_728' title='bbox 1563 2815 1672 2852; x_wconf 64' lang='lat' dir='ltr'><strong>Graecos</strong></span> <span class='ocrx_word' id='word_1_729' title='bbox 1693 2818 1821 2852; x_wconf 81' lang='lat' dir='ltr'><strong>auctores</strong></span> <span class='ocrx_word' id='word_1_730' title='bbox 1835 2821 1886 2840; x_wconf 78' lang='lat' dir='ltr'><strong>vox</strong></span> 
     </span>
    </p>
   </div>
   <div class='ocr_carea' id='block_1_112' title="bbox 1103 2850 1886 2887">
    <p class='ocr_par' dir='ltr' id='par_1_112' title="bbox 1103 2850 1886 2887">
     <span class='ocr_line' id='line_1_112' title="bbox 1103 2850 1886 2887; baseline -0.005 -7"><span class='ocrx_word' id='word_1_731' title='bbox 1103 2850 1162 2880; x_wconf 65' lang='lat' dir='ltr'><strong>haec</strong></span> <span class='ocrx_word' id='word_1_732' title='bbox 1175 2850 1226 2880; x_wconf 84' lang='lat' dir='ltr'><strong>usu</strong></span> <span class='ocrx_word' id='word_1_733' title='bbox 1238 2853 1313 2879; x_wconf 87' lang='lat' dir='ltr'><strong>venit</strong></span> <span class='ocrx_word' id='word_1_734' title='bbox 1327 2859 1377 2886; x_wconf 88' lang='lat' dir='ltr'><strong>pro</strong></span> <span class='ocrx_word' id='word_1_735' title='bbox 1400 2850 1522 2887; x_wconf 78' lang='lat' dir='ltr'><strong>pondere</strong></span> <span class='ocrx_word' id='word_1_736' title='bbox 1540 2858 1588 2879; x_wconf 83' lang='lat' dir='ltr'><strong>sex</strong></span> <span class='ocrx_word' id='word_1_737' title='bbox 1608 2851 1760 2882; x_wconf 89' lang='lat' dir='ltr'><strong>unciarum,</strong></span> <span class='ocrx_word' id='word_1_738' title='bbox 1776 2850 1822 2877; x_wconf 85' lang='lat' dir='ltr'><strong>hic</strong></span> <span class='ocrx_word' id='word_1_739' title='bbox 1831 2857 1865 2876; x_wconf 88' lang='lat' dir='ltr'><strong>au</strong></span> <span class='ocrx_word' id='word_1_740' title='bbox 1878 2865 1886 2868; x_wconf 91' lang='lat'>-</span> 
     </span>
    </p>
   </div>
   <div class='ocr_carea' id='block_1_113' title="bbox 1103 2893 1386 2923">
    <p class='ocr_par' dir='ltr' id='par_1_113' title="bbox 1103 2893 1386 2923">
     <span class='ocr_line' id='line_1_113' title="bbox 1103 2893 1386 2923; baseline -0.011 -6"><span class='ocrx_word' id='word_1_741' title='bbox 1103 2893 1158 2917; x_wconf 79' lang='lat' dir='ltr'><strong>tem</strong></span> <span class='ocrx_word' id='word_1_742' title='bbox 1178 2895 1229 2923; x_wconf 91' lang='lat' dir='ltr'><strong>pro</strong></span> <span class='ocrx_word' id='word_1_743' title='bbox 1247 2894 1386 2914; x_wconf 84' lang='lat' dir='ltr'><strong>mensura.</strong></span> 
     </span>
    </p>
   </div>
  </div>
