2023 3164
239 202 258 233 ’1
265 203 314 233 "te"!

873 201 1015 232 IRENES
1031 200 1218 231 AUGUSTE

1797 198 1867 229 1068

240 259 308 286 dum
322 261 364 286 est
374 263 501 285 mensura
515 257 602 292 magni
617 255 723 292 ltexagii
739 266 745 283 :
761 257 818 284 sive
831 257 922 291 pisces
935 258 1032 285 domus

1091 255 1244 282 ιεταδοτέον
1259 253 1298 289 τῷ
1314 254 1417 289 μείζονι
1434 253 1546 289 ἑξαγίῳ,
1563 253 1579 288 ἢ
1608 251 1715 280 οἴκοθεν
1738 253 1868 287 ὰᾷωνιζο-

242 302 398 338 sumptibus
420 302 447 328 in
472 301 616 329 obsonium
643 301 752 334 dentur,
775 302 832 330 sive
847 302 999 330 consolatio
1015 309 1028 328 a

242 349 343 377 Citriin
357 347 526 375 amatoribus
543 347 678 374 mittatur.
696 346 725 373 Si
750 354 831 381 quam
849 355 913 375 vero
928 355 1031 375 memo-

243 400 363 422 ratarum
377 393 580 421 solemnitatum
594 393 620 420 in
631 393 721 428 aliqua
732 393 839 421 dierum
856 394 950 429 primat
963 393 1030 421 heb-

241 440 366 468 domadis
382 440 517 468 celebrari
528 434 680 474 contingat,
697 439 811 474 perinde
827 444 908 475 atque
929 441 956 467 in
978 445 1032 468 ter-

243 486 287 513 tiis
299 491 327 513 et
342 485 445 520 quintis
466 484 542 512 feriis
563 485 678 512 aliarum
699 485 902 513 hebdomadam
928 490 1031 513 sanctae

243 531 465 566 Quadragesintze
478 530 532 558 cibi
547 531 708 559 comedendi
730 536 809 565 sunt;
823 531 917 559 vinum
939 533 1031 559 autem

243 577 362 604 dandum
383 577 494 612 majoris
521 576 627 612 hexagii
646 585 784 604 mensura.
800 577 830 605 In
855 577 916 605 aliis
940 577 1032 612 itaque

242 623 372 651 omnibus
390 622 492 650 sanctis
507 623 726 658 Quadragesimae
745 624 853 657 diebus,
874 625 1033 652 nullatenus

245 669 339 696 licebit
353 669 431 696 vobis
449 669 537 703 pisces
548 669 704 701 comedere,
725 670 777 697 nisi
792 670 862 697 forte
877 670 1032 698 consolatio

244 724 260 744 a
273 715 399 750 quopiam
418 715 500 742 missa
517 715 600 742 fuerit
613 715 740 746 Sabbato,
757 720 804 743 aut
821 716 972 744 Dominica.

280 761 449 788 Adveniente
468 765 558 787 autent
582 759 806 788 Annuntiationis
833 761 915 793 festo,
940 761 1034 795 splen-

245 805 309 833 dide
319 812 372 840 ,pro
388 805 492 831 viribus
508 803 702 832 celebrandum
714 808 766 836 cst,
781 805 924 840 piscesque
940 812 1033 832 eome-

246 851 328 879 dendi
346 855 420 883 sunt,
437 850 536 877 domus
553 850 707 884 sumptibus
722 850 749 877 in
764 850 910 878 obsonium
923 858 1034 886 compa-

246 897 300 924 rati
315 897 464 932 vinumque
478 895 627 923 bibendum
642 903 771 924 mensura
787 897 900 932 majoris
913 897 1034 931 hexagii.

250 943 344 970 Pisces
359 930 457 969 autem
470 941 497 968 in
518 946 611 969 sancta
628 942 674 969 illa
691 930 864 970 solemnitate
873 930 1033 975 comedetis,
1053 930 1072 957 ⁸

248 993 276 1015 ut
293 988 395 1015 dictum
407 991 459 1019 est,
473 987 526 1014 nisi
542 987 573 1014 in
590 991 684 1015 sancta
701 992 729 1015 et
750 995 848 1022 magna
865 987 1035 1016 hebdomade

239 1033 401 1061 occurrerit
416 1042 422 1060 :
438 1038 502 1060 tunc
517 1032 590 1060 enim
604 1033 670 1060 solis
680 1033 832 1068 conchyliis
850 1033 974 1066 utemini,
987 1041 1035 1062 seu

249 1080 341 1115 potius
361 1079 579 1106 consolationem
602 1079 744 1114 accipietis
764 1079 799 1107 ob
821 1079 1034 1109 solemnitatem.

249 1126 315 1153 Nam
329 1131 384 1154 tres
395 1126 453 1154 dies
469 1126 544 1153 illius
556 1125 744 1159 hebdomadis,
757 1126 905 1153 secundam
917 1126 1034 1159 scilicet,

248 1172 357 1199 tertiam
371 1175 398 1198 et
408 1175 533 1206 quartam
545 1170 651 1203 feriam,
665 1178 714 1198 vos
722 1172 830 1207 exigere
843 1179 893 1206 par
907 1176 960 1204 est,
974 1172 1037 1207 qui-

249 1217 364 1243 busdam
384 1216 569 1251 leguminibus
590 1216 760 1249 madefactis,
785 1217 907 1246 oleribus
932 1219 1035 1250 crudis,

249 1267 278 1288 et
295 1261 430 1289 fructibus
452 1261 524 1289 forte
552 1262 652 1296 obviis,
677 1267 831 1295 contentas,
858 1271 920 1290 cum
948 1263 1037 1293 calido

251 1306 391 1332 cuminato
405 1309 483 1340 potu.
501 1306 529 1333 Si
544 1314 609 1333 vero
630 1307 734 1334 dictum
756 1307 982 1336 Annuntiationis
997 1309 1037 1336 le-

251 1355 327 1377 stum
341 1357 403 1377 cum
418 1351 539 1378 secunda
549 1355 596 1378 aut
607 1351 687 1379 tertia
700 1351 768 1379 feria
780 1359 881 1381 sanch
890 1359 918 1381 et
934 1362 1037 1389 magna:

253 1396 431 1424 hebdomadm
454 1397 637 1431 concurrerit,
661 1397 703 1425 vel
730 1406 793 1426 cum
821 1407 917 1435 magna
942 1401 1039 1435 quinta

251 1443 330 1476 feria,
345 1443 410 1470 solis
424 1442 575 1479 conchiliis
588 1444 703 1472 utemini
721 1454 727 1471 :
747 1445 770 1472 si
789 1445 883 1473 autem'
896 1454 958 1474 cum
978 1455 1038 1474 ma-

253 1497 303 1524 gna
318 1489 383 1517 l‘cria
399 1494 505 1525 quarta,
523 1490 682 1523 Parasceve,
701 1491 745 1519 vel
771 1492 830 1527 ipso
853 1501 950 1529 magno
972 1493 1041 1521 Sab-

254 1535 332 1567 ltato;
352 1536 378 1562 in
394 1543 491 1570 magna
505 1535 619 1570 quidem
644 1536 712 1564 l‘eria
726 1542 823 1572 quarta
842 1543 870 1565 et
882 1546 977 1574 magna
990 1539 1040 1566 Pa-

254 1588 375 1612 rasceve,
387 1581 524 1615 legumina
538 1581 662 1615 quaedam
674 1587 751 1609 cocta
771 1587 799 1609 ct
815 1583 889 1610 olera
905 1591 966 1610 cum
979 1584 1040 1612 oleo
1054 1593 1076 1624 ρ

253 1626 332 1652 vobis
345 1625 480 1653 sullicient
496 1634 503 1652 :
523 1625 635 1661 vinique
653 1627 767 1654 sumctis
779 1628 866 1663 majus
883 1629 1039 1664 hexagium.

254 1671 283 1699 ln
296 1676 392 1698 sancto
402 1675 493 1699 autent
510 1670 632 1698 Subbato
646 1672 718 1699 absit
735 1673 826 1700 omnis
838 1680 905 1701 cura
918 1674 1040 1701 anitnum

254 1717 429 1744 distraheus:
449 1717 483 1744 ob
499 1716 599 1744 festum
616 1725 735 1753 namque
758 1718 824 1746 illud
849 1726 904 1747 non
930 1720 1042 1748 solvetis

251 1763 386 1799 jejunium
399 1763 489 1798 magni
505 1762 630 1797 Sabbati,
647 1764 676 1791 in
691 1772 745 1799 quo
758 1765 816 1792 solo
833 1765 963 1793 omnibus
976 1766 1042 1794 abs-

256 1808 398 1836 tinendum
431 1816 492 1836 esse
517 1810 650 1837 canonice
678 1811 851 1846 accepimus;
881 1812 928 1840 sed
952 1813 1043 1847 potius

253 1854 389 1882 Servanda
404 1853 561 1882 divinorum
574 1855 685 1882 Patrum
700 1860 814 1890 statuta,
828 1864 860 1884 ac
872 1856 901 1884 in
915 1857 981 1892 ipsis
993 1865 1043 1893 pro

254 1899 370 1934 viribus,
390 1900 466 1935 juxta
479 1899 651 1936 Theologum
672 1901 848 1936 Gregorium,
864 1903 939 1931 aliud
962 1911 1044 1932 omne

257 1945 361 1972 bonum
376 1946 454 1974 vobis
465 1946 638 1975 efﬁciendum
651 1952 703 1976 est.
719 1958 728 1974 ι
744 1949 863 1982 Etenim,
878 1950 1043 1986 inquitMG),

255 1991 322 2018 illud
336 1996 377 2019 est
391 1992 489 2020 festum
503 2000 594 2028 agere,
614 1994 698 2021 menti
718 2000 818 2022 nostrae
830 1995 934 2030 aliquid
949 2004 1045 2023 eorum

259 2036 457 2069 tltesaurizare,
472 2045 533 2071 qua:
553 2038 663 2065 stabilia
678 2043 743 2066 sunt
764 2044 792 2066 et
816 2040 973 2067 retinentur
990 2049 1045 2068 non

258 2085 348 2108 autent
370 2083 521 2117 sulfugiunt
537 2087 566 2110 et
580 2084 750 2116 dilabuntur,
765 2084 917 2120 leviterque
934 2093 1045 2113 sensum

258 2128 426 2160 demulcent,
446 2132 476 2154 ut
488 2128 639 2162 plurimum
659 2133 750 2156 autent
771 2135 881 2162 nocent,
905 2138 965 2158 meo
987 2132 1048 2165 qui-

258 2172 320 2198 dent
333 2171 449 2206 judicio.
469 2181 478 2198 ›
496 2172 530 2199 Et
540 2180 636 2200 rursus
653 2181 659 2198 :
679 2182 688 2198 ‹
702 2172 806 2200 Suﬂicit
821 2174 930 2208 corpori
944 2175 1046 2202 malitia

259 2224 307 2243 sua
320 2225 326 2249 ;
339 2216 405 2250 quid
427 2217 543 2244 ﬂammae
557 2218 690 2252 ampliore
706 2219 821 2245 materia
835 2227 905 2254 opus
920 2224 974 2252 est,
998 2225 1046 2247 aut

1084 300 1172 335 μένων
1199 299 1253 326 τῶν
1279 300 1389 335 ἰχθύων,
1412 299 1429 334 ἦ
1460 299 1659 334 παρακλήσεως
1690 298 1868 334 πελλομένης

1082 348 1158 384 παρὰ
1173 347 1227 374 τῶν
1246 347 1436 382 φιλοχρίστων.
1458 347 1488 372 Et
1512 347 1541 373 δέ
1560 354 1602 377 τις
1631 346 1685 372 τῶν
1715 346 1869 380 εἰρημένων

1082 393 1192 427 ἑορτῶν,
1208 394 1237 419 ὲν
1255 393 1302 428 μιᾷ
1316 392 1371 419 τῶν
1387 392 1437 426 τῆς
1452 391 1563 426 πρώτης
1581 391 1730 426 ἑϐδομάδος
1755 391 1869 426 ἡμερῶν

1081 439 1151 475 τύχῃ
1177 439 1321 470 τελεῖσθαι,
1348 438 1445 473 ἐπίσης
1458 439 1517 469 ταῖς
1529 437 1636 472 τρίταις
1657 437 1705 463 καὶ
1731 438 1871 471 πέμπταις

1082 485 1135 512 τῶν
1160 485 1249 512 ἄλλων
1278 484 1433 518 ἑϐδομάδων
1451 483 1513 517 ’τῆς
1542 482 1624 516 ἁγίας
1639 482 1871 515 Τεσσαρακοστῆς

1083 531 1221 558 ἐπιατέον
1234 533 1262 558 ἑν
1278 530 1430 566 βρώμασιν,
1455 529 1528 555 οἶνου
1543 528 1571 554 δὲ
1588 527 1747 562 μεταδοτέον
1759 526 1799 562 τῷ
1813 528 1871 561 μεί-

1083 578 1141 611 ζονι
1154 577 1264 612 ἐξάγίῳ.
1286 577 1340 607 Τὰς
1355 575 1439 606 ἄλλας
1457 574 1547 601 τοίνυν
1563 575 1653 604 πάσας
1668 574 1748 607 ἁγίας
1765 573 1873 607 ἡμέρας

1083 625 1133 659 τῆς
1143 621 1446 662 Τεσσάρακοστῆςηούκ
1455 620 1564 653 ἐξέσται
1575 620 1639 655 ὑμῖν
1655 621 1832 655 ιχῦυοφαγεῖν
1846 620 1874 644 τὸ

1085 670 1204 701 σύνολον,
1220 670 1244 695 εἰ
1271 670 1308 704 μὴ
1327 667 1500 703 παράκλησις
1535 667 1600 698 ἴσως
1630 666 1770 701 πεμφθείη
1798 665 1876 701 παρὰ

1084 725 1156 748 τινος
1170 718 1198 742 ὲν
1215 715 1358 749 Σάὸὁάτῳ,
1373 714 1389 749 ἢ
1407 714 1545 748 Κυριακῇ.

1119 762 1176 797 Τῆς
1209 761 1305 796 ἑορτῆς
1332 761 1360 786 δὲ
1385 760 1433 787 τοῦ
1460 759 1670 794 Εὐαγγελισμοῠ
1701 759 1876 793 ἐπιστάσης,

1085 808 1220 843 λαμπρῶς
1233 807 1394 842 ἑορταστέον
1409 808 1448 837 είς
1461 807 1587 841 δύναμιν,
1602 806 1650 832 καὶ
1669 805 1769 840 ἰχθύων
1790 813 1876 840 μετά-

1085 855 1212 888 ληπτέον,
1236 853 1340 880 οἴκοθεν
1361 853 1580 887 ὀψωνιζομένων,
1609 853 1656 879 καὶ
1674 853 1746 878 οινου
1778 852 1877 877 ποτέον

1086 901 1131 928 διὰ
1149 901 1197 927 τοῦ
1214 900 1337 934 μείζονος
1362 899 1482 932 ἑξαγίου.
1503 898 1729 932 Ἰχθυοφαγησετε
1743 897 1772 923 δὲ
1794 897 1828 922 ὲν
1845 897 1877 931 τῇ

1087 947 1152 982 ἁγίᾳ
1167 945 1255 981 ταύτῃ
1272 945 1364 979 ἑορτῇ,
1379 945 1417 975 ὡς
1431 944 1552 979 εἴρηται,
1570 942 1618 969 ἐὰν
1635 942 1673 977 μὴ
1687 944 1719 977 τῇ
1734 941 1802 976 ἁγίᾳ
1833 942 1878 967 καὶ

1089 992 1195 1028 μεγάλῃ
1218 991 1346 1026 ἐϐδομάδι
1360 990 1500 1025 συνδράμῃ
1516 997 1522 1004 ·
1537 989 1598 1015 τότε
1612 989 1666 1024 γὰρ
1693 989 1749 1019 τοῖς
1776 988 1876 1022 ὁστρι-

1088 1038 1231 1074 κοδέρμοις
1245 1036 1377 1072 χρήσεσθε
1392 1036 1490 1070 μόνοις,
1509 1034 1608 1069 μᾶλλον
1620 1034 1648 1060 δὲ
1663 1032 1878 1068 παρακληθήσε-

1088 1083 1145 1112 olis,
1157 1082 1199 1108 διὰ
1211 1082 1259 1116 τὴν
1277 1081 1384 1116 ἑορτήν.
1408 1080 1485 1106 Ἐπεὶ
1498 1080 1547 1111 τὰς
1564 1079 1639 1114 τρεῖς
1655 1079 1762 1113 ἡμέρας
1775 1078 1878 1111 ταύτης

1088 1128 1136 1163 τῆς
1147 1127 1302 1162 ἑϐδομάδος,
1319 1127 1402 1161 ἤγουν
1425 1125 1550 1162 δευτέρᾳ,
1582 1126 1672 1161 τρίτῃ,
1698 1124 1745 1151 καὶ
1769 1123 1880 1158 τετράδι

1088 1173 1191 1207 διάγειν
1200 1174 1283 1204 εἰκὸς,
1299 1172 1370 1198 τισὶν
1384 1171 1506 1207 ὀσπρίοις
1522 1171 1688 1206 διαϐρόχοις,
1722 1170 1769 1196 καὶ
1795 1169 1879 1203 λαχὰ-

1089 1228 1143 1251 νοις
1157 1219 1252 1254 ὠμοῖς,
1265 1218 1312 1245 καὶ
1324 1217 1445 1253 ὀπώραις
1465 1219 1525 1248 ταῖς
1542 1217 1764 1251 παρατυχούσαι;
1779 1215 1882 1250 ἀρκού-

1091 1272 1181 1298 μεναι,
1199 1263 1246 1290 καὶ
1258 1262 1297 1297 τῷ
1309 1263 1449 1297 κυμινάτῳ
1462 1262 1556 1297 Θερμῴ
1573 1262 1685 1295 πόματι.
1700 1260 1731 1286 Εἰ
1746 1260 1776 1287 δὲ
1789 1260 1840 1286 καὶ
1854 1261 1880 1285 ὲν

1090 1310 1122 1344 τῇ
1134 1309 1246 1343 δευτέρᾳ
1258 1309 1304 1334 καὶ
1317 1308 1395 1343 τρίτῃ
1410 1307 1460 1342 τῆς
1478 1307 1558 1341 ἁγίας
1578 1307 1625 1333 καὶ
1652 1306 1774 1340 μεγάλης
1800 1305 1880 1332 ἑϐδο-

1092 1353 1175 1388 μάδος
1190 1353 1332 1388 συνδράμῃ
1348 1353 1363 1387 ὴ
1376 1352 1583 1387 προδηλωθεῖσα
1594 1351 1676 1386 ἑορτὴ
1694 1350 1739 1376 τοῦ
1755 1351 1881 1383 Εὐάγγε-

1090 1399 1199 1434 λισμοῦ,
1218 1399 1234 1434 ἢ
1248 1400 1280 1434 τῇ
1299 1398 1404 1434 μεγάλῃ
1420 1399 1533 1434 πέμπτῃ
1545 1418 1553 1430 ,
1570 1399 1626 1429 τοῖς
1647 1397 1856 1432 ὀστρακοδέρμο
1868 1404 1880 1426 ς

1091 1444 1225 1480 χρήσεσθε
1240 1444 1330 1478 μόνοις
1344 1451 1350 1458 ·
1363 1445 1387 1470 εί
1404 1443 1434 1470 δὲ
1453 1443 1500 1470 χαὶ
1520 1444 1549 1469 ὲν
1567 1443 1600 1477 τῇ
1623 1442 1729 1477 μεγάλῃ
1759 1441 1881 1475 τετράδι.

1092 1491 1138 1517 καὶ
1147 1490 1322 1524 Παρασκευῇ,
1341 1489 1358 1524 ἢ
1382 1489 1429 1516 καὶ
1451 1488 1524 1524 αὐτῷ
1538 1489 1576 1523 τῷ
1606 1488 1716 1523 μεγάλῳ
1738 1487 1881 1520 Σαϐϐάτῳ,

1091 1537 1124 1572 τῇ
1143 1536 1191 1569 μὲν
1207 1535 1312 1571 μεγάλῃ
1328 1536 1446 1571 τετράδι,
1468 1536 1516 1562 καὶ
1540 1536 1573 1570 τῇ
1588 1534 1695 1569 μεγάλῃ
1713 1535 1881 1568 Παρασκευῇ

1092 1582 1214 1616 ὀσπρίοις
1227 1581 1298 1608 τισὶν
1312 1582 1432 1616 ἑψητοῖς,
1443 1581 1490 1608 καὶ
1504 1581 1629 1615 λαχάνοις
1650 1580 1698 1606 σὺν
1713 1579 1808 1614 ἐλαίῳ,
1834 1580 1883 1614 ἆρ-

1092 1627 1258 1662 κεσῦήσεσθε
1276 1636 1284 1644 ο
1304 1627 1490 1662 μεταληπτέον
1504 1627 1532 1653 δὲ
1549 1626 1597 1653 καὶ
1612 1626 1685 1653 οἴνου
1712 1625 1751 1660 τῷ
1779 1626 1883 1660 μείζονι

1091 1672 1202 1708 ἑξαγίῳ.
1220 1673 1263 1699 Ἐν
1274 1673 1301 1699 δὲ
1316 1673 1354 1708 τῷ
1376 1673 1445 1708 ἁγίῳ
1459 1672 1601 1707 Σαϐϐάτῳ,
1617 1671 1728 1698 ἀπέστω
1742 1672 1820 1697 πάσα
1839 1669 1881 1704 μί-

1093 1726 1177 1754 ριμνα
1200 1718 1394 1754 περισπασμδν
1416 1716 1581 1752 ἐμποιοῦσα.
1616 1717 1652 1743 Οὐ
1677 1717 1732 1752 γὰρ
1759 1716 1802 1742 διὰ
1836 1715 1884 1750 την

1093 1764 1190 1799 ἑορτὴν
1212 1764 1377 1790 καταλύσετε
1389 1763 1438 1798 τὴν
1452 1763 1500 1790 τοῦ
1516 1763 1636 1798 μεγάλου
1669 1763 1812 1789 Σαὸϐἀτου
1837 1771 1883 1796 νη·

1093 1806 1232 1843 στείαν,ᾧ
1256 1809 1328 1844 μόνῳ
1356 1809 1495 1844 νηστεύειν
1518 1809 1574 1836 ἀπὸ
1599 1809 1707 1835 πάντων
1731 1808 1884 1839 κανονικῶς

1094 1855 1294 1890 παρελάϐομεν.
1314 1855 1394 1881 Ἀλλά
1413 1855 1574 1890 καὶμᾶλλον
1602 1855 1736 1890 τηρητέον
1757 1854 1807 1884 τὰς
1831 1854 1884 1880 τῶν

1095 1901 1174 1927 θείων
1200 1901 1327 1935 Πατέρων
1342 1900 1489 1933 διατάξεις,
1507 1902 1554 1927 καὶ
1580 1900 1730 1934 ἐργαστέον
1753 1899 1820 1933 ὑμῖν
1848 1899 1884 1929 ὡς

1095 1947 1214 1978 δυνατὸν,
1230 1946 1300 1973 κατὰ
1315 1946 1360 1972 τὶν
1374 1946 1504 1980 Θεολόγον
1521 1946 1680 1981 Γρηγόριον,
1705 1946 1759 1971 πᾶν
1791 1945 1885 1978 ἓτερον

1095 1993 1125 2019 ἐν
1141 1993 1236 2023 αὑταῖς
1252 1991 1364 2024 ἀγαθόν.
1382 2000 1391 2017 ι
1405 1991 1460 2018 Καὶ
1478 1991 1532 2026 γὰρ
1544 2010 1552 2023 ,
1571 2000 1580 2016 ι
1602 1991 1679 2025 φησι,
1701 2000 1709 2016 ι
1731 1989 1810 2016 τοῦτό
1827 1991 1885 2015 ἐστι

1095 2037 1125 2064 τὸ
1141 2037 1290 2072 ἑορτάζειν,
1305 2037 1384 2072 ἡμῶν
1407 2037 1480 2071 ψυχῇ
1496 2045 1523 2063 τι
1541 2036 1717 2071 θησαυρίζειν
1731 2036 1787 2062 τῶν
1798 2035 1884 2062 ἑστώ-

1096 2091 1149 2109 των
1163 2083 1210 2109 καὶ
1225 2083 1428 2118 κρατουμένων,
1443 2082 1512 2109 ἀλλὰ
1528 2082 1566 2118 μὴ
1588 2083 1641 2110 τῶν
1671 2081 1885 2117 ὑποχωρούντων

1098 2129 1144 2155 καὶ
1157 2129 1305 2163 λυομένων,
1323 2129 1369 2155 καὶ
1384 2128 1470 2164 μικρά
1488 2128 1634 2154 σαινόντων
1662 2126 1712 2161 τὴν
1746 2127 1885 2162 αἴσθησιν,

1097 2176 1131 2201 τὰ
1149 2174 1261 2201 πλεῖστα.
1274 2174 1303 2200 δὲ
1318 2174 1491 2208 βλαπτόντων
1505 2173 1575 2200 κατὰ
1600 2173 1645 2199 τδν
1672 2173 1739 2208 ἐμὸν
1762 2172 1855 2206 λόγον.
1875 2182 1883 2198 ι

1098 2220 1152 2246 Καὶ
1167 2220 1248 2246 πάλιν
1261 2227 1268 2235 ο
1284 2229 1293 2245 ι
1315 2219 1441 2255 Ἀρκετὸν
1456 2220 1493 2253 τῷ
1505 2219 1610 2252 σώματι
1630 2220 1646 2254 ὴ
1672 2219 1756 2246 κακία
1785 2218 1884 2245 αὐτοῦ·

259 2261 356 2288 ὺριίιιςε
368 2261 522 2296 copiosiora
539 2261 613 2294 cibo,
642 2266 671 2288 ut
683 2262 843 2289 cﬂ'renatior
862 2263 1003 2297 reddatur,
1019 2269 1041 2292 οι

1099 2265 1166 2292 τίδὲ
1181 2266 1220 2292 δεῖ
1242 2267 1274 2301 τῇ
1292 2265 1369 2300 φλογὶ
1385 2266 1507 2296 πλείονος
1524 2265 1601 2299 ὕλης,
1621 2265 1637 2299 ἢ
1668 2265 1707 2300 τῷ
1735 2264 1824 2300 θηρίῳ
1841 2265 1886 2291 δα.-

260 2308 404 2335 ratiociniu
425 2308 588 2336 violentior?
610 2309 739 2344 quocirca
762 2310 842 2338 nobis
867 2310 1048 2345 spiritualiter

260 2355 413 2382 feriundum
427 2359 479 2382 est.
497 2364 508 2381 ι

295 2447 324 2474 ln
337 2451 430 2474 sancta
450 2446 533 2482 igitur
553 2451 581 2474 et
596 2453 693 2482 magna
715 2446 810 2482 quinta
832 2447 910 2481 feria,
937 2448 1048 2483 quando

260 2501 314 2520 non
339 2493 511 2521 celebramus
525 2492 780 2524 Annuntiationem,
797 2493 868 2521 sicut
883 2494 910 2520 itt
925 2495 1012 2521 tertiis
1024 2499 1052 2522 et

260 2539 365 2573 quintis
387 2539 463 2566 feriis
479 2539 645 2573 reliquarunt
663 2538 874 2571 hebdomadum,
895 2539 1053 2575 Quadragc-

260 2584 336 2610 simu:
358 2584 536 2610 refectionem
564 2584 689 2616 sumetis,
714 2589 848 2618 quantum
872 2584 905 2610 ad
932 2584 1050 2617 fercula;

261 2629 354 2655 vinum
368 2637 432 2656 vero
444 2637 571 2656 mensura
589 2629 702 2665 majoris
715 2629 835 2664 ltcxagii.
852 2629 882 2656 In
898 2635 992 2657 sancta
1004 2638 1052 2657 au-

263 2679 316 2700 tem
339 2675 498 2706 l‘arasecvc,
520 2674 573 2701 nisi
595 2675 673 2709 prius
699 2679 849 2702 memorata
868 2676 1048 2703 inttnaculatce

263 2720 384 2747 Domina:
399 2723 504 2748 nostra!
520 2720 642 2755 Deiparae
665 2720 827 2748 solemnitas
853 2728 914 2748 cutn
928 2729 960 2748 ea
983 2729 1050 2748 con-

264 2765 392 2797 currerit,
414 2765 483 2792 nihil
508 2765 620 2792 omnino
644 2765 817 2799 coquendum
840 2771 902 2799 cst;
928 2767 1050 2795 oleribus

1097 2311 1258 2347 ψιλεστέρας
1271 2312 1386 2347 τροφῆς,
1404 2313 1450 2338 ἵνα
1479 2311 1578 2347 μᾶλλον
1600 2311 1784 2338 δυσκάθεκτον
1807 2312 1888 2346 γένη·-

1096 2367 1152 2391 ut,
1169 2358 1273 2385 καὶτοῦ
1291 2359 1420 2393 λογισμοῦ
1446 2358 1611 2393 βιαιότερονς
1632 2358 1682 2385 Διὰ
1708 2357 1796 2385 ταῦτα
1823 2357 1886 2392 γοῦν

1097 2405 1256 2440 ἐορταστέον
1274 2405 1478 2440 πνευματικῶς.
1503 2414 1511 2430 ι

1132 2451 1172 2486 Τῇ
1187 2451 1276 2477 τοίνυν
1292 2451 1358 2486 ἁγίᾳ.
1372 2451 1419 2478 καὶ
1437 2452 1544 2489 μεγάλῃ
1559 2453 1689 2488 πέμπτῃ,
1713 2452 1757 2478 ὅτε
1778 2452 1816 2487 μὴ
1828 2452 1887 2484 ἐορι

1100 2496 1218 2531 τάξομεν
1250 2498 1295 2522 τὸν
1324 2497 1540 2531 Εὑαγγελισμὸν,
1572 2499 1643 2525 κατὰ
1666 2499 1716 2530 τὰς
1732 2498 1826 2533 τρίτας
1842 2496 1886 2522 καὶ

1100 2543 1229 2578 πέμπτας
1239 2543 1400 2570 τῶνλοιπῶν
1414 2544 1567 2579 ὲὸδομάῗων
1579 2545 1629 2579 τῆς
1646 2543 1885 2579 Τεσσιρακοστῆς.

1100 2589 1116 2623 ὴ
1134 2589 1254 2621 ἑστίασις
1271 2589 1347 2616 ἔσται
1360 2591 1425 2625 ἐμίν
1444 2591 1472 2617 ὲν
1488 2592 1544 2622 τοῖς
1563 2591 1708 2626 ἐδέσμασιν
1725 2600 1730 2604 ”
1744 2592 1758 2616 ὁ
1771 2591 1800 2616 δὲ
1815 2587 1884 2618 οἶνος

1099 2633 1138 2668 τῷ
1156 2634 1381 2670 μείζονιὲξαγίῳ.
1400 2636 1439 2670 Τῇ
1457 2636 1548 2670 μέντοι
1565 2636 1631 2671 ἁγίᾳ
1655 2637 1832 2671 Πέτρα-σκευῇ,
1860 2635 1884 2659 εἰ

1101 2678 1139 2714 μὴ
1153 2681 1169 2714 ἡ
1185 2680 1363 2715 προλεχοείσα
1378 2681 1458 2715 ἑορτὴ
1472 2682 1519 2716 τῆς
1530 2683 1719 2717 πανιχράντου
1736 2680 1885 2713 Δεσποίνης

1101 2725 1180 2759 ἡμῶν
1204 2726 1334 2753 Θεοτόκου
1363 2729 1515 2764 συνδράμῃ,
1534 2728 1649 2760 οὑδόλως
1672 2736 1741 2762 μαγε
1757 2726 1884 2761 ρευτὲον“

1103 2770 1225 2804 λαχάνων
1245 2773 1272 2799 δέ
1289 2782 1368 2801 τινων
1387 2774 1479 2810 ὠμῶν,
1496 2774 1667 2810 καξζπωρών
1689 2771 1903 2811 μεταληπτέον-⁵

898 2836 1126 2869 Montl‘auconii
1157 2844 1251 2872 notae.

300 2895 356 2930 (4(5)
377 2895 452 2924 Orat.
470 2898 504 2924 rit
519 2898 546 2924 in
564 2898 714 2925 I‘cntccost.
