2023 3164
129 204 195 237 1089

844 209 1023 244 ΤΥΡΙΟΗΜ.

1676 217 1745 252 1090

125 270 168 288 χαι
185 261 296 296 ἑχτενὴς
311 261 404 297 δέησις
428 262 546 297 γινέσθω
558 263 628 301 ὑπὲρ
639 264 694 292 τῶν
717 265 904 301 προαπελθου⁴

959 277 1013 304 que
1029 271 1119 299 oratio
1140 271 1250 300 dicatur
1270 280 1321 308 pro
1342 274 1472 302 omnibus
1495 283 1556 311 quze
1570 281 1634 305 ante
1649 278 1745 307 deces-

124 307 177 334 σῶν
194 307 300 334 πασῶν.

163 353 206 380 Ἐν
222 354 313 388 μέντοι
326 353 365 389 τῷ
377 354 509 392 Σαΰὸάτῳ
521 357 570 391 τῆς
586 357 716 393 άπόκρεω
731 357 798 393 (72),
810 358 856 385 καὶ
869 358 906 393 τῷ

121 399 251 434 Σαόὃάτῳ
264 399 314 434 τῆς
339 402 496 435 τυροφάγου
511 402 578 438 (73),
594 403 641 429 καὶ
655 402 693 438 τῷ
710 403 842 439 Σαϐϐάτῳ
857 405 907 439 τῆς

121 445 318 480 Πεντηκοστῆς,
343 447 462 480 γινέσθω
490 449 537 474 καὶ
568 449 639 483 ὑπὲρ
659 449 712 475 τῶν
729 450 906 484 μοναζουσῶν

120 489 169 516 καθ
187 489 217 516 ἓν
236 489 322 525 δνομα
333 491 389 518 τῶν
400 494 643 527 προαπελθουσῶν,
662 495 722 528 μία,
737 496 784 521 καὶ
799 504 907 531 μνημο-

119 534 291 562 νευέσθωσαν
307 536 355 562 καὶ
371 537 465 564 αὐταί·
482 538 613 571 ὡσαύτως
625 539 673 566 καὶ
685 541 714 566 ὲν
729 542 784 572 τοῖς
801 549 908 576 μνημο-

119 579 208 610 σύνοις
222 580 354 614 ἑκάστης,
371 582 489 615 γινέσθω
504 584 573 619 ὑπὲρ
585 585 670 619 αὐτῆς
683 585 841 620 λειτουργία
860 586 908 612 καὶ

118 626 272 660 προσφορά.
292 627 443 661 Ὀφείλουσι
454 628 482 654 δὲ
498 629 647 664 λαμὸάνειν
659 631 687 657 αἱ
703 631 819 666 μοναχαὶ
835 631 866 658 ἔν
876 639 906 657 τι

117 671 154 705 τῷ
171 671 306 707 Σιόὗάτῳ
335 673 383 707 τῆς
410 674 550 709 ἀποχρέω,
579 676 627 702 καὶ
647 676 685 711 τῷ
709 677 841 710 Σασδάτῳ
857 677 906 712 τῆς

117 717 318 752 Πεντηκοστῆς,
333 720 386 745 ἀνὰ
405 722 565 756 προσφορὰν
583 722 658 756 μίαν,
676 723 716 754 είς
733 723 907 757 μνημόσυνον

116 763 169 788 τῶν
182 763 286 797 γονέων
301 765 391 792 αὐτῶν
407 769 454 793 καὶ
469 767 609 801 συγγενῶν
620 774 627 781 ”
649 767 721 802 μετὰ
733 768 762 794 δὲ
779 768 807 794 τὸ
824 776 908 804 προσ-

117 809 293 844 κομισθῑλναι,
312 811 478 845 συνάγεσθαι
508 813 590 840 πάλιν
613 815 690 850 παρὰ
705 814 755 849 τῆς
768 813 906 849 πυλωροῠ,

117 855 162 880 καὶ
172 855 294 883 δίδοσθαι
309 857 339 883 ἐν
355 856 395 884 τῶ
415 858 533 886 πυλῶνι.

406 915 532 942 ΚΕΦΑΛ.
549 917 609 942 οΛ¹.

115 958 183 991 Περὶ
199 957 350 993 διαφόρων
364 961 570 994 μνημοσύνων
581 962 764 996 ὀφειλόντων
779 963 906 996 ὲτησίως

425 996 576 1024 τελεῖσθαι
582 1017 589 1024 .

150 1048 322 1084 Ἀρκούντως
335 1050 384 1086 ἤδη
398 1051 523 1085 περὶτῶν
536 1053 585 1086 τῆς
602 1040 686 1088 μξνῆς
702 1054 905 1090 διαταξάμενοι,

117 1095 165 1122 νῦν
183 1097 232 1122 καὶ
251 1097 314 1130 περὶ
329 1096 383 1123 τῶν
401 1098 612 1133 κεκοιμημένων
628 1099 736 1133 ίγονέων
750 1101 841 1135 ἡμῶν,
860 1102 907 1128 καὶ

113 1141 239 1176 ἀδελφῶν
254 1142 325 1168 κατὰ
341 1143 442 1178 σάρκα,
472 1143 519 1169 καὶ
536 1143 648 1177 παίδων,
674 1147 722 1172 καὶ
736 1146 790 1173 τῶν
806 1155 905 1182 κοιμη-

114 1186 285 1222 θησσμένων,
298 1188 483 1223 διατυποῦμεν
498 1189 545 1216 καὶ
559 1190 773 1226 διατασσόμεθα.
792 1193 905 1220 Πάντων

113 1233 169 1266 γὰρ
182 1233 218 1259 τὰ
232 1233 393 1268 μνημόσυνα
407 1234 462 1261 τῶν
478 1235 601 1262 κάτωθεν
615 1236 705 1271 ῥητῶς
720 1238 906 1273 ἀναταττομέ-

113 1283 179 1307 νων,
196 1277 268 1302 κατὰ
283 1277 348 1308 τοὺς
360 1278 475 1313 καιροὺς
489 1280 537 1306 καὶ
553 1279 602 1311 τὰς
618 1281 724 1315 ἡμέρας
744 1282 793 1313 τὰς
806 1283 906 1319 ὲγγρα.

113 1321 214 1355 φείσας
237 1324 451 1358 τοιουτοτρόπως
487 1326 719 1362 τελεισθῄσονται.
748 1327 906 1363 Βουλόμεθα

113 1366 239 1400 γίνεσθαι
255 1369 405 1404 παννυχίδα
418 1371 601 1407 νεκρώσιμον,
618 1373 688 1407 μετὰ
700 1374 749 1409 τῆς
764 1383 906 1410 παραστα-

115 1411 207 1446 σίμου.
220 1413 268 1438 καὶ
286 1415 429 1448 φωταψίαν
445 1416 475 1442 ὲν
495 1418 528 1452 τῇ
554 1417 688 1454 ἐκκλησίᾳ
706 1419 755 1453 τῆς
773 1420 906 1455 συνήθους

112 1457 311 1494 δαψιλεστέραν
321 1468 329 1475 ·
349 1461 539 1496 προσάγεσθαι
551 1471 581 1489 τε
599 1464 648 1491 καὶ
662 1465 691 1490 έν
701 1466 735 1500 τῇ
749 1465 906 1502 λειτουργίᾳ

112 1506 276 1540 προσφορὰν
296 1507 366 1542 ὑπὲρ
383 1507 432 1534 τοῦ
455 1509 645 1545 κοιμηθέντος,
661 1511 709 1538 καὶ
725 1512 827 1539 κόλυὸα
848 1513 905 1548 (74)

111 1549 250 1584 γίνεσθαι,
267 1552 315 1578 καὶ
333 1553 557 1588 μνημονεύεσθαι
572 1556 652 1583 αὑτὸν
663 1557 693 1583 ἑν
706 1559 766 1589 ταῖς
782 1558 904 1585 ἑκτενέσι

110 1595 224 1630 δεήσεσι
239 1597 311 1623 κατά
325 1606 354 1623 τε
368 1598 418 1633 τὴν
434 1600 597 1634 παννυχίδα,
617 1602 664 1628 καὶ
677 1601 708 1628 τὸ
729 1601 840 1638 ὄρθρον,
857 1604 903 1630 καὶ
917 1603 938 1631 C

109 1639 158 1674 τὴν
175 1640 365 1676 λειτουργίαν,
392 1644 438 1670 καὶ
463 1644 494 1670 τὸ
509 1644 663 1679 ἑσπερινὺν,
680 1647 728 1673 καὶ
742 1649 802 1678 ταῖς
822 1656 905 1682 μονα-

109 1686 169 1719 χαίς
191 1686 238 1719 δὲ,
260 1686 297 1722 μὴ
317 1687 367 1722 τὴν
394 1688 498 1723 συνήθη
524 1689 726 1725 παρατίθεσθαι
752 1692 903 1727 τράπεζαν,

108 1731 165 1757 ἀλλ’
181 1732 343 1767 ὀψωνῐζειν,
373 1734 420 1760 καὶ
447 1734 616 1769 διαιτᾶσθαι,
642 1736 714 1763 καθά
728 1738 775 1764 καὶ
799 1738 828 1765 ἐν
843 1740 904 1770 ταῖς

107 1777 213 1804 Δεσποτ
221 1780 296 1810 ικαῑς
313 1779 422 1814 ἑορταῖς
435 1782 674 1817 προετυπώσαμεν
691 1784 825 1817 γίνεσθαι,
841 1785 904 1812 καθ’

108 1821 162 1850 οἷον
177 1824 215 1851 ἂν
235 1824 305 1861 τύχῃ
317 1826 420 1861 ,καιρὸν
435 1827 452 1861 ἡ
467 1827 514 1852 τοῦ
529 1828 745 1863 τελευτήσαντος
760 1831 868 1866 μνήμη.

140 1870 221 1905 Πλὴν
245 1871 271 1896 εί
294 1872 343 1905 μὲν
371 1872 400 1897 ἐν
424 1873 534 1907 τετράδι
553 1873 607 1900 τῶν
630 1874 732 1902 λοιπῶν
747 1876 903 1913 ήμερῶν,ῆ

107 1914 280 1950 Παρασκευῇ
296 1916 445 1951 συνδράμοι
462 1917 492 1943 τὸ
512 1918 696 1953 μνημόσυνον,
725 1920 906 1956 ὀστρακοδέρ-

108 1968 169 2002 μοις
183 1962 240 1987 καὶ
261 1961 353 1995 μόνοις
369 1963 590 1996 ἑστιαθήσονται,
607 1963 673 1990 ἄνευ
691 1965 746 1992 τῶν
762 1966 905 2001 μνημοσύ-

107 2015 159 2033 νων
173 2006 230 2034 τοῦ
243 2008 390 2043 κρατίστου
403 2008 450 2035 καὶ
461 2009 539 2043 ἁγίου
553 2018 604 2044 μου
619 2009 764 2045 βασιλέως.
787 2012 832 2038 Ἐν
847 2013 902 2047 γὰρ

106 2054 159 2084 τοῖς
177 2054 370 2088 μνημοσύνοις
384 2054 491 2087 τούτου,
508 2055 560 2081 κᾶν
590 2056 618 2082 ὲν
645 2057 754 2091 τετράδι
787 2059 902 2093 συνδρά-

108 2107 183 2133 μοιεν
203 2100 259 2126 καὶ
286 2100 464 2136 Παρασκευῇ,
483 2102 529 2128 καὶ
555 2101 647 2136 ίχθὺες
671 2102 904 2139 ὀψωνισθήσονται

108 2145 263 2180 φιλοτίμως
274 2148 334 2176 ταῖς
350 2147 481 2180 μοναχαίς
507 2148 547 2178 είς
561 2147 682 2174 ἑστίασιν
693 2156 701 2165 ·
726 2149 779 2185 χρὴ
793 2151 846 2186 γάρ
859 2152 904 2178 τὸν

109 2190 253 2227 ἐξαίρετον
263 2192 293 2218 ἐν
304 2192 470 2227 ἀνθρώποις,
478 2193 526 2220 καὶ
536 2194 566 2220 τὴ
581 2193 754 2229 μνημόσυνον
766 2196 904 2231 ἐξαίρετον

110 2236 316 2272 ἀποφέρεσθαι.
350 2236 394 2262 Ἐν
409 2236 438 2262 δὲ
463 2238 521 2269 ταῖς
537 2237 623 2268 λιταῖς
640 2237 759 2270 ἁπάσαις
774 2240 901 2274 ἡμέραις,

111 2283 159 2309 καὶ
174 2283 223 2309 ὲ.πῖ
237 2284 293 2314 τοῖς
311 2282 366 2309 τῶν
380 2282 482 2310 λοιπῶν
513 2283 651 2318 συγγενῶν
668 2284 746 2319 ἡμῶν
763 2286 903 2321 μνημοσύ-

111 2337 168 2360 νοις
188 2328 450 2364 ίχθυοφαγήσουσιν.

147 2417 181 2442 Εἰ
195 2416 226 2442 δὲ
242 2417 270 2443 ἐν
294 2426 350 2444 τισι
375 2419 430 2445 τῶν
454 2419 504 2453 τῆς
525 2418 645 2453 μεγάλης
673 2418 902 2454 Τεσσαρακοστῆς

111 2460 229 2495 ἡμερῶν
248 2463 418 2496 μνημόσυνόν
428 2472 499 2494 τινος
516 2464 713 2499 ἀπαντήσειεν,
738 2464 768 2490 ὲν
784 2465 852 2500 μόνῃ
867 2465 901 2499 τῇ

111 2505 224 2541 ἑσπέρᾳ
238 2507 287 2542 τῆς
298 2507 479 2542 Παρασκευῆς
493 2510 600 2545 ἐκείνης
618 2510 668 2546 τῆς
679 2510 828 2545 ἑὸδομάδος
841 2510 902 2536 καθ’

112 2553 147 2588 ἢν
161 2553 262 2588 φθάσαι
275 2553 306 2578 τὸ
319 2553 500 2588 μνημόσυνον,
515 2555 532 2589 ή
544 2557 676 2591 παννυχὶς
696 2556 903 2591 ἐπιτελεσθήσε·

112 2608 169 2633 ται,
188 2599 238 2626 καὶ
253 2600 291 2635 τῷ
311 2601 412 2626 ἐπιόντι
431 2600 561 2634 Σαϐϐάτῳ
575 2603 602 2628 αἱ
620 2604 735 2638 μοναχαὶ
755 2603 789 2629 δι’
804 2603 902 2638 ὀστρα-

958 315 1055 342 sei-int.

993 361 1079 388 Porro
1099 363 1127 390 in
1143 362 1264 390 Sabbato
1279 365 1463 400 carnisprivii,
1481 367 1508 394 in
1527 368 1648 397 Sabbato
1663 370 1743 399 lacti-

958 407 1034 440 cinii,
1064 413 1091 435 et
1116 408 1144 436 in
1170 409 1291 437 Sabliato
1316 411 1503 446 Pentecostcs,
1530 421 1581 449 pro
1608 415 1746 444 defunctis

959 453 1136 486 monialibus,
1149 453 1183 481 ad
1210 454 1318 489 singula
1333 457 1444 484 nomina
1457 459 1545 486 oratio
1560 467 1614 486 una
1624 461 1745 493 dicatur,

958 502 986 524 et
1002 498 1134 525 memoria
1147 506 1243 526 earum
1259 498 1305 527 ﬁat
1321 509 1327 527 :
1346 500 1473 529 similiter
1488 503 1515 529 in
1529 504 1746 540 uniuscujusque

959 545 1279 578 commemorationibus.
1297 547 1408 582 liturgia
1433 557 1483 583 pro
1501 550 1559 584 ipsa
1579 551 1745 585 celebretur,

959 594 987 616 et
999 589 1045 617 fiat
1058 590 1171 619 oblatio.
1188 591 1319 620 Moniales
1327 599 1417 621 autem
1430 595 1549 624 Sabbato
1558 599 1745 633 camisprivii.

961 636 989 659 ct
1005 632 1126 661 Sabbato
1137 636 1314 664 Pentecostes
1323 643 1432 666 sument
1445 648 1526 667 unam
1537 632 1705 670 oblationem
1718 645 1745 671 in

959 680 1250 708 commemorationem
1267 688 1413 716 parentum
1437 689 1465 712 et
1483 694 1662 727 cognatorum
1679 697 1746 716 suo-

960 732 1040 757 rum;
1066 733 1128 759 quze
1150 730 1294 761 postquam
1311 728 1403 756 oblata
1424 729 1519 764 fuerit,
1542 732 1688 769 colligetur
1711 735 1745 762 ab

959 769 1083 802 ostiaria,
1099 773 1127 797 et
1141 770 1175 797 ad
1195 771 1297 798 ostium
1313 773 1481 808 erogabitur.

1242 927 1354 957 CAPUT
1369 930 1462 959 LXXI.

960 970 997 998 De
1012 973 1092 999 variis
1106 976 1399 1003 commemorationi”:
1421 986 1468 1012 per
1489 987 1588 1006 annum
1604 981 1744 1014 faciendis.

992 1060 1138 1095 Postquam
1146 1069 1191 1089 res
1200 1062 1358 1089 monasterii
1366 1063 1531 1090 sufficienter
1542 1063 1743 1099 disposuimus;

955 1105 1011 1140 jam
1040 1106 1075 1133 de
1100 1106 1133 1133 iis
1158 1107 1205 1142 qui
1236 1107 1409 1135 dormierunt
1439 1110 1601 1144 parentibus
1630 1111 1744 1144 nostris,

958 1149 1091 1176 fratribus
1107 1152 1260 1179 secundum
1276 1159 1400 1186 carnem,
1413 1157 1441 1180 et
1455 1153 1530 1186 ﬁliis,
1546 1162 1654 1182 necnon
1665 1155 1700 1182 de
1710 1155 1745 1183 iis

957 1196 1005 1230 qui
1023 1195 1170 1228 dormient,
1189 1197 1335 1226 statuimus
1347 1203 1375 1226 et
1389 1199 1561 1228 ordinamus.
1573 1200 1746 1228 Commemo-

958 1242 1079 1270 rationes
1107 1243 1180 1270 enim
1213 1245 1337 1271 omnium
1365 1245 1399 1272 de
1415 1246 1519 1279 quibus
1541 1245 1645 1274 diserte
1673 1246 1745 1274 infra

958 1289 1161 1323 praecipiemus,
1176 1290 1347 1323 temporibus
1365 1295 1393 1318 et
1408 1292 1507 1318 diebus
1527 1291 1675 1326 descriptis
1692 1293 1745 1320 hoc

958 1335 1040 1362 modo
1068 1336 1273 1370 persolventur.
1301 1337 1434 1364 Volumus
1459 1342 1489 1364 ut
1522 1338 1569 1364 fiat
1591 1338 1744 1372 pannychis

957 1380 1070 1408 funerea
1085 1389 1148 1408 cum
1169 1381 1361 1416 parastasimo,
1378 1388 1407 1410 et
1422 1383 1558 1410 luminare
1580 1383 1608 1410 in
1628 1384 1745 1411 ecclesia

957 1427 1123 1455 accendatur
1155 1428 1236 1455 solito
1259 1428 1416 1463 copiosius;
1446 1434 1475 1457 et
1500 1434 1531 1456 ut
1551 1430 1692 1457 deferatur
1717 1430 1745 1458 in

957 1473 1067 1508 liturgia
1093 1474 1196 1502 oblatio
1212 1482 1263 1509 pro
1278 1474 1421 1507 defuncto,
1437 1475 1588 1511 eolybaque
1612 1475 1676 1503 fiant
1692 1485 1699 1503 :
1715 1482 1746 1504 ut

957 1519 1091 1546 memoria
1116 1528 1225 1555 quoque
1237 1521 1297 1555 ejus
1313 1521 1360 1548 flat
1375 1521 1401 1548 in
1413 1523 1551 1556 protensis
1570 1523 1746 1551 orationibus

958 1564 984 1591 in
1018 1566 1192 1600 panuycbide
1219 1574 1267 1594 seu
1291 1567 1447 1602 pervigilio,
1480 1568 1509 1595 in
1538 1569 1686 1601 matutino,
1716 1569 1745 1596 in

957 1609 1079 1646 liturgia,
1095 1615 1122 1638 et
1144 1611 1171 1638 in
1197 1612 1378 1646 vespertino;
1393 1616 1478 1646 utque
1496 1612 1662 1639 monialibus
1688 1619 1745 1640 non

954 1656 1033 1683 solita
1044 1661 1197 1691 apponatur
1211 1665 1316 1689 mensa,
1331 1657 1378 1684 sed
1392 1658 1488 1684 eodem
1501 1657 1619 1684 obsonio
1632 1662 1660 1685 et
1669 1658 1744 1685 victu

955 1707 1071 1730 utantur
1100 1711 1156 1737 quo
1173 1703 1200 1730 in
1221 1703 1330 1730 Domini
1345 1703 1423 1731 festis
1438 1703 1478 1731 uti
1504 1712 1586 1739 supra
1600 1704 1743 1739 iussimus,

955 1756 1066 1783 quoquo
1087 1753 1211 1784 tempore
1229 1749 1352 1777 defuncti
1371 1750 1503 1777 memoria
1519 1754 1656 1777 occurrat.

988 1872 1136 1903 Cteterum,
1154 1871 1177 1898 si
1196 1871 1307 1905 quidem
1326 1871 1393 1898 feria
1408 1876 1504 1906 quarta
1518 1872 1561 1898 vel
1583 1872 1742 1906 Paraseere,

953 1921 982 1945 et
998 1925 1052 1944 non
1066 1916 1128 1944 aliis
1143 1917 1250 1947 diebus.
1265 1917 1418 1944 occurrerit
1430 1918 1664 1947 commemoratio.
1680 1925 1745 1945 cou-

955 1962 1053 1998 chyliis
1072 1961 1139 1989 solis
1154 1961 1324 1991 reficientur.
1340 1962 1463 1996 exceptis
1474 1962 1742 1989 commemorationi-

954 2007 1007 2035 bus
1032 2007 1250 2042 praestantissimi
1273 2012 1301 2034 et
1318 2007 1406 2034 sancti
1425 2007 1601 2042 imperatoris
1618 2007 1687 2039 mei;
1714 2008 1741 2035 in

955 2054 1015 2089 ejus
1052 2053 1125 2080 enim
1158 2052 1482 2084 commemorationibns,
1509 2053 1560 2080 etsi
1592 2053 1619 2080 in
1646 2053 1740 2080 feriam

954 2105 1078 2135 quartam
1101 2104 1129 2126 et
1145 2099 1312 2126 Parasceven
1339 2098 1499 2130 inciderint,
1519 2099 1608 2134 pisces
1632 2105 1742 2133 quoque

954 2146 1120 2173 monialibns
1141 2146 1174 2172 ad
1192 2145 1369 2172 refectionem
1389 2145 1533 2179 magnifice
1548 2145 1574 2171 in
1596 2145 1741 2172 obsonium

954 2192 1203 2227 suppeditabantur
1221 2199 1228 2216 :
1251 2198 1300 2225 par
1314 2195 1356 2218 est
1377 2191 1452 2218 enim
1468 2190 1514 2224 qui
1532 2195 1644 2225 praastat
1666 2191 1740 2218 inter

955 2237 1092 2268 homines,
1113 2236 1331 2272 praestantiorem
1356 2237 1645 2264 commemorationem
1669 2237 1742 2264 obti-

956 2291 1033 2310 nere.
1054 2282 1188 2310 Omnibus
1213 2290 1280 2310 vero
1301 2282 1458 2310 litaniarum
1481 2283 1590 2314 diebus,
1606 2288 1689 2310 etiam
1714 2282 1742 2309 in

955 2332 1116 2357 caaterorum
1133 2328 1253 2355 afﬁnium
1264 2328 1420 2356 nostrorum
1433 2328 1742 2356 commemorationibus

954 2374 1045 2409 pisces
1063 2373 1220 2401 comedent.

992 2419 1020 2447 Si
1040 2422 1131 2446 autem
1149 2418 1313 2453 quibusdam
1330 2425 1434 2453 magna:
1448 2418 1667 2454 Quadragesimae
1680 2419 1740 2446 die-

956 2465 1018 2496 bus,
1042 2464 1196 2499 cujuspiam
1221 2464 1443 2491 commemoratio
1458 2469 1593 2496 occurrat,
1620 2465 1676 2491 sola
1695 2472 1741 2492 ve-

956 2518 1035 2546 spera
1047 2510 1209 2537 Parasceves
1219 2508 1399 2536 hebdomadis
1411 2509 1438 2536 in
1454 2516 1535 2543 quam
1551 2509 1653 2536 incidet
1666 2517 1741 2536 com-

958 2556 1132 2587 memoratio,
1156 2555 1204 2582 fiet
1221 2554 1406 2589 pervigilium,
1426 2559 1453 2581 et
1470 2555 1594 2589 sequenti
1621 2555 1740 2582 Sabbato

958 2602 1091 2630 moniales
1115 2601 1267 2636 conchyliis
1293 2601 1508 2627 consolationem
1533 2600 1679 2634 accipient.
1711 2600 1739 2627 Si

747 2647 974 2680 Montfauconii
1012 2652 1105 2678 notae.

152 2697 210 2731 (7-2)
233 2696 391 2732 Ἀπόκρεῳ.
426 2695 575 2732 sabbatum
609 2698 657 2731 τῆς
686 2698 833 2732 άπόκρεω.
864 2703 905 2726 est

117 2733 271 2759 Sabbatum
286 2736 347 2766 pOst
361 2731 528 2757 Dominicam
556 2731 776 2766 Septuagesinne.
795 2733 904 2760 llebdo-

116 2768 199 2794 mada
221 2774 336 2800 namque
349 2766 560 2803 septuagesima:
575 2772 687 2803 uocatur
700 2768 749 2802 τῆς
761 2769 902 2803 ἀπόκρεω,

116 2803 182 2837 quia
202 2802 229 2827 in
246 2810 278 2828 ea
300 2801 389 2828 carnis
414 2807 490 2837 usus»
509 2801 670 2827 terminatur
696 2802 767 2836 apud
783 2801 902 2830 Grzecns.

155 2837 213 2870 (73)
227 2837 375 2863 Sabbatum
389 2835 558 2871 τυροφάγου,
576 2841 618 2862 est
631 2835 779 2864 Sabbatum
796 2838 901 2864 hebdo-

119 2871 210 2907 madis
219 2871 408 2907 Sexagesiuue,
422 2871 448 2898 in
457 2878 510 2905 qua
522 2871 587 2898 licet
595 2871 697 2899 Gracis
707 2873 776 2899 lacte
787 2877 815 2899 et
824 2880 904 2901 caseo

120 2913 205 2934 V630].

994 2699 1049 2733 (74)
1067 2698 1194 2724 ιίόλιιὸα.
1210 2697 1236 2723 in
1257 2696 1358 2733 Triodo
1370 2695 1425 2733 _ad_
1442 2695 1591 2733 Salibatum
1621 2696 1738 2730 primum

956 2731 1185 2767 Quaulragcsinne,
1198 2737 1330 2767 vocantur
1348 2731 1447 2767 ἑψητὸς
1465 2732 1546 2767 σῖτος,
1569 2731 1736 2767 frumentum

957 2765 1078 2796 coctum;
1095 2767 1202 2794 Gonrus
1229 2766 1330 2793 \eroin
1358 2766 1436 2793 Notis
1449 2766 1481 2792 ad
1505 2773 1648 2799 exsequias
1663 2765 1737 2793 Gne-

957 2810 1064 2835 corum,
1079 2802 1166 2828 fusius
1186 2803 1324 2836 explicatis
1344 2801 1409 2835 quid
1429 2801 1493 2827 illud
1508 2801 1553 2832 sit,
1565 2802 1603 2827 ait
1618 2808 1678 2828 esse
1697 2802 1737 2828 eis

958 2839 1023 2865 bum
1038 2837 1271 2874 variisfrugibus,
1281 2836 1463 2874 leguminibus
1475 2839 1503 2874 et
1514 2836 1738 2874 l'ructibusqconh

958 2873 1091 2907 positum.
1110 2870 1503 2907 Videiquoque’cruditissimi
1520 2871 1614 2906 Cangii
1630 2871 1737 2899 Glossa-

956 2909 1024 2934 rium
1045 2907 1174 2935 Gra'cum.
