2023 3164
264 194 336 225 1055

897 188 1042 219 IRENES
1064 185 1251 218 AUGUST/E

1819 179 1889 212 1096

263 256 421 280 nnsmatum
439 256 598 285 asperorum
617 255 674 276 sex.
693 248 808 284 Fiatque
828 247 951 284 amplum
971 246 1053 274 lumi-

1108 245 1176 272 viou'
1207 244 1255 271 καὶ
1282 241 1396 269 διδόσθω
1419 241 1448 267 ὲν
1475 238 1514 274 τῷ
1539 238 1643 266 πυλῶνι
1673 236 1893 285 ψωμία-μοὸίων

263 306 341 330 nare,
358 302 386 326 et
404 296 535 325 discretio
553 295 731 322 monialibus.

299 432 391 459 Mense
422 429 571 458 Novembri
599 429 653 460 Ἦ,
686 428 752 455 ﬁant
779 427 1053 455 commemorationes

264 478 439 506 sanctiﬁcata:
463 476 627 503 autbcntriaa
653 480 681 502 ct
696 474 791 502 matris
814 474 963 509 majestatis
986 481 1053 501 mete

264 525 371 551 domum
387 523 487 555 Marite,
508 522 555 556 qui
576 529 624 556 per
637 525 764 547 sanetum
782 524 809 547 et
827 520 980 554 angelicum
994 526 1054 546 ma-

264 578 347 605 gnum
362 569 486 596 habitum
499 568 689 604 cognominata
705 572 746 595 est
757 567 857 594 domna
869 566 957 599 Xene,
969 566 1053 593 simili

264 616 357 642 modo.

300 661 393 688 Mense
412 661 485 688 Iulio
513 660 554 690 12.
580 659 646 686 fiant
672 658 948 686 eommemorationes
969 658 1056 686 beata:

266 707 405 734 memoria:
417 706 510 733 domni
525 706 651 738 Joannis,
669 710 697 732 et
717 705 809 732 dilecti
831 706 917 733 soceri
935 706 1055 740 impera-

268 753 344 779 toriae
359 760 425 779 meae
443 751 606 786 maiestatis.
625 751 707 778 simili
724 751 816 778 modo.

300 798 392 825 Mense
412 797 559 825 Novembri
578 797 602 830 l,
618 796 684 823 fiant
703 797 978 825 commemorationes
994 805 1057 825 san-

267 844 394 871 ctiﬁcata:
410 843 528 870 domina:
546 850 622 874 meat,
639 846 668 869 ct
692 849 788 870 socrus
803 842 957 878 majestatis
978 851 1056 875 meae,

269 891 327 926 pari
345 890 438 916 modo.

303 936 395 962 Mense
407 935 538 962 Januario
553 934 652 966 9,fiant
667 935 946 962 commemorationes
961 934 1055 962 dilecti
1073 925 1094 952 Β

268 983 359 1010 fratris
371 982 523 1018 majestatis
541 989 617 1013 meat,
634 987 662 1008 et
679 982 886 1016 protostratoris
899 981 991 1008 domui
1006 981 1057 1008 Mi-

268 1029 371 1056 chaelis
387 1028 492 1059 Ducas;
506 1027 605 1062 ﬁatque
619 1027 739 1062 amplum
752 1027 897 1061 luminare,
913 1033 941 1055 et
953 1028 1057 1055 discre-

270 1075 308 1101 tio
330 1074 505 1101 monialibus.

304 1162 396 1189 Mense
421 1161 569 1189 Februario
581 1160 625 1193 ΞΟ,
644 1160 710 1188 fiant
726 1160 1001 1189 eommemorationes
1014 1161 1056 1189 di-

268 1204 345 1231 lectae
362 1205 465 1232 sororis
479 1205 629 1240 majestatis
644 1213 722 1237 meae,
734 1205 882 1233 admodum
895 1207 1056 1234 venerandae

269 1254 297 1276 et
309 1249 475 1276 honoranda:
491 1250 599 1277 domum
614 1250 776 1282 Theodorze.
790 1260 850 1286 qua:
865 1261 913 1287 per
929 1258 1054 1280 sanctum

268 1299 296 1322 et
311 1296 462 1330 angelicum
491 1305 618 1331 magnum
650 1297 773 1324 habitum
799 1299 989 1333 cognominata
1013 1304 1056 1327 est

269 1341 368 1368 domna
383 1342 474 1374 lrenc;
489 1347 517 1369 et
535 1342 582 1368 fiat
601 1343 738 1370 similiter.

306 1386 387 1415 Fiant
412 1390 689 1415 commemorationes
714 1389 805 1416 dilecti
826 1389 920 1417 fratris
946 1390 1055 1425 imperii

269 1433 332 1465 mei,
351 1433 504 1468 pansebasti
527 1434 627 1461 sehasti
650 1434 744 1461 domni
757 1435 871 1462 Joannis
888 1436 989 1468 Ducas,
1005 1437 1055 1472 qui

268 1487 320 1513 per
339 1484 463 1507 sanctum
482 1483 510 1506 et
533 1479 686 1515 angelicum
710 1488 837 1514 magnum
855 1481 980 1509 habitum
1009 1489 1056 1509 co-

270 1525 445 1558 gnominatus
459 1528 502 1552 est
517 1524 635 1552 domnus
649 1525 795 1560 Antonius,
814 1534 867 1561 qua
880 1527 925 1554 die
936 1527 1055 1560 obierit;

270 1573 298 1595 et
319 1568 364 1594 fiat
383 1569 521 1596 similiter.

307 1655 386 1682 Fiant
401 1656 680 1684 commemorationes
698 1656 803 1685 dilecta:
816 1657 919 1685 sororis
933 1658 1057 1694 majesta-

271 1699 306 1726 tis
319 1706 395 1731 mete,
403 1700 573 1734 pansebastte
583 1702 698 1730 sebastae
710 1703 816 1730 domnae
823 1704 907 1730 Anna-
922 1704 1056 1737 Ducaenve,

269 1753 322 1781 qua
338 1745 382 1772 die
395 1746 429 1772 ad
441 1746 586 1774 Dominum
602 1747 780 1782 emigraverit
791 1757 798 1781 ;
811 1752 839 1775 et
854 1748 902 1775 ﬁat
914 1749 1055 1777 similiter.

305 1791 374 1818 Cum
390 1792 438 1819 ﬁlii
457 1793 545 1819 nostri
558 1793 592 1820 ad
607 1794 752 1820 Dominum
769 1795 936 1829 migrabunl,
957 1795 1056 1823 inscri-

269 1835 369 1862 bentnr
387 1837 414 1863 in
438 1837 574 1872 diptychis
594 1846 689 1865 eorum
708 1839 754 1873 qui
770 1841 846 1874 prius
860 1840 1012 1872 decessere.
1030 1846 1058 1868 et

269 1881 391 1907 omnium
414 1883 692 1910 commemorationes
708 1885 909 1917 persolvenlur,
932 1889 961 1912 ut
976 1892 1058 1919 supc-

270 1926 327 1953 rius
353 1927 454 1954 dictum
479 1932 529 1955 est.
546 1928 624 1961 Quod
649 1929 671 1956 si
689 1929 803 1957 fortasse
829 1930 939 1964 quidam
961 1938 1056 1958 eorum

270 1971 327 1998 site
345 1973 453 1999 mobilia
467 1974 591 2008 qnzcdam
614 1975 703 2010 magni
719 1976 812 2010 pretii,
826 1976 883 2003 sive
905 1976 1056 2004 immobilia

271 2018 439 2045 monasterio
454 2020 686 2052 consecraverint,
702 2021 977 2049 commemorationes
994 2022 1056 2049 illo-

271 2069 330 2088 rum
349 2063 407 2089 lieri
420 2064 533 2096 debent,
551 2069 580 2091 ut
597 2065 647 2099 ipsi
663 2066 820 2092 statuerint.

535 2188 656 2222 [CAPUT
677 2188 783 2216 Lxxn.

271 2233 310 2260 De
326 2232 455 2268 lavipedio
474 2234 543 2268 quod
562 2235 590 2260 in
599 2238 697 2270 sancta
719 2238 743 2261 el
758 2242 856 2270 magna
882 2234 950 2269 feria
965 2235 1056 2270 quinta

584 2269 644 2302 ﬁeri
655 2270 736 2298 debet.

305 2323 334 2350 lu
361 2329 455 2352 sancta
483 2329 511 2352 et
534 2333 631 2360 magna
651 2326 719 2353 feria
746 2327 841 2361 quinta
863 2326 930 2353 lotio
956 2327 1056 2361 pedum

272 2369 332 2396 fieri
360 2369 444 2397 debet
457 2378 472 2397 a
490 2372 719 2400 reverendissima
741 2373 878 2407 praefecta,
892 2373 920 2399 in
934 2373 1058 2401 ecclesiae

270 2417 418 2450 vestibulo,
437 2418 484 2444 ubi
512 2423 735 2452 repraesentatum
752 2423 794 2445 est
822 2419 970 2447 Salvatoris
987 2420 1056 2446 lavi-

270 2462 393 2497 pedium,
404 2471 467 2490 cum
486 2463 575 2490 ollicio
587 2464 660 2498 quod
675 2464 702 2491 in
722 2464 872 2500 Synaxario
887 2466 1054 2501 continetur,

268 2513 297 2535 et
310 2509 460 2536 secundum
476 2509 591 2536 formam
610 2511 636 2537 in
653 2518 686 2537 eo
700 2510 877 2545 descriptam.
1060 2519 1063 2521 ·

304 2555 401 2582 Divina
416 2563 527 2590 quoque
544 2556 709 2583 illuminatio
733 2556 759 2582 in
778 2557 848 2583 festo
867 2556 926 2591 ejus
953 2557 1055 2592 ubique

269 2605 405 2628 terrarum
432 2602 582 2635 celebrato,
606 2602 633 2629 in
662 2602 759 2629 eodem
783 2610 893 2629 rursum
919 2603 1056 2631 vestibulo

269 2646 326 2680 fiet,
348 2647 374 2673 in
393 2655 447 2682 quo
465 2649 552 2682 posita
577 2653 619 2675 est
636 2648 736 2682 phiala,
752 2648 836 2675 aeneis
858 2648 1055 2683 polycandelis,

268 2692 324 2720 sive
342 2693 542 2727 multiplicibus
557 2693 731 2728 lampadibus
744 2693 771 2719 in
783 2700 815 2720 ea
828 2693 979 2728 suspensis,
994 2702 1054 2729 qua:

1074 2261 1085 2289 Ι

900 2750 1081 2782 Montfauco

305 2799 361 2835 (9|)
377 2799 441 2835 Haec
456 2804 516 2827 erat
532 2800 611 2827 Anna
627 2800 785 2832 Dalassena,
801 2799 924 2827 Ducam:
947 2799 1059 2828 familiae

269 2833 465 2862 ittlensissima.
482 2835 606 2862 Alexiad.
628 2835 678 2862 lib.
695 2842 734 2861 Ill.

307 2870 362 2903 (92)
377 2870 656 2903 Ιιρωτοστρὰτορος.
690 2869 847 2896 Stralorum
879 2873 940 2896 erat
958 2876 1061 2904 equum

271 2901 358 2930 freno'
377 2908 482 2937 tenere,
508 2901 536 2932 et
562 2901 761 2932 conscendenti
789 2905 963 2940 magistratui
981 2901 1062 2939 opem

1103 291 1197 324 πέντε,
1214 289 1262 317 καὶ
1277 289 1396 323 νουμμία
1413 286 1589 321 νομισμάτων
1605 283 1732 319 τραχέων
1756 282 1798 315 ἒξ.
1815 282 1892 308 Γινέ-

1104 338 1160 364 σθω
1185 338 1232 364 καὶ
1250 335 1378 371 φωταψία
1406 333 1533 368 δαψιλὴς,
1561 332 1608 359 καὶ
1624 330 1763 365 διάκρισις
1785 329 1825 361 εἰς
1844 328 1894 359 τὰς

1106 383 1237 420 μοναχάς.

1139 430 1215 464 Μηνὶ
1236 427 1385 463 Νοεμϐρίῳ
1401 425 1455 458 κα¹,
1474 424 1655 452 τελείσθωσαν
1677 423 1713 450 τὰ
1735 421 1897 458 μνημόσυνα

1104 476 1152 510 τῆς
1176 474 1348 510 ὴγιασμένης
1376 471 1541 508 αὑθεντρίας
1557 469 1605 498 καὶ
1631 469 1735 505 μητρὸς
1749 468 1799 502 τῆς
1820 467 1897 502 βασι-

1103 521 1178 553 λείας
1196 529 1246 556 μου
1262 522 1350 555 κυρᾶς
1363 519 1484 553 Μαρίας,
1499 517 1549 552 τῆς
1567 516 1611 543 διὰ
1626 515 1674 542 τοῦ
1691 515 1770 549 ἁγίου
1786 514 1834 540 καὶ
1847 513 1899 547 ἀγ-

1105 567 1215 601 γελικοῦ
1243 566 1361 602 μεγάλου
1388 565 1526 600 σχήματος
1543 561 1794 599 μετονομασθείσης
1809 559 1898 595 κυρᾶς

1104 613 1201 648 Ξὲνης,
1212 612 1326 647 ὁμοίως.

1140 659 1214 692 Μηνὶ
1234 658 1335 692 Ἰουλίῳ
1358 655 1402 691 ιβ’,
1415 654 1597 682 τελείσθωσαν
1617 652 1652 679 τὰ
1670 650 1834 688 μνημόσυνα
1849 649 1898 676 τοῦ

1108 705 1258 741 μακαρίτου
1275 703 1360 739 κυροῦ
1384 702 1510 729 Ἰωάννου
1524 701 1572 728 καὶ
1599 698 1785 735 περιποθήτου
1801 697 1900 724 πενθε-

1108 751 1155 786 ροῦ
1168 751 1217 785 τῆς
1233 749 1372 785 βασιλείας
1387 757 1450 784 μου,
1465 747 1578 782 ὁμοίως.

1142 798 1216 832 Μηνὶ
1231 796 1380 832 Νοεμὸρίῳ
1408 793 1444 827 α’,
1465 793 1649 820 τελείσθωσαν
1674 791 1709 817 τὰ
1735 789 1900 826 μνημόσυνα

1106 844 1156 879 τῆς
1184 843 1356 878 ήγιασμένης
1386 850 1438 876 μου
1455 840 1609 875 δεσποίνης,
1624 838 1672 865 καὶ
1688 837 1823 872 πενθερᾶς
1842 836 1898 872 (9i)

1108 890 1158 924 τῆς
1172 889 1308 924 βασιλείας
1325 898 1388 924 μου,
1401 887 1513 923 ὁμοίως.

1144 937 1218 970 Μηνὶ
1237 935 1397 970 Ἰανουαρίῳ
1423 934 1456 966 θ’,
1481 932 1666 959 τελείσθωσαν
1682 930 1717 956 τὰ
1734 929 1900 964 μνημόσυνα

1108 981 1154 1008 τοῦ
1168 981 1354 1016 περιποθήτου
1370 979 1539 1013 αὐταδέλφου
1557 980 1606 1013 τῆς
1617 977 1756 1012 βασιλείας
1772 984 1837 1010 μου,
1850 974 1899 1000 καὶ

1107 1028 1351 1063 πρωτοστράτορος
1367 1025 1422 1062 (92)
1439 1024 1523 1060 κυροῦ
1537 1024 1647 1059 Μιχαὴλ
1659 1022 1706 1049 τοῦ
1722 1021 1814 1048 Δούκα
1827 1029 1834 1036 ·
1851 1020 1899 1046 καὶ

1106 1074 1224 1109 γινέσθω
1239 1073 1366 1108 φωταψίι
1385 1071 1509 1107 δαψιλὴς,
1525 1071 1573 1098 καὶ
1584 1071 1720 1105 διάκρισις
1731 1069 1770 1100 είς
1780 1068 1831 1098 τὰς
1848 1075 1899 1102 μο-

1107 1121 1202 1155 ναχάς.

1141 1166 1214 1201 Μηνὶ
1226 1163 1401 1200 Φεϐρουαρίῳ
1421 1163 1457 1196 κ’,
1480 1163 1662 1190 τελείσθωσαν
1676 1162 1711 1189 τὰ
1728 1161 1898 1197 μνημόσυνα

1106 1212 1155 1246 τῆς
1169 1210 1352 1246 περιποθήτου
1366 1209 1537 1244 αὑταδέλφης
1551 1209 1601 1243 τῆς
1618 1208 1758 1243 βασιλείας
1774 1216 1838 1242 μου,
1849 1207 1899 1241 τῆς

1107 1257 1271 1293 πανεντίμου
1283 1257 1331 1283 καὶ
1342 1256 1477 1290 παντίμου
1486 1256 1573 1291 κυρᾶς
1583 1255 1728 1289 Θεοδὼρας
1735 1254 1785 1289 τῆς
1797 1254 1843 1281 διὰ
1852 1253 1899 1280 τοῦ

1106 1305 1185 1339 ἁγίου
1203 1306 1250 1332 καὶ
1267 1304 1418 1339 ὰγγελικοῦ
1443 1303 1563 1339 μεγάλου
1590 1304 1730 1338 σχήματος
1745 1311 1900 1337 μετονομα-

1107 1351 1217 1386 σθείσης
1228 1351 1314 1386 κυρᾶς
1331 1351 1451 1385 Εἰρήνης
1464 1358 1471 1365 ·
1486 1350 1533 1380 καὶ
1553 1349 1672 1383 γινέσθω
1690 1349 1806 1383 ὁμοίως.

1142 1396 1329 1423 Τελείσθωσαν
1340 1396 1374 1423 τὰ
1389 1395 1552 1431 μνημόσυνα
1564 1394 1610 1421 τοῦ
1623 1393 1810 1429 περιποθήτου
1831 1395 1901 1421 αὺτ-

1107 1443 1222 1477 αδέλφου
1233 1442 1282 1475 τῆς
1293 1442 1430 1477 βασιλείας
1443 1450 1495 1477 μου
1503 1441 1550 1468 τοῦ
1562 1440 1749 1467 πανσεῦάστου
1763 1440 1900 1467 σεσαστοῦ

1108 1489 1193 1524 κυροῦ
1215 1489 1338 1515 Ἰωάννου
1363 1489 1411 1515 τοῦ
1424 1488 1525 1521 Δοὺκα,
1552 1487 1598 1514 τοῦ
1616 1487 1662 1514 διὰ
1685 1487 1732 1513 τοῦ
1753 1487 1834 1521 ἁγίου
1852 1488 1902 1514 καὶ

1108 1534 1254 1568 ἀγγελικοΰ
1265 1534 1384 1569 μεγάλου
1397 1535 1537 1569 σχήματος
1550 1533 1799 1568 μετονομασθέντος
1812 1533 1900 1568 κυροῦ

1071 1590 1093 1618 c
1116 1580 1272 1613 Ἀντωνίου,
1287 1580 1348 1607 καθ’
1362 1581 1396 1615 ῆν
1410 1581 1443 1607 ἂν
1457 1580 1565 1615 ἡμέραν
1577 1579 1723 1615 ἐκδημήσῃ
1733 1587 1742 1594 ·
1755 1579 1804 1605 καὶ
1822 1579 1901 1613 γινέ-

1109 1627 1165 1654 σθω
1181 1627 1292 1662 ὁμοίως.

1143 1673 1331 1700 Ίέλείσθωσαν
1341 1673 1376 1700 τὰ
1392 1671 1554 1709 μμνημέσυνα
1565 1671 1615 1707 τῆς
1632 1671 1819 1708 περιποθήτου
1836 1671 1902 1699 αὐτ-

1109 1719 1228 1754 αδέλφης
1240 1720 1289 1754 τῆς
1306 1719 1444 1754 βασιλείας
1459 1727 1522 1754 μου,
1540 1719 1590 1753 τῆς
1607 1718 1798 1745 πανςεὸάστου
1815 1719 1901 1745 σεσα-

1110 1764 1175 1798 στῆς
1189 1765 1275 1800 κυρᾶς
1295 1765 1397 1799 ’Δννης
1411 1764 1460 1799 τῆς
1475 1764 1636 1799 Δουκαίνης,
1656 1763 1717 1790 καθ’
1731 1764 1767 1799 ἢν
1781 1764 1816 1790 ἂν
1831 1765 1902 1799 ἠμέ-

1110 1819 1160 1845 ραν
1169 1811 1312 1847 ὲκδημήσῃ
1328 1809 1396 1844 πρὸς
1413 1810 1531 1846 Κύριον·
1551 1811 1598 1836 καὶ
1618 1811 1736 1844 γινέσθω
1748 1810 1866 1845 ὁμοίως.

1143 1857 1176 1882 υἱ
1192 1856 1284 1888 παῖδες
1302 1856 1392 1891 ήμῶν,
1408 1856 1453 1883 ὅτε
1474 1857 1543 1892 πρὸς
1564 1856 1666 1891 Κύριον
1683 1856 1900 1892 ὲκδημήσουσιν,

1108 1904 1330 1938 ὲγγραφήσονται
1357 1905 1385 1930 ἂν
1399 1905 1455 1935 τοῖς
1472 1903 1526 1929 τῶν
1554 1902 1784 1937 προαπελθὲντων
1804 1902 1901 1929 διπτὺ‹

1108 1957 1177 1984 χοις,
1192 1949 1239 1975 καὶ
1253 1949 1286 1976 τὰ
1299 1950 1461 1985 μνημόσυνα
1481 1949 1590 1976 πάντων
1608 1949 1717 1975 ἔσονται
1733 1949 1900 1983 τελούμενα,

1109 1993 1202 2026 καθὼς
1216 1994 1346 2029 ἀνωτέρω
1359 1995 1532 2030 προείρηται.
1543 1995 1574 2021 Εἰ
1587 1994 1609 2021 δ’
1626 1993 1692 2024 ἴσως
1709 1994 1783 2025 τινὲς
1807 1995 1900 2021 αὐτῶν

1109 2040 1156 2066 καὶ
1167 2039 1351 2075 ἀφιερώσουσι
1364 2041 1396 2075 τῇ
1415 2042 1481 2075 μονῇ
1496 2040 1513 2075 ή
1528 2041 1626 2075 κινητὰ
1643 2040 1784 2073 ἀξιόλογα,
1805 2041 1820 2075 ἦ
1838 2041 1901 2066 ἀχί-

1109 2093 1188 2119 νητα,
1203 2085 1340 2118 ὀφείλουσι
1350 2085 1486 2112 τελεῖσθαι
1497 2086 1543 2112 καὶ
1555 2087 1589 2111 τὰ
1602 2086 1704 2113 τούτων
1721 2087 1898 2121 μνημόσυνα,

1111 2131 1183 2158 κατὰ
1197 2132 1247 2166 τὴν
1263 2132 1377 2159 ἐκείνων
1390 2132 1522 2164 διάταξιν.

1409 2189 1534 2216 ΚΕΦΔΔ.
1553 2189 1613 2216 08'.

1327 2237 1438 2268 .lormc
1461 2235 1596 2269 τίνεσθαι
1622 2234 1768 2269 νιπτῆρας
1779 2234 1816 2269 τῇ
1830 2235 1899 2269 ἁγίᾳ

1347 2270 1398 2297 καί
1412 2270 1530 2305 μεγάλῃ
1547 2271 1678 2305 πέμπτῃ.

1145 2327 1185 2362 Τῇ
1203 2326 1296 2361 μέντοι
1311 2327 1377 2362 ἁγίᾳ
1392 2327 1438 2353 καὶ
1450 2325 1558 2362 μεγάλῃ
1574 2326 1690 2361 πέμπτῃ
1703 2325 1810 2360 ὀφείλει
1824 2326 1898 2359 γίνε-

1109 2373 1171 2400 σθαι
1189 2374 1263 2409 παρὰ
1283 2373 1332 2408 τῆς
1352 2373 1522 2408 τιμιωτάτης
1546 2371 1756 2406 καθηγουμένης
1771 2372 1786 2398 ό
1798 2372 1898 2405 νιπτὴρ

1108 2420 1137 2445 ὲν
1151 2418 1189 2453 τῷ
1205 2419 1254 2453 τῆς
1269 2418 1417 2454 ἐκκλησίας
1433 2418 1553 2453 προνάῳ,
1575 2417 1640 2444 ἔνθα
1655 2419 1806 2443 εἰκόνισται
1822 2418 1867 2444 καὶ
1882 2418 1897 2442 ὁ

1109 2464 1156 2491 τοῦ
1171 2465 1296 2499 Σωτῆρος
1320 2465 1420 2499 νιπτὴρ
1447 2464 1517 2490 κατὰ
1543 2463 1592 2499 τὴν
1608 2462 1847 2498 ὲμπεριεχομένην
1860 2462 1899 2497 τῷ

1109 2511 1267 2546 Συναεαρίῳ
1282 2509 1453 2542 ἀκολουθίαν,
1468 2509 1514 2536 καὶ
1527 2509 1573 2535 τὸν
1588 2509 1617 2535 ὲν
1628 2508 1704 2542 αὺτῴ
1717 2508 1813 2535 τύπον.

1147 2557 1202 2584 Καὶ
1213 2557 1244 2583 τὸ
1259 2556 1330 2582 θεῖον
1354 2556 1382 2582 δὲ
1408 2555 1536 2590 φὼτισμα
1563 2555 1635 2581 κατὰ
1657 2556 1706 2589 τὴν
1726 2554 1898 2587 παγκόσμιον

1110 2603 1206 2629 τούτου
1226 2603 1334 2638 ἑορτὴν,
1349 2603 1378 2629 ὲν
1395 2603 1434 2637 τῷ
1450 2601 1524 2636 αὐτῷ
1542 2599 1620 2632 αὖθις
1647 2601 1748 2636 ἅρθηκι
1763 2601 1840 2626 ἔσται
1853 2606 1901 2624 τε-

1109 2649 1251 2685 λούμενον,
1272 2650 1301 2676 ὲν
1327 2646 1349 2683 ᾧ
1371 2650 1449 2684 καὶὴ
1474 2649 1557 2684 φιάλη
1582 2648 1701 2679 ἵσταται,
1717 2648 1772 2673 τῶν
1788 2645 1899 2682 χαλκῶν

1108 2694 1318 2729 πολυκανδήλων
1330 2695 1359 2720 ἐν
1374 2695 1442 2729 αὐτῇ
1459 2693 1653 2729 κρεμαμένων,
1668 2693 1714 2719 καὶ
1730 2685 1783 2725 ἶτήν
1798 2691 1901 2724 ἄναψιν

1087 2265 1095 2287 ⁹
1110 2236 1180 2270 Περὶ
1195 2235 1248 2263 τοῦ
1269 2236 1326 2270 μέλ

1086 2751 1131 2782 nii
1164 2757 1256 2783 notas.

1114 2801 1197 2829 fe-rre.
1217 2802 1320 2829 Horum
1342 2802 1470 2836 princeps
1496 2804 1569 2836 erat,
1584 2800 1817 2836 πρωτοστράτωρ,
1848 2798 1900 2836 qui

1111 2838 1194 2863 etiam
1220 2834 1360 2864 exercitus
1380 2834 1482 2871 plur’tes
1507 2834 1620 2863 duxisse
1644 2835 1754 2870 legitur.
1770 2834 1853 2862 Guar.
1867 2835 1902 2860 iu

1112 2871 1191 2899 Notis
1207 2873 1240 2899 ad
1253 2871 1400 2899 Codinum.
