2023 3164
207 163 276 194 1-131

239 219 267 246 7.
284 217 325 246 Ad
347 222 565 246 consummatam
582 215 794 243 vindicationem
811 222 827 242 a
847 215 922 242 vitiis
938 222 991 242 non
1010 217 1028 242 Α

204 265 306 293 sufficit
320 265 418 291 ani-nte
428 262 582 291 voluntaria
595 262 744 293 atllictatio,
771 262 823 289 nisi
840 261 923 288 etiam
940 269 992 288 non

204 311 367 339 voluntariis
390 309 569 340 inﬂammata.
599 308 714 335 minime
731 313 861 335 enervata
877 308 993 335 difﬂuat.

170 362 173 365 ‘
204 358 302 385 Anima
317 356 390 383 enim
403 353 494 389 gladio
509 353 608 380 similis
626 357 668 380 est
692 362 698 379 :
727 353 779 380 nisi
798 360 848 386 per
862 352 953 386 ignem
968 360 995 378 et

204 410 304 438 aquam
324 401 473 432 transierit,
491 400 543 427 hoc
560 404 602 427 est
627 407 675 433 per
698 399 808 426 labores
824 398 995 425 voluntarios

204 454 234 476 et
256 447 467 478 involuntarios.
486 446 552 473 dum
579 444 754 480 quotidianus
770 444 936 472 tentationcs
953 451 995 471 re-

205 495 337 530 percutit,
352 493 429 520 firma
445 497 473 519 et
490 492 607 520 infracta
624 499 679 518 non
697 491 880 525 permanebit.

242 539 269 566 8.
298 539 535 572 Quemadmodum
567 537 784 565 voluntariarum
812 536 994 564 tentationum

207 592 264 614 tres
279 591 344 613 sunt
359 593 448 613 causa).
468 584 691 619 generalissimaz,
713 584 826 614 sanitas,
847 582 951 609 divitia:
968 586 995 609 et

201 632 304 666 ,gloria,
319 639 373 658 non
395 631 436 658 sic
450 628 669 657 voluntariarum
685 628 799 655 totidem
820 632 895 658 sunt,
909 627 995 654 dctri-

205 683 331 706 mentum
355 685 403 705 seu
421 678 562 709 damnum,
577 675 763 707 contumelias,
781 673 993 701 invaletudincs.

207 725 297 758 Atque
311 724 369 750 lucc
377 723 541 758 quibusdam
555 722 587 750 ad
600 721 821 753 aediﬁcationem,
830 720 994 755 quibusdam

205 770 240 797 ad
253 770 470 797 destructionem
483 768 658 803 contingunt.

243 816 270 843 9.
290 815 347 843 Una
360 823 421 842 cum
440 815 529 842 anima
546 814 700 841 subsistunt
713 818 741 841 et
754 813 895 841 cohaerent
914 814 995 848 cupi-

208 861 281 888 ditas
297 864 325 887 ct
341 859 471 892 tristitia;
489 867 551 886 cum
575 866 691 893 corpore
708 858 832 892 voluptas
856 862 885 885 et
905 858 994 885 dolor.

207 907 294 935 Causa
311 905 413 933 doloris
428 910 470 932 cst
481 905 617 939 voluptas.
636 904 702 931 Nam
720 904 784 931 dum
802 903 934 931 acerbum
947 904 994 931 do-

206 954 274 981 loris
286 961 398 981 sensum
414 953 534 987 ellugere
545 953 683 984 volumus,
699 952 731 979 ad
743 953 910 986 voluptatem
927 959 996 979 con-

202 999 335 1033 fugimus.
353 997 498 1032 Cupiditas
511 1003 602 1024 autem
627 997 746 1024 tristitia:
763 1002 849 1024 mater
866 1002 919 1024 est.

242 1045 285 1072 10.
306 1043 357 1077 Qui
381 1044 485 1071 virtute
508 1049 549 1070 est
567 1043 710 1078 praeditus,
730 1043 895 1070 intrinsecus
912 1047 940 1070 et
966 1043 993 1070 in

206 1091 298 1118 animo
314 1098 365 1117 suo
381 1090 516 1117 inclusum
530 1089 652 1124 possidet
670 1089 773 1116 bonum
790 1096 886 1116 :vanaa
901 1089 995 1124 gloria:

205 1137 334 1172 cupidus,
348 1137 407 1164 sola
420 1137 587 1171 cogitatione
604 1139 768 1170 conceptum
790 1140 818 1162 et
838 1135 995 1171 imaginati-

205 1182 287 1210 tium.
301 1183 336 1210 At
356 1190 422 1210 vero
437 1182 539 1209 malum
556 1181 659 1216 probus
675 1181 822 1216 superﬁcie
837 1185 928 1214 tenus,
944 1188 994 1208 vo-

205 1228 304 1262 luptati
321 1228 432 1255 deditus
445 1227 610 1262 profundum
629 1227 721 1254 habet.

242 1275 284 1300 11.
300 1274 396 1301 Praxis
410 1274 508 1300 animae
530 1278 573 1301 est
592 1275 775 1307 temperantia
803 1274 994 1309 simplicitate,

205 1322 231 1346 et
245 1318 409 1353 simplicitas
423 1318 604 1352 temperantia
624 1318 780 1346 obﬁrmata.

241 1365 286 1393 12.
303 1366 400 1393 Praxis
414 1365 532 1400 spiritus
542 1370 583 1392 est
597 1365 624 1392 in
643 1364 876 1399 contemplatione
891 1365 992 1398 oratio,

204 1415 233 1438 et
247 1411 275 1437 in
289 1410 414 1437 oratione
430 1410 637 1444 contemplatio.

241 1456 286 1483 15.
301 1455 362 1484 Non
387 1463 459 1490 sape
480 1455 630 1487 invenitur,
650 1455 697 1490 qui
718 1455 814 1483 vitium
835 1456 952 1484 sollicite
965 1461 994 1484 et

205 1510 267 1529 cum
285 1509 352 1530 cura
369 1510 425 1529 non
447 1502 549 1534 oderit,
577 1502 678 1536 smpins
696 1508 789 1530 autem
808 1503 855 1537 qui
871 1503 993 1530 ell’ectri-

205 1549 286 1576 cibus
299 1549 359 1584 ejus
375 1549 465 1576 causis
480 1549 564 1576 etiam
584 1549 718 1576 attentius
729 1549 874 1576 inhaereat.

245 1642 286 1669 14.
299 1641 406 1675 Quibus
421 1649 476 1669 non
494 1647 537 1669 est
559 1649 667 1676 semper
688 1642 759 1677 apud
789 1641 909 1669 animum
929 1650 994 1677 pro-

207 1687 294 1722 posita
312 1687 486 1722 poenitentia,
502 1688 585 1715 iidem
597 1689 678 1714 etiam
696 1689 723 1715 in
740 1693 851 1723 peccata
865 1689 995 1724 frequen-

207 1733 262 1760 tius
277 1733 418 1760 labuntur.
436 1732 471 1760 At
483 1733 530 1767 qui
544 1741 598 1760 non
609 1741 641 1760 ex
659 1733 800 1768 proposito
811 1735 918 1768 culpam
929 1741 997 1761 con-

207 1780 330 1810 trahunt,
347 1779 380 1806 iis
390 1783 466 1807 certo
477 1787 637 1814 persuasum
648 1785 690 1807 est
700 1780 845 1814 poenitere,
859 1786 886 1808 et
899 1788 996 1816 quam-

206 1826 302 1854 obrem
320 1826 480 1860 paeniteat“,
496 1827 571 1854 haud
586 1827 622 1854 ita
637 1827 736 1854 Crebro
757 1835 869 1855 causam
882 1828 993 1855 habent.

243 1873 285 1900 15.
305 1873 409 1900 Sensus
424 1879 452 1900 et
462 1874 632 1901 conscientia
650 1875 676 1901 in
691 1874 783 1901 verbis
795 1882 856 1909 qua:
873 1882 920 1902 ore
934 1882 997 1909 pro-

207 1918 333 1945 feruntur
347 1919 525 1951 conveniant,
542 1924 572 1946 ut
591 1920 715 1946 divinum
735 1920 865 1952 Verbum,
881 1920 954 1954 quod
967 1928 997 1947 se

208 1963 236 1990 in
259 1964 360 1991 'metlio
385 1965 413 1992 in
441 1965 553 1992 nomine
578 1973 628 1992 suo
642 1970 870 2000 congregatorum
886 1966 998 1993 adfutu-

208 2017 269 2036 rum
297 2010 423 2045 promisit
442 2010 462 2043 ³,
476 2019 524 2046 per
547 2012 715 2046 proterviam
728 2017 776 2039 aut
789 2012 996 2039 immoderatio-

207 2063 269 2083 nem
282 2064 378 2083 eorum
395 2065 456 2090 qua:
473 2057 604 2084 dicuntur
625 2062 672 2083 aut
691 2058 768 2088 ﬁunt,
788 2065 842 2084 non
863 2057 994 2092 pudeﬁat.

244 2102 286 2128 16.
310 2102 369 2129 Non
389 2102 436 2136 qni
453 2103 586 2137 operibus
607 2103 705 2130 animm
729 2111 785 2143 suae
798 2104 927 2138 injuriam
941 2112 996 2131 non

208 2147 300 2178 infert,
320 2148 365 2174 hic
380 2149 462 2175 etiam
477 2155 492 2175 a
513 2149 596 2175 dictis
611 2149 854 2176 incontaminatam
871 2154 964 2178 tuetur
989 2159 995 2177 :

207 2202 260 2222 nec
278 2195 325 2230 qui
341 2195 442 2229 lingua?
457 2195 627 2227 moderatur,
642 2195 698 2231 jam
716 2196 792 2223 nulla
806 2204 867 2223 eam
880 2197 998 2231 impuri-

212 2244 268 2268 tate
283 2240 448 2274 inquinavit.
465 2241 517 2274 Qui
547 2240 623 2268 enim
650 2241 819 2276 cogitatione
849 2243 996 2277 delinquit,
1015 2239 1035 2264 ῐ)

207 2286 280 2322 quod
301 2287 411 2314 tertium
427 2283 480 2320 est,
497 2288 571 2315 facit.

246 2333 288 2361 17.
302 2333 361 2360 Non
374 2334 478 2369 poteris
488 2334 589 2362 faciem
602 2335 712 2363 virtutis
729 2337 853 2371 aspicere
868 2337 891 2365 si
909 2338 1000 2366 adhuc

208 2378 270 2406 vitii
286 2379 394 2406 vultum
408 2380 531 2415 jucunde
550 2381 723 2410 consideras.
741 2382 820 2410 Tunc
845 2388 935 2411 autem
955 2385 1000 2412 hic

207 2426 256 2453 tibi
269 2426 333 2453 odio
352 2427 562 2461 prosequendos
582 2427 733 2460 videbitur,
757 2429 780 2457 si
799 2430 873 2458 illius
887 2435 996 2466 gustum

208 2472 465 2508 cxperientiamque
481 2475 686 2509 concupiveris,
699 2480 727 2502 et
739 2483 754 2502 a
779 2476 928 2511 spectanda
945 2477 999 2503 im-

206 2518 353 2552 probitatis
366 2518 453 2546 forma
465 2520 560 2546 oculos
570 2527 652 2555 quam
668 2521 826 2556 longissime
837 2522 996 2550 abduxeris.

244 2563 289 2591 18.
310 2564 363 2592 Per
386 2566 570 2600 cogitationes
598 2567 747 2601 praecipue,
777 2576 832 2595 non
850 2576 898 2603 per
913 2577 997 2604 opera

206 2609 347 2637 d.cmoues
361 2611 460 2638 animm
476 2611 579 2638 bellant
602 2618 724 2640 movent.
747 2613 807 2648 Ipsa
827 2614 900 2641 enim
916 2622 998 2649 opera

207 2665 256 2691 per
272 2664 302 2684 se
314 2658 472 2685 necessaria
490 2664 566 2686 sunt.
581 2659 614 2685 Et
630 2660 740 2687 illorum
767 2661 877 2695 quidem
892 2662 998 2689 auditio
1017 2656 1022 2663 ’

206 2707 370 2737 aspcctusvc
386 2708 532 2737 causaest,
548 2704 748 2740 cogitationum
769 2712 862 2734 autem
879 2715 997 2735 consue-

207 2749 273 2776 tudo
285 2753 315 2776 ει
331 2749 446 2778 diaboli.

241 2794 285 2822 19.
301 2795 331 2823 ln
346 2797 446 2831 triplici
471 2799 569 2826 anima:
581 2803 643 2827 actu
667 2805 810 2835 peccatum
829 2801 994 2833 invenimus,

205 2849 304 2876 nempe
320 2843 346 2870 in
359 2845 502 2878 operibus,
510 2846 604 2873 verbis
617 2851 646 2874 et
663 2847 886 2882 cogitationibus.
899 2847 996 2875 Sextu-

206 2888 267 2921 ptex
285 2893 376 2916 autem
396 2890 572 2920 innocentiae
598 2893 659 2921 laus
679 2902 685 2920 :
712 2894 816 2921 innoxii
839 2894 913 2921 enim
938 2902 994 2921 ser-

244 2950 255 2965 ³
271 2948 366 2976 Matth.
381 2957 459 2983 xvut,
472 2949 518 2978 ‘20.

898 154 998 186 ΕΙ.ῐῶ
1019 152 1147 184 ECDICI

1011 1575 1030 1590 ἱ,

1769 143 1839 174 lli}?

1086 217 1119 248 ζ’.
1137 216 1192 243 Οὐκ
1205 217 1284 252 ἀρκεῖ
1299 219 1330 252 τῇ
1346 217 1418 251 ψυχῇ
1436 217 1502 252 πρὸς
1515 217 1618 243 τελείαν
1635 217 1735 248 κακίας
1749 218 1833 244 ἀπειλ-

1051 262 1154 296 λαγὴν,
1175 262 1191 296 ἡ
1214 262 1336 293 ἑκούσιος
1359 263 1538 292 κακοπάθεια,
1563 263 1628 297 εἰμὴ
1650 264 1696 288 καὶ
1716 263 1760 288 διὰ
1785 264 1834 296 τῆς

1052 309 1196 340 ἀκουσίου,
1214 308 1405 343 ὲκπυρουμένη
1422 308 1458 343 μὴ
1473 308 1624 343 διαλύηται.
1641 305 1691 334 Οἷα
1715 308 1768 342 γάρ
1792 317 1834 340 τις

1055 355 1201 388 μάχαιραή
1215 354 1297 389 ψυχὴ,
1315 355 1338 379 εί
1355 354 1391 388 μὴ
1403 354 1445 380 διὰ
1463 354 1548 388 πυρὸς
1560 354 1651 388 διέλθῃ
1666 354 1713 380 καὶ
1728 353 1833 384 ὕδατος,

1051 400 1187 425 τουτέστιν
1206 399 1335 425 ἑκουσίων
1354 400 1441 426 πόνων
1456 400 1501 426 καὶ
1516 399 1650 425 ἀκουσίων
1660 420 1667 431 ,
1683 399 1835 434 ἄθραυστος

1051 445 1112 475 ταῖς
1135 444 1305 476 ἀντιτυπίαις
1328 445 1382 471 τῶν
1405 445 1658 479 ὲπισυμὸαινόντων
1684 445 1714 470 οὺ
1736 453 1835 478 Guy-ny-

1053 491 1150 524 ρεῑται.

1086 538 1121 568 η’.
1141 535 1244 569 ’Ὠσπερ
1260 534 1314 560 τῶν
1333 535 1461 561 ἑκουσίων
1479 534 1639 569 πειρασμῶν
1658 535 1720 570 τρία
1734 535 1787 560 eis!
1801 535 1836 560 ti

1052 579 1252 614 καθο).ικιῖ›τερα
1271 580 1361 612 αἴτια,
1377 580 1472 613 ὑγεία,
1491 579 1623 612 πλοῦτος,
1645 579 1690 606 καὶ
1715 579 1835 609 εὔκλεια,

1051 625 1122 651 οὕτω
1144 626 1190 651 καὶ
1202 625 1256 650 τῶν
1269 625 1404 651 ἀκουσίων
1419 626 1482 660 τρία
1494 626 1557 655 εἰσὶ,
1571 625 1679 659 ζημίαι,
1693 625 1835 659 λοιδορίαι.

1052 670 1198 696 ἀσθένειαι.
1215 671 1335 697 Γίνονται
1348 671 1376 697 δὲ
1392 671 1477 697 ταῦτα
1491 671 1545 697 τισὶ
1560 671 1608 705 μὲν
1622 672 1661 702 είς
1678 671 1836 704 οἰκοδομὴν,

1052 715 1108 741 τισὶ
1118 715 1147 741 δὲ
1164 716 1203 747 εις
1216 715 1385 752 καθαίρεσιν.

1089 814 1121 841 θ’.
1139 815 1337 850 Παρυφέστηκε
1353 815 1426 850 ψυχῇ
1449 816 1514 850 μὲν,
1531 815 1663 850 ἐπιθυμία
1680 816 1727 842 καὶ
1745 815 1821 851 λύπη
1832 823 1839 829 ·

1055 859 1160 893 σώματι
1174 860 1212 887 δὲ.
1223 861 1301 894 ἡδονὴ
1310 861 1357 886 καὶ
1365 860 1455 895 ὀδύνη.
1468 861 1559 887 Δίτιον
1569 860 1597 886 δὲ
1609 860 1658 894 τῆς
1672 859 1721 894 μὲν
1729 860 1840 894 ὀδύνης,

1055 905 1070 939 ὴ
1083 905 1174 940 ἡδονή.
1190 905 1317 936 Θέλοντες
1332 906 1386 939 γὰρ
1399 906 1527 940 ἐκφυγεῖν
1541 905 1590 939 τὴν
1599 906 1668 931 κατὰ
1679 905 1729 939 τὴν
1742 905 1841 940 ὀδύνην

1055 949 1181 976 ἐπίπονον
1199 950 1338 984 αἴσθησιν,
1355 950 1425 984 πρὸς
1439 950 1489 984 τὴν
1504 949 1599 984 ἡδονὴν
1615 949 1839 983 καταφεύγομεν.

1056 994 1111 1029 Τῆς
1127 996 1155 1021 δὲ
1172 995 1269 1029 λύπης,
1289 995 1430 1029 ἐπιθυμία.

1093 1043 1118 1065 ι’.
1141 1040 1305 1066 Ἐνδιαοετον
1320 1040 1368 1073 μὲν
1383 1040 1397 1065 ὁ
1413 1040 1538 1074 ἐνάρετος
1552 1039 1681 1073 κέκτηται
1697 1038 1726 1065 τὸ
1747 1038 1841 1070 καλὸν,

1056 1084 1280 1120 περινενοημένον
1305 1085 1332 1110 δὲ
1353 1085 1369 1111 ὁ
1388 1084 1525 1116 κενόδοξος
1536 1093 1543 1100 ·
1556 1085 1586 1110 τὸ
1599 1085 1628 1110 δὲ
1641 1084 1726 1111 κακὸν
1735 1105 1743 1116 ,
1762 1085 1776 1110 ὁ
1790 1085 1844 1118 μὲν

1056 1131 1218 1162 σπουδαῖος,
1234 1130 1263 1162 ἐξ
1277 1130 1407 1164 ἐπιπολῆς
1426 1130 1493 1164 ἔχει,
1509 1130 1578 1156 κατὰ
1602 1130 1683 1164 βάθος
1705 1130 1736 1156 δὲ
1747 1131 1761 1156 ὁ
1778 1130 1841 1164 φιλ-

1056 1176 1159 1210 ήδονος.

1089 1271 1130 1296 ια’.
1154 1271 1255 1306 Πρᾶξις
1269 1271 1358 1305 ψυχῆς
1379 1272 1467 1302 ἔστιν,
1482 1270 1630 1304 ἐγκράτεια
1643 1271 1676 1304 τῇ
1695 1269 1837 1304 ἁπλότητι,

1053 1315 1100 1341 καὶ
1114 1316 1233 1350 ἁπλότης
1253 1317 1284 1350 τῇ
1305 1315 1452 1350 ἐγκρατείᾳ
1469 1315 1662 1349 ἐνεργουμένη.

1090 1361 1133 1394 ιβ’.
1150 1361 1205 1388 Νοῠ
1225 1361 1321 1394 πρᾶξίς
1335 1362 1419 1392 ἐστιν,
1433 1361 1450 1396 ὴ
1466 1362 1494 1387 ὲν
1507 1360 1608 1395 θεωρίᾳ
1625 1359 1701 1394 εὐχὴ,
1716 1360 1790 1394 καὶὴ
1809 1361 1841 1386 ἐν

1054 1406 1119 1440 εὐχῇ
1135 1404 1245 1438 Θεωρία.

1092 1449 1135 1483 ιγ’.
1162 1450 1298 1483 Ὀλιγὰκις
1317 1450 1375 1483 μὲν,
1389 1448 1436 1475 καὶ¹
1447 1449 1497 1474 οὐκ
1510 1448 1644 1482 ἐπιμελῶς
1660 1448 1728 1483 πρὸς
1743 1448 1772 1474 τὸ
1788 1457 1840 1474 κα-

1057 1497 1102 1528 κξιν
1122 1495 1278 1530 εὑρίσκεται
1303 1496 1317 1520 ὁ
1340 1494 1419 1520 τοῦτο
1445 1493 1549 1528 μισῶν·
1575 1493 1718 1524 πλεονάκις
1743 1493 1772 1519 δὲ
1791 1494 1839 1518 καὶ

1057 1540 1308 1576 προσεκτικώτερον
1320 1562 1326 1573 ,
1339 1541 1353 1566 ὁ
1372 1540 1420 1565 ἐπὶ
1434 1540 1495 1571 ταῖς
1512 1539 1612 1570 αἰτίαις
1633 1539 1738 1564 ἐκείνου
1753 1546 1839 1571 προσ-

1058 1590 1194 1620 κείμενος.

1093 1644 1131 1670 ιδ’.
1153 1641 1199 1675 Οἷς
1217 1645 1254 1678 μὴ
1272 1648 1342 1670 κατα
1363 1643 1489 1678 πρῆθεσιν
1501 1635 1541 1667 ’τὸ
1559 1643 1715 1676 μετανοεῖν,
1731 1641 1836 1670 τούτοις

1057 1690 1174 1724 συνεχῶς
1192 1691 1238 1716 καὶ
1254 1690 1284 1716 τὸ
1308 1689 1487 1724 πλημμελεῖν.
1504 1686 1553 1719 Οἷς
1567 1687 1594 1714 δὲ
1613 1687 1687 1720 παρὰ
1710 1687 1838 1722 πρόθεσιν

1054 1736 1085 1762 τὸ
1100 1734 1276 1769 ἁμαρτάνειν.
1299 1732 1540 1766 ἐμπληροφόρητος
1556 1731 1574 1764 ὴ
1591 1730 1731 1764 μετάνοια,
1747 1733 1794 1758 καὶ
1811 1733 1842 1758 ea

1057 1782 1142 1808 αἴτιον
1157 1780 1255 1813 ταύτης
1271 1779 1331 1813 οὐχὶ
1344 1779 1450 1812 συχνόν.

1096 1876 1137 1900 ιε’.
1156 1872 1296 1907 Δίσοησις.
1313 1873 1359 1899 καὶ
1373 1873 1533 1906 συνείδησις,
1547 1874 1618 1908 λόγῳ
1634 1875 1672 1909 τῷ
1685 1876 1756 1902 κατὰ
1776 1884 1842 1910 προ-

1057 1927 1154 1953 φοραν,
1171 1918 1405 1953 συνερχέσθωσαν.
1424 1920 1516 1950 Ὅπως
1531 1919 1544 1944 ὁ
1559 1921 1696 1954 εἰρηνικὸς
1711 1921 1758 1947 καὶ
1773 1921 1842 1952 θεῖος

1056 1964 1144 1998 λόγος,
1163 1965 1192 1989 tv
1208 1965 1281 1999 μέσῳ
1295 1964 1396 1990 τούτων
1412 1965 1595 1999 εὑρίσκεσθαι.
1611 1967 1647 2000 μὴ
1664 1967 1841 2002 καταισχύνη-

1056 2010 1155 2036 ταιδιὰ
1178 2010 1228 2044 τῆς
1244 2011 1449 2045 προπετείας,ἢ
1472 2011 1521 2045 τῆς
1543 2012 1674 2046 ἀμετρίας
1688 2013 1742 2039 τῶν
1766 2014 1842 2047 λεγο-

1058 2056 1156 2089 μένων.

1096 2109 1125 2131 ις
1136 2121 1142 2126 .
1157 2100 1211 2135 Οὐχ
1222 2101 1236 2126 ὁ
1249 2101 1304 2132 τοῖς
1319 2101 1409 2134 ἔργοις
1426 2101 1461 2135 μὴ
1474 2101 1574 2128 ἀδικῶν
1589 2103 1638 2137 τὴν
1649 2103 1739 2138 ψυχὴν
1750 2105 1844 2138 αὑτοῦ,

1055 2141 1131 2174 οὗτος
1151 2145 1198 2170 καὶ
1220 2147 1275 2176 τοῖς
1294 2145 1382 2178 λόγοις
1404 2146 1533 2180 ἀμίαντον
1549 2148 1632 2181 αὐτὴν
1649 2151 1843 2184 συνετήρησεν.

1056 2189 1123 2215 Οὐδὲ
1143 2189 1157 2214 ὀ
1178 2190 1283 2221 τούτοις
1307 2191 1466 2224 φυλάττων,
1488 2192 1538 2226 ἠδη
1564 2194 1610 2219 καὶ
1630 2194 1779 2228 μολυσμοῐς
1795 2197 1844 2222 οὐκ

1055 2234 1179 2268 ἐμόλυνε.
1196 2236 1308 2271 Τριττδν
1323 2235 1378 2271 γὰρ
1393 2237 1423 2263 τὸ
1442 2237 1610 2272 ἁμαρτάνειν
1625 2239 1808 2275 καθέστηκεν.

1095 2340 1137 2371 ιζ’.
1154 2341 1191 2367 Οὐ
1207 2341 1307 2377 δυνήσῃ
1324 2342 1353 2368 τὸ
1370 2342 1515 2377 πρόσωπον
1531 2343 1579 2378 τῆς
1595 2345 1696 2380 ἀρετῆς
1714 2347 1843 2380 κατιδεῖν,

1054 2385 1139 2420 ἡδέως
1159 2386 1198 2412 ἔτι
1213 2387 1242 2412 τὸ
1263 2387 1311 2421 τῆς
1330 2387 1429 2418 κακίας
1446 2389 1595 2416 κατανοῶν.
1616 2391 1738 2425 Μιπητδν
1755 2392 1782 2418 δέ
1803 2402 1843 2419 σοι

1053 2433 1114 2458 τότε
1133 2435 1256 2466 φανεῖται
1273 2433 1303 2459 τὸ
1322 2433 1447 2468 δεύτερον
1459 2455 1465 2465 ,
1485 2435 1528 2460 ὅτε
1549 2436 1656 2470 τρυφῆς
1673 2437 1844 2472 ἐπιθυμητῆς

1053 2478 1103 2512 τὴν
1116 2477 1219 2512 γεῦσιν,
1239 2479 1286 2505 καὶ
1302 2479 1428 2514 τοιαύτης
1443 2480 1492 2515 τὴν
1509 2480 1569 2514 ὄψιν
1588 2481 1763 2517 ἁποξενώσῃς
1779 2492 1845 2518 μορ-

1055 2523 1118 2557 γῆς.

1090 2572 1135 2604 ιη’.
1162 2570 1208 2595 Διά
1235 2570 1289 2597 τῶν
1309 2571 1457 2606 λογισμῶν,
1481 2572 1512 2598 οὺ
1534 2572 1577 2599 διὰ
1600 2573 1654 2599 τῶν
1675 2574 1844 2608 πραγμάτων

1054 2616 1271 2649 προηγουμένως
1295 2616 1459 2650 πολεμοῦσιν
1485 2619 1508 2644 οἱ
1531 2618 1657 2653 δαίμονες
1678 2619 1727 2654 τὴν
1744 2619 1844 2654 ψυχήν·

1052 2660 1121 2686 αὐτὰ
1141 2661 1195 2695 γὰρ
1219 2662 1280 2687 καθ’
1303 2662 1386 2688 ἑαυτὰ
1403 2663 1551 2697 πολεμοῦσι
1565 2664 1600 2690 τὰ
1614 2665 1763 2699 πράγματα
1775 2673 1781 2680 '
1800 2666 1842 2691 καὶ

1053 2705 1110 2731 τῶν
1127 2707 1176 2740 μὲν
1194 2708 1375 2740 πραγμάτων,
1397 2709 1413 2743 ἡ
1434 2709 1502 2742 ἀκοὴ
1519 2710 1618 2741 αἴτιος,
1637 2712 1684 2736 καὶ
1706 2712 1722 2745 ἠ
1737 2712 1843 2746 ὅρασις·

1052 2751 1106 2777 τῶν
1117 2751 1146 2778 δὲ
1160 2753 1299 2787 λογισμῶν
1312 2754 1328 2787 ὴ
1344 2754 1483 2788 συνήθεια,
1501 2756 1547 2782 καὶ
1564 2757 1587 2782 οί
1599 2757 1734 2789 δαίμονες.

1089 2796 1131 2824 ιϐ’.
1145 2797 1259 2832 Τριττδν
1276 2800 1325 2832 μὲν
1339 2800 1368 2825 τὸ
1387 2800 1575 2834 ἁμαρτητικὸν
1597 2802 1678 2836 μέρος
1690 2804 1739 2837 τῆς
1754 2803 1843 2838 ψυχῆς

1052 2841 1227 2877 εὑρίσκομεν*
1244 2845 1272 2870 ἐν
1287 2845 1388 2879 ἔργοις,
1403 2846 1430 2871 ὲν
1444 2845 1542 2878 λύγοις,
1558 2847 1605 2873 καὶ
1619 2848 1743 2878 ἐννοίαις.
1764 2848 1841 2880 Ἐξι-

1051 2886 1124 2915 δικὶν
1141 2889 1168 2915 δὲ
1189 2889 1218 2915 τὸ
1241 2891 1289 2925 τῆς
1312 2892 1521 2927 ἀναμαρτῃσίας
1541 2893 1631 2920 καλόν.
1662 2893 1841 2926 Ἀπταίστους
