2023 3164
157 260 220 291 llil

185 324 232 355 ξζν.
253 323 297 349 Ἐν
308 321 348 354 οἷς
363 322 458 357 κρατεῖ
470 319 555 354 ἕλεος,
569 321 616 348 καὶ
629 322 751 356 ἀλήθεια,
766 321 794 348 ὲν
809 322 932 355 ἐκείνοις,
955 315 975 341 Α

149 368 194 395 καὶ
204 369 259 394 πᾶν
281 369 307 395 εῐ
319 377 345 394 τι
359 368 515 403 θεάρεστον.
538 368 570 395 Ἦ
586 368 636 403 μὲν
651 368 704 404 γὰρ
718 368 814 394 οὐδένα
834 368 933 402 κρῖνει,

148 413 238 444 ἐλέους
259 413 358 448 χωρίς·
371 414 386 439 ὁ
399 414 427 440 δὴ
444 414 697 449 φιλανθρωπεύεται
711 415 739 440 ὲν
754 414 852 446 οὐδενὶ,
869 415 933 449 ἀλη-

146 459 220 490 θείας
234 460 324 491 ἐκτός.

181 504 229 539 ξη’.
244 506 283 539 Τῇ
301 505 433 540 ἁπλότητι
448 506 636 541 κερασάμενος
654 505 703 540 τὴν
717 506 891 541 ἐγκράτειαν,
904 505 932 531 ὲν

145 549 289 585 περιλήψει
304 550 406 585 γενήσῃ
418 550 466 584 τῆς
480 550 583 576 ἐκεῖθεν
597 549 807 586 μακαριότητος.

179 595 227 628 εθι.
248 595 306 622 Οὐκ
329 595 388 630 δψει
417 596 525 626 πάντως
542 595 575 621 τὰ
603 595 772 630 πολεμοῦντὰ
796 603 825 622 σε
846 594 930 628 πάθη,

144 640 168 666 sl
181 639 217 675 μὴ
233 640 367 675 πρότερον
383 640 431 676 τὴν
446 640 508 674 γῆν,
520 639 548 672 EE
560 636 593 674 ἧς
609 639 754 674 ἐτρέφοντο
768 639 850 674 ἐάσῃς
866 639 930 672 ἁνή-

144 694 232 721 ροτον.

178 734 208 758 o'.
225 731 258 757 Ol
273 731 322 766 μὲν
336 731 385 765 τὴν
406 730 453 757 τοῦ
470 731 595 766 σώματος
608 730 674 765 ὓλην
687 730 766 764 μόνον
778 730 931 766 ἐκκαθᾶραι

145 777 326 803 σπεύδουσιν·
341 778 366 803 οἱ
383 777 411 803 δὲ
432 777 477 802 κα)
499 777 548 810 τῆς
563 775 662 810 ψυχῆς.
678 776 710 802 Οἱ
729 776 778 810 μὲν
793 775 846 810 γὰρ
863 775 931 810 πρὶς

144 823 228 857 μόνην
245 822 294 857 τὴν
312 822 372 848 κατ’
394 821 534 856 ἐνέργειαν
560 820 700 855 ἁμαρτίαν
718 821 794 855 ἰσχὺν
817 820 929 846 Ξλαεον·

141 867 167 893 οί
182 867 210 893 δὲ
228 867 296 902 πρὸς
312 867 342 894 τὸ
358 867 452 899 πάθος.
471 867 542 902 Πρὸς
569 866 597 892 δὲ
614 865 663 901 τὴν
685 866 745 893 κατ’
769 865 930 901 ἐπιθυμίαν,

143 912 214 939 πάνυ
228 912 375 947 ἐλάχιστοι.

183 1015 233 1043 οα¹.
255 1016 325 1052 ’Υλη
343 1018 449 1052 πονηρὰ
467 1018 611 1053 σώματος,
627 1019 774 1053 ὲμπάθεια·
792 1019 880 1054 ψυχῆς
896 1018 934 1050 δὲ,
953 991 975 1020 Β

146 1062 310 1095 ἡδυπάθεια·
329 1064 501 1098 προσπάθεια
524 1063 564 1095 δὲ,
584 1064 630 1090 τοῦ
650 1064 719 1095 νοός.
736 1065 935 1100 Κατηγορεῖται

145 1107 174 1133 δὲ
189 1109 239 1142 τῆς
255 1108 324 1143 μὲν,
342 1109 396 1144 ἁφή
408 1117 415 1124 ·
435 1109 485 1144 τῆς
499 1109 538 1141 δὲ,
557 1111 585 1136 αί
602 1109 695 1136 λοιπαὶ
713 1110 854 1143 αίσθήσεις
866 1117 872 1124 ·
888 1111 936 1145 τῆς

146 1151 174 1179 δὲ
189 1153 359 1184 τελευταίας.
382 1155 491 1181 ἐναντία
507 1154 637 1186 διάθεσις.

181 1197 230 1233 οβ’.
252 1199 281 1225 Ὀ
296 1199 346 1234 μὲν
363 1200 504 1234 ἡδυπαθὴς
518 1200 632 1235 πλησίον
648 1201 707 1227 ἐστὶ
722 1200 770 1226 τοῦ
783 1200 933 1235 ὲμπαθοῦς’

144 1243 160 1268 ὀ
175 1244 204 1270 δὲ
224 1245 383 1278 προσπαθὴς
398 1245 446 1271 τοῦ
471 1245 640 1279 ήδυπαθοῦς·
669 1246 778 1281 μακρὰν
799 1246 826 1273 δὲ
846 1247 934 1282 ἀμφο-

144 1287 235 1321 τέρων
249 1287 264 1313 ὁ
281 1287 398 1322 ἀπαθής.

180 1331 231 1364 ογ’.
254 1333 398 1368 Ἐμπαθής
419 1334 510 1366 ἔστιν,
527 1334 542 1360 ὁ
560 1334 590 1360 τὸ
612 1335 800 1369 ἁμαρτητικὸν
819 1335 866 1362 τοῦ
891 1337 933 1362 λο-

143 1376 247 1411 γισμοῦ
279 1377 430 1413 βιαιότερον
455 1379 540 1413 ἔχων,
560 1379 611 1405 κᾶν
630 1380 698 1411 τέως
727 1380 764 1416 μὴ
787 1381 933 1418 ἁμαρτάνῃ

144 1423 241 1454 tua,“
260 1423 399 1458 ἡδυπαθὴς
415 1424 459 1456 δὲ,
475 1426 488 1450 ὀ
501 1425 550 1460 τὴν
567 1425 707 1460 ἐνέργειαν
725 1427 772 1460 τῆς
794 1427 932 1462 ἁμαρτίας

143 1469 214 1503 ἔχων
228 1469 275 1495 τοῦ
289 1469 431 1502 λογισμοῦ,
444 1470 496 1496 κᾶν
513 1471 606 1505 πάσχῃ
620 1471 704 1502 ἐντός·
720 1473 878 1508 προσπαθὴς
891 1473 928 1506 δὲ,

143 1514 156 1539 ὀ
169 1514 202 1547 τῇ
215 1513 356 1549 ἐλευθερίᾳ
371 1514 469 1548 μᾶλλον
481 1514 496 1549 ἢ
506 1516 538 1549 τῇ
552 1515 658 1549 δουλείᾳ
670 1515 724 1540 τῶν
740 1516 829 1550 μέσων
845 1526 939 1552 προσ--

142 1558 286 1592 κείμενοςι
301 1558 408 1593 ἀπαθὴς
438 1559 460 1585 δ’
476 1559 507 1585 ἂν
521 1560 573 1593 εἴη,
588 1561 602 1585 ὀ
624 1559 726 1585 τούτων
747 1561 855 1588 πάντων
881 1563 929 1599 τὴν

141 1602 276 1637 διαφορὰν
293 1603 405 1636 ἀγνοῶν.

176 1643 223 1670 08⁷.
249 1642 408 1669 Ἀπόλλυται
425 1642 456 1668 ἐκ
472 1641 561 1676 ψυχῆς
579 1641 716 1675 ἔμπάθεια
744 1640 802 1675 μὲν,
824 1641 867 1667 διὰ
882 1649 927 1675 νη-

143 1689 248 1720 στείας,
261 1688 309 1714 καὶ
322 1687 487 1722 προσευχῆς-
501 1686 650 1722 ἡδυπάθεια
665 1687 704 1718 δὲ,
717 1686 753 1712 δι’
764 1685 926 1720 ἀγρυπνίας.

142 1734 190 1760 καὶ
203 1734 319 1767 σιωπῆς·
333 1734 349 1767 ἡ
364 1732 391 1758 δὲ
404 1733 586 1767 προσπάοεια,
595 1733 637 1758 διὰ
649 1733 772 1766 ἡσυχίας,
785 1731 831 1758 καί⁵
843 1739 928 1766 προσο

142 1779 220 1814 οχῆς·
235 1778 352 1805 ἀπάθεια
365 1777 394 1804 δὲ
412 1778 568 1803 συνίσταται
584 1779 615 1804 ὲκ
632 1778 740 1813 μνήμης
750 1776 827 1803 Θεοῦ.

180 1838 226 1862 oz’.
246 1835 302 1869 Τῆς
323 1834 458 1865 ἀπαθείας
479 1833 533 1861 ἀπὸ
550 1833 679 1869 χειλέων,
700 1833 800 1869 κηρεία
824 1832 931 1868 μέλιτος

142 1879 192 1908 οἶα·
219 1879 294 1914 λόγοι
308 1880 358 1915 τῆς
377 1880 487 1906 αἰωνίου
509 1878 582 1914 ζωῆς
600 1879 794 1911 ἀποστάζουσι.
818 1879 865 1910 Τίς
885 1876 931 1905 οὖν

141 1925 275 1960 ἀξιωθείη
287 1927 342 1956 τοῖς
353 1925 469 1960 χείλεσιν
485 1925 592 1960 ἐκείνης
606 1924 744 1960 προσάψαι
755 1923 790 1950 τὰ
805 1924 866 1950 ἴδια·
884 1924 932 1950 καὶ

144 1971 270 2006 pudeat;
299 1971 436 2004 ἁναμέσον
463 1971 548 2004 αὐτῆς
573 1969 742 2003 αὐλισθῆναι,
771 1968 818 1994 καὶ
845 1968 932 2003 ὀσμῆς

142 2018 238 2052 ἡδείας
256 2016 418 2050 μεταλαϐεῖν
435 2016 554 2050 ἱματίων
565 2015 687 2048 ἐκείνης·
703 2014 826 2040 τουτέστι
840 2014 932 2047 νόμοις

143 2063 324 2100 ἑνηδυνθῆναι
338 2064 391 2089 τῶν
404 2062 519 2096 ἀρετῶν,
536 2062 589 2087 τῶν
606 2061 675 2095 ὑπὲρ
691 2061 789 2092 πάντα,
806 2060 880 2095 φησὶ,
898 2059 931 2086 τὰ

142 2110 282 2146 ἀρώματα
295 2108 380 2135 ὄντων
395 2108 446 2142 τῆς
465 2107 625 2142 αἱσθητικῆς
639 2106 819 2141 διαγνώσεως.

179 2166 236 2199 ος¹.
257 2165 358 2199 Γυμνοὶ
375 2164 422 2191 τοῦ
438 2165 486 2199 μὲν
499 2164 547 2198 τῆς
572 2164 714 2198 φιλαυτίας
728 2163 850 2198 χιτῶνος.
867 2162 932 2193 ἴσως

143 2211 259 2238 πολλοί*
277 2210 362 2244 ὀλίγοι
379 2210 407 2236 δὲ
423 2210 471 2236 τοῦ
488 2209 536 2244 τῆς
552 2208 730 2243 φιλοκοσμίας
752 2207 804 2235 εἶσί
816 2216 823 2223 ·
841 2207 888 2234 τοῦ
903 2207 931 2233 δὲ

142 2258 196 2291 τῆς
210 2255 374 2289 κενοδοξίας,
389 2255 418 2286 ὃς
431 2255 478 2282 καὶ
494 2255 607 2290 ἔσχατος
619 2254 738 2288 λέγεται,
758 2254 876 2290 γυμνοὺς
889 2253 933 2279 εὑ-

145 2303 241 2336 ρήσεις
258 2301 321 2332 τοὺς
337 2301 460 2333 ἀπαθεῖς.

179 2356 230 2388 oC'.
243 2357 295 2383 Τοῦ
314 2357 366 2392 μὲν
377 2357 516 2392 ὁρωμένου
545 2356 684 2390 σώματος,
698 2355 773 2381 πᾶσα
795 2353 868 2387 ψυχὴ
882 2361 931 2387 γυ-

144 2402 330 2435 μνωθὴσεται·
349 2402 396 2429 τοῦ
421 2403 449 2430 δὲ
464 2403 512 2437 τῆς
528 2403 684 2438 ἁμαρτίας,
701 2404 717 2439 ἡ
736 2404 786 2438 τῆς
811 2405 929 2433 ἐνταῦθα

143 2447 219 2481 ζωῆς
230 2447 319 2480 ὀλίγον
332 2448 385 2475 τῶν
403 2449 488 2484 ἡδέων
504 2449 760 2484 προσαπολαύσασα.

180 2493 233 2525 οη¹.
256 2491 356 2526 Νεκροὶ
373 2493 421 2527 μὲν
442 2495 473 2519 ὲκ
493 2495 611 2525 ζώντων,
630 2494 729 2525 πάντες
754 2494 928 2530 ὀφθήσονται.

141 2536 374 2572 Νεκρωθήσονται
397 2539 425 2565 δὲ
444 2540 492 2574 τῆς
509 2540 644 2576 ἁμαρτίας
655 2560 662 2572 ,
680 2539 754 2575 μόνοι
771 2543 795 2567 οί
812 2542 844 2567 ὲκ
868 2542 928 2568 δια-

141 2581 247 2613 θέσεως
262 2581 364 2616 ταύτην
382 2583 558 2617 μισήσαντες.

178 2624 228 2653 όθ’.
245 2626 291 2656 Τίς
306 2626 401 2652 ἑαυτὸν
414 2627 466 2662 πρό
477 2628 522 2653 τοῦ
539 2629 628 2656 κοινοῦ
641 2631 756 2658 θανάτου
771 2632 818 2658 τοῦ
835 2631 928 2666 σώμα-

139 2679 188 2702 τος
201 2670 243 2707 ῐδῃ
256 2671 304 2704 τῆς
315 2672 450 2707 ἁμαρτίας
459 2673 562 2707 γυμνόν
573 2683 581 2707 ;
597 2676 645 2701 καὶ
657 2676 699 2709 τίς
713 2678 727 2704 ὀ
741 2678 820 2711 γνοὺς
834 2677 928 2703 ἑαυτόν

139 2725 170 2743 τε
186 2717 234 2742 καὶ⁵
247 2717 295 2751 τὴν
317 2717 383 2743 ἰδίαν
397 2718 489 2753 φύσιν,
506 2719 584 2746 ὁποία
599 2721 657 2748 ἐστὶ
687 2723 739 2757 πρὸ
750 2723 801 2757 τῆς
815 2723 929 2758 μελλού-

140 2769 192 2796 σης
209 2769 242 2794 γυ
247 2761 373 2795 μνώσεως
384 2770 391 2793 ;

215 2818 322 2856 Ψυχὴν
336 2819 421 2856 ἕρέξλτι
440 2821 786 2856 νυμφικῷῖετρωμένην,

213 2853 294 2887 stain
307 2854 474 2880 συνάπτειν
485 2855 566 2882 οἶδεν
577 2853 774 2891 arandae/4,.

178 2897 216 2924 π’.
233 2899 285 2925 Τοῦ
298 2899 428 2934 αἰσθητοῦ
446 2909 490 2932 τε,
510 2903 557 2928 καὶ
571 2901 664 2937 νοεροῦ
691 2903 778 2936 φωτὸς
801 2904 816 2937 ἡ
831 2903 926 2939 λογικὴ

140 2945 169 2969 ἑν
187 2943 302 2979 μεθορίῳ
318 2946 430 2981 κειμένη
449 2946 533 2982 ψυχὴ,
546 2948 590 2974 διὰ
607 2948 657 2982 μὲν
671 2948 766 2974 τούτου
780 2948 828 2975 καὶ
843 2950 927 2983 πράτ-

141 2997 198 3015 τειν
219 2989 253 3016 τὰ
275 2989 320 3016 τοῦ
337 2991 461 3026 σώματος
483 2993 642 3028 ἐπετράπη·
661 2993 693 3020 δι’
715 2993 819 3020 ἐκείνου
832 2993 871 3023 δὲ,
891 2994 926 3022 τὰ

817 253 1021 285 ANTHOLOG
1027 254 1109 284 lUM.

1710 255 1781 286 illi

1025 313 1069 340 67.
1085 312 1114 339 ln
1131 312 1233 348 quibus
1248 317 1345 348 regnat
1371 312 1562 340 misericordia
1579 317 1608 340 et
1624 313 1736 346 Veritas,
1752 314 1788 340 iur

992 358 1033 384 eis
1045 358 1117 384 inest
1133 358 1267 392 quidquid
1280 358 1335 385 Deo
1355 357 1463 392 placet:
1476 357 1534 384 haec
1549 357 1623 384 enim
1640 358 1788 385 neminenr

989 405 1095 440 judicat
1109 405 1212 440 absque
1229 404 1419 432 misericordia
1434 425 1442 438 ,
1457 404 1503 432 illa
1519 412 1584 432 vero
1602 405 1709 431 nemini
1729 404 1765 432 be

992 454 1094 481 nefacit
1110 454 1168 481 sine
1184 454 1301 489 justitia.

1027 500 1072 527 68.
1091 499 1143 533 Qui
1162 500 1332 535 simplicitati
1355 499 1445 536 jungit
1467 499 1688 534 temperantiam,
1705 497 1778 525 l'utn-

993 555 1050 574 ram
1068 547 1287 582 comprehendet
1304 546 1475 574 felicitatem.

1027 594 1072 621 69.
1096 593 1155 620 Non
1175 593 1252 628 prius
1277 593 1420 627 passiones
1435 600 1530 619 omnes
1557 590 1682 619 succides
1699 597 1779 626 quam

993 644 1107 673 tcrram,
1133 639 1204 667 unde
1241 639 1294 666 illis
1331 639 1544 671 incrementum,
1568 638 1701 665 inaratam
1737 645 1780 664 rc-

992 686 1118 720 liqueris.

1027 732 1072 760 70.
1088 731 1204 766 Quidam
1234 739 1334 766 corpus
1353 731 1496 763 duntaxat,
1519 730 1632 764 quidam
1658 728 1779 756 animam

993 784 1124 814 prmterea
1139 785 1291 814 expurgare
1309 778 1445 805 laborant.
1459 777 1512 804 Alii
1529 776 1665 811 siquidem
1683 775 1777 803 adver-

992 833 1039 853 sus
1055 829 1197 860 peceatum
1212 825 1303 860 Operis
1316 823 1508 852 tantummodo
1536 823 1610 849 vires
1639 830 1671 850 ac
1694 821 1780 848 robur

992 877 1168 907 acceperunt.
1184 872 1230 899 alii
1245 872 1308 898 item
1329 871 1460 898 adversus
1478 869 1714 906 perturbationes,
1731 868 1781 895 ad—

993 927 1088 946 versus
1107 918 1284 953 cupiditatem
1306 925 1371 945 vero
1390 925 1438 944 seu
1456 915 1708 951 concupiscentiam
1721 914 1781 941 lon-

991 972 1024 1000 ge
1039 964 1208 999 paucissimi.

1026 1011 1071 1038 7i.
1087 1010 1200 1037 Materia
1210 1009 1311 1036 vitiosa
1322 1009 1450 1044 corporis
1463 1013 1505 1035 est
1523 1007 1652 1040 aﬂectio;
1677 1006 1778 1033 anima:

990 1062 1094 1089 autem,
1111 1057 1239 1091 voluptas
1253 1065 1259 1083 ι
1273 1055 1387 1091 spiritus
1403 1055 1531 1090 denique,
1546 1054 1692 1088 cupiditas.
1708 1052 1780 1080 Cau-

990 1111 1019 1131 sa
1045 1104 1139 1138 prima:
1167 1107 1209 1130 est
1239 1107 1344 1135 tactus;
1377 1101 1514 1133 secundae,
1540 1099 1632 1128 caeteri
1660 1106 1780 1131 sensus;

991 1149 1104 1182 ultimm,
1123 1149 1261 1177 contraria
1274 1148 1430 1183 dispositio.

1026 1195 1071 1222 72.
1089 1195 1272 1231 Voluptuosus
1289 1193 1431 1229 proximus
1444 1198 1486 1220 est
1497 1192 1607 1225 allecto,
1620 1196 1649 1219 et
1662 1190 1780 1226 cupidus

991 1241 1156 1276 voluptuose
1183 1240 1230 1268 sed
1249 1241 1328 1276 longe
1345 1245 1467 1268 remotus
1489 1239 1524 1266 ab
1540 1243 1657 1273 utroque
1675 1238 1779 1272 impas-

990 1287 1079 1315 sibilis

1027 1333 1070 1360 73.
1094 1333 1235 1368 Ἐμπαθὴς
1261 1338 1313 1365 est,
1330 1333 1357 1360 in
1373 1340 1428 1368 quo
1441 1332 1482 1359 vis
1503 1331 1635 1367 peccandi
1652 1330 1679 1357 in
1695 1329 1779 1356 ratio-

990 1388 1053 1407 nem
1069 1379 1240 1412 dominatur,
1270 1379 1322 1406 etsi
1342 1379 1447 1406 interea
1469 1378 1537 1405 foris
1555 1385 1610 1404 non
1630 1380 1783 1411 peccetur;

990 1425 1144 1461 ἡδυπαθὴς,
1177 1426 1204 1453 in
1220 1434 1274 1461 quo
1287 1426 1434 1453 cllicientia
1450 1425 1554 1461 peccati
1580 1424 1686 1451 ratione
1705 1422 1784 1450 infir-

992 1471 1063 1499 mior
1077 1475 1132 1503 est,
1146 1471 1210 1499 licet
1227 1472 1301 1499 intus
1318 1471 1452 1498 adiciatur
1469 1479 1476 1504 ;
1492 1469 1665 1506 προσπαοὴς,
1691 1467 1735 1503 qui
1749 1467 1784 1494 li-

991 1517 1093 1545 bertati
1112 1525 1160 1545 seu
1173 1519 1266 1553 potius
1295 1518 1421 1545 servituti
1459 1518 1625 1544 mediorum"
1639 1515 1783 1547 adhaeret;

992 1564 1112 1598 ἀπαθὴς,
1128 1564 1176 1599 qui
1191 1565 1290 1591 horum
1309 1565 1433 1591 omnium
1446 1563 1596 1591 discrimen
1606 1563 1731 1598 ignorat..

1027 1637 1073 1664 74.
1092 1635 1135 1664 Ab
1147 1636 1239 1663 anima
1253 1635 1424 1671 exstirpatur
1440 1635 1550 1663 aﬂectio
1574 1643 1623 1671 per
1644 1635 1785 1672 jejunium

991 1688 1020 1711 et
1037 1684 1203 1715 orationem,
1219 1683 1348 1718 voluptas
1366 1690 1414 1717 per
1443 1683 1565 1718 vigiliam
1575 1687 1606 1710 et
1628 1683 1781 1714 silentium,

991 1737 1018 1758 et
1035 1730 1173 1765 cupiditas
1191 1738 1241 1765 per
1255 1730 1418 1764 quietemlet
1430 1730 1629 1761 attentionem;
1658 1729 1782 1763 impassi-

991 1777 1083 1804 bilitas
1102 1783 1169 1804 vero
1191 1776 1370 1803 constituitur
1386 1783 1437 1810 per
1452 1776 1500 1803 Dei
1520 1776 1691 1802 memoriam.

1026 1835 1071 1861 75.
1086 1834 1128 1861 Ab
1143 1833 1372 1868 impassibilitatis
1384 1833 1465 1860 labiis
1481 1838 1510 1860 ut
1525 1832 1604 1859 favus
1631 1833 1720 1861 mellis
1739 1833 1781 1860 di-

991 1880 1101 1908 stillant
1115 1880 1199 1907 verba
1217 1880 1280 1906 vita:
1290 1884 1409 1906 aeterna.
1423 1878 1490 1911 Quis
1515 1879 1598 1914 igitur
1614 1879 1713 1914 dignus
1729 1879 1780 1906 ha-

991 1926 1103 1954 bebitur
1119 1926 1166 1960 qui
1183 1925 1264 1953 labiis
1285 1925 1358 1952 illius
1372 1925 1482 1960 propria
1499 1925 1652 1959 llgallabia,
1666 1929 1694 1952 et
1708 1925 1780 1952 inter

989 1974 1050 2009 ejus
1072 1972 1158 1999 ubera
1187 1971 1354 2006 requiescat,
1373 1978 1526 2005 suavesque
1552 1971 1781 1998 vestimentorum

992 2020 1082 2055 ipsius
1097 2019 1201 2054 aspiret
1216 2017 1330 2051 odores,
1359 2018 1386 2045 id
1413 2021 1466 2050 est,
1496 2017 1602 2052 legibus
1627 2017 1780 2044 delectetur

990 2067 1136 2098 virtutum,
1157 2073 1218 2100 qua:
1229 2065 1322 2092 omnia
1339 2068 1471 2099 superant
1487 2068 1610 2091 aromata
1632 2062 1780 2090 “sensibilis

990 2112 1187 2148 perceptionis.

1024 2159 1068 2187 76.
1092 2158 1194 2187 Nudati
1221 2157 1389 2186 vestimento
1418 2156 1522 2192 proprii
1552 2155 1655 2183 amoris
1687 2155 1780 2182 forsan

989 2206 1068 2233 multi
1086 2209 1170 2238 sunt;
1185 2205 1291 2232 amoris
1308 2211 1374 2231 vero
1385 2202 1492 2236 mundi,
1509 2201 1666 2237 paucissimi
1680 2208 1688 2235 ;
1705 2200 1780 2228 inani

988 2258 1081 2280 autem
1098 2252 1185 2288 gloria
1200 2256 1316 2280 exutum
1333 2250 1457 2278 invenies
1470 2248 1596 2284 quemvis
1622 2247 1781 2283 impassibi-

987 2301 1052 2331 lem,
1072 2299 1149 2325 illum
1162 2297 1247 2325 etiam
1264 2297 1311 2332 qui
1329 2295 1431 2323 dicitur
1455 2299 1603 2322 extremus.

954 2344 977 2373 D
1027 2345 1070 2372 77.
1090 2344 1198 2372 Visibili
1211 2343 1322 2379 quidem
1343 2349 1460 2376 corpore
1483 2341 1574 2368 omnis
1591 2340 1681 2367 anima
1697 2347 1788 2367 exue-7

990 2399 1052 2426 tur;
1066 2398 1186 2425 corpOre
1202 2395 1294 2417 autem
1313 2387 1428 2422 peccati,
1443 2394 1474 2413 ea
1494 2390 1599 2412 tantum
1631 2392 1692 2419 qua:
1719 2384 1781 2411 vita:

989 2436 1132 2474 praesentis
1148 2433 1337 2469 voluptatibus
1361 2439 1456 2466 parum
1479 2431 1601 2458 indulsit.

1025 2483 1071 2512 78.
1088 2481 1191 2509 Mortui
1215 2488 1249 2507 ex
1262 2479 1333 2506 vivis
1345 2485 1440 2505 omnes
1466 2477 1548 2510 ﬁent;
1563 2483 1675 2512 peccato
1688 2483 1779 2506 autem

989 2531 1007 2558 ii
1027 2533 1137 2556 tantum
1166 2526 1319 2555 morientur
1338 2524 1385 2559 qui
1415 2523 1488 2551 istud
1502 2531 1535 2551 ex
1564 2523 1647 2552 corde
1677 2525 1781 2564 fuerint

987 2575 1129 2605 detestati.
1661 2564 1687 2598 Τ

1022 2623 1068 2650 '79.
1098 2621 1167 2656 Quis
1192 2620 1314 2655 seipsum
1343 2622 1408 2645 ante
1434 2610 1610 2645 communem
1653 2616 1787 2651 corporis

988 2674 1108 2698 mortem
1127 2671 1242 2704 peccato
1267 2669 1380 2694 exutum
1402 2663 1608 2696 videbitlouis
1632 2669 1785 2698 cognosch

987 2717 1113 2753 seipsum
1136 2722 1270 2749 suamque
1290 2718 1415 2741 naturam
1440 2711 1529 2747 qualis
1553 2710 1600 2741 sit.
1620 2714 1684 2737 ante
1706 2709 1785 2737 futu‘,

988 2773 1050 2794 ram
1065 2763 1242 2793 nudationem
1254 2761 1267 2787 τ

1097 2811 1221 2838 Animam
1235 2816 1326 2836 amore
1349 2806 1444 2842 δροηεί
1456 2805 1625 2842 vulneratam

1098 2846 1190 2873 Oratio
1207 2853 1266 2871 cum
1278 2840 1379 2878 Sponso
1393 2842 1543 2869 consociare
1559 2840 1633 2867 solet.

1026 2894 1071 2922 80.
1083 2893 1188 2921 Animas
1204 2890 1341 2922 rationali,
1376 2889 1507 2917 sensibile
1534 2886 1715 2922 acspirituale
1734 2886 1787 2913 Ιιι-ι.

992 2949 1054 2969 men
1071 2939 1257 2974 intcrjacenti,
1277 2937 1359 2971 hujus
1379 2943 1430 2970 ope
1448 2935 1491 2962 vel
1504 2933 1666 2968 corporalia,
1684 2937 1712 2960 et
1726 2940 1780 2967 ope

993 2989 1066 3017 illius
1079 2987 1163 3016 etiam
1178 2984 1330 3019 spiritualia
1343 2982 1461 3011 faciendi
1474 2989 1539 3010 cura
1555 2981 1605 3009 fuit
1618 2979 1777 3008 commissas
