2023 3164
242 224 312 257 iiii)

926 227 1023 257 ELH‘I
1045 228 1168 259 ECDlCi

1794 231 1865 263 1144

227 283 279 311 Sed
295 287 439 318 postquam
465 283 515 318 ipsi
542 282 720 310 obscuratum
750 283 861 317 quidem
880 289 922 310 est
937 283 1013 312 illud.

1076 286 1121 313 τοῦ
1143 287 1304 322 πνεύματος.
1327 288 1396 313 Ἀλλ’
1419 288 1511 322 ἐπειδὴ
1537 287 1689 322 ὴμαυρώθη
1715 288 1765 321 μὲν
1793 291 1862 324 αὖτῇ

228 332 280 358 hoc
295 338 361 358 vero
377 330 478 357 clarius
504 329 645 361 effectum,
672 330 697 355 vi
716 330 835 364 antiqn:e
867 334 1014 357 consuctn~

227 376 312 409 diuis,
341 376 392 403 nisi
418 380 473 404 tota
502 375 639 410 spirituali
678 375 783 402 lumine
813 376 964 403 illustratur
987 377 1014 403 in

225 422 350 449 oratione
367 421 469 454 anima,
484 428 529 449 res
546 421 681 456 inspicere
709 422 815 449 divinas
843 430 896 449 non
915 427 1014 457 potest.

229 468 342 495 P'ccessc
356 472 448 494 autem
460 472 490 495 ut
508 467 598 495 media
622 474 732 496 maneat
758 468 830 495 inter
849 468 977 496 tenebras
987 473 1016 495 et

226 514 331 543 lumen.
355 505 414 548 peri
430 520 508 540 suam
534 518 658 540 naturam
680 521 776 540 versus
796 514 858 546 hoc,
870 521 922 550 per
945 514 1015 541 inta—

225 558 393 594 ginationem
407 565 502 585 versus
514 558 573 585 illas
588 566 647 585 sese
663 563 837 586 convertens.

262 605 306 632 81.
326 605 379 632 Per
400 609 542 640 angustam
564 609 670 640 portam
699 605 834 632 orationis
861 613 939 633 mens
954 614 1017 641 per-

227 650 436 677 turbationibus
451 651 552 684 agitata
567 650 669 677 intrare
685 658 739 676 non
772 656 871 684 potest,
889 651 917 678 ni
938 652 1016 686 pritts

224 700 354 731 cognatas
380 695 580 723 sollicitudines
604 696 741 730 posuerit:
768 696 815 723 sed
830 696 857 724 in
880 696 926 724 his
952 706 1015 733 qua:

225 743 328 769 circum
349 741 554 769 tabernaculum
577 743 646 776 ejus,
663 741 714 769 hoc
737 747 772 769 2st
797 742 871 769 circa
899 750 1012 778 corpus,

227 794 300 819 sunt,
317 796 425 823 sun'pcr
437 793 571 822 occupata
594 788 743 816 cruciatur.

266 835 311 861 82.
331 835 363 863 Ut
377 835 417 862 sol
434 843 575 870 nunquam
589 839 630 862 est
649 836 710 864 sine
724 837 812 869 radio,
830 839 906 866 sicin
924 843 1015 866 mente

227 888 335 915 semper
347 881 382 907 sit
399 885 426 908 et
442 886 551 907 maneat
566 882 666 914 oratio,
697 882 758 910 sine
775 891 827 918 qua
849 884 1014 912 sollicitudi-

227 933 277 953 nes
297 934 388 953 rerum
405 926 456 953 sub
483 934 582 954 sensus
609 927 766 955 cadentium
790 930 865 957 velut
890 931 1013 965 quaadam

227 972 315 999 nubes
351 979 405 999 non
431 979 541 1007 aquosae
574 974 818 1007 circumvolantes,
851 981 970 1004 mentem
997 986 1011 1004 s

226 1018 393 1052 perfruenda
408 1019 532 1046 claritate
547 1027 596 1047 sua
620 1020 783 1057 impediunt.

264 1063 309 1090 83.
331 1062 425 1091 Virtus
442 1064 577 1091 orationis
587 1064 673 1092 fames
688 1065 814 1093 ciborum
840 1068 992 1096 voluntaria
1006 1078 1012 1096 :

226 1109 313 1136 farncs
331 1113 422 1137 autem
447 1110 492 1137 illa
510 1117 562 1143 est,
583 1116 611 1138 ut
628 1119 720 1139 rerum
737 1113 938 1141 mundanarum
955 1116 1014 1143 sine

226 1163 334 1183 summa
363 1156 525 1184 necessitate
553 1157 621 1184 nihil
644 1166 732 1193 neqtte
750 1159 847 1186 audias
868 1169 957 1195 neque
974 1162 1015 1189 vi-

226 1201 302 1228 deas.
318 1201 370 1234 Qui
386 1196 451 1229 huic
466 1203 503 1229 rei
515 1210 570 1229 non
589 1203 726 1238 providet,
748 1205 844 1240 ieiunii
860 1207 901 1234 sui
930 1207 1015 1235 auditi-

226 1247 300 1279 cium
324 1248 496 1275 consolidare
510 1256 543 1276 ac
571 1249 694 1280 stabilire
716 1252 821 1289 nequit,
837 1252 957 1291 facitque
982 1263 1016 1283 eo

225 1294 380 1324 orationem
404 1295 493 1333 lutnpi
517 1306 549 1325 ac
565 1299 688 1328 dissolvi.
871 1299 875 1305 '

263 1342 297 1368 Si
321 1342 411 1374 Mens,
425 1344 477 1370 nisi
494 1345 520 1370 in
539 1345 668 1374 omnibus
683 1354 743 1381 qua:
763 1353 844 1374 sensu
856 1349 1015 1383 percipiun-

227 1393 274 1414 tur
291 1388 433 1416 moderata
449 1394 476 1417 et
496 1398 575 1425 parca
593 1392 686 1423 fuerit,
707 1393 834 1420 attollere
849 1401 909 1427 sese
925 1394 953 1421 in
968 1403 1015 1421 su—

228 1441 325 1468 perna,
345 1435 562 1471 dignitatemque
574 1445 651 1464 suam
667 1445 832 1473 eugnosccre
847 1447 902 1467 non
915 1445 1015 1475 potest.

263 1480 307 1507 85.
324 1480 381 1508 Diei
407 1482 560 1517 symbolum
581 1488 624 1510 est
642 1484 789 1518 jejunium,
819 1489 912 1520 utpote
929 1487 1018 1513 mani-

227 1525 449 1561 festum;noctis
471 1530 687 1561 autem,oratio,
716 1535 810 1565 utpote
838 1532 1014 1559 abscondita.

229 1570 378 1606 Utriusque
396 1573 479 1606 igitur
497 1574 579 1608 hujus
604 1575 728 1601 exercitii
756 1576 783 1602 in
798 1580 915 1610 utroque
945 1581 1013 1603 tetu-

1075 334 1172 364 ἐκεῖνο,
1199 334 1338 368 ὲτρανώθη
1355 334 1381 360 δὲ
1410 333 1504 365 τοῦτο,
1529 333 1571 359 διὰ
1588 334 1637 368 τὴν
1660 334 1782 368 ἀρχῆθεν
1798 344 1863 359 συν-

1075 378 1178 412 ήθειαν,
1196 379 1219 403 εὶ
1237 379 1274 413 μὴ
1287 378 1355 408 ὅλως
1376 379 1444 412 μετὰ
1457 378 1504 404 τοῦ
1519 378 1612 412 νοεροῦ
1634 380 1662 405 ἐν
1678 380 1709 413 τῇ
1728 379 1794 412 εὐχῇ
1817 380 1863 411 γέ-

1074 430 1163 457 νηται.
1191 422 1290 453 (ιλικῶς
1316 424 1370 452 τοῖς
1391 422 1473 453 θείοις
1492 422 1656 453 ὲνατενίζειν
1677 423 1706 448 οὐ
1737 423 1862 449 δύναται.

1081 467 1197 502 Ἀνάγκη
1215 467 1243 494 δὲ
1258 465 1327 494 εἶναι
1344 468 1428 502 αὐτὴν
1447 468 1476 493 ὲν
1497 467 1660 502 μεταιχμίῳ,
1678 468 1790 499 σκότους
1814 469 1863 495 καὶ

1074 513 1177 548 φωτός·
1195 513 1265 540 κατὰ
1285 513 1377 548 σχέσιν
1393 513 1442 548 μὲν
1457 514 1563 545 τούτου,
1583 513 1654 540 κατὰ
1667 514 1694 540 δὲ
1710 515 1862 548 φαντασίαν

1073 559 1176 586 ἐκείνου
1192 559 1441 593 ἀναστρεφομένην.

1110 609 1166 631 παν.
1194 605 1286 631 Ἔνδον
1306 605 1355 639 τῆς
1375 604 1446 631 κατὰ
1468 603 1516 638 τὴν
1532 603 1614 638 εὐχὴν
1639 603 1735 640 στενῆς
1759 604 1860 638 πύλης,

1072 653 1134 684 νοῦς
1152 652 1302 687 παθητικὸς
1322 651 1352 678 οὒ
1372 651 1484 678 δύναται
1507 651 1648 682 εἰσελθεῖν,
1669 651 1722 686 πρὸ
1741 651 1789 676 τοῦ
1810 651 1861 685 τὴν

1073 697 1142 725 κατὰ
1157 698 1248 732 σχέσιν
1266 697 1407 723 ἀπολιπεῖν
1425 696 1571 731 μέριμναν.
1593 695 1660 730 Περὶ
1678 695 1706 721 δὲ
1721 695 1756 721 τὰ
1780 703 1859 729 περι-

1073 745 1171 779 σκήνια
1199 743 1323 778 ἐκείνης,
1342 742 1538 777 ῶυνηθὴσεται
1559 741 1703 772 διαπαντὸς
1728 740 1859 775 ἀσχῡλούς

1074 800 1162 826 μενος.

1109 837 1163 871 πβ’.
1183 834 1425 871 Συμπαραμενέτω
1440 834 1477 867 τῷ
1492 834 1529 868 νῷ
1544 834 1560 868 ἡ
1586 833 1652 868 εὐχὴ
1663 853 1671 864 ,
1687 832 1725 862 ὡς
1741 833 1770 859 ὲν
1791 832 1858 866 ἡλίῳ

1072 882 1151 912 ἀκτίς
1179 878 1213 916 ἦς
1230 881 1293 907 ἄνευ
1312 880 1340 906 αἱ
1354 878 1551 913 κατάῐσθησιν
1568 878 1709 912 μέριμναι,
1725 875 1769 903 οἷά
1785 885 1858 907 τινες

1071 927 1180 961 ἄνυδροι
1201 926 1311 960 νεφέλαι
1341 923 1569 959 περιπετόμεναι,
1594 923 1639 948 τὸν
1658 922 1720 948 νοῦν
1735 923 1858 957 εἴργουσι

1071 974 1119 1008 τῆς
1132 972 1232 1003 οἰκείας
1248 971 1447 1006 λαμπρῆτητος.

1117 1071 1170 1105 περ.
1188 1071 1307 1106 Δύναμις
1323 1071 1372 1105 μὲν
1396 1070 1497 1105 εὐχῆς,
1517 1071 1595 1096 πεῖνα
1615 1069 1769 1104 βρωμάτιον
1785 1069 1864 1094 tuo-3-

1080 1125 1144 1148 σιος·
1163 1117 1258 1152 πείνης
1269 1117 1308 1147 δὲ,
1323 1116 1352 1143 τὸ
1369 1116 1437 1151 μήτε
1457 1116 1577 1147 ἀκούειν,
1595 1115 1663 1150 μήτε
1677 1115 1753 1149 ὁρᾷψ
1769 1114 1810 1140 ὅτι
1827 1115 1865 1149 μὴ

1080 1164 1154 1189 πᾶσα
1175 1163 1281 1196 ἀνάγκη
1299 1161 1354 1188 τῶν
1368 1162 1523 1196 ὲγκοσμίων
1550 1160 1643 1195 μηδέν.
1656 1160 1766 1186 Τούτων
1790 1161 1804 1186 ό
1827 1160 1864 1195 μὴ

1079 1210 1239 1242 ποιούμενος
1254 1208 1381 1243 πρόνοιαν
1393 1229 1399 1239 ,
1417 1207 1447 1233 τὸ
1461 1207 1509 1241 μὲν
1526 1208 1576 1241 τῆς
1586 1205 1711 1240 νηστείας
1726 1205 1775 1231 οὐκ
1787 1206 1864 1231 ἔστε-

1080 1255 1180 1290 ρέωσεν
1193 1253 1372 1288 οἱκοδόμημα·
1388 1252 1419 1279 τὸ
1435 1253 1463 1279 δὲ
1479 1252 1527 1287 τῆς
1543 1252 1624 1287 εὐχῆς
1641 1252 1669 1278 ἐν
1682 1251 1750 1286 αὐτῇ
1764 1252 1863 1287 περιρ-

1079 1301 1194 1336 ραγῆναι
1208 1299 1344 1334 εποίησεν.

1115 1345 1166 1373 κδ’.
1188 1345 1344 1380 Ἀπέριττος
1360 1345 1384 1370 εἰ
1400 1343 1436 1378 μὴ
1457 1344 1488 1370 ἐκ
1501 1343 1610 1370 πάντων
1627 1343 1642 1368 6
1658 1342 1719 1373 νοῦς
1735 1342 1789 1368 τῶν
1802 1341 1864 1368 κατ’

1076 1392 1202 1426 αἴσθησιν
1219 1391 1333 1426 γένηται
1346 1411 1352 1421 ,
1368 1389 1511 1423 ἀνωφερὴς
1532 1387 1658 1421 γενέσθαι
1678 1387 1709 1414 οὐ
1731 1387 1863 1419 δύναται,

1076 1438 1124 1465 καὶ
1138 1438 1168 1463 τὺ
1185 1437 1284 1463 οἰκεῖον
1296 1435 1427 1470 γνωρίσαι
1441 1433 1559 1468 ἀξίωμα.

1111 1486 1163 1510 πε’.
1182 1482 1302 1517 Ἡμέρας
1318 1482 1367 1516 μὲν
1378 1480 1510 1517 σύμϐολον
1524 1481 1540 1514 ἡ
1552 1479 1673 1514 νηστεία,
1688 1479 1731 1506 διὰ
1742 1479 1772 1505 τὸ
1785 1479 1864 1514 £181;-

1073 1529 1136 1555 ’λον-
1154 1528 1250 1558 νυκτὸς
1261 1527 1289 1553 δὲ
1303 1527 1345 1553 διὰ
1361 1527 1392 1552 τὸ
1404 1526 1510 1560 ἄδηλον,
1524 1526 1540 1559 ἡ
1554 1525 1630 1559 εὐχή.
1649 1525 1803 1560 Ἐκατέρων
1814 1523 1863 1550 οὖν

1080 1574 1180 1600 τούτων
1193 1574 1221 1599 ὲν
1232 1572 1349 1607 ἑκατέρᾳ
1360 1572 1470 1602 ἐνδίκως
1481 1572 1495 1597 ὁ
1509 1571 1706 1605 μετερχόμενος
1715 1591 1722 1598 ,
1735 1570 1802 1603 πρὸς
1812 1570 1862 1603 τὴν

227 1623 295 1649 pore
306 1617 447 1647 studiosus
463 1620 605 1652 qumsitam
623 1620 764 1654 continget
776 1621 927 1653 civitatem,
943 1621 1015 1650 unde

1079 1619 1150 1645 κατὰ
1162 1617 1260 1644 σκοπὸν
1272 1617 1458 1652 ἀπαντήσεται
1472 1615 1558 1642 πόλιν·
1576 1616 1604 1642 ὲν
1651 1615 1754 1647 ἀπέδρα
1767 1615 1860 1647 ὀδύνη,

228 1661 354 1693 exsulant
367 1662 456 1696 dolor,
471 1663 582 1691 tristitia
594 1668 621 1693 et
632 1666 760 1700 gemitus.

265 1707 311 1735 86.
327 1708 484 1743 Spir-itualis
499 1710 571 1737 actio
588 1710 672 1741 etiam
691 1711 750 1738 sine
771 1707 900 1746 corporis
911 1711 1019 1740 actione

231 1754 419 1786 commendari
447 1755 526 1783 solet.
554 1756 656 1787 Beatus
690 1756 783 1791 igitur,
812 1757 858 1792 qui
877 1757 1020 1792 spirituale

231 1809 301 1836 opus
331 1802 467 1836 corporali
499 1803 674 1836 prmstantius
698 1803 807 1830 censuit
829 1811 835 1830 :
854 1811 903 1838 per
927 1805 1017 1838 ipsum

230 1847 308 1874 enim
333 1847 416 1882 hujus
440 1848 577 1875 defectum
596 1848 715 1884 supplet,
734 1849 924 1879 absconditam
936 1851 1019 1878 vitatn

231 1892 260 1919 in
277 1893 402 1922 oratione
423 1894 533 1929 Deoque
550 1894 724 1922 manifestam
738 1896 843 1923 vivens.

266 1985 310 2012 8'1.
333 1985 527 2014 Httrtaturnos
543 1987 692 2023 Apostolus
715 1990 737 2021 9,
755 1993 785 2016 ut
813 1990 899 2018 simus
924 1991 950 2017 in
968 1990 1020 2018 fide

232 2031 380 2066 patientes,
418 2040 466 2067 spe
497 2034 660 2068 gaudentes,
682 2036 800 2062 orationi
833 2037 976 2070 instantes,
991 2042 1022 2064 ut

234 2077 336 2103 bonum
354 2078 446 2111 gaudii
461 2079 532 2112 apud
549 2087 600 2106 nos
616 2080 758 2114 perduret.
775 2081 853 2114 Quod
869 2083 891 2109 si
905 2083 957 2110 hoc
983 2083 1022 2110 ita

230 2127 284 2153 est.
307 2122 402 2158 utique
417 2124 463 2158 qui
487 2132 540 2150 non
558 2129 600 2151 est
619 2126 736 2160 patiens,
764 2134 818 2154 non
842 2133 885 2155 est
907 2128 1020 2162 fidelis;

231 2169 279 2202 qui
297 2177 353 2196 non
376 2169 487 2204 gaudet.
504 2177 557 2196 non
584 2176 692 2204 sperat;
708 2179 817 2199 causam
834 2173 907 2206 enim
930 2174 1021 2209 gaudii

231 2214 385 2241 orationem
405 2214 500 2250 abjicit
513 2215 578 2242 dum
603 2217 628 2243 ei
642 2225 695 2244 non
714 2218 807 2248 instat,

267 2307 311 2333 88.
329 2306 356 2334 Si
379 2314 458 2335 mens
470 2307 504 2335 ab
522 2308 602 2335 initio
628 2316 691 2336 cum
711 2309 859 2338 mundanis
874 2311 1016 2347 cogitatio.
1036 2303 1060 2332 θ

232 2353 315 2380 nibus
342 2354 537 2381 commercium
563 2354 678 2388 habens,
711 2360 813 2383 tantam
845 2357 898 2384 sibi
924 2367 1019 2386 earum

232 2398 381 2426 amicitiam
410 2400 527 2434 peperit,
546 2401 686 2435 quomodo
713 2409 746 2428 ex
770 2402 930 2431 assiduitate
957 2412 1022 2432 ora-

233 2445 316 2478 tionis
329 2453 383 2473 non
403 2446 519 2480 perinde
534 2447 594 2480 ejus
607 2447 819 2476 familiaritatem
835 2450 1021 2485 adipiscetur?

233 2497 295 2516 nam
310 2490 338 2516 in
352 2490 454 2525 quibus
467 2491 529 2524 quis
547 2491 594 2525 diu
617 2498 752 2526 moratur,
768 2494 866 2528 inquit,
881 2494 908 2521 in
934 2495 976 2522 liis
993 2501 1021 2524 et

232 2535 340 2562 dilatari
356 2536 509 2564 consuevit.

268 2582 314 2610 89.
333 2582 410 2609 Sicut
431 2590 447 2610 e
466 2584 578 2619 propria
603 2584 687 2612 domo
696 2585 809 2614 avulsus
834 2587 898 2615 olim
913 2587 1022 2615 aninnts

234 2627 392 2663 splendoris
419 2637 474 2664 quo
488 2630 532 2657 illa
555 2631 671 2666 refulget
686 2631 789 2659 oblitus
805 2637 858 2664 est,
876 2632 914 2659 ita
939 2641 1020 2668 opor-

235 2677 273 2701 tet
286 2682 349 2702 eum
382 2675 525 2712 terrestris
538 2671 815 2710 bnjus'habitationis
829 2680 932 2713 pariter
950 2680 1021 2707 obli-

235 2723 303 2751 tum,
330 2719 363 2746 ad
383 2719 455 2747 illam
471 2728 519 2755 per
534 2721 687 2749 orationem
701 2725 878 2756 transvolare.

269 2765 314 2792 90.
328 2765 406 2793 Sicut
422 2766 513 2793 infans
526 2774 555 2793 se
569 2766 652 2794 habet
665 2767 698 2795 ad
714 2769 798 2796 ubera
813 2769 908 2796 matris
920 2769 1022 2797 exstin-

233 2814 294 2842 ctae,
311 2810 348 2838 ita
361 2819 439 2839 mens
454 2812 488 2840 ad
515 2813 680 2844 orationem.
698 2821 759 2848 qua:
779 2815 865 2849 ipsam
880 2817 1018 2844 consolari

234 2862 288 2881 non
308 2860 416 2890 potest;
431 2857 464 2884 ad
489 2865 549 2885 eam
576 2862 666 2885 autem
680 2867 740 2894 qua:
755 2864 855 2895 potest,
874 2866 903 2888 ιιι
915 2869 1022 2897 puerti-

234 2898 277 2926 lus
294 2900 320 2927 in
342 2903 474 2930 maternis
500 2904 573 2931 ulnis
604 2905 766 2933 suavissime
801 2907 1019 2935 nbdortnisccns.

272 3005 282 3019 ’
295 3005 377 3032 Rom.
395 3015 444 3033 ιιι,

1077 1663 1148 1698 λύπη
1168 1663 1215 1690 καὶ
1234 1662 1393 1697 στεναγμός.

1111 1713 1169 1742 πς’.
1190 1710 1222 1735 'll
1235 1708 1404 1742 πνευματικὴ
1419 1707 1542 1742 ἐργασία,
1557 1706 1604 1732 καὶ
1626 1706 1784 1740 σωματικῆς
1799 1707 1860 1732 ἑπι-

1077 1754 1158 1781 πόνου
1172 1754 1265 1786 ἐκτὸς,
1285 1752 1457 1780 συνίστασθαι
1471 1752 1586 1786 πέφυκε.
1603 1752 1745 1786 Μακάριος
1763 1749 1826 1782 οὖν,
1847 1753 1862 1777 ὀ

1077 1799 1218 1834 κρείττονα
1233 1798 1278 1825 τοῦ
1298 1798 1392 1824 ὲνὺλου
1410 1797 1491 1833 ἔργου
1514 1797 1563 1831 τὴν
1584 1797 1663 1823 ἆῦλον
1685 1797 1862 1832 ἡγησάμενος

1077 1844 1215 1879 ἐργασίαν.
1231 1844 1269 1869 Δι’
1283 1843 1367 1877 αὐτῆς
1381 1842 1435 1877 γὰρ
1451 1843 1500 1877 τὴν
1513 1843 1559 1869 τοῦ
1573 1844 1652 1879 ἔργου
1665 1842 1861 1877 ἀνεπλήρωσεν

1076 1888 1201 1922 ἔλλειψιν,
1224 1888 1310 1922 ζήσας
1332 1887 1382 1921 τὴν
1401 1887 1595 1923 κεκρυμμένην
1611 1887 1683 1922 ζωὴν
1699 1889 1748 1922 τῆς
1764 1887 1859 1922 εὐχῆς.

1076 1935 1121 1960 καὶ
1141 1934 1260 1968 φανερὰν
1276 1932 1315 1967 τῷ
1333 1931 1403 1966 Θεῷ.

1119 1993 1172 2024 πζη
1195 1993 1355 2028 ’Υπομένειν
1372 1993 1420 2028 μὲν
1441 1994 1514 2029 ἡμᾶς
1531 1997 1563 2031 τῇ
1586 1996 1695 2030 πίστει,
1711 1998 1866 2034 παρακαλεί

1081 2039 1096 2065 ό
1110 2039 1179 2070 θεῖος
1199 2039 1368 2070 Ἀπόστολος·
1384 2039 1488 2075 χαίρειν
1503 2041 1530 2067 δὲ
1542 2043 1574 2075 τῇ
1593 2042 1690 2069 ἐλπίδι·
1708 2045 1740 2078 τῇ
1756 2044 1821 2078 εὐχῇ
1836 2044 1865 2070 δὲ

1082 2085 1295 2119 προσκαρτερεῖν
1307 2105 1313 2116 ,
1326 2085 1369 2111 ἵνα
1386 2085 1416 2112 τὺ
1432 2086 1482 2120 τῆς
1504 2088 1591 2121 χαρᾶς
1613 2089 1680 2123 ἡμῖν
1704 2090 1865 2124 παραμείνῃ

1081 2128 1171 2155 καλόν.
1186 2129 1215 2154 Εί
1229 2130 1257 2155 δὲ
1269 2130 1357 2163 τοῦτο,
1370 2130 1422 2165 ἄρα
1434 2133 1448 2157 ὁ
1464 2132 1501 2166 μὴ
1518 2132 1669 2166 ὑπομένων,
1682 2134 1712 2159 οὐ
1730 2134 1834 2165 πιστός·
1850 2137 1865 2161 6

1079 2172 1108 2199 δὲ
1131 2173 1167 2207 μὴ
1185 2174 1297 2208 χαίρων,
1323 2175 1372 2201 οὐκ
1394 2174 1512 2208 εὔελπις.
1542 2176 1706 2203 ’Δπεδάλετο
1727 2178 1781 2212 γὰρ
1811 2178 1864 2213 τὴν

1079 2218 1167 2246 αἰτίαν
1186 2219 1233 2254 τῆς
1253 2221 1338 2255 χαρᾶς
1363 2221 1412 2256 τὴν
1428 2222 1597 2258 προσευχὴν,
1615 2223 1643 2249 ὲν
1658 2222 1697 2258 τῷ
1713 2224 1751 2258 μὴ
1774 2232 1862 2259 προσ-

1079 2265 1220 2298 καρτερεῖν
1232 2265 1259 2290 ὲν
1272 2265 1349 2300 αὐτῇ.

1113 2307 1169 2342 πη’.
1189 2308 1220 2334 El.
1244 2310 1274 2335 ὲν
1293 2312 1349 2341 τοῖς
1372 2311 1528 2346 ἑγκοσμίοις
1549 2313 1688 2346 λογισμοῖς
1706 2315 1721 2340 ὁ
1745 2314 1807 2345 νοῦς
1829 2315 1862 2346 ἐξ

1077 2352 1164 2389 ἀρχῆς
1194 2358 1443 2390 συναναστραφεὶς,
1477 2359 1610 2390 τοσαύτην
1637 2361 1666 2385 ἐν
1690 2359 1781 2392 αὐτοῖς
1808 2360 1860 2394 τὴν

1074 2404 1165 2440 φιλίαν
1181 2405 1331 2440 ἐκτήσατο,
1356 2405 1443 2441 πόσην
1463 2407 1512 2433 οὐκ
1537 2407 1569 2434 ἂν
1589 2409 1744 2443 οἰκειότητα
1761 2413 1811 2446 σχῇ
1831 2414 1861 2437 ἐν

1073 2453 1138 2486 εὐχῇ
1156 2453 1276 2486 συνεχεί;
1292 2451 1345 2477 Καὶ
1357 2451 1411 2486 γὰρ
1425 2453 1454 2479 ἐν
1467 2450 1516 2483 οἷς,
1530 2454 1606 2487 φησὶ,
1621 2456 1750 2489 χρονίζει,
1766 2458 1796 2482 ὲν
1810 2459 1860 2483 αὑ-

1071 2497 1126 2525 ·ωἰς
1139 2495 1186 2522 καὶ
1200 2495 1381 2522 πλατύνεσθαι
1400 2496 1505 2523 εἴωθεν.

1115 2591 1167 2618 πΘ’.
1184 2592 1288 2627 Ὠσπερ
1303 2591 1349 2618 τοῦ
1367 2592 1431 2618 ἰδίου
1444 2592 1601 2627 οίκητηρίου
1615 2593 1699 2620 πάλαι
1715 2593 1862 2628 διαιρεθεὶς

1077 2637 1090 2662 ὁ
1100 2636 1160 2667 νοῦς
1173 2637 1221 2670 τῆς
1237 2637 1341 2662 ἐκεῖθεν
1356 2637 1547 2672 λαμπρότητος
1562 2638 1718 2671 ἐπελάθετο,
1739 2639 1810 2665 οὓτω
1821 2639 1862 2665 δεῖ

1076 2682 1168 2708 τοῦτον
1183 2681 1259 2714 αὖθις
1275 2683 1303 2708 ἐν
1315 2683 1384 2718 λήθῃ
1398 2684 1451 2709 τῶν
1466 2679 1515 2709 ὦδε
1527 2684 1682 2718 γενόμενον,
1697 2679 1764 2719 πρὸς
1775 2685 1860 2711 ὲκεῖνε

1076 2727 1239 2762 ἀναδραμεῖν
1255 2727 1288 2753 δι’
1303 2727 1396 2761 εὐχῆς.

1111 2774 1146 2806 ια.
1163 2772 1296 2807 Καθάπερ
1310 2773 1334 2799 τί
1347 2774 1442 2808 νήπιον
1460 2773 1526 2808 πρδς
1542 2775 1661 2809 μαστοὺς
1675 2775 1859 2810 ὲναποψυγέν-

1075 2826 1123 2849 τας
1140 2818 1260 2853 μητρὸς,
1275 2818 1450 2853 εὑρεθήσεται
1466 2818 1528 2850 νοῦς
1543 2819 1609 2854 πρὸς
1628 2821 1796 2854 προσευχὴν,
1811 2820 1860 2855 τὴν

1076 2865 1112 2900 μὴ
1135 2865 1285 2900 δυναμένην
1303 2866 1491 2900 παρακαλέσαι
1507 2867 1598 2893 αὐτόν·
1620 2867 1685 2902 πρὸς
1700 2867 1726 2892 δὲ
1746 2867 1796 2901 τὴν
1810 2867 1859 2893 ἄλ-

1075 2911 1126 2942 λως
1146 2910 1270 2945 ἔχουσαν,
1289 2911 1327 2943 ὡς
1342 2911 1448 2938 παιδίον
1465 2912 1494 2938 τὸ
1512 2912 1556 2946 ὑφ’
1574 2913 1670 2948 ἡδονῆς
1689 2913 1858 2946 ἐναῳυτινοῦν

1075 2958 1101 2983 ἐν
1116 2959 1172 2988 ταῖς
1190 2957 1322 2991 ἀγκάλαις
1342 2957 1435 2992 αὐτῆς.
