2023 3164
263 235 333 268 ΗΠ

959 241 1057 271 ELl/E
1079 241 1204 273 ECDlCl

1832 255 1894 290 1118

261 294 433 329 compositis,
446 298 473 322 et
485 294 520 321 de
550 293 681 322 felicitate
701 302 812 323 omnem
842 297 1050 332 intelligentiam

261 340 568 351 _.__.__4_..-___...-.___
598 340 697 351 -.ι-Δ-
824 342 844 351 ,ι
867 344 872 349 -
996 344 1003 351 α

1112 297 1259 333 λογισμῶν,
1277 301 1325 327 καὶ
1338 302 1371 329 τὰ
1385 305 1448 339 περὶ
1463 306 1512 341 τῆς
1528 307 1616 335 πάντα
1632 310 1694 337 νοῦν
1710 312 1896 351 ὑπερεχούσης

261 346 410 375 superante
420 340 579 373 meditatur,
595 345 624 367 et
636 340 699 368 inde
718 342 796 376 quasi
817 342 910 370 divina
931 344 1049 379 quadam

261 386 432 420 apparitione
454 386 617 413 honoratur.

299 431 357 459 £05.
374 431 441 459 Cum
458 432 492 459 ab
506 432 628 460 externis
641 433 732 461 anima
749 442 808 462 sese
839 443 954 462 vacuam
980 443 1051 470 pra:-

260 477 371 509 stiterit,
388 481 444 504 tum
460 486 521 505 eam
544 478 653 506 ﬂamma
670 480 794 514 quaedam
823 482 945 516 undique
971 489 1049 509 com-

260 523 336 557 plexa
353 523 568 558 quodammodo,
584 533 635 552 ceu
651 526 721 561 ignis
741 527 857 560 ferrum,
873 531 959 555 totam
986 536 1052 556 can-

259 570 369 597 dcnlem
399 571 499 603 ellicit;
530 576 558 598 et
583 580 647 599 cum
670 573 707 600 sil.
727 574 818 601 anima
846 575 956 607 eadem,
994 584 1050 604 non

260 620 351 643 tamen
368 622 408 644 est
425 618 640 650 contrectabilis,
657 623 688 646 ut
700 627 790 655 neque
805 620 908 648 ferrum
933 622 1048 657 ignitum

259 663 386 690 manibus
410 665 529 699 contingi
554 669 654 699 potest.
1041 673 1044 676 '

296 708 357 734 106.
371 709 472 736 Beatus
485 710 532 744 qui
547 711 574 737 in
590 711 641 738 hac
656 711 710 739 vita
725 713 787 740 talis
802 714 921 749 spectari
935 715 1048 747 meruit,

257 759 284 781 et
301 755 479 782 simulacrum
500 764 580 783 suum
599 757 664 792 (hoc
685 763 728 786 est
750 759 869 786 animam
888 761 934 788 Dei
950 760 1048 796 imagi-

257 802 343 837 nem),
361 806 456 830 natura
477 803 550 830 velut
563 804 680 837 luteum,
701 806 789 841 gratia
805 807 915 842 igneum
930 809 1045 843 aspexit.

293 848 354 875 107.
374 849 490 877 Novitiis
505 850 596 878 adhuc
609 859 658 879 seu
675 853 811 881 tironibus
822 854 865 882 lex
876 856 972 883 orandi
989 860 1047 882 tan-

256 902 338 929 quam
354 896 486 923 molestus
497 897 597 932 aliquis
607 902 635 926 et
647 906 775 927 morosus
786 900 916 929 dominus
926 901 1029 936 imponi
1039 918 1046 922 -

257 944 315 972 tur;
329 940 552 974 provectioribus
562 947 652 970 autem
665 948 709 972 est
721 952 808 978 amor,
823 954 878 980 quo
890 947 1046 974 esurientes

255 984 330 1011 velut
345 985 377 1012 ad
396 987 554 1014 convivium
568 993 761 1024 sumptuosum
776 991 990 1026 compelluntur.

290 1031 351 1059 108.
369 1032 421 1065 Qui
452 1034 538 1068 probe
564 1035 591 1062 in
608 1036 665 1063 vita
695 1037 784 1064 activa
809 1043 967 1073 versantur,
997 1047 1047 1068 eos

255 1076 344 1103 oratio
358 1077 509 1112 interdum,
541 1085 571 1107 nt
596 1081 686 1109 nubcs
716 1082 899 1117 obumbrans,
934 1091 1047 1114 urentes

253 1123 450 1158 cogitationum
478 1126 569 1154 radios
597 1127 631 1154 ab
666 1128 718 1156 illis
747 1135 823 1158 arcet
844 1139 876 1158 ac
903 1131 1044 1160 defendit:

253 1169 393 1197 interdum
408 1171 589 1207 lacrymarum
604 1175 681 1209 quasi
700 1176 848 1204 stillicidiis
863 1185 912 1205 eos
928 1178 1044 1213 perluu-

252 1215 303 1248 dit,
320 1224 352 1243 ac
366 1218 520 1252 spiritu-alia
534 1228 594 1255 quae
615 1223 839 1258 contemplemur
859 1225 1042 1254 demonstrat.

288 1261 350 1289 109.
368 1263 467 1291 Suavis
477 1265 587 1299 quidem
605 1257 759 1302 reperietur
775 1277 861 1297 sonus
883 1270 917 1298 ab
949 1271 1042 1307 aliquo

250 1306 406 1335 forinsecus
433 1310 565 1345 pulsatae;
583 1313 674 1341 anima
694 1323 772 1347 vero,
795 1324 851 1343 non
871 1323 1042 1346 consonante

249 1355 303 1382 sibi
320 1357 390 1383 intra
406 1359 559 1387 orationem
586 1363 699 1396 mystica
714 1364 835 1400 Spiritus
858 1366 1040 1400 allocutione,

249 1406 370 1430 sanctam
387 1405 489 1433 sentire
502 1407 598 1442 nequit
618 1412 872 1446 compunctionem.
889 1413 952 1442 Haec
966 1416 1039 1442 enim

249 1449 343 1481 verba,
362 1459 372 1475 ι
406 1451 477 1484 Quid
502 1461 613 1483 oremus
646 1457 717 1486 sicut
733 1464 843 1494 oportet
859 1461 1010 1495 nescimus,
1027 1472 1036 1488 ι

247 1494 280 1522 ad
295 1495 348 1524 hoc
364 1497 497 1527 inducunt
509 1506 643 1530 orantem.

1111 342 1337 380 διασκεπτόμενος
1352 348 1400 375 καί
1414 358 1485 383 τινος
1504 353 1609 381 ἐκεῖθεν
1632 342 1893 392 θεοφεινεεαςκκαιειεαΣ

1111 388 1261 423 ξιούμενος.

1145 435 1193 470 ρε¹.
1217 437 1330 466 Ὀπόταν
1344 441 1397 468 ἀπὸ
1416 443 1471 470 τῶν
1492 445 1591 478 ἔξωθεν
1616 449 1770 484 σχολάσασα
1787 454 1804 488 ἠ
1825 454 1895 490 ψυχὴ

1109 481 1230 529 συναφθῇ
1245 485 1277 518 τῇ
1292 485 1368 520 εὐχῇ,
1384 486 1444 513 τότε
1459 485 1503 515 οἷά
1521 498 1563 522 τις
1580 481 1648 526 φλὸξ
1665 481 1895 529 περικυκλωσαέα

1107 526 1207 561 ταύτην
1222 529 1312 564 ἐκείνη
1325 551 1332 562 ,
1349 531 1458 568 σίδηρον
1481 534 1607 571 καθάπερ
1632 538 1664 564 τὸ
1684 526 1750 576 τεῦρ,
1768 551 1893 578 πεπυρα-

1105 572 1248 607 κτωμένην
1266 574 1330 609 ὅλην
1353 577 1600 612 καθίστησιν.»Καὶ
1625 583 1682 610 ἔστι
1706 572 1779 622 ψυχὴ
1877 590 1892 624 ἠ

1104 617 1184 652 αὑτὴ.
1199 619 1249 644 οὐκ
1264 619 1304 646 ἔτι
1319 621 1347 648 δὲ
1367 624 1413 649 καὶ
1427 625 1508 660 ἀπτή-
1529 627 1588 655 οὐδὲ
1603 631 1658 666 γὰρ
1673 633 1687 658 ὁ
1702 617 1894 669 στυρακτωθεὶς

1105 662 1223 697 σίδηρος,
1239 667 1298 698 ταῖς
1315 666 1413 699 ἔξωθεν
1428 671 1557 706 ἐπαφαῖς,

1140 712 1194 742 ρς¹.
1211 711 1351 762 Μακαριος
1366 715 1380 740 ὁ
1396 715 1425 741 ὲν
1439 717 1478 752 τῷ
1498 719 1547 754 βῑῳ
1561 721 1647 756 τούτῳ
1669 723 1768 752 οὑτωσὶ
1787 726 1891 762 θεωρη-

1103 752 1182 787 θῆναι
1207 756 1402 791 καταξιωθεὶς,
1424 762 1535 788 καὶτὸν
1560 765 1643 792 αὑτοῦ
1672 767 1752 801 φύσει
1778 752 1891 806 nam};

1101 798 1255 834 ἀνδριάντα,
1273 803 1363 838 χάριτι
1377 805 1490 841 πύρινον
1507 810 1632 838 κατιδών.

1138 845 1187 879 ρξ’.
1199 846 1260 879 Τοῖς
1274 849 1323 882 μὲν
1334 851 1532 887 εἰσαγομένοις,
1545 854 1629 890 βαρὺς
1644 856 1688 885 οἶά
1699 869 1742 892 τις
1755 861 1890 898 δεσπότης

1099 891 1114 942 :5
1129 891 1210 925 νόμος
1229 894 1364 922 ἐπίκειται
1378 898 1427 931 τῆς
1444 899 1536 935 εὐχῆς·
1552 903 1608 933 τοῖς
1623 891 1779 940 προκόψασι
1797 908 1837 938 δὲ,

1099 935 1177 971 ἔρως,
1190 940 1204 965 ὀ
1214 940 1384 969 συνελαύνων
1394 945 1529 972 πεινῶντα
1537 935 1663 984 καθάπερ
1675 935 1813 988 πολυτελῆ

1098 983 1229 1012 ἐπίασιν.

1134 1033 1185 1064 ρη¹.
1205 1031 1266 1062 Τοῖς
1291 1032 1381 1064 καλῶς
1410 1038 1620 1072 μετερχομένοις
1636 1040 1685 1076 τὴν
1706 1045 1884 1079 πρακτικὴν,

1095 1076 1160 1102 ποτὲ
1179 1077 1254 1113 μὲνὴ
1267 1079 1331 1114 εὐχὴ
1347 1080 1444 1115 νεφέλη
1460 1083 1585 1120 καθάπερ
1598 1076 1809 1121 ἐπισκιάζουσα.
1826 1076 1885 1124 τοὺς

1095 1123 1258 1155 καυστικοὺς
1277 1124 1404 1160 ἀπείργει
1424 1127 1452 1160 ἑξ
1475 1129 1565 1156 αὐτῶν
1589 1131 1754 1167 λογισμούς·
1775 1138 1843 1163 ποτὲ
1857 1138 1884 1164 δὲ

1095 1167 1226 1200 σταγόνας
1245 1166 1287 1195 οἷα
1309 1170 1435 1205 δακρύων
1458 1173 1568 1205 τούτους
1587 1166 1793 1210 ἐπιψεκάζουσα
1807 1201 1815 1213 ,
1831 1181 1884 1207 6st~

1094 1220 1172 1239 κνυσι
1187 1213 1221 1240 τὰ
1235 1218 1408 1250 πνευματικὰ
1422 1217 1599 1255 θεωρήματα.

1128 1257 1177 1292 ρθ’.
1201 1260 1264 1286 Ἡδὺ
1291 1262 1340 1295 μὲν
1360 1262 1468 1297 ἥδυσμα
1494 1266 1610 1301 κιθάρας
1636 1268 1687 1302 τῆς
1712 1271 1883 1305 κρουομένης

1094 1304 1146 1330 ὑπό
1154 1314 1225 1334 τινος
1239 1305 1337 1338 ἔξωθεν
1353 1308 1544 1344 εὑρεθήσεται·
1561 1313 1633 1348 ψυχὴ
1644 1313 1681 1344 δὲ,
1697 1315 1733 1349 μὴ
1749 1304 1880 1351 συνηχοῦ-

1093 1357 1143 1384 σης
1159 1350 1227 1385 αὐτῇ
1244 1351 1274 1376 ὲν
1295 1352 1360 1387 εὐχῇ
1379 1354 1427 1387 τῆς
1439 1355 1468 1381 ὲν
1493 1357 1629 1391 πνεύματι
1645 1360 1781 1394 μυστικῆς
1798 1369 1881 1396 προσ-

1094 1397 1255 1429 φωνήσεως,
1281 1399 1479 1432 εὐκατάνυκτος
1506 1403 1536 1428 οὺ
1558 1404 1662 1437 πέφυκε
1689 1406 1827 1439 γίνεσθαι.
1845 1407 1881 1434 Τὸ

1091 1440 1153 1474 γὰρ,
1176 1451 1184 1466 ι
1197 1442 1229 1467 Τί
1242 1444 1445 1479 προσευξόμεθα
1462 1447 1528 1473 καθὸ
1538 1449 1587 1480 δεῖ,
1611 1450 1660 1476 οὐκ
1675 1451 1798 1486 οἴδαμεν,
1814 1463 1824 1479 ι
1835 1453 1879 1479 καὶ

1090 1486 1123 1512 τὰ
1143 1486 1214 1520 ἑξῆς,
1232 1488 1271 1518 εἰς
1286 1489 1364 1515 τοῦτο
1379 1492 1471 1525 ἐνάγει
1485 1493 1529 1519 τὸν
1540 1497 1767 1532 προσευχόμενον.

1114 1594 1119 1599 ,
1173 1595 1185 1600 ,.
1230 1595 1363 1603 _____
1489 1600 1874 1610 .__-____

723 1665 838 1708 ΤΟΥ
875 1666 1066 1712 ΑΥΤΟΥ
1103 1671 1401 1716 ΓΝΩΣΤΙΚΑ.

598 1752 751 1783 Φωτίζεται
768 1757 840 1790 νοῦς
854 1760 1026 1794 γνωστικῆς
1040 1762 1164 1796 θεωρίας

596 1802 674 1835 Πρὸς
686 1803 765 1838 ὕψος
779 1806 888 1840 ἀρθεὶς,
910 1807 972 1841 τοῖς
987 1809 1013 1835 δ’
1028 1809 1204 1844 ἐπεντυχὼν
1215 1813 1334 1848 λόγοις·

597 1849 765 1881 Σκοτίζεται
780 1853 807 1879 δ’
824 1852 874 1887 αὖ,
889 1855 1070 1891 ἐγκλυσθεὶς
1085 1859 1129 1892 εις
1143 1859 1249 1892 πάθος.

537 2018 805 2066 EJUSDEM
847 2024 1160 2072 GNOSTICJE
1196 2029 1578 2078 SENTENTIA).

593 2114 770 2143 Illuminatur
785 2118 890 2146 animus
908 2120 943 2146 ad
955 2122 1080 2155 gnosticae
1097 2122 1204 2150 theoriaz

597 2161 744 2197 Fastigium
759 2164 886 2198 elcvalus,
904 2172 928 2193 et
945 2169 1060 2196 rationes
1078 2178 1166 2197 rerum
1184 2171 1295 2206 detegit;

592 2206 692 2234 Recidit
709 2217 768 2236 vero
784 2211 809 2236 in
826 2210 977 2246 caliginem,
994 2215 1017 2240 si
1032 2214 1202 2250 demergatur
1215 2217 1241 2244 in
1256 2219 1424 2253 cupiditates.

272 2366 297 2392 l.
320 2366 396 2394 Scire
414 2367 497 2395 debet
508 2370 647 2404 guosticus
666 2373 777 2406 quando
790 2375 900 2403 animus
914 2377 941 2404 in
956 2378 1030 2406 idea-

236 2421 309 2444 rum.
330 2415 441 2448 quando
463 2415 489 2442 in
518 2417 739 2452 ratiociniorum,
757 2422 868 2456 quando
883 2424 910 2450 in
932 2432 1028 2453 sensa-

235 2459 342 2487 tionum
358 2467 484 2488 versetur
495 2463 618 2498 regione,
639 2473 670 2494 ac
685 2475 781 2496 rursus
798 2469 826 2496 in
844 2470 895 2498 hac
917 2471 1026 2506 ultima,

233 2511 324 2533 utrum
350 2507 376 2534 in
396 2510 574 2543 tempestivis,
599 2519 634 2538 an
652 2512 679 2539 in
701 2513 902 2550 intempestivis
930 2526 1026 2547 sensa-

233 2552 354 2580 tionibus
368 2554 453 2591 magis
479 2557 642 2590 reperiatur.

265 2647 292 2674 2.
308 2648 424 2681 Quando
436 2648 546 2677 animus
568 2651 596 2678 in
611 2651 680 2680 ideis
697 2661 813 2688 nonest,
828 2656 855 2684 in
868 2658 1023 2688 ratiociniis

227 2699 271 2722 cst
287 2702 397 2730 semper
412 2704 420 2728 ;
436 2697 546 2730 quando
562 2697 589 2725 in
599 2699 751 2728 ratiociniis
761 2707 814 2736 est,
833 2704 861 2731 in
877 2704 947 2733 ideis
965 2715 1020 2734 non

227 2745 294 2774 est;
311 2741 423 2776 quando
451 2741 572 2778 denique
603 2749 645 2772 cst
669 2746 697 2773 in
721 2749 936 2784 sensationibus,
957 2760 1018 2780 cum

229 2785 352 2820 utrisque
370 2791 422 2814 est.

263 2841 288 2867 5.
302 2842 352 2868 Per
361 2843 555 2877 cogitationem
565 2854 642 2874 mens
652 2847 684 2874 ad
697 2848 894 2879 intellectualia
908 2854 1017 2886 transit,

228 2894 277 2919 per
305 2889 542 2918 ratiocinationem
556 2893 590 2919 ad
619 2895 761 2924 rationalia
786 2899 865 2933 ratio,
883 2902 916 2928 ad
931 2903 1019 2930 actio~

228 2939 289 2959 nem
309 2941 359 2967 per
382 2935 604 2970 imaginationem
623 2947 730 2969 sensus.

1042 2384 1063 2411 C.
1114 2381 1148 2408 α’.
1166 2382 1325 2416 Ἀναγκαῖον
1343 2385 1441 2412 ειδέναι
1461 2387 1506 2413 τδν
1521 2389 1680 2421 γνωστικὸν,
1709 2391 1775 2418 πότε
1789 2393 1839 2426 μὲν
1853 2393 1873 2419 δ

1077 2424 1138 2455 νοῦς
1155 2426 1237 2452 αὐτοῦ
1251 2428 1291 2458 εἰς
1305 2428 1354 2462 τὴν
1376 2429 1467 2464 χώραν
1483 2431 1537 2457 τῶν
1551 2434 1696 2468 νοημάτων
1712 2436 1783 2467 ἐστὶ,
1802 2439 1865 2464 πότε

1075 2469 1114 2500 δὲ,
1131 2470 1170 2501 εἰς
1195 2471 1244 2504 τὴν
1270 2472 1324 2498 τῶν
1347 2473 1483 2508 λογισμῶν
1495 2495 1502 2507 ,
1522 2477 1568 2502 καὶ
1582 2478 1648 2504 πότε
1678 2481 1718 2511 εὶς
1735 2480 1785 2515 τὴν
1804 2481 1866 2508 κατ’

1076 2515 1217 2551 αἴσθησιν*
1242 2518 1288 2544 καὶ
1317 2519 1346 2544 ἐν
1377 2520 1464 2556 ταύτῃ
1491 2521 1581 2554 πάλιν,
1615 2524 1639 2549 εἰ
1668 2524 1698 2551 ὲν
1717 2527 1773 2557 τοῖς
1794 2528 1865 2553 κατὰ

1075 2561 1221 2596 καιρὸν,ἢ
1250 2563 1345 2594 ἐντοῖς
1375 2564 1449 2599 παρὰ
1480 2567 1575 2601 καιρὸν
1606 2569 1706 2602 μᾶλλον
1736 2571 1865 2606 εὑρίσκε-

1074 2613 1129 2632 ται.

1110 2663 1143 2698 β’.
1165 2665 1208 2690 Ἐν
1221 2665 1352 2700 νοήμασιν
1365 2668 1415 2694 οὐκ
1431 2668 1469 2695 ὢν
1484 2671 1498 2696 ό
1509 2670 1581 2703 νοῦς,
1599 2673 1628 2698 ὲν
1641 2673 1782 2708 λογισμοῖς
1794 2674 1863 2702 πάν-

1071 2717 1124 2740 τως
1138 2709 1220 2736 ἐστίν.
1252 2710 1296 2737 Ἑν
1323 2712 1463 2748 λογισμοῖς
1489 2716 1517 2741 δὲ
1546 2716 1593 2749 ὢν,
1611 2719 1639 2744 ὲν
1656 2719 1792 2753 νοήμασιν
1811 2722 1864 2747 οὐκ.

1072 2753 1144 2780 ἔστιν
1158 2762 1164 2769 ·
1180 2756 1208 2781 ὲν
1218 2755 1245 2782 δὲ
1262 2757 1294 2792 τῇ
1313 2758 1438 2794 αἰσθήσει
1469 2761 1624 2796 γινόμενος,
1655 2765 1726 2798 μετὰ
1751 2766 1862 2793 πάντων

1068 2800 1152 2828 ἐστίν.

1101 2860 1134 2890 γ’.
1151 2859 1199 2884 Διὰ
1212 2859 1258 2885 τοῦ
1275 2861 1409 2894 νοή-ωιτος
1429 2863 1478 2897 μὲν
1495 2865 1509 2890 ὸ
1536 2865 1598 2896 νοῦς
1622 2866 1762 2901 διέρχεται
1788 2869 1856 2903 πρὶς

1064 2903 1097 2929 τὰ
1111 2904 1211 2938 νοητά⁸
1235 2905 1277 2931 διὰ
1302 2906 1330 2931 δὲ
1347 2907 1392 2932 τοῦ
1410 2908 1558 2943 λογισμοῦ,
1575 2910 1642 2945 πρὸς
1673 2911 1707 2937 τὰ
1734 2913 1827 2945 λογικὰ
1841 2913 1860 2938 ὁ

1065 2948 1150 2982 λόγος,
1177 2950 1244 2984 πρὸς
1261 2950 1289 2977 δὲ
1315 2952 1348 2979 τὰ
1365 2954 1515 2988 πρακτικὰ,
1531 2954 1576 2981 διὰ
1593 2956 1641 2989 τῆς

1063 2994 1199 3028 αἴσθησις.

1669 2957 1820 2991 φαντασίας
1836 2957 1855 2991 ἡ
