2023 3164
137 275 200 307 ΠΗ

170 333 201 360 ‘6'.
221 334 265 363 Εἰς
280 330 374 357 ἑαυτὸν
389 329 402 354 6
414 327 475 359 νοῦς
493 325 685 359 συναγόμενος,
698 320 854 352 οὔδὲν,οὖτε
869 318 924 345 τῶν
950 319 969 344 Α

140 380 196 407 κατ’
214 377 353 411 αἴσθησιν,
370 373 431 400 οὔτε
445 372 498 398 τῶν
512 370 582 397 κατὰ
595 367 724 402 λογισμὸν
741 367 838 400 Θεωρεϊ
852 373 858 381 ·
874 372 925 398 γυς

141 425 221 460 μ-ιοίις
234 423 261 448 δὲ
274 410 337 452 νοας
351 420 396 446 καὶ
408 418 482 449 θείας
495 415 581 450 αὐγὰς
605 412 756 448 βλυζούσας
772 410 882 446 εἰρήνην
895 416 926 435 τε

140 470 183 497 καὶ
196 467 293 503 χαράν.

171 527 202 550 ε’.
224 522 304 549 ’Δλλο
321 521 335 546 ὁ
354 519 415 550 νοῦς
431 516 477 544 τοῦ
487 515 659 551 πράγματος,
674 513 722 539 καὶ
734 511 798 539 ἄλλο
814 511 827 537 6
841 510 921 543 λόγος

138 569 232 598 αὑτοῦ.
244 568 290 594 καὶ
302 566 395 600 ἕτερον
412 563 442 589 τὸ
459 562 510 588 ὑπὸ
525 562 574 595 τὴν
590 559 718 593 αἴσθησιν
736 556 901 590 ἀναγόμενον
917 563 924 570 ο

139 616 184 642 καὶ
195 614 227 641 τὸ
238 613 287 648 μέν
303 613 376 638 ἐστιν
389 609 476 641 οὐσία,
492 607 522 633 τὸ
538 607 576 639 δὲ,
596 603 769 639 συμϐεϐηκός
783 611 790 617 ·
807 601 837 628 τί)
853 601 891 633 δὲ,
909 600 926 635 ἠ

139 660 182 687 τοῦ
199 657 382 691 ὑποκειμένου
398 652 522 687 διαφορά.

174 709 214 738 ς’.
235 703 337 732 Πολλὰς
356 699 431 730 ὁδοὺς
457 697 616 731 ἀνατέμνων
641 694 656 720 6
681 691 753 722 νοῦς,
779 689 926 724 ἀκόρεστος

140 753 299 779 δείκνυται·
327 747 394 782 πρδς
425 745 488 780 μίαν
510 743 537 769 δὲ
567 739 750 773 συναγόμενος
768 736 815 768 τῆς
834 733 927 767 εὐχῆς,

142 798 194 832 πρὸ
212 798 261 831 τῆς
274 794 418 825 ὲντελείας,
439 788 686 824 στενοχωρούμενος
702 784 836 818 φαίνεται,
851 780 929 805 λιπα-

716 830 720 832 λ
764 829 769 832 -
799 828 805 832 ι
835 823 847 832 ο
888 826 894 832 ι
903 824 914 832 ν

144 823 197 880 ρίὺν
213 823 259 868 τον
281 823 580 876 μέτοχονναπολυθῆναι
607 832 675 866 προς
694 830 728 856 τὰ
759 828 805 862 ἀφ’
832 823 868 852 ὦν
886 824 929 856 ἐξ-

146 888 284 923 ιλήλυθεν.

181 918 215 967 ξ’.
229 932 348 959 Ἀνωθεν
372 928 490 964 ἠγμένος
512 927 526 953 6
550 925 629 956 νοῦς,
661 923 710 948 οὐκ
739 918 934 953 ἀναδραμεῖται

149 978 228 1010 αὖθις
254 979 354 1009 ἐκεῖσε,
384 976 408 1001 εἰ
436 974 474 1008 μὴ
497 971 602 998 τελείαν
621 969 669 1002 τὴν
691 967 766 993 κάτω
795 963 936 997 ποιήσεται

148 1024 362 1059 καταφρόνησιν,
381 1020 425 1046 διὰ
437 1020 485 1052 τῆς
505 1016 569 1051 περὶ
591 1015 625 1041 τὰ
639 1013 698 1039 θεῖα
716 1010 824 1046 σχολῆς.

188 1053 234 1104 η’..
244 1053 274 1095 l3!
343 1067 391 1102 τὴν
409 1065 497 1099 ψυχήν
507 1071 552 1088 σου
566 1060 631 1095 δύνῃ
649 1058 717 1094 μετὰ
731 1057 818 1092 μόνων
829 1053 939 1087 ποιῆσαι

149 1115 204 1142 τῶν
217 1114 280 1149 περὶ
291 1112 375 1146 αὐτὴν
391 1108 543 1144 λογισμῶν,
558 1105 609 1132 κᾶν
622 1105 652 1130 τὸ
668 1103 747 1137 σῶμα
758 1110 804 1127 σου
816 1098 941 1135 μονάζειν

152 1146 317 1195 ἀνάγκασον,
335 1157 383 1191 τὴν
408 1155 471 1190 περὶ
488 1153 553 1180 αὐτὸ
568 1151 711 1184 ἀθλιότητα
726 1147 870 1176 διαπαντὸς
891 1146 935 1170 ἐν·

153 1190 309 1242 νοοῦμενος.
325 1190 403 1231 Οὕτω
412 1201 465 1236 γὰρ
476 1200 515 1234 τῷ
528 1198 626 1234 χρόνῳ,
641 1195 710 1221 ἐλέει
725 1193 803 1225 Θεοῦ,
821 1192 866 1218 καὶ
875 1190 943 1225 πρδς

153 1255 184 1280 τὸ
219 1236 326 1288 apii-rev
357 1247 523 1283 ἀναδραμεῖν
565 1243 678 1278 δυνήσῃ,
717 1239 767 1274 τῆς
806 1236 944 1272 εὐγενείας

154 1299 274 1333 ἀξίωμα.

191 1352 224 1380 θ’.
247 1353 275 1379 '0
293 1353 342 1387 μὲν
357 1346 509 1385 πρακτικδς
521 1369 529 1381 ,
546 1345 711 1373 ὑποτάσσειν
726 1343 771 1370 τὴν
788 1341 851 1369 νοῦν
864 1339 945 1367 εὐκόι

155 1401 210 1430 λως
222 1385 333 1424 δύναται
357 1398 390 1431 τῇ
407 1395 473 1429 εὐχῇ
490 1402 497 1410 '
511 1394 525 1419 6
542 1393 570 1418 δὲ
585 1389 762 1426 θεωρητικὸς,
790 1387 839 1422 τὴν
865 1385 947 1421 εὐχὴν

156 1444 196 1479 τῷ
210 1444 252 1469 νοῒ
267 1451 274 1458 ·
291 1444 305 1468 6
322 1442 370 1476 μὲν
387 1441 441 1467 ἀπὸ
455 1439 508 1465 τῶν
523 1436 695 1472 φαινομένων
713 1432 864 1460 συστέλλων
881 1439 948 1465 σχη-

160 1477 254 1525 ματων
267 1488 316 1522 τὴν
333 1486 471 1516 αἴσθησιν,
489 1485 502 1510 6
519 1482 607 1516 δὲτὴν
624 1480 711 1514 ψυχὴν
733 1479 800 1513 πρὸς
817 1477 879 1507 τοὺς
902 1477 949 1509 ἐγ-

160 1522 369 1570 κεκρυμμένους
396 1533 453 1562 τοῖς
483 1530 604 1564 σχήμασι
629 1527 724 1560 λόγους
746 1522 947 1559 μεταϐιϐάζων.

161 1569 242 1608 Κα¹ίὸ
256 1581 304 1614 μὲν
322 1578 457 1613 σωμάτων
476 1575 564 1602 πείθει
578 1573 672 1606 λόγους
689 1571 733 1597 τὸν
753 1570 815 1596 νοῦν
832 1569 949 1602 ἀγνοεῖν,

163 1629 178 1654 6
204 1628 234 1653 δὲ
263 1625 416 1659 ἀσωμάτων
444 1622 594 1648 κατανοεῖν.
617 1618 763 1651 Ἀσώματσ.
785 1615 813 1642 δέ
829 1615 880 1641 είσι
908 1613 952 1639 λό-

163 1681 208 1707 γοι
224 1671 372 1703 σωμάτων,
387 1665 516 1701 ἰδιότητές
535 1674 576 1697 τε,
595 1665 641 1691 καὶ
654 1663 741 1689 οὐσίαι
757 1660 856 1688 αὐτῶν.

201 1721 228 1745 ι’.
257 1716 344 1742 ’Ὅταν
374 1715 419 1740 τὸν
449 1712 511 1739 νοῦν
536 1720 583 1738 σου
605 1711 651 1744 τῆς
667 1709 722 1734 τῶν
738 1706 885 1741 σωμάτων,
906 1704 954 1731 καὶ

164 1763 328 1798 χρημάτων,
347 1761 394 1787 καὶ
412 1758 563 1794 βρωμάτων
578 1753 744 1791 ἡδυπαθείας
756 1751 952 1786 ὲλευθερώσῃς,

244 1808 290 1833 καὶ
303 1806 370 1840 ὅπερ
385 1805 417 1830 ἂν
430 1804 518 1838 ποιῇς,
534 1802 620 1836 δῶρον
646 1799 765 1834 καθαρὸν
780 1797 818 1832 τῷ
833 1795 892 1831 Θεῷ
911 1796 956 1820 λο-

166 1854 339 1888 γισθήσεται,
370 1849 574 1883 ἁντιδοθήσεται
600 1846 628 1872 δέ
659 1854 710 1877 σοι,
736 1844 767 1870 τὺ
789 1841 956 1875 διανοιγῆναι

167 1887 232 1928 τοὺς
250 1898 298 1931 τῆς
318 1894 431 1929 καρδίας
444 1901 491 1919 σου
512 1890 678 1925 ὀφθαλμοὺς,
692 1889 738 1914 καὶ
753 1887 859 1922 τρανῶς
873 1887 958 1920 ἐμμε-

169 1944 254 1979 λετᾷν
278 1930 343 1972 τοὺς
360 1938 603 1974 ἐγγεγραμμένους
620 1937 648 1962 ὲν
664 1934 738 1968 αὐτῷ
760 1933 855 1966 λόγους
873 1930 956 1957 Θεοῦ·

169 1976 271 2019 οἵτινες
289 1987 358 2021 ὑπὲρ
372 1985 432 2020 μέλι
451 1985 498 2010 καὶ
513 1983 618 2018 κηρίον,
641 1981 679 2016 τῷ
694 1979 782 2021 νοητῷ
809 1985 855 2004 σου
883 1976 958 2009 λογι-

173 2037 322 2070 σθήσονται
343 2016 475 2066 λαρυγγι,
489 2031 522 2064 τῇ
541 2016 588 2055 απ*
604 2016 701 2054 αὐτῶν
720 2023 877 2059 ὲκδιδυμένῃ
894 2021 959 2057 ἡδύ-

172 2089 247 2116 τητι.

211 2130 256 2153 ια’.
274 2127 311 2153 Οὐ
327 2125 429 2158 δυνήσῃ
446 2120 579 2156 σωμάτων
593 2118 639 2145 καὶ
663 2115 811 2152 χρημάτων
841 2113 888 2140 καὶ
913 2112 962 2146 τῆς

174 2174 231 2200 τῶν
247 2173 296 2198 οὐκ
308 2168 464 2204 ἀναγκαίων
483 2165 634 2202 βρωμάτων
652 2161 798 2196 ἐπιθυμίας
813 2159 962 2194 ὑπέρτερον

176 2216 346 2251 ποιῆσαιτδν
365 2214 437 2246 νοῦν,
455 2213 479 2238 εἰ
498 2211 535 2246 μὴ
552 2211 579 2236 ὲν
597 2210 630 2244 τῇ
648 2207 756 2242 καθαρᾷ
772 2205 826 2232 τῶν
853 2203 963 2230 δικαίων

178 2247 257 2299 χώρα
270 2260 381 2296 sia-aii“;
407 2257 486 2284 αὐτόν
503 2264 510 2272 ·
528 2253 587 2281 καθ’
601 2253 634 2288 ἢν
652 2253 670 2287 ἦ
681 2260 710 2278 τε
724 2250 769 2277 τοῦ
784 2249 907 2280 θανάτου,
919 2247 965 2273 καὶ

178 2296 257 2344 ἢτοῦ
283 2306 350 2334 Θεοῦ
385 2305 478 2340 μνήμη
517 2299 745 2330 ἐπαναϐλύσασα,
781 2296 834 2323 ἀπὸ
869 2296 966 2329 γηῖνης

181 2343 294 2388 καρδίας
309 2350 456 2385 ἀπαλείφει
471 2349 524 2375 πᾶν
538 2345 685 2380 ἐπιθυμίας
695 2343 849 2377 ἀνάστημα,

220 2399 262 2432 ιβ’.
287 2398 380 2427 Οὐδὲν,
407 2394 468 2422 οὔτε
491 2392 594 2422 ἐννοίας
623 2389 738 2416 Θανάτου
768 2385 966 2421 φοϐερώτερον,

183 2430 245 2470 οὗτε
262 2443 328 2468 Θεοῦ
348 2442 456 2475 μνήμης
475 2435 697 2472 Θαυμασιώτερον
712 2442 718 2449 ·
738 2434 754 2467 ἡ
771 2433 820 2466 μὲν
837 2432 891 2465 γάρ
910 2430 968 2455 ἐστι

184 2489 274 2522 λύπης
303 2486 489 2520 σωτηριώδους
509 2481 677 2518 παρεκτικὴ,
704 2481 721 2514 ὴ
743 2479 771 2505 δὲ
801 2476 970 2512 εὐφροσύνης

188 2520 347 2570 χαριστική.
363 2541 371 2556 1
388 2530 540 2564 Ἐμνὴσοην
555 2529 618 2562 γὰρ,
633 2526 724 2561 φησὶν,
737 2523 914 2557 ὸΠριιφήτης,
924 2520 970 2546 τοῦ

187 2565 267 2610 frit-65,
278 2578 324 2604 καὶ
337 2574 494 2610 ηὐφράνθην
503 2579 509 2586 ·
522 2583 529 2598 ι
542 2572 588 2598 καὶ
601 2573 614 2597 6
624 2570 707 2604 Σοφός
719 2577 725 2583 ·
739 2579 747 2594 ι
762 2568 924 2602 Μιμνήσκου
937 2565 972 2591 τὰ

188 2609 291 2658 ετχατά
310 2609 368 2651 σου,
389 2619 435 2645 καὶ
449 2618 497 2652 οὑχ
516 2616 673 2651 ἁμαρτήσῃ.
691 2625 700 2640 ι
724 2613 865 2639 Ἀδύνατον
884 2611 912 2637 δὲ
927 2609 972 2636 τοῦ

186 2656 316 2704 δευτέρου
330 2666 389 2693 τινὰ
402 2665 429 2691 ἐν
443 2663 603 2697 κατασχέτει
616 2659 752 2694 γενέσθαι,
772 2659 809 2692 μὴ
821 2659 917 2691 πεῖραν
926 2656 975 2690 τῆς

187 2716 237 2743 τοῦ
252 2714 385 2750 προτέρου
410 2710 524 2736 λαὸὀντα
541 2706 748 2741 στρυφνότητος.

227 2765 272 2796 ιγ’.
290 2761 361 2791 Ἕως
394 2758 426 2784 ἂν
451 2756 499 2790 τὴν
514 2753 561 2781 τοῦ
581 2753 648 2779 Θεοῦ
680 2751 757 2782 δόξαν
787 2748 977 2782 ἀνακεκαλυμ-

192 2809 266 2843 μένῳ
283 2804 419 2840 προςὼπῳ
430 2803 472 2837 ἴδῃ
485 2803 499 2827 6
514 2799 586 2831 νοῦς,
598 2799 628 2824 οὐ
644 2797 755 2823 δύναται
769 2797 784 2830 ὴ
801 2795 873 2829 ψυχὴ
889 2794 977 2828 λέγειν

193 2838 222 2881 sv
235 2838 358 2886 αίσθιίγσει
373 2849 456 2883 αὐτῆς
467 2868 474 2879 ,
489 2856 498 2872 ι
520 2844 590 2878 Ἐγὼ
611 2843 638 2869 δὲ
660 2841 857 2875 ἀγαλλιάσομαι
881 2839 926 2866 ἐπὶ
941 2838 979 2873 τῷ

195 2885 507 2933 Κυρίῳίτερςρϐἠσομαι
526 2890 571 2916 ἐπὶ
588 2888 627 2923 τῷ
643 2887 768 2921 σωτηρίῳ
784 2886 877 2912 αὑτοῦ.
897 2895 905 2910 ι
923 2885 980 2911 Kci-

196 2945 290 2978 λυμμα
305 2942 356 2976 γὰρ
372 2942 460 2967 κεῖται
473 2939 502 2965 τὸ
518 2938 566 2972 τῆς
584 2933 726 2970 φιλαυτίας
744 2932 790 2958 ἐπὶ
804 2932 853 2965 τὴν
868 2931 980 2964 καρδίαν

234 3030 254 3045 ⁸³
270 3027 328 3054 l’sal
354 3033 443 3057 Lth,
459 3024 484 3051 5.

726 266 748 290 υ
755 263 849 290 NUST
855 261 923 288 [CA9
939 261 1007 287 SEN
1013 259 1175 286 'l'EN'l‘lM.

1702 254 1771 281 1150

1021 313 1046 339 ι.
1064 312 1094 338 lu
1106 311 1227 345 seipsum
1243 308 1354 335 animus
1374 306 1549 338 recollectus,
1573 305 1643 332 nihil
1659 313 1692 331 et
1708 313 1773 332 sen-

986 357 1151 387 sationibus,
1175 354 1292 382 nihilex
1307 352 1462 379 ratiociniis
1492 351 1634 385 perspicit,
1649 349 1697 376 sed
1722 357 1772 376 nu-

987 405 1036 432 das
1050 403 1125 430 ideas
1144 401 1306 435 divinosque
1319 397 1481 434 splendores
1493 405 1508 424 a
1523 395 1625 431 quibus
1646 399 1775 422 emanant

988 459 1039 487 pax
1056 454 1085 477 et
1101 448 1204 476 lmtitia.
1232 441 1246 451 ⁹

1025 498 1052 524 5.
1074 495 1155 523 Aliud
1183 494 1244 521 idea
1271 492 1324 524 rei,
1348 489 1422 518 aliud
1445 489 1506 524 ejus
1520 487 1601 520 ratio,
1629 491 1657 514 et
1702 485 1777 513 aliud

988 542 1133 570 sensibiles
1146 541 1206 575 ejus
1220 538 1403 574 proprietates
1423 545 1429 562 ε
1445 535 1564 570 primum
1578 537 1622 560 est
1635 531 1755 560 essentia
1768 539 1776 563 ;

989 588 1152 619 secundum,
1180 584 1350 617 accidentia;
1383 582 1507 613 tertium,
1540 578 1658 614 subjecti
1697 577 1779 605 diffe-

990 635 1091 662 rentia.

1027 680 1055 707 6.
1070 678 1173 706 Multas
1201 677 1260 704 vias
1277 681 1373 702 secans
1386 672 1505 704 animus,
1517 668 1683 697 insatiabilis
1700 667 1781 694 vide-

994 733 1053 758 tur;
1087 724 1218 751 redactus
1253 725 1346 748 autem
1367 718 1400 746 ad
1425 724 1507 744 unam
1531 715 1664 743 orationis
1696 713 1781 744 viam.

996 773 1157 807 priusquam
1191 767 1331 804 perfectus
1344 765 1390 797 sit,
1402 769 1444 790 est
1458 763 1533 789 velut
1553 762 1641 788 viator
1657 759 1783 795 angustia

995 825 1117 853 pressus,
1135 815 1181 850 qui
1207 814 1310 849 ﬂagitat
1336 810 1465 839 comitem
1491 812 1522 835 ut
1549 806 1644 834 redeat
1660 813 1694 832 eo
1707 804 1780 831 unde

996 863 1073 892 exiit.

1031 911 1057 938 7.
1074 909 1126 937 Ubi
1139 904 1413 936 deseemiitauimus,
1444 908 1501 928 non
1531 899 1632 927 iterum
1649 894 1785 926 ascendit,

998 957 1051 984 nisi
1069 962 1130 990 qua;
1160 954 1288 980 deorsum
1304 954 1368 978 sunt
1393 947 1513 983 perfecte
1536 943 1681 979 despiciat,
1703 941 1787 968 rebus

999 1002 1102 1030 divinis
1120 1000 1254 1028 vacando.

1035 1049 1061 1076 8.
1077 1048 1106 1076 Si
1123 1047 1231 1075 efliecre
1253 1049 1376 1078 nequeas
1395 1045 1425 1067 ut
1438 1039 1530 1066 anima
1556 1041 1602 1063 tua
1631 1033 1664 1061 de
1680 1040 1710 1060 se
1731 1031 1788 1058 sola

1000 1095 1111 1130 cogitet,
1125 1093 1273 1127 ipsummet
1297 1095 1397 1122 cerpus
1417 1085 1538 1112 invitum
1557 1081 1610 1109 duc
1624 1080 1650 1106 in
1662 1075 1790 1105 solitudi-

1002 1149 1076 1172 nem,
1093 1140 1127 1167 de
1140 1138 1198 1166 sola
1213 1137 1272 1172 ejus
1299 1133 1411 1161 miseria
1432 1136 1541 1164 semper
1568 1125 1717 1153 meditans.
1745 1121 1790 1149 Sic

1001 1187 1076 1214 enim
1088 1185 1209 1216 tandem,
1228 1182 1276 1209 Dei
1289 1176 1491 1208 misericordia,
1509 1174 1544 1201 ad
1558 1172 1718 1208 primaevam
1731 1168 1790 1200 ori-

1003 1233 1076 1268 ginis
1091 1229 1253 1266 dignitalem
1269 1226 1360 1254 redire
1377 1222 1492 1260 poteris.

1041 1328 1068 1356 9.
1082 1324 1223 1354 Practicus
1235 1320 1347 1356 quidem
1376 1316 1455 1345 facile
1471 1313 1607 1348 subjicere
1631 1312 1723 1345 potest
1733 1307 1793 1334 ani-

1006 1382 1080 1404 mum
1090 1370 1218 1402 orationi,
1235 1365 1403 1396 theoreticus
1419 1369 1483 1389 vero
1498 1358 1650 1386 orationem
1669 1354 1762 1382 animo
1786 1363 1793 1380 :

1008 1422 1054 1449 ille
1067 1428 1100 1447 ex
1116 1413 1314 1452 apparentibus
1338 1409 1434 1437 formis
1448 1405 1579 1439 colligens
1599 1400 1796 1432 sensationem,

1010 1467 1056 1494 hic
1070 1465 1188 1492 animam
1204 1459 1237 1487 ad
1255 1459 1374 1485 latentes
1391 1454 1441 1481 sub
1455 1452 1551 1479 formis
1567 1449 1688 1476 rationes
1704 1450 1795 1472 trans-

1011 1513 1114 1539 ferens.
1138 1508 1215 1536 Unus
1232 1503 1319 1532 menti
1341 1500 1438 1529 suadet
1458 1501 1488 1524 ut
1515 1501 1663 1529 corporum
1677 1491 1796 1518 rationes

1010 1558 1136 1592 ignoret;
1151 1553 1231 1584 alter,
1244 1555 1274 1576 ut
1286 1544 1470 1580 incorporalia
1491 1540 1629 1575 concipiat
1643 1547 1648 1564 :
1671 1537 1797 1570 incorpo-

1011 1603 1078 1630 ralia
1091 1605 1183 1628 autem
1196 1601 1261 1625 sunt
1289 1599 1436 1628 corporum
1453 1589 1586 1619 rationes,
1616 1584 1798 1620 proprietates

974 1660 996 1689 ο
1011 1655 1039 1678 et
1058 1646 1194 1676 essentize.

1048 1696 1092 1721 lli.
1105 1693 1174 1721 Cum
1205 1693 1325 1717 mentem
1348 1690 1423 1713 tuam
1439 1689 1453 1709 a
1489 1678 1698 1717 perturbatione
1725 1675 1799 1702 circa

1013 1747 1139 1774 corpora,
1172 1736 1244 1764 circa
1266 1739 1357 1761 escam
1388 1734 1416 1757 et
1453 1726 1597 1763 pecuniam
1627 1720 1800 1751 liberareris,

1015 1792 1080 1814 tunc
1095 1785 1178 1814 Deus,
1190 1779 1263 1816 quod
1277 1776 1375 1805 feceris
1389 1782 1439 1810 pro
1452 1779 1565 1800 munere
1580 1778 1650 1805 puro
1661 1770 1800 1802 agnoscel,

1014 1838 1043 1861 et
1058 1836 1083 1859 te
1100 1833 1282 1857 remunerans
1295 1823 1401 1858 aperiet
1423 1819 1518 1847 oculos
1541 1816 1632 1844 cordis
1647 1814 1697 1844 tui,
1729 1816 1759 1839 ut
1774 1811 1801 1838 in

1016 1858 1186 1906 absconditis
1212 1872 1239 1898 in
1254 1878 1288 1898 eo
1304 1867 1405 1896 divinis
1430 1865 1537 1899 legibus
1552 1861 1699 1897 perspicue
1714 1858 1801 1886 medi-

1018 1924 1085 1952 teris
1101 1932 1107 1949 :
1125 1928 1186 1954 qua:
1203 1913 1382 1945 intellectuali
1402 1909 1506 1947 gutturi
1525 1913 1573 1936 tuo
1590 1911 1704 1942 propter
1718 1904 1802 1932 emis-

1017 1977 1074 1998 sam
1088 1976 1121 1995 ex
1137 1974 1166 1993 se
1181 1962 1344 1992 suavitatem
1359 1965 1442 1993 super
1455 1955 1507 1983 mel
1521 1960 1549 1982 et
1570 1953 1661 1980 favum
1681 1950 1804 1978 dulciora

1018 2017 1110 2043 erunt.

1055 2097 1098 2123 ll.
1113 2093 1171 2121 Non
1191 2089 1294 2126 poteris
1320 2085 1442 2112 animum
1461 2086 1645 2114 acorporum,
1676 2075 1804 2112 pecunia<

1020 2151 1094 2174 rum,
1108 2139 1253 2175 epularum
1282 2128 1508 2165 concupiscentia
1524 2126 1656 2154 invictum
1680 2123 1806 2154 reddere,

1021 2191 1072 2219 nisi
1088 2195 1152 2216 eum
1166 2186 1194 2213 in
1212 2188 1308 2219 puram
1324 2181 1463 2216 justorum
1486 2174 1628 2209 regionem
1647 2170 1806 2198 introduxe-

1022 2238 1070 2268 ris,
1087 2235 1135 2262 ubi
1161 2230 1258 2259 mortis
1273 2232 1301 2255 et
1317 2225 1364 2254 Dei
1393 2221 1525 2251 memoria
1550 2226 1634 2254 super
1664 2225 1726 2244 eum
1751 2223 1807 2242 sea-

1023 2280 1152 2316 turiginis
1166 2278 1252 2304 instar
1265 2277 1424 2305 erumpens,
1441 2276 1456 2295 e
1471 2271 1582 2294 terreno
1600 2263 1683 2291 corde
1700 2269 1808 2289 omnem

987 2332 1008 2358 ι)
1023 2326 1215 2363 cogitationem
1229 2321 1415 2353 insurgentem
1426 2315 1509 2342 eluet.

1060 2351 1104 2399 :2.
1120 2369 1194 2397 Nihil
1215 2372 1304 2399 neque
1320 2360 1485 2396 cogitatione
1513 2355 1610 2383 mortis
1636 2351 1809 2382 horribilius,

1025 2425 1115 2454 neque
1141 2398 1332 2442 recordatione
1353 2407 1401 2435 Dei
1433 2403 1591 2432 mirabilius
1609 2405 1661 2427 est.
1688 2400 1733 2426 illa
1761 2398 1810 2424 tri-

1391 2453 1394 2454 ν
1483 2450 1489 2454 .
1570 2448 1576 2454 .
1726 2444 1798 2454 ,Ἧι

1021 2444 1125 2494 stillam
1149 2460 1297 2488 salutarem
1324 2453 1466 2483 continet;
1483 2450 1542 2476 hinc
1570 2446 1692 2474 lmtitiam
1717 2444 1809 2470 donat.

1024 2489 1182 2545 Xitquippc
1206 2503 1341 2537 Propheta
1357 2501 1378 2515 ”
1398 2507 1405 2526 :
1439 2507 1448 2523 ‹
1469 2496 1573 2523 Mentor
1589 2493 1626 2519 fui
1644 2491 1702 2523 Dei,
1717 2494 1744 2517 et
1764 2489 1810 2516 dc-

1026 2559 1143 2586 lcctatus
1157 2560 1228 2580 sum.
1249 2560 1258 2575 ι
1274 2550 1308 2576 Et
1324 2546 1438 2580 Sapiens
1454 2543 1477 2559 ¹¹
1495 2552 1502 2570 :
1520 2551 1529 2567 ι
1558 2540 1706 2567 Memorare
1721 2536 1811 2563 novis-

1027 2605 1097 2632 sima
1127 2606 1192 2632 tua,
1222 2601 1250 2624 et
1273 2596 1300 2622 iu
1326 2598 1459 2621 attentum
1483 2596 1538 2616 non
1564 2584 1704 2622 peccabis.
1737 2592 1745 2608 ι
1767 2582 1812 2608 Est

1028 2657 1110 2685 porro
1141 2641 1312 2680 impossibile
1346 2642 1510 2673 quemquam
1557 2629 1707 2659 secundum
1748 2626 1813 2654 illud

1028 2672 1072 2685 Ι”“”“
1082 2672 1087 2675 “
1097 2672 1107 2675 "
1142 2672 1148 2673 ί
1182 2672 1189 2680 ι

1028 2695 1165 2724 obtinere,
1180 2690 1231 2717 nisi
1249 2691 1328 2714 antea
1351 2681 1449 2719 prioris
1475 2677 1626 2707 amaritiem
1654 2672 1814 2709 gustaverit.

1066 2741 1108 2768 l5.
1125 2735 1250 2771 Quaudiu
1267 2739 1344 2760 mens
1360 2728 1474 2764 gloriam
1490 2725 1538 2752 Dei
1566 2721 1686 2750 revelata
1715 2719 1782 2745 facie
1795 2717 1814 2732 "

1030 2795 1084 2814 nou
1098 2784 1182 2814 videt,
1206 2788 1260 2807 non
1288 2779 1379 2813 potest
1408 2774 1498 2800 anima
1526 2771 1585 2805 ejus
1609 2767 1706 2794 all'ecta
1733 2771 1814 2791 sensu

1031 2833 1141 2860 dicere:
1157 2838 1166 2854 ι
1204 2827 1260 2861 Ego
1285 2827 1376 2851 autem
1403 2817 1546 2847 exsultabo
1568 2815 1596 2841 in
1624 2812 1750 2841 Domino,
1788 2813 1815 2836 et

1033 2876 1190 2906 delectabor
1211 2879 1294 2906 super
1307 2866 1420 2896 salutari
1439 2871 1488 2891 suo
1504 2862 1536 2888 “’.
1558 2871 1567 2887 ι
1590 2859 1718 2887 Velaluen
1742 2855 1814 2882 enim

1031 2922 1170 2959 pbilautiae
1187 2918 1303 2954 positum
1326 2919 1368 2942 est
1385 2919 1467 2947 super
1480 2917 1527 2936 cor
1539 2907 1610 2942 ejus,
1630 2903 1702 2939 quod
1721 2902 1745 2929 ei
1761 2908 1814 2927 non

525 3023 545 3038 ¹³
561 3020 643 3049 Eccli.
659 3026 708 3051 vu,
726 3017 770 3045 60.
811 3014 831 3029 "'
846 3012 868 3040 ll
882 3010 945 3039 Cor.
962 3016 1002 3041 ut,
1020 3007 1061 3034 18.
1099 3005 1119 3020 ¹⁵
1136 3002 1206 3031 Ρδοὶ.
1223 3006 1313 3030 xxxtv,
1329 2997 1356 3024 9.
