2027 3162
231 150 299 181 1155

922 145 1020 172 Ειυις
1039 145 1166 173 Ε‹;υιι;ι

1789 148 1860 178 1158

229 203 396 240 tumplativa:
411 207 503 230 autem
533 201 754 229 charitatem'ct
783 201 936 228 orationem
963 201 1008 228 001

1072 204 1133 237 Θεῷ
1148 203 1323 238 προσφέρειν,
1340 205 1386 230 καὶ
1409 204 1457 240 τὴν
1472 204 1611 239 ἀλήθειαν,
1639 205 1811 241 θεωρητικῆς
1833 208 1863 234 δὲ

228 252 329 279 οΙῘοιτο
341 255 450 286 oportet
463 259 471 276 :
486 255 515 277 et
526 257 575 286 per
587 250 648 277 illas
658 248 861 275 irrationabilis
877 248 1018 282 cupidita-

228 298 263 325 tis
276 303 358 332 atque
374 297 421 323 irae
436 297 556 330 impetus
582 294 731 321 retundere
743 314 750 326 ,
766 301 817 328 per
844 293 895 320 has
926 298 1018 321 autem

227 344 411 380 cogitationes
429 343 525 369 inanes
539 341 786 376 proximorumque
804 340 930 368 insidias.

263 438 308 464 54.
327 435 466 463 Practices
480 434 590 461 initium
602 439 645 461 est
659 433 838 468 temperantia
850 438 879 460 et
891 432 994 460 veritas
1007 441 1015 464 ς

225 483 358 513 medium,
374 482 520 514 prudentia
538 486 565 508 et
585 480 743 512 humilitas;
769 480 841 512 linis,
868 479 1014 514 cogitatio-

226 537 292 556 num
306 536 358 563 pax
369 533 396 555 et
412 528 584 555 consecratio
599 528 733 562 corporis.

259 621 304 649 55.
321 621 417 648 Praxis
431 625 483 653 est,
500 628 555 647 non
580 624 685 647 tantum
699 620 770 646 bona
783 627 863 654 posse
877 619 946 646 bene
976 618 1017 646 la—

224 675 298 699 cere,
315 667 361 694 sed
387 667 469 694 etiam
483 675 514 693 ea
533 670 562 693 ut
581 671 689 701 oportet
711 666 800 693 facere
826 674 832 692 :
852 674 913 692 cum
934 665 1016 692 nilni-

226 720 287 739 rum
320 712 343 739 is
373 712 420 746 qui
458 712 533 743 facit.
562 711 796 746 opportunitatem
820 710 962 745 temporis,
987 714 1015 737 et

225 759 349 789 modum,
365 758 422 785 sive
438 765 594 784 mensuram
611 757 724 792 agendis
749 757 872 784 adhibet.

261 804 305 830 56.
319 803 435 831 'l‘heoria
451 811 504 830 non
517 803 644 831 consistit
655 808 760 830 tantum
776 804 802 829 in
813 802 1014 830 considerando

225 849 316 884 qualia
326 850 382 876 sint
409 857 536 884 corpora,
552 850 600 877 sed
612 849 695 877 etiam
710 857 806 877 eorum
838 850 959 877 rationes
979 849 1012 876 ad

225 895 290 930 quid
309 896 431 922 tendant.

259 942 304 968 57.
313 941 372 968 Non
384 946 425 968 est
436 945 492 968 luta
500 941 592 976 praxis
601 942 704 977 absque
716 941 832 975 theoria,
840 950 928 976 neque
937 942 1011 969 theo-

225 988 263 1014 ria
272 995 334 1014 vera
345 987 404 1015 sine
413 989 499 1023 praxi.
509 988 623 1023 Oportet
633 989 704 1015 enim
713 993 740 1016 et
752 989 856 1023 praxim
869 988 1012 1015 rationabi-

222 1033 275 1060 lem
285 1039 390 1065 esse,et
403 1035 534 1061 tbeoriam
545 1034 692 1066 elﬁcacem,
701 1035 896 1062 utdebililetur
903 1035 1010 1067 vitium,

221 1079 306 1108 altera
324 1089 391 1108 vero
408 1081 589 1109 conﬁrmetur
603 1081 693 1109 virtus
712 1081 740 1108 in
758 1081 837 1108 bonis
852 1080 1009 1108 desideriis.

255 1174 300 1201 58.
323 1175 470 1203 Terminus
488 1177 684 1211 praclicorum,
704 1177 879 1204 mortiﬁcatio
900 1175 1009 1211 cupidi-

222 1224 324 1253 tatum;
340 1221 402 1249 linis
417 1223 616 1258 gnosticorum,
635 1223 740 1250 theoria
756 1223 900 1250 virlutum.

255 1313 300 1340 59.
312 1313 389 1346 Quod
403 1314 517 1340 materia
528 1318 570 1340 est
582 1313 686 1346 formm,
702 1313 755 1340 hoc
768 1313 860 1348 praxis
877 1313 1006 1346 theorim;

220 1364 247 1386 et
262 1361 334 1395 quod
350 1360 448 1387 oculus
462 1360 564 1392 vultui,
579 1361 632 1387 hoc
649 1360 754 1387 theoria
770 1360 858 1394 praxi.

255 1452 343 1479 40.1n
365 1453 456 1480 stadio
478 1452 589 1480 virtutis
612 1453 682 1480 duce
703 1453 823 1488 practica
846 1453 925 1481 multi
945 1461 1009 1480 cur-

221 1502 305 1529 runt,
335 1506 407 1524 unus
436 1503 526 1525 autem
554 1498 680 1525 bravium
711 1498 832 1533 accipit,
858 1499 881 1526 is
908 1507 1008 1533 nempe

219 1544 266 1577 qui
290 1544 323 1570 ad
351 1544 425 1570 illius
452 1545 600 1571 terminum
627 1544 697 1571 duce
727 1544 833 1571 tlieoria
865 1545 1008 1579 pervenire
1022 1561 1043 1579 ρ

218 1595 304 1616 011011,-

274 1598 304 1616 ιι.

255 1598 299 1660 gl.
317 1633 543 1668 Compunctionis
553 1635 664 1668 quidem
682 1635 810 1669 poculum
826 1634 895 1662 bibit
909 1635 1009 1669 practi-

219 1687 268 1706 cus
284 1680 310 1706 in
325 1681 460 1713 oratione,
477 1681 561 1708 calice
575 1686 667 1708 autem
681 1682 841 1709 dulcissimo
856 1682 1010 1710 inebriatur

220 1727 408 1760 theoreticus;
438 1728 484 1755 hic
510 1728 544 1755 de
572 1729 654 1756 rebus
674 1729 847 1756 naturalibus
869 1730 1008 1764 sapienter

219 1774 341 1806 disserit,
360 1774 405 1802 ille
423 1775 600 1810 semetipsum
620 1776 727 1811 ignorat
743 1776 770 1802 in
787 1775 902 1804 orando.

255 1821 301 1848 42.
327 1821 386 1848 Non
404 1825 495 1856 potest
515 1822 653 1856 praclicus
679 1822 706 1849 in
738 1822 874 1856 spirituali
902 1823 1007 1850 tlieoria

217 1867 264 1894 diu
282 1876 461 1902 permanere;
478 1869 577 1896 similis
593 1873 635 1895 est
648 1869 721 1896 enim
732 1869 837 1895 homini
855 1869 1006 1904 hospitanti

218 1915 289 1949 apud
304 1915 434 1950 aliquem,
449 1919 476 1942 et
491 1923 525 1943 ex
539 1916 622 1950 hujus
636 1915 718 1942 domo
738 1914 816 1942 brevi
832 1916 954 1943 exeunti.

253 1999 298 2026 43.
315 1999 398 2032 Quasi
418 1998 516 2033 jannas
534 1998 726 2025 mandatorum
744 1998 791 2025 Dei
816 1998 1008 2033 ingrediuntur

218 2045 331 2080 practici
358 2046 385 2072 in
409 2045 545 2077 oratione,
566 2045 712 2072 theoretici
738 2052 806 2071 vero
833 2046 910 2079 quasi
936 2046 1006 2072 atria

163 2105 168 2109 -
217 2093 328 2118 virtutis
354 2092 382 2118 in
407 2091 515 2126 hymnis
535 2094 563 2118 et
587 2091 739 2124 gratiarum
766 2091 939 2124 actionibus;
968 2093 1007 2119 illi

216 2136 339 2170 quidem,
355 2136 419 2170 quia
435 2136 553 2162 vinculis
569 2135 650 2162 soluti
674 2140 759 2168 sunt;
775 2135 803 2162 hi
821 2141 925 2169 autem,
943 2137 1006 2171 quia

217 2182 341 2216 captivos
356 2182 532 2208 abduxerunt
551 2181 626 2214 ipsos
642 2181 744 2208 hostes.

252 2265 295 2292 M.
311 2264 426 2299 Oportet
444 2263 552 2290 viribus
566 2264 696 2298 practice:
712 2264 878 2299 respondere
892 2265 1006 2295 tbeoria:

216 2312 299 2344 vires,
312 2319 357 2342 ne,
376 2310 453 2337 navis
471 2310 558 2336 instar
574 2318 629 2338 non
647 2310 787 2344 parallclis
803 2313 1005 2341 circumcincta:

215 2359 294 2391 velis,
313 2359 355 2386 vel
371 2358 543 2393 periclitetur
561 2358 647 2385 nimio
666 2363 813 2386 ventorum
831 2359 946 2394 impetui
969 2359 1004 2387 ob

217 2407 325 2434 illorum
349 2406 524 2433 immodicam
551 2406 774 2441 amplitudinem,
795 2407 838 2434 vel
859 2408 1003 2442 penuriam

215 2457 359 2480 ventorum
377 2452 507 2487 patiatur,
526 2452 590 2487 quia
614 2453 710 2480 eadem
734 2459 797 2481 sunt
821 2462 870 2489 pro
895 2454 1004 2489 navigio

215 2500 383 2533 angustiora.
775 2507 778 2509 '

249 2546 293 2573 45.
309 2546 342 2573 Ut
356 2546 472 2580 remiges
490 2546 639 2581 spiritualis
654 2546 755 2581 navigii
770 2546 840 2573 habe
856 2546 914 2581 pias
930 2548 1006 2582 cogi-

216 2592 347 2624 tationes;
365 2597 394 2619 ut
415 2601 505 2620 remos
528 2601 604 2624 vero,
621 2593 718 2620 vitales
738 2593 836 2619 animm
855 2593 1002 2627 potentias,

216 2639 380 2666 irascibilem
396 2643 425 2666 et
440 2639 696 2672 concupiscibilcm,
714 2638 882 2665 voluntatem
898 2643 926 2665 et
945 2639 1003 2665 elc-

215 2687 345 2714 ctionem.
361 2686 408 2712 His
420 2686 558 2720 practicus
569 2693 677 2719 Semper
693 2685 807 2720 indiget,
823 2693 878 2712 non
894 2693 1003 2719 semper

215 2738 306 2760 autem
330 2733 512 2760 theoreticus.
539 2732 589 2759 Hic
613 2732 686 2758 enim
716 2735 839 2766 tempore
868 2731 1002 2758 orationis

215 2780 344 2806 omnibus
360 2779 526 2810 valedicens,
542 2783 569 2805 et
583 2778 713 2813 gnosticae
729 2779 851 2806 insidens
863 2778 1002 2814 guberna-

215 2826 287 2858 culo,
303 2834 352 2860 per
366 2830 450 2852 totam
467 2831 575 2853 noctem
593 2825 744 2852 tlieorieam
760 2825 863 2860 vigilat,
877 2826 1000 2853 omnium

214 2873 310 2900 laudes
322 2872 355 2899 ad
365 2872 551 2899 continentem
561 2872 700 2904 appelli-ns
711 2881 719 2904 ;
730 2877 757 2899 et
770 2872 847 2903 quasi
864 2873 998 2900 eroticnm

1073 250 1184 284 ἀρετῆς,
1209 250 1328 285 ἀγάπην,
1358 251 1404 277 καὶ
1432 252 1595 286 προσευχήν.
1613 252 1651 277 Δι’
1669 253 1782 278 ἐκείνων
1800 258 1861 286 μὲν,

1073 296 1220 331 ἐπιθυμίας
1239 296 1336 330 ἀλόγου
1354 297 1400 322 καὶ
1414 297 1461 323 τοῦ
1477 297 1563 332 θυμοῦ
1580 297 1630 328 τὰς
1655 298 1744 333 ὁρμὰς
1762 299 1862 324 ἀνακό-

1073 350 1173 368 πτοντα
1189 350 1196 356 ·
1211 342 1255 368 διὰ
1270 341 1373 368 τούτων
1390 342 1432 374 δὲ,
1447 343 1551 373 ἐννοίας
1569 343 1660 374 κενὰς.
1688 344 1734 369 καὶ
1754 345 1804 375 τὰς
1830 345 1862 370 ὲκ

1071 387 1117 414 τοῦ
1134 387 1247 421 πλησίον
1262 388 1418 419 ὲπιὸουλάς.

1105 434 1151 460 λδ¹.
1169 434 1328 469 Πρακτικῆς
1347 434 1396 468 μὲν
1409 434 1489 469 ἀρχὴ,
1506 435 1654 468 ἐγκράτεια
1665 435 1711 461 καὶ
1722 436 1838 470 ἁλήῒεια
1852 446 1859 452 ·

1072 478 1186 512 μεσότης
1199 477 1237 510 δὲ,
1257 478 1427 514 σωφροσύνη,
1444 480 1491 504 καὶ
1504 480 1741 515 ταπεινοφροσύνη
1759 490 1765 496 ·
1782 482 1859 513 τέλος

1069 524 1097 550 δὲ
1130 523 1236 558 αὐτῆς,
1264 524 1402 558 λογισμῶν
1435 525 1542 560 εἰρήνη,
1572 526 1619 552 καὶ
1639 526 1774 560 ἁγιασμὸς
1804 529 1859 553 atii-

1070 578 1151 604 ματος
1156 589 1163 596 .

1103 625 1151 650 λε’.
1162 622 1265 658 Πρᾶξις
1282 622 1365 653 ἐστιν,
1379 622 1408 648 οὗ
1423 622 1454 647 τδ
1467 622 1599 657 πράττειν
1615 622 1708 653 ἁπλῶς
1722 622 1860 649 δύνασθαι

1069 671 1101 696 τὰ
1114 669 1193 702 καλὰ,
1211 668 1278 695 ἀλλὰ
1299 668 1346 694 καὶ
1361 668 1392 693 τὸ
1414 667 1452 698 ὡς
1468 668 1508 694 δεῖ
1534 667 1665 702 πράττειν
1696 668 1767 694 αὐτὰ
1780 688 1788 700 ,
1814 669 1862 693 τὴν

1069 715 1174 750 καιρὸν,
1192 714 1279 740 καὶτὸ
1293 714 1390 748 μέτρον
1405 713 1473 747 προς
1489 713 1523 739 τὰ
1543 714 1652 747 πρακτὰ
1673 721 1858 749 συνεπιφεροο

1070 763 1149 797 μένου
1167 760 1213 786 τοῦ
1231 760 1406 795 πράττοντος.

1102 806 1156 838 λς’.
1171 805 1278 840 Θεωρία
1291 806 1374 837 ἐστὶν,
1399 805 1428 831 οὐ
1449 805 1477 830 τὸ
1493 805 1606 838 θεωρεῖν
1621 804 1700 839 μόνον
1715 806 1754 836 ὡς
1769 805 1861 839 ἔχουσι

1067 853 1100 879 τὰ
1116 853 1240 887 σώματα,
1253 851 1321 878 ἀλλὰ
1336 851 1425 878 καὶτὸ
1440 852 1503 882 τοὺς
1515 850 1610 884 λόγους
1629 851 1729 882 αὐτῶν,
1747 851 1816 886 προ-ο
1835 851 1862 877 τί

1069 899 1225 934 βλέπουσιν.

1103 943 1150 976 λζ’.
1164 943 1220 969 Οὐκ
1230 942 1303 969 ἐστιν
1317 941 1378 968 οὔτε
1391 942 1488 976 πρᾶξις
1498 941 1632 976 ἀσφαλὴς,
1643 941 1758 976 Θεωρίας
1769 942 1859 971 ἕκτης,

1068 989 1128 1016 οὕτε
1145 989 1247 1023 θεωρία
1266 987 1380 1022 ἀληθὴς,
1399 988 1463 1014 ἄνευ
1490 987 1628 1021 πράξεως.
1646 987 1707 1021 Χρὴ
1733 987 1787 1021 γὰρ
1813 990 1861 1012 καὶ

1069 1034 1169 1070 πρᾱξ.ν
1182 1033 1324 1068 ἐλλόγιμον
1335 1031 1418 1063 εἶναι,
1432 1033 1479 1058 καὶ
1494 1032 1611 1066 θεωρίαν
1624 1032 1794 1066 ἔμπρακτον,
1818 1033 1862 1057 ἵνα

1069 1082 1100 1115 τῇ
1115 1081 1174 1114 μὲν,
1191 1079 1336 1114 ἀνίσχυρος
1347 1079 1508 1113 εὑρίσκηται
1521 1078 1536 1112 ὴ
1554 1078 1649 1110 κακία,
1662 1079 1696 1112 τῇ
1706 1078 1746 1109 δὲ,
1760 1077 1861 1110 δυνατὴ

1069 1128 1085 1161 ἡ
1102 1126 1185 1161 ἀρετὴ
1206 1127 1234 1151 ἐν
1249 1125 1384 1155 εὑδοκίαις
1400 1124 1583 1158 χρηστότητος

1102 1180 1154 1212 )η’.
1186 1179 1277 1212 Πέρας
1304 1179 1354 1213 μὲν
1383 1179 1560 1213 πρακτικῶν,
1589 1187 1604 1214 η
1637 1179 1772 1213 νέκρωσις
1803 1179 1859 1205 τῶν

1070 1223 1161 1250 παθῶν
1177 1234 1184 1240 υ
1202 1224 1277 1255 τέλος
1300 1223 1327 1250 δὲ
1356 1223 1512 1257 γνωστικῶν
1528 1245 1535 1256 ,
1561 1225 1578 1258 ἡ
1607 1224 1707 1258 θεωρία
1723 1223 1777 1250 τῶν
1794 1224 1860 1258 ἀρε-

1069 1269 1131 1297 τῶν.

1102 1316 1152 1343 λο¹.
1171 1317 1215 1347 Ὠς
1227 1316 1277 1350 ὓλη
1292 1315 1330 1350 τῷ
1345 1315 1502 1347 εἴδει,οὖτω
1517 1315 1615 1350 πρᾶξις
1627 1317 1659 1351 τῇ
1675 1315 1789 1350 Θεωρία,
1810 1316 1859 1342 καὶ

1067 1362 1102 1393 ὡς
1128 1361 1268 1396 ὀφθαλμὸς
1296 1360 1445 1396 προσώπῳ,
1465 1360 1536 1387 οὕτω
1560 1361 1661 1396 θεωρία
1691 1362 1724 1395 τῇ
1756 1361 1857 1396 πράξει

1067 1407 1227 1442 ὀφθήσεται.

1103 1451 1138 1486 μ’.
1162 1452 1206 1478 Ἐν
1223 1451 1262 1486 τῷ
1276 1451 1326 1486 τῆς
1339 1452 1410 1478 κατὰ
1424 1451 1472 1486 τὴν
1488 1451 1643 1486 πρακτικὴν
1669 1450 1771 1486 ἀρετῆς
1791 1459 1860 1476 στα-

1066 1498 1123 1533 δίῳ,
1142 1497 1234 1524 πολλοὶ
1250 1497 1299 1531 μὲν
1312 1499 1463 1532 τρέχουσιν,
1485 1494 1523 1528 εἷς
1538 1496 1567 1522 δὲ
1587 1496 1722 1530 λαμϐάνει
1745 1496 1776 1521 τὸ
1792 1496 1860 1530 βρα-

1067 1543 1149 1574 ϐεῖον,
1162 1544 1176 1569 ὁ
1190 1543 1258 1578 πρὸς
1274 1542 1304 1568 τὸ
1319 1543 1406 1578 πέρας
1417 1542 1500 1577 αὐτῆς
1516 1542 1603 1568 ἐλθεῖν
1617 1543 1649 1576 τῇ
1672 1541 1775 1576 θεωρίᾳ
1792 1543 1856 1568 ἔπι-

1067 1589 1170 1623 θυμῶν.

1103 1639 1157 1669 μα’.
1175 1634 1354 1668 Κατανύξεως
1371 1635 1421 1668 μὲν
1439 1634 1514 1668 πόμα
1541 1633 1613 1660 πίνει
1629 1634 1643 1659 ὁ
1658 1634 1812 1667 πρακτικὸς
1827 1635 1857 1660 ὲν

1066 1681 1132 1716 εὐχῇ
1149 1690 1155 1696 ·
1172 1681 1293 1716 ποτηρίῳ
1315 1681 1342 1706 is
1357 1681 1494 1716 κρατίστῳ
1510 1679 1677 1715 μεθύσκεται
1693 1681 1708 1706 ὁ
1721 1680 1858 1714 θεωρητι-

1066 1727 1112 1757 κός
1132 1734 1137 1741 ’
1155 1728 1168 1753 ὸ
1183 1727 1231 1761 μὲν
1247 1727 1275 1753 ἐν
1295 1727 1351 1756 τοῖς
1368 1727 1440 1752 κατὰ
1453 1727 1534 1759 φύσιν
1550 1725 1716 1760 φιλοσοφῶν,
1733 1727 1746 1751 ὀ
1762 1726 1790 1751 δὲ
1807 1726 1857 1752 καὶ

1066 1772 1160 1798 ἑαυτὸν
1175 1772 1279 1805 ἀγνοῶν
1290 1772 1318 1797 ἐν
1330 1771 1367 1806 τῷ
1382 1770 1519 1805 εὔχεσθαι.

1103 1818 1155 1853 μβκ
1173 1819 1210 1844 Οὐ
1224 1818 1404 1852 συγχωρείται
1418 1818 1431 1843 ὁ
1448 1816 1600 1851 πρακτικὸς
1611 1816 1650 1846 εἰς
1664 1815 1856 1850 πνευματικὴν

1067 1863 1184 1898 θεωρίαν
1206 1864 1251 1889 ὲπὶ
1268 1863 1334 1888 πολῦ
1355 1863 1531 1896 ἐγκαρτερεῖν
1545 1871 1553 1878 ι
1569 1862 1728 1896 εὑρίσκεται
1742 1861 1796 1896 γὰρ
1818 1860 1857 1892 ὡς

1067 1909 1241 1942 ἐπιξενωῦείς
1256 1918 1319 1941 τινι,
1337 1909 1385 1935 καὶ
1401 1909 1432 1935 ὲκ
1447 1909 1495 1943 τῆς
1511 1908 1615 1934 ἐκείνου
1637 1907 1727 1938 οἰκίας
1751 1907 1856 1942 ταχέως

1067 1956 1292 1991 ύπεξερχόμενος.

1104 2006 1158 2038 μγ’.
1180 2003 1224 2032 Ὠς
1237 2002 1266 2027 ὲν
1281 2001 1379 2032 πύλαις
1394 2001 1443 2036 μὲν
1465 2000 1636 2035 εἰσέρχονται
1661 2001 1687 2026 οί
1703 2000 1852 2035 πρακτικοὶ

1065 2048 1120 2074 τῶν
1134 2047 1247 2074 ἐντολῶν
1260 2047 1306 2073 τοῦ
1324 2046 1401 2077 Θεοῦ,
1421 2047 1449 2073 ὲν
1474 2046 1513 2080 τῷ
1528 2046 1657 2080 εὖχεσοαι
1671 2055 1677 2060 ·
1695 2046 1733 2077 ὡς
1758 2047 1788 2072 ὲν
1806 2046 1855 2072 αὒ-

1066 2093 1124 2124 λαῖς
1141 2093 1169 2119 δὲ
1183 2093 1289 2127 ἀρετῶν
1305 2093 1333 2119 ὲν
1350 2092 1455 2125 ὕμνοις,
1474 2092 1498 2117 οἱ
1531 2092 1693 2126 Θεωρητικοὶ
1706 2111 1714 2121 ,
1746 2093 1855 2126 εὐχαρι-

1067 2136 1192 2168 στοῦντες
1208 2144 1216 2153 ·
1234 2138 1258 2163 ot
1276 2137 1334 2172 μὲν,
1355 2137 1395 2163 ὃτι
1409 2137 1543 2171 ἐλύθησαν
1559 2137 1612 2163 τῶν
1629 2136 1749 2171 δεσμῶν,
1774 2138 1798 2163 οἱ
1815 2137 1852 2167 δὲ,

1066 2183 1107 2208 ὃτι
1124 2184 1172 2209 καὶ
1185 2183 1374 2218 αίχμαλώτους
1389 2183 1516 2217 εἰλήφασι
1530 2183 1594 2214 τοὺς
1604 2183 1791 2218 πολεμοῦντας
1805 2183 1854 2208 αὖ·

1065 2227 1137 2259 τούς.

1103 2273 1156 2310 μδ’.
1175 2275 1235 2310 Χρὴ
1251 2275 1322 2301 κατὰ
1337 2275 1368 2301 τὺ
1386 2275 1434 2309 τῆς
1449 2274 1605 2308 πρακτικῆς
1625 2274 1737 2308 κράτος,
1753 2283 1801 2300 και
1826 2275 1854 2300 τὸ

1065 2321 1243 2356 τῆςθεωρίας
1262 2321 1451 2355 εὑρίσκεσθαι,
1478 2321 1521 2346 ἵνα
1548 2320 1586 2355 μὴ
1619 2319 1681 2346 καθ’
1708 2320 1855 2354 ὁμοιότητα

1065 2366 1158 2393 πλοίου
1174 2366 1219 2392 τοῦ
1241 2367 1277 2401 μὴ
1293 2366 1448 2400 κατάλληλα
1475 2366 1508 2392 τὰ
1527 2365 1600 2392 ίστία
1626 2365 1854 2401 περιφερομένου,

1066 2411 1081 2446 ἥ
1097 2411 1218 2438 κίνδυνον
1230 2411 1363 2446 ὑπομείνῃ
1376 2412 1483 2445 ἀνέμων
1496 2411 1656 2445 σφοδρότητι
1667 2411 1711 2437 διὰ
1726 2411 1776 2445 τὴν
1787 2411 1854 2445 άμε-

1068 2457 1146 2492 τρίαν
1160 2457 1260 2488 αὐτῶν,
1277 2457 1293 2492 ἢ
1313 2457 1413 2492 ζημίαν
1428 2457 1591 2491 πνευμάτων
1606 2456 1650 2482 διὰ
1674 2456 1725 2491 τὴν
1747 2457 1814 2492 πρὸς
1827 2457 1855 2482 τὺ

1064 2503 1166 2536 σκάφος
1178 2503 1355 2537 σμικρότητα.

1099 2551 1150 2582 με’.
1171 2548 1282 2582 ΪΕρέτας
1301 2548 1350 2582 μὲν
1366 2547 1412 2573 τοῦ
1427 2548 1522 2582 νοητοῦ
1535 2547 1627 2573 πλοίου
1643 2547 1709 2579 νόει,
1724 2548 1788 2578 τοὺς
1805 2547 1852 2572 εὐ-

1065 2593 1155 2624 σεϐεῖς
1167 2593 1315 2627 λογισμούς
1329 2601 1336 2607 ·
1353 2593 1448 2624 κώπας
1466 2593 1505 2625 δὲ,
1521 2594 1571 2624 τὰς
1585 2593 1703 2625 ζωτικάς
1721 2593 1854 2627 δυνάμεις

1064 2639 1112 2673 τῆς
1124 2639 1225 2673 ψυχῆς,
1235 2638 1321 2673 θυμὸν
1337 2638 1384 2665 καὶ
1398 2638 1557 2672 ἐπιθυμίαν,
1583 2638 1711 2673 βούλησιν
1726 2640 1774 2665 καὶ
1790 2647 1854 2672 προ·

1066 2683 1181 2717 αίρεσιν.
1209 2683 1328 2716 Τούτων,
1357 2684 1371 2710 ὁ
1393 2683 1444 2717 μὲν
1467 2684 1618 2718 πρακτικὸς
1648 2685 1677 2710 ἐν
1691 2685 1771 2719 χρεία
1795 2685 1854 2710 ἐστὶ

1067 2731 1180 2757 πάντοτε
1200 2739 1205 2744 ·
1221 2731 1251 2757 οὐ
1271 2731 1385 2758 πάντοτε
1399 2730 1428 2757 δὲ
1444 2730 1490 2757 καὶ
1509 2731 1523 2757 ὁ
1539 2730 1714 2766 θεωρητικός,
1736 2731 1780 2757 Ἐν
1797 2731 1854 2764 γὰρ

1064 2774 1104 2809 τῷ
1130 2775 1218 2810 καιρῷ
1242 2776 1292 2808 τῆς
1317 2775 1399 2809 εὐχῆς
1413 2775 1518 2809 χαίρειν
1549 2772 1627 2806 οὗτος
1647 2777 1732 2801 πᾶσιν
1756 2773 1852 2804 εἰπὼν,

1065 2821 1145 2852 αὐτὸς
1161 2821 1257 2846 ἑαυτὸν
1273 2821 1319 2846 ἐπὶ
1338 2821 1392 2847 τῶν
1405 2820 1453 2855 τῆς
1473 2820 1647 2853 διαγνώσεως
1661 2821 1762 2846 οἰάκων
1783 2819 1852 2846 καο-

1066 2864 1138 2898 ίζων,
1164 2865 1207 2891 διὰ
1232 2865 1320 2900 πάσης
1343 2865 1480 2900 ἐγρήγορε
1500 2863 1549 2898 τῆς
1574 2865 1645 2891 κατὰ
1673 2864 1790 2897 Θεωρίαν
1805 2872 1847 2891 νυ-
