2027 3162
127 157 188 188 libi

698 157 898 188 GNOSTIC/E
918 158 1154 190 SENTENTI/E.

1673 162 1741 194 1158

132 227 200 248 κτος,
214 218 331 249 αίνέσεις
348 217 494 252 προσάγων
520 218 559 253 τῷ
581 220 687 254 συνοχεῖ
715 219 762 246 τοῦ
788 223 887 252 παντός
902 229 908 237 ⁸

968 214 1050 239 melos
1073 213 1217 242 iuchoans.
1233 219 1288 240 sua:
1312 213 1399 248 ipsius
1421 213 1542 241 concinit
1558 214 1666 246 animae,
1684 217 1749 244 salsi

132 261 175 287 καί
189 269 237 286 που
259 261 286 287 τί
300 261 348 288 καὶ
376 262 456 295 μέλος
474 263 607 297 ἐρωτικὸν
637 263 850 298 ἀναλαῦόμενος,
877 267 908 299 τῇ

129 307 221 334 ἑαυτοῦ
244 308 409 343 προσεπᾲδει
436 309 520 344 ψυχῇ,
534 311 598 341 τοὺς
611 310 659 344 τῆς
684 309 751 344 ἄλης
773 310 911 345 θαλάσσης

128 353 288 380 ἀποσκοπῶν
314 355 529 389 μετεωρισμοὺς,
567 357 615 382 καὶ
642 355 751 390 ροθέους
777 356 908 391 κινήσεις,

130 399 159 425 τὰ
175 398 233 424 θεῖα
259 398 515 434 καταπληττόμενος
538 400 659 435 κρίματα
679 409 707 427 τε
724 401 771 427 καὶ
797 401 908 427 δικαιώ-

129 454 208 480 ματα.

162 489 218 524 μς¹.
244 489 273 516 ὐ
292 489 381 524 μέσως
406 491 475 525 ἔχων
503 491 566 526 περὶ
581 491 678 525 πρᾶξιν
705 492 751 518 καὶ
779 491 905 526 θεωρίαν,

126 535 182 561 οὕτε
196 535 284 571 πάντῃ
294 537 354 566 ταῖς
363 536 468 567 κώπαις
483 537 553 563 κατὰ
562 537 624 566 τοὺς
635 538 776 568 ναυτικοὺς
790 538 905 564 ποιεῖται

124 581 166 606 τὴν
181 581 276 612 πλοῦν,
293 581 350 608 οὗθ’
362 583 430 614 ὅλως
445 584 501 614 τοῖς
521 583 625 616 νοητοῖς
643 583 747 615 ἱστίοις,
777 583 845 609 ἀλλὰ
870 581 904 609 δι’

129 628 290 663 ἀμφοτέρων
313 627 362 662 τὴν
390 627 484 662 χρείαν
510 627 560 662 τῆς
585 627 710 659 εὐπλοῖας
751 628 905 662 ἐργάζεται,

130 674 210 708 ἡδέως
225 673 317 708 φέρων
345 671 391 698 καὶ
416 672 478 703 τοὺς
492 672 588 702 πόνους
604 674 652 705 τῆς
666 673 801 706 πράξεως,
820 673 864 699 διὰ
875 673 906 700 τὸ

129 720 225 753 μέτρον
243 719 291 753 τῆς
303 718 429 752 θεωρῗας,
451 719 498 744 καὶ
524 719 585 749 τοὺς
607 718 702 751 λόγους
719 719 767 753 τῆς
795 720 906 751 ἀτελοῦς

128 764 253 799 θεωρίας,
266 764 309 790 διὰ
320 764 350 789 τδ
365 763 518 798 βοηθεῖσθαι
539 763 590 790 ὑπὸ
601 764 649 798 τῆς
664 765 798 798 πράξεως.

163 809 217 843 μζ’.
238 809 268 836 Ὀ
283 809 330 843 μὲν
343 809 506 843 θεωρητικὸς
522 811 554 844 τῇ
572 809 668 845 γνώμῃ
680 810 729 844 τὴν
746 811 826 844 φύσιν
837 811 906 846 ἔχων

127 856 334 890 συντρέχουσαν,
349 855 386 886 ὡς
401 853 456 881 οἶόν
469 864 494 881 τι
514 855 601 889 ῥεῦμα
625 855 732 886 ἀπόνως
748 857 863 883 ποιεῖται
876 857 906 882 τὸ

127 900 256 935 πλώϊμον,
272 901 285 926 ὸ
305 900 333 926 δὲ
349 900 497 935 πρακτικὸς
508 900 715 935 ἐναντιουμένην
727 901 860 935 εὑρίσκων
873 903 905 936 τῇ

127 946 284 980 προαιρέσει
299 945 347 980 τὴν
365 945 467 979 σχέσιν,
486 945 569 971 πολὺν
595 945 732 980 λογισμῶν
760 946 906 979 ὑφίσταται

126 991 259 1020 κλύδωνα,
287 991 334 1017 καὶ
350 991 390 1021 εἰς
407 990 580 1022 ἁπευδοκίαν,
601 990 700 1026 μικροῦ
725 991 791 1022 δεῖν,
817 992 906 1018 κινδυ-

125 1035 196 1062 νεύει
211 1036 253 1062 διὰ
272 1036 301 1062 τὺ
316 1036 397 1070 βάρος
413 1035 509 1063 ἐλθεῖν.

161 1091 214 1126 μη’.
232 1091 299 1118 Οὔτε
324 1092 399 1126 χώρα
417 1091 454 1126 μὴ
472 1091 561 1123 καλῶς
576 1093 799 1127 κατεργασθεῐσα,
826 1094 906 1121 πολύ-

125 1145 189 1172 χουν
202 1138 248 1164 καὶ
265 1137 384 1171 καθαρὸν
400 1138 591 1172 ἀντιπαρέχειν
605 1139 634 1164 τὸ
651 1138 760 1173 σπέρμα
776 1139 813 1173 τῷ
829 1140 904 1165 σπεί-

124 1190 198 1217 ροντι
216 1182 323 1215 εἴωθεν,
338 1181 398 1208 οὔτε
424 1183 437 1208 ὁ
453 1183 501 1215 τὴν
518 1183 671 1218 πρακτικὴν
699 1185 905 1219 μετερχόμενος.

122 1228 147 1254 εί
163 1228 201 1263 μὴ
219 1228 355 1263 ἐπιμελῶς
369 1228 480 1263 ταύτην,
501 1230 548 1255 καὶ
565 1230 698 1263 φανητίας
715 1231 789 1262 ἄνευ,
808 1232 903 1266 μετέρ-

121 1282 211 1307 χεται,
239 1273 284 1299 τὸν
313 1273 343 1306 ἐξ
372 1274 454 1308 εὐχῆς
481 1274 577 1309 ὄψεται
591 1276 696 1311 καρπὸν
721 1277 803 1304 πολύν
817 1285 847 1303 τε
861 1279 906 1304 καὶ

121 1319 193 1345 καθα
198 1320 253 1353 ρόν.

158 1364 213 1399 μθ¹.
230 1365 268 1399 Τῇ
296 1366 450 1401 πατουμένη
468 1367 571 1400 συχνῶς
598 1366 669 1393 ἔοικε
695 1368 741 1402 γῇ,
766 1368 867 1396 διάνοια
890 1370 905 1402 ἡ

122 1410 304 1442 ἀδιαλείπτοις
321 1411 400 1444 εὐχῆς
415 1412 500 1446 ῐχνεσι
511 1412 667 1446 τριϐομένη.
692 1413 799 1447 Ἐκείνη
811 1422 839 1440 τε
854 1414 908 1448 γὰρ

122 1455 181 1481 λεία
194 1455 280 1486 ἔσται,
297 1456 343 1482 καὶ
360 1456 427 1490 αὕτη
443 1457 534 1483 εὐθεῖα
551 1457 618 1491 πρὸς
637 1458 770 1492 ὑποδοχήν
786 1466 792 1473 ·
817 1459 907 1494 ἐκείνη

123 1501 172 1536 μὲν
213 1502 301 1527 ποδῶν
329 1501 493 1536 τρυφερῶν,
525 1503 572 1528 καὶ
603 1502 671 1536 αὕτη
703 1503 792 1537 εὐχῶν
821 1504 908 1530 καθα-

124 1546 189 1581 ρῶν.

157 1595 189 1619 ν’.
208 1592 272 1619 Ἐπὶ
289 1593 337 1626 μὲν
353 1592 406 1618 τῶν
431 1593 541 1624 ὲνύλων,
572 1594 586 1619 ὁ
613 1592 675 1623 νοῦς
695 1592 825 1627 συνεργὸν
853 1593 909 1627 ἔχει

122 1639 167 1665 τὴν
196 1639 337 1673 λογισμὸν,
368 1640 413 1665 ἐπὶ
445 1639 474 1665 δὲ
503 1639 556 1665 τῶν
585 1639 694 1672 ἀῢλων,
721 1639 745 1665 εἰ
777 1639 814 1673 μὴ
828 1639 909 1666 αὺ.ὸν

124 1686 346 1720 παραιτήσεται,
377 1685 414 1716 ὡς
459 1684 580 1711 σκόλοπα
613 1684 669 1718 ἓξει
713 1685 759 1711 τὸν
799 1685 909 1718 κολαψί-

121 1730 202 1762 ζοντα
207 1751 214 1758 .

157 1779 208 1803 val.
225 1776 365 1810 Κάλυμμα
385 1776 432 1810 μὲν
447 1775 502 1810 ἔχει
521 1776 535 1802 ὁ
548 1775 696 1810 πρακτικὸς
713 1775 759 1801 ἐπὶ
779 1775 828 1809 τῆς
844 1785 910 1810 καρ-

121 1819 178 1852 δίας
196 1819 280 1846 αὑτοῦ
297 1821 325 1846 ὲν
341 1820 418 1855 εὐχῇ,
436 1820 485 1853 τὴν
499 1820 599 1853 γνῶσιν
613 1819 667 1846 τῶν
681 1820 828 1854 αἰσθητῶν,
845 1821 910 1846 ἀνα-

121 1865 293 1900 καλυφθῆναι
312 1866 355 1892 διὰ
371 1866 419 1901 τὴν
435 1866 530 1900 σχέσιν
547 1865 583 1900 μὴ
608 1866 768 1900 δυνάμενον,
787 1867 866 1901 μόνος
882 1866 909 1892 δὲ

121 1909 135 1936 ὸ
149 1909 315 1946 θεωρητικὸς
324 1911 367 1938 διὰ
379 1911 408 1937 τὸ
422 1911 545 1946 ἄσχετον,
565 1911 817 1946 ἀνακεκαλυμμένῳ
828 1921 910 1947 προσ-

121 1956 188 1990 ώπῳ
227 1957 292 1991 ὁρᾷν
319 1956 373 1983 ἀπὸ
409 1956 508 1991 μέρους
539 1956 651 1983 δύναται
678 1956 728 1991 τὴν
754 1956 832 1988 δόξαν
862 1957 909 1983 τοῦ

121 2001 199 2028 Θεοῦ.

157 2047 206 2081 νβ’.
230 2047 261 2072 Ἥ
273 2055 340 2080 μετα
353 2049 540 2081 πνευματικῆς
553 2048 667 2083 Θεωρίας
679 2050 756 2084 εὐχὴ.
774 2050 790 2084 ἡ
806 2049 842 2083 γῆ
861 2049 910 2084 τῆς

122 2092 288 2126 ἐπαγγελίας
301 2093 368 2124 ἐστὶ,
386 2093 446 2119 καθ’
457 2093 490 2128 ἠν
503 2095 568 2128 ῥέει,
594 2095 632 2126 ὼς
649 2095 719 2128 γάλα
734 2096 781 2122 καὶ
799 2095 871 2129 μέλι,
893 2096 910 2129 ὴ

123 2138 224 2170 γνῶσις
238 2139 292 2163 τῶν
308 2139 370 2171 περὶ
387 2140 524 2172 προνοίας,
539 2140 584 2165 καὶ
596 2141 711 2174 κρίσεως
725 2141 810 2174 λόγων
830 2141 907 2168 Θεοῦ.

128 2184 162 2210 'H
178 2184 208 2210 δὲ
225 2183 293 2217 μετά
311 2192 382 2214 τινος
403 2185 530 2219 φυσικῆς,
557 2186 569 2220 ἦ
586 2185 731 2219 Αἴγυπτος,
757 2187 786 2211 ὲν
855 2186 909 2212 τῶν

123 2230 287 2264 παχυτέραν]
300 2230 452 2264 ἐπιθυμιῶν
465 2232 557 2265 μνήμη
582 2234 638 2263 τοῖς
661 2232 817 2266 εὐχομένοις
835 2233 909 2267 ἐγγί-

123 2284 209 2302 νεται.
228 2275 261 2301 Ἦ
273 2275 301 2301 δέ
315 2284 346 2309 γε
361 2276 443 2310 ἁπλῆ,
457 2276 485 2301 τὸ
499 2277 585 2310 μάννα
596 2278 654 2302 ἐστὶ
669 2278 698 2303 τὸ
713 2279 741 2303 ὲν
753 2279 784 2312 τῇ
797 2279 907 2314 ἐρήμῳ.

123 2321 153 2346 τὸ
168 2321 214 2347 διὰ
229 2321 258 2347 τὸ
273 2321 407 2355 μονοειδὲς
418 2342 425 2353 ,
440 2322 494 2352 τοῖς
517 2322 565 2355 μὲν
582 2322 791 2358 ἀκαρτερήτοις,
815 2324 908 2349 ἐναπο-

125 2366 215 2393 κλεῖον
229 2367 263 2392 τὰ
275 2366 309 2392 δι’
323 2366 471 2400 ἐπιθυμίας
497 2367 552 2393 τῶν
576 2367 787 2402 ἐπηγγελμένων
817 2369 886 2395 καλά.
899 2377 907 2384 ⁸

123 2413 182 2442 τοῖς
211 2411 239 2436 δὲ
266 2412 461 2447 ὲγχαρτεροῦσι
491 2414 522 2447 τῇ
550 2413 661 2449 τοιαύτῃ
694 2414 909 2451 ἀπεστενωμένῃ

123 2458 225 2491 τροφῇ,
239 2457 381 2491 προξενοῦν
403 2459 452 2494 τὴν
466 2459 582 2494 κρείττω
598 2459 692 2493 γεῦσιν
702 2480 710 2492 ,
738 2461 785 2486 καὶ
812 2460 909 2495 μένου⁴

126 2512 189 2529 σαν.

167 2551 214 2582 ιγ’.
228 2548 327 2583 Πρᾶξις
346 2549 392 2575 σὺν
406 2549 506 2584 θεωρίᾳ
520 2550 579 2581 μὲν,
591 2551 629 2582 ὡς
647 2551 727 2585 σῶμα
745 2551 814 2585 μετὰ
831 2550 907 2577 πνεύ-

128 2603 215 2630 ματος
229 2594 402 2629 ἡγεμονικοῦ,
424 2595 487 2621 ἄνευ
501 2595 529 2620 δὲ
549 2596 674 2630 Θεωρίας,
691 2597 728 2628 ὠς
754 2597 821 2629 σὰρξ
840 2597 909 2631 μετὰ

127 2639 284 2674 πνεύματος
299 2639 489 2674 προαιρετικοῦ
506 2639 704 2676 λογισθήσεται.

163 2695 211 2722 νδ¹.
225 2695 281 2730 Τῆς
299 2694 410 2729 λογικῆς
435 2695 534 2729 ψυχῆς,
561 2695 628 2730 αὐλὴ
659 2697 707 2730 μὲν
735 2697 751 2731 ἠ
777 2697 912 2732 αἴσθησις,

129 2741 193 2771 ναὸς
211 2739 238 2766 δὲ
264 2739 404 2774 ήδιάνοια.
420 2739 564 2774 ἀρχιερεὺς
577 2739 606 2766 δὲ
625 2741 639 2765 ὁ
651 2740 712 2772 νοῦς
729 2749 735 2755 ”
753 2743 781 2768 ἐν
797 2743 828 2776 τῇ
845 2742 912 2776 αὐλῇ

132 2787 182 2820 μὲν
195 2786 310 2817 ἵσταται,
328 2786 341 2811 ὁ
356 2786 401 2811 ὑπ’
412 2786 531 2820 ἀκαίρων
548 2785 609 2817 νοῦς
622 2787 851 2820 περικοπτόμενος
871 2788 914 2813 λο-

132 2832 239 2866 γισμῶν
251 2839 258 2845 ·
272 2832 300 2858 ἐν
314 2831 352 2866 τῷ
366 2831 422 2866 ναῷ
433 2831 472 2863 δὲ,
488 2832 501 2857 ὁ
514 2831 559 2859 ὑπ’
574 2831 710 2866 εὐκαίρων
725 2839 732 2846 ⁸
750 2832 795 2858 ὑπ’
810 2832 915 2864 οὐδενὸς

132 2875 161 2900 ἑὲ
174 2875 286 2909 τούτων,
306 2877 319 2903 ὀ
340 2876 380 2908 εἰς
400 2875 429 2902 τὸ
445 2876 514 2902 θεῖον
530 2877 662 2912 ἱερατεῖον
683 2876 809 2908 ἀξιωθεὶς
829 2877 915 2904 εἰσελ-

135 2922 207 2948 θεῖν,

965 260 1049 286 maris
1072 260 1263 294 contetnplans
1285 260 1421 287 elationes
1442 260 1623 296 fragososque
1645 267 1747 295 ntotus,

964 306 1067 340 Deique
1086 310 1200 341 stupens
1210 305 1314 341 judicia
1330 312 1358 334 et
1367 306 1588 342 justiﬁcationes.

999 480 1043 508 46.
1061 480 1111 514 Qui
1137 481 1242 516 praxim
1269 481 1458 517 theoriamque
1483 482 1637 518 interjacet,
1662 491 1753 518 neque

965 528 1077 554 omnino
1111 528 1195 555 remis
1225 535 1301 555 mere
1332 533 1477 556 nautarum
1510 529 1632 563 navigat,
1662 537 1751 564 neque

964 574 1077 601 omnino
1103 575 1295 609 spiritualibus
1324 576 1420 608 remis,
1444 576 1492 602 sed
1522 576 1668 602 amborum
1699 583 1752 610 ope

964 619 1070 646 felicem
1087 620 1194 654 peragit
1208 628 1330 653 cursum,
1345 620 1466 655 jucunde
1480 621 1572 648 ferens
1590 626 1619 648 et
1641 621 1750 649 labores

964 665 1066 700 praxis,
1084 666 1185 700 quippe
1201 674 1272 701 quos
1289 667 1447 694 moderatur
1469 668 1588 699 theoria,
1602 673 1630 695 et
1644 675 1750 695 sermo-

965 721 1014 740 nes
1046 713 1212 748 imperfecta:
1244 713 1367 747 theoriae,
1394 714 1496 750 quippe
1526 723 1607 750 quam
1640 716 1751 751 adjuvat

966 759 1069 794 praxis.

1002 805 1044 832 47.
1067 805 1248 833 Theoreticus
1262 807 1394 834 voluntati
1419 811 1543 834 naturam
1565 807 1670 834 habens
1683 814 1752 834 con-

967 856 1136 884 sentaneam,
1168 853 1264 880 [luenti
1299 855 1388 880 instar
1415 855 1474 881 sine
1504 854 1600 880 labore
1632 854 1754 888 navigat.

967 899 1106 933 practieus
1136 904 1228 926 autem
1258 899 1416 934 oppositum
1446 899 1588 934 reperiens
1617 896 1754 924 voluntati

967 945 1102 978 habitum,
1120 946 1233 972 multam
1254 945 1328 972 subit
1351 945 1548 980 cogitationum
1565 943 1754 979 perturbatio-

966 998 1041 1021 nem,
1055 998 1085 1017 ac
1099 997 1167 1025 pene
1178 990 1349 1024 periclitatur
1361 998 1394 1017 ne
1406 990 1433 1017 in
1446 989 1666 1024 reprobationem
1681 994 1753 1016 tanta

968 1036 1039 1063 tnole
1054 1036 1171 1063 obrutus
1190 1036 1377 1071 demergatur.
1414 1050 1419 1055 -

1001 1083 1046 1110 68.
1061 1082 1138 1110 Sicut
1158 1091 1222 1117 ager
1240 1083 1308 1110 male
1330 1083 1420 1110 cultus
1440 1082 1620 1118 multiplicem
1639 1090 1753 1117 purum-

967 1135 1022 1163 que
1049 1127 1167 1154 reddere
1197 1135 1291 1154 semen
1318 1127 1421 1154 serenti
1448 1136 1503 1155 non
1529 1129 1609 1158 solet,
1639 1127 1676 1154 ita
1706 1126 1754 1162 qui

967 1175 1116 1209 praetieam
1132 1174 1280 1207 percurrit,
1299 1174 1351 1200 nisi
1367 1174 1513 1209 diligenter
1527 1182 1588 1201 eam
1605 1178 1633 1201 et
1647 1173 1754 1208 absque

969 1221 1041 1248 inani
1058 1221 1143 1256 gloria
1161 1226 1297 1256 peragret,
1313 1221 1429 1247 multum
1446 1229 1602 1256 purumque
1618 1228 1675 1248 non
1693 1228 1757 1255 per-

967 1268 1052 1303 cipiet
1067 1275 1099 1294 ex
1115 1267 1238 1294 oratione
1253 1267 1383 1294 fructum.

1003 1360 1048 1387 49.
1063 1359 1155 1387 Terra:
1170 1359 1330 1393 frequenter
1347 1358 1458 1386 calcata:
1472 1357 1570 1385 similis
1588 1362 1631 1385 est
1646 1357 1756 1385 animus

968 1406 1108 1434 continuis
1126 1406 1261 1433 orationis
1276 1406 1357 1433 tritus
1371 1405 1506 1441 vestigiis.
1522 1405 1569 1432 Illa
1585 1406 1658 1432 enini
1674 1405 1755 1440 plana

967 1457 1009 1480 est
1027 1457 1054 1479 et
1069 1453 1114 1480 hie
1127 1457 1229 1485 rectus,
1245 1456 1274 1479 ut
1291 1452 1434 1487 suscipiat,
1450 1452 1495 1479 illa
1512 1451 1597 1486 pedes
1611 1452 1756 1484 delicatos,

968 1499 1014 1526 hic
1029 1507 1126 1534 preces
1139 1507 1231 1534 puras.

1004 1581 1048 1608 50.
1073 1582 1102 1608 In
1133 1582 1326 1609 materialibns
1352 1583 1447 1614 rebus,
1477 1581 1640 1616 adiutricem
1672 1580 1757 1607 habet

969 1628 1079 1655 animus
1108 1627 1264 1660 rationem;
1292 1628 1320 1654 in
1347 1627 1575 1654 immaterialibus
1600 1634 1676 1658 vero,
1702 1625 1756 1652 nisi

968 1682 1028 1702 eam
1044 1679 1194 1707 removeat,
1207 1674 1234 1701 in
1249 1675 1307 1709 ipsa
1319 1681 1430 1701 crucem
1444 1672 1565 1701 inveniet
1576 1677 1604 1700 et
1614 1672 1755 1707 colaphos.

1004 1767 1048 1795 5i.
1066 1766 1206 1794 Practicus
1223 1765 1250 1792 in
1273 1765 1402 1800 precibus
1424 1765 1549 1791 velamen
1572 1763 1656 1791 habet
1674 1771 1758 1799 super

970 1822 1018 1842 cor
1044 1822 1140 1845 suum,
1165 1820 1265 1846 nempe
1293 1811 1419 1838 notitiam
1452 1818 1544 1838 rerum
1568 1811 1757 1841 sensibilium,

970 1861 1044 1896 quod
1072 1860 1183 1895 quidem
1211 1859 1268 1886 tolli
1295 1866 1327 1885 ac
1353 1858 1469 1885 revelari
1495 1862 1610 1893 propter
1635 1857 1756 1884 habitum

971 1915 1025 1934 non
1051 1909 1151 1940 potest.
1172 1905 1206 1932 At
1229 1904 1468 1938 contemplativus,
1492 1903 1623 1938 quoniam
1648 1910 1681 1929 eo
1701 1910 1756 1928 non

971 1957 1093 1984 tenetur,
1110 1951 1158 1978 Dei
1180 1951 1273 1986 gloria:
1291 1950 1410 1977 revelata
1426 1949 1495 1977 facie
1512 1953 1618 1984 partem
1637 1948 1756 1982 aliquam

971 1999 1066 2026 videre
1082 2001 1183 2033 potest.

1007 2045 1051 2072 52.
1066 2045 1160 2072 Oratio
1177 2051 1239 2071 cum
1261 2042 1397 2078 spirituali
1419 2041 1535 2074 tlieoria,
1552 2046 1594 2069 est
1610 2046 1681 2068 terra
1696 2048 1759 2076 pro-

971 2091 1122 2122 missionis,
1154 2090 1181 2116 in
1208 2096 1261 2123 qua
1283 2087 1355 2119 ﬂuit,
1383 2087 1421 2115 uti
1446 2087 1488 2114 lac
1515 2091 1542 2114 et
1559 2087 1622 2118 mel,
1644 2086 1757 2113 scientia

970 2143 1130 2165 sermonum
1152 2135 1186 2162 de
1212 2133 1384 2169 providentia
1408 2137 1436 2159 et
1455 2131 1561 2167 judicio
1583 2131 1642 2159 Dei.
1663 2131 1759 2158 Oratio

971 2191 1033 2210 cum
1049 2183 1139 2218 aliqua
1155 2181 1276 2218 physica,
1296 2185 1340 2207 est
1353 2179 1496 2215 Aigyptus.
1520 2179 1567 2206 ubi
1590 2179 1758 2206 erassiorum

940 2231 1175 2263 [)desideriorutn
1215 2227 1371 2256 recordatio
1399 2226 1580 2262 precantibus
1611 2226 1758 2252 succurrit.

972 2279 1067 2306 Oratio
1084 2277 1200 2311 simplex
1214 2280 1257 2302 est
1271 2274 1374 2303 deserti
1391 2281 1501 2304 manna,
1519 2273 1604 2307 quod,
1622 2272 1759 2299 uniforme

972 2331 1035 2352 cum
1054 2323 1100 2353 sit.
1124 2330 1172 2350 eos
1192 2321 1302 2355 quidem
1328 2319 1375 2355 qui
1401 2327 1434 2347 eo
1459 2318 1580 2346 contenti
1605 2326 1660 2345 non
1684 2322 1759 2349 sunt,

971 2371 1061 2406 privat
1082 2368 1189 2396 deliciis
1210 2375 1244 2395 ex
1261 2366 1476 2402 promissionum
1492 2365 1630 2393 desiderio
1645 2371 1760 2390 nascen-

972 2417 1057 2449 tibus,
1075 2416 1109 2442 iis
1117 2422 1183 2441 vero
1198 2414 1244 2448 qui
1258 2413 1335 2440 cibos
1349 2412 1386 2438 ita
1399 2411 1512 2445 exiguos
1521 2410 1666 2443 suti‘erunt,
1679 2409 1760 2436 ati‘crt

971 2467 1082 2498 gustum
1099 2461 1253 2489 suaviorem
1269 2467 1300 2486 ae
1315 2462 1533 2493 permanentem.

1008 2542 1052 2570 55.
1073 2540 1169 2568 Praxis
1196 2547 1257 2566 cum
1280 2537 1386 2566 theoria
1405 2540 1447 2564 est
1469 2536 1554 2563 veluti
1577 2542 1678 2570 corpus
1696 2542 1758 2561 eum

973 2588 1070 2623 spiritu
1085 2587 1256 2621 imperante;
1273 2585 1332 2612 sine
1349 2583 1468 2614 theoria.
1484 2583 1561 2610 velut
1579 2589 1680 2617 corpus
1695 2589 1757 2609 cum

973 2635 1072 2670 spiritu
1089 2641 1163 2660 mere
1179 2633 1267 2659 libero
1283 2630 1441 2658 habebitur.

1010 2682 1054 2709 54.
1081 2679 1233 2707 Rationalis
1262 2677 1361 2705 animae
1388 2676 1490 2703 atrium
1515 2679 1557 2702 est
1583 2673 1757 2704 sensorium.

974 2727 1105 2762 templum
1124 2725 1290 2754 intellectus,
1305 2729 1333 2751 et
1348 2730 1473 2750 summtts
1488 2721 1617 2749 sacerdos
1634 2719 1757 2754 spiritus.

973 2775 1003 2802 In
1020 2774 1093 2801 atrio
1109 2776 1163 2799 stat
1183 2771 1297 2805 spiritus
1312 2771 1359 2805 qui
1374 2769 1576 2804 intempestivis
1596 2767 1759 2794 debilitatur

974 2819 1203 2856 cogitationibus;
1219 2818 1246 2844 in
1268 2817 1370 2851 templo
1387 2821 1491 2845 autem.
1508 2815 1554 2850 qui
1570 2813 1757 2848 tempestivis;

974 2865 1081 2893 neutris
1097 2871 1162 2891 vero
1183 2863 1346 2891 debilitatur
1367 2862 1413 2897 qui
1431 2862 1555 2889 divinum
1570 2858 1759 2887 sanctuarium

967 2912 1072 2940 meruit
1083 2910 1202 2947 ingredi.
