2027 3162
274 161 343 194 “5‘1

272 273 324 292 ma:
336 264 466 300 practiea:
478 268 591 299 propter
602 263 724 290 laborem
738 261 920 290 inveniuntur
935 271 940 289 :
953 267 1059 294 contra,

271 321 321 341 vox
339 310 532 339 exsultationis
548 315 575 336 et
588 308 770 336 confessionis
785 309 818 341 ",
836 314 950 344 propter
965 309 1060 344 cogni-

271 360 373 387 tionem
392 358 418 384 in
432 356 610 384 tabernaculo
630 355 845 390 contemplantis
860 356 1059 382 cxaudiuntur.

303 415 347 443 56.
363 415 506 442 Praclicus
522 413 635 448 quidem
657 413 835 440 hortantibus
854 413 990 441 molestiis
1004 414 1061 440 dis-

269 459 338 499 so‘lvi
350 460 373 475 “’
389 460 475 493 cupit,
493 464 520 486 et
534 466 597 486 esse
610 466 673 486 cum
693 458 824 492 Christo;
840 460 1060 493 contemplativo

269 504 399 540 placitum
412 509 453 532 est
468 504 555 539 magis
568 505 594 531 in
607 512 688 532 carne
702 512 864 539 permanere
876 504 909 537 ²¹,
924 510 980 531 tum
995 513 1060 540 pro—

269 556 330 586 pter
339 551 470 586 gaudium
483 550 555 585 quod
569 559 602 577 ex
615 551 745 585 precibus
758 554 911 585 exspectat.
927 555 986 577 tum
997 559 1060 585 pro-

268 603 330 633 pter
339 598 563 632 utilitatem,qu:e
572 605 621 633 per
629 598 707 624 illum
715 597 748 624 ad
758 598 897 632 proximos
907 598 1058 625 derivatur.

304 645 348 672 57.
359 645 439 680 Apud
455 645 599 680 peritiores
609 644 716 672 theoria
729 645 835 679 praxin,
848 645 918 679 apud
934 645 1060 673 rudiores

268 692 361 727 praxis
374 692 510 720 theoriam
522 692 671 724 antecedit,
685 697 713 719 et
727 693 851 720 ambzein
863 692 944 720 linem
958 693 1059 720 bonum

268 739 400 766 desinunt
422 748 428 766 :
449 739 475 766 id
505 739 579 773 quod
607 738 763 773 promptius
785 743 828 766 est
847 738 943 775 videre
966 738 992 765 in
1018 739 1059 766 his

269 786 370 820 quibus
387 785 583 820 contemplatio
601 785 710 812 actione
726 785 802 819 prior
819 790 873 812 est.

304 867 348 894 58.
369 866 470 895 llortus
489 866 601 901 quidem
619 872 647 894 et
666 866 810 902 paradisus
826 871 869 894 est
884 867 1059 895 intellectua-

268 912 335 940 lium
365 913 573 948 contemplatio,
601 913 628 940 in
653 920 714 947 qua:
742 913 909 948 cognitionis
938 918 1060 941 sectator

268 967 330 986 cum
350 959 480 995 precibus
498 965 528 986 ut
544 959 571 986 in
589 959 702 986 domum
723 959 878 995 ingreditur
894 968 900 985 :
920 961 1060 994 praetieus

267 1010 360 1032 autem
387 1005 498 1032 videtur
528 1009 658 1040 tanquam
686 1005 777 1032 viator
802 1005 965 1039 praeteriens
987 1005 1059 1033 velle

267 1052 414 1086 inspicere.
435 1052 482 1080 sed
497 1059 552 1079 non
570 1051 704 1087 permitti,
719 1052 783 1087 quia
797 1051 824 1079 id
842 1051 912 1078 ultra
926 1052 1058 1086 spiritua-

266 1098 301 1126 lis
313 1098 402 1125 artatis
416 1099 476 1134 ejus
492 1106 585 1133 sepem
599 1103 652 1126 est.

302 1146 345 1173 59.
363 1145 508 1173 Passiones
523 1153 664 1180 corporea:
681 1137 746 1172 l‘cris
761 1144 868 1177 bestiis,
882 1145 916 1172 ad
935 1144 1056 1172 animam

266 1199 333 1218 vero
353 1192 538 1226 pertinentes,
558 1192 721 1218 volucribus
738 1196 804 1218 sunt
822 1191 938 1218 similes.
957 1190 1058 1218 Verum

267 1237 328 1264 illas
343 1245 358 1264 a
373 1242 483 1264 terrena
501 1238 581 1264 vinea
591 1229 689 1273 Tugare
705 1245 736 1264 ac
752 1237 901 1272 dispellere
918 1237 1058 1272 practicus

266 1287 427 1318 potest,non
435 1284 519 1311 etiam
531 1291 618 1318 genus
628 1284 748 1316 volatile,
760 1284 811 1311 nisi
822 1284 936 1311 tbeorizc
946 1292 1057 1319 posses-

266 1330 372 1356 sionem
390 1330 500 1361 adierit,
512 1330 638 1365 quamvis
658 1330 691 1356 ad
710 1330 819 1357 interna
830 1338 879 1357 sua
895 1330 1058 1357 custodiem

266 1375 300 1403 da
318 1383 457 1403 summum
474 1376 596 1403 studium
607 1376 835 1411 diligentiamque
851 1376 1022 1404 adhibuerit.

302 1423 348 1450 60.
369 1419 499 1450 Moralem
528 1423 700 1450 honestatem
729 1431 860 1458 superare
884 1430 940 1450 non
966 1427 1058 1458 potest

266 1470 416 1505 practieus,
428 1470 479 1498 nisi
495 1475 523 1498 et
541 1471 609 1505 ipse,
621 1474 651 1497 ut
661 1470 818 1505 patriarcha
830 1469 981 1501 Abraham.
995 1474 1057 1496 tan-

265 1523 348 1550 quam
360 1524 393 1543 ex
403 1516 514 1551 propria
532 1521 615 1548 terra,
626 1524 658 1543 ex
668 1516 728 1551 lege
739 1516 874 1548 naturali;
885 1521 913 1543 et
926 1521 1055 1550 tanquam

264 1569 297 1589 ex
311 1562 486 1597 cognatione,
500 1569 532 1589 ex
547 1562 581 1589 iis
596 1562 642 1596 qui
659 1561 781 1588 consoeii
794 1562 931 1588 suntvita:
946 1562 1053 1588 habitu.
1069 1564 1090 1592 c

266 1607 312 1635 Sic
327 1608 400 1635 enim
413 1613 442 1635 et
457 1609 514 1642 ipse
527 1609 554 1635 in
565 1608 673 1643 signum
681 1608 799 1642 accipiet
813 1604 1055 1635 circuincisionem

265 1654 393 1689 genitalis
415 1654 576 1688 voluptatis,
596 1661 669 1688 quae,
691 1657 720 1692 ut
740 1653 905 1689 praeputium
922 1661 936 1680 a
955 1654 1056 1681 nativi-

265 1704 321 1728 tate
347 1700 581 1731 circumductum,
607 1701 699 1728 obstat
729 1700 796 1735 quin
823 1699 947 1735 perfecta
974 1700 1056 1728 nobis

265 1751 411 1781 praestetur
426 1745 549 1772 libertas.

300 1829 345 1856 6|.
362 1828 439 1856 Sicut
463 1828 555 1863 pullus
578 1833 703 1863 tempore
726 1836 813 1856 verno
836 1828 906 1856 intra
932 1837 1054 1865 pnesepe

265 1883 377 1903 manere
393 1875 421 1902 in
436 1883 525 1909 eoque
544 1875 677 1902 mandere
694 1882 749 1902 non
768 1879 869 1910 potest,
886 1875 922 1902 ita
940 1875 1054 1910 spiritus

264 1921 292 1949 in
309 1922 411 1948 virtute
423 1920 545 1948 novitius
556 1920 690 1948 orationis
703 1921 857 1955 angustiam
872 1920 918 1948 diu
932 1921 1054 1956 perferre

263 1966 372 2000 nequit,
387 1965 474 1992 multo
489 1965 577 1992 satius
590 1965 730 1993 arbitrans
748 1966 775 1992 in
789 1974 916 2001 campum
933 1967 1054 2002 physicae

265 2011 377 2039 theorim
392 2011 483 2046 egredi
502 2019 563 2046 qua:
582 2011 608 2038 in
627 2011 779 2044 psalmodia
795 2017 824 2040 et
840 2013 960 2040 lectione
977 2013 1054 2040 inve-

264 2059 350 2085 uitur.

297 2140 343 2166 62.
359 2139 440 2173 Quasi
456 2139 566 2166 lumbos
581 2139 664 2166 habet
679 2139 785 2166 cinctos
795 2139 901 2173 jejunio
916 2144 944 2167 et
960 2140 1052 2174 vigilia

262 2188 383 2222 practice
409 2187 506 2213 vitales
526 2194 590 2212 suas
617 2186 774 2221 potentias;
811 2186 933 2214 theorica
961 2191 1051 2214 autem

262 2235 350 2261 virtus
362 2233 564 2260 intellectualcs
574 2233 649 2260 vires
660 2232 744 2260 habet
756 2237 785 2259 ut
799 2232 927 2261 lucernas
939 2233 1050 2260 silentio
1068 2236 1088 2263 υ

261 2285 288 2308 et
310 2279 435 2307 oratione
454 2286 586 2306 accensas
605 2287 612 2304 :
630 2287 683 2306 una
703 2278 814 2314 quidem
836 2279 890 2306 illis
915 2280 1048 2314 praeponit

262 2327 437 2354 ratiocinium
456 2332 486 2353 ut
507 2326 696 2361 pzedagogum,
713 2326 798 2353 altera
824 2334 890 2353 vero
911 2326 954 2354 his
979 2335 1047 2362 prac-

260 2374 316 2402 ticit
339 2374 476 2401 intentam
501 2373 635 2401 rationem
663 2377 692 2399 ut
712 2380 841 2407 sponsam
870 2381 920 2408 pro
944 2381 1048 2408 sponso

259 2426 347 2449 ornet.

294 2469 338 2496 65.
356 2468 431 2496 Mens
452 2469 574 2495 nondum
599 2467 722 2503 perfecta
743 2467 770 2494 in
795 2467 966 2496 fructiferam
984 2476 1048 2496 ora-

259 2515 343 2543 tionis
369 2515 478 2542 viucam
506 2515 610 2542 intrare
633 2523 688 2542 non
717 2514 831 2546 sinitur,
855 2515 902 2542 sed
926 2515 952 2542 ei
974 2515 1048 2542 velut

259 2562 386 2589 mendico
413 2563 566 2589 racemario
596 2563 655 2589 sola
679 2567 706 2589 et
728 2563 813 2594 nuda,
831 2566 860 2589 et
882 2562 927 2589 vix
952 2563 1047 2596 etiam,

258 2608 426 2643 psalmorum
441 2608 600 2636 decantatio
615 2609 790 2637 conceditur.

292 2666 337 2694 66.
351 2666 589 2699 Quemadmodum
608 2675 663 2694 non
680 2675 777 2695 omnes
792 2668 840 2702 qui
856 2668 890 2695 ad
905 2668 978 2702 regis
993 2668 1051 2695 col-

258 2712 383 2748 loquium
405 2713 602 2744 admittuntur,
625 2720 687 2739 cmn
708 2721 742 2740 eo
760 2713 897 2747 prandere
921 2717 1049 2747 possunt,

257 2759 298 2785 sic
328 2765 418 2793 neque
445 2759 493 2793 qui
516 2766 579 2786 cum
602 2758 728 2785 oratione
755 2759 874 2785 miscent
899 2758 1049 2792 colloquia,

257 2811 353 2831 omnes
369 2804 401 2830 ad
417 2813 477 2831 eam
498 2813 579 2839 quam
602 2804 684 2831 habet
702 2805 836 2831 tlseoriam
851 2805 984 2840 aspirant.

298 2917 320 2933 ⁸⁸
333 2918 433 2946 Ezech.
447 2927 477 2952 ιι,
496 2921 522 2948 9.

968 161 1066 190 1’.le
1088 161 1212 190 ECDlCl

306 218 352 246 55.
370 218 555 250 Lamentatio,
568 222 594 245 et
608 221 767 250 earmen,ct
779 224 820 244 we
832 216 853 232 "
866 216 894 243 in
907 216 989 243 domo
1001 216 1061 243 ani-
1078 221 1098 248 Α

1837 156 1907 190 lli)

1150 217 1194 243 vs'.
1210 217 1311 252 Θρῆνος
1330 218 1387 252 μὲν,
1410 218 1455 244 καὶ
1473 218 1562 252 μέλος,
1582 219 1629 245 καὶ
1648 218 1710 244 οὐαι
1726 218 1754 244 ἐν
1768 219 1835 253 οἴκῳ
1855 222 1902 252 τῆς

1115 264 1268 298 πρακτικῆς
1281 264 1369 298 ψυχῆς
1382 264 1425 290 διὰ
1440 264 1485 290 τὸν
1509 265 1593 290 κόπον
1617 264 1777 299 εὑρίσκεται
1797 272 1804 279 ·
1829 266 1903 300 φωνὴ

1114 309 1143 336 δὲ
1159 309 1343 342 ἀγαλλιάσεως
1360 310 1407 336 καὶ
1423 310 1642 344 ἐξημολογὴτεως
1663 310 1706 336 διὰ
1725 310 1774 347 τὴν
1792 311 1903 344 γνῶσιν,

1116 356 1146 382 ἐν
1163 355 1202 389 τῷ
1220 355 1268 390 τῆς
1282 356 1451 391 θεωρητικῆς
1468 356 1637 388 ἐξακούεται.

1153 415 1207 442 νς’.
1223 411 1253 438 '0
1271 412 1418 446 πρακτικὺ;
1430 413 1488 447 μὲν.
1502 412 1630 448 ἐπιθυμεῖ
1642 412 1776 440 ἀναλῦσαι
1788 413 1835 439 διὰ
1846 413 1906 443 τοὺς

1118 457 1225 488 πόνους,
1245 458 1292 483 καὶ
1307 458 1484 491 συγγενέσθαι
1499 459 1609 493 Χριστῷ
1623 467 1630 472 ·
1651 460 1664 484 ὁ
1679 459 1707 485 δὲ
1725 459 1905 493 θεωρητικζ,

1118 503 1223 529 εὐδοκεῖ
1239 503 1337 535 μᾶλλον
1354 505 1436 538 σαρκὶ
1459 505 1638 539 παραμένειν,
1655 506 1700 531 καὶ
1720 505 1764 531 διὰ
1791 505 1842 539 τὴν
1861 514 1906 538 χα-

1118 543 1219 580 ρὰν,ἢν
1234 545 1340 580 δέχεται
1357 547 1386 579 ἐξ
1406 547 1488 582 εὐχῆς
1499 568 1505 579 .
1524 549 1570 574 καὶ
1586 549 1630 575 διὰ
1647 550 1696 583 τὴν
1715 550 1763 576 τοῦ
1792 551 1906 586 πληεέω

1116 592 1331 627 προσ-γινομένην
1354 592 1496 627 ὠφέλειαν.

1150 635 1198 667 νζ.
1222 637 1283 663 Ἐπὶ
1300 638 1350 672 μὲν
1364 639 1419 665 τῶν
1438 639 1639 676 λογικωτέρων,
1667 642 1683 676 ὴ
1711 641 1816 676 θεωρία
1841 650 1906 677 προ-

1114 683 1225 717 ηγεῖται
1241 683 1290 718 τῆς
1304 684 1440 719 πράξεως·
1459 686 1504 711 ἐπὶ
1517 686 1544 712 δὲ
1560 686 1614 712 τῶν
1626 687 1842 722 ἀγροικοτέρων,
1859 689 1907 723 τῆς

1114 727 1229 763 θεωρίας
1244 730 1260 764 ἡ
1273 730 1381 764 πρᾶξις.
1397 731 1443 763 Εἰς
1453 731 1481 757 ἓν
1493 731 1520 758 δὲ
1536 731 1612 763 τέλος
1624 732 1905 768 χρηστδνάμφόεερειι

1115 774 1315 809 καταλήγουσαι
1331 783 1338 790 ·
1367 777 1571 812 συντομώτερον
1585 777 1613 804 δὲ
1643 777 1721 805 τοῦτο
1743 777 1905 813 ὀφθήσεται,

1114 816 1154 851 οἷς
1168 821 1184 855 ἡ
1198 821 1299 856 Θεωρία
1315 823 1475 857 προηγεῖται
1488 823 1536 858 τῆς
1553 823 1688 858 πράξεως.

1149 865 1199 900 νῆ’.
1217 867 1383 902 Παράδεισός
1396 869 1479 900 ἐστιν,
1495 870 1511 903 ἡ
1525 868 1626 904 Θεωρία
1643 869 1698 895 τῶν
1712 870 1831 904 νοητῶν.
1863 870 1904 896 Ἐν

1117 911 1205 946 τούτῳ
1218 914 1231 938 ὀ
1252 912 1301 947 μὲν
1318 915 1479 947 γνωστικδς,
1496 914 1533 946 ὡς
1549 915 1577 940 ἐν
1592 915 1686 950 οἰκείῳ
1704 916 1773 950 οἱιῳ
1798 916 1904 942 ἔνδοθεν

1114 957 1266 992 εἰσέρχεται
1291 960 1320 985 ἐν
1346 959 1422 995 εὐχῇ,
1439 960 1453 986 6
1467 959 1495 986 δὲ
1512 961 1665 995 πρακτικὸς
1679 981 1685 992 ,
1701 960 1739 992 ὡς
1755 961 1905 996 παροδίτης

1112 1002 1272 1037 ὀφθήσεται,
1298 1003 1441 1039 ἐπιθυμῶν
1462 1005 1511 1039 μὲν
1527 1025 1534 1037 ,
1562 1005 1668 1032 ἔνδοθεν
1698 1006 1903 1041 παρακύπτειν,

1114 1048 1151 1083 μὴ
1182 1049 1407 1085 συγχωρούμενος
1435 1050 1483 1082 δὲ,
1513 1050 1557 1077 διὰ
1592 1051 1622 1076 τὺ
1651 1052 1904 1086 ὑπερανεστηκέναι

1112 1094 1156 1121 τὸν
1170 1095 1296 1130 φραγμὸν
1308 1095 1357 1130 τῆς
1371 1097 1557 1130 πνευματικῆς
1574 1096 1684 1130 ἡλικίας
1701 1096 1796 1123 αὐτοῦ.

1148 1140 1196 1168 VO'.
1225 1140 1266 1168 Τὰ
1289 1141 1338 1176 μὲν
1371 1141 1514 1176 σωματικὰ
1544 1141 1617 1175 πάθη
1647 1140 1754 1176 Θηρίοις
1776 1141 1903 1170 ἐοίκασι.

1113 1187 1224 1220 πτηνοῖς
1237 1186 1265 1212 δὲ
1280 1186 1426 1221 τὰιψυχικά
1441 1195 1448 1201 ·
1465 1185 1533 1212 ἀλλὰ
1552 1186 1587 1212 τὰ
1603 1186 1652 1220 μὲν
1667 1186 1841 1220 ἀποτειχίζει
1853 1186 1905 1212 ἁπλ

1113 1231 1159 1258 τοῦ
1174 1231 1283 1265 λογικοῦ
1304 1231 1464 1265 ἀμπελῶνος
1480 1232 1493 1257 ὁ
1508 1231 1672 1266 πρακτικὸς,
1691 1232 1740 1257 οὐκ
1751 1231 1794 1257 ἔτι
1811 1231 1841 1256 δὲ
1859 1232 1904 1258 καὶ

1113 1276 1146 1303 τὰ
1159 1277 1279 1306 πετεινὰ,
1303 1277 1328 1302 εἰ
1350 1276 1387 1311 μὴ
1409 1276 1437 1302 ἐν
1462 1276 1564 1311 θεωρίᾳ
1577 1277 1750 1311 πνευματικῇ
1766 1277 1881 1310 γένηται
1895 1284 1902 1291 ·

1113 1321 1164 1348 κᾶν
1180 1323 1220 1348 ὃτι
1238 1322 1356 1356 μάλιστα
1371 1321 1472 1356 πολλὴν
1485 1323 1602 1348 ποιεῖται
1629 1322 1748 1356 σπουδὴν
1769 1322 1840 1357 πρὸς
1857 1323 1904 1356 τὴν

1112 1367 1165 1393 τῶν
1182 1367 1254 1393 ἐνδον
1268 1367 1400 1407 φυλακήν.

1150 1412 1179 1445 ξ’.
1199 1413 1312 1447 Ἠθικῆς
1328 1412 1495 1447 εὐπρεπείας
1509 1411 1652 1446 κρείττων,
1667 1412 1819 1446 πρακτικὸς
1828 1413 1904 1445 γεεέ-

1117 1459 1181 1484 alia:
1196 1459 1227 1484 οὐ
1245 1458 1368 1488 δύναται,
1391 1458 1415 1483 εἰ
1435 1457 1472 1492 μὴ
1499 1457 1545 1483 καὶ
1569 1457 1670 1488 αὐτὸς,
1693 1458 1763 1484 κατὰ
1790 1457 1837 1483 τὸν
1853 1467 1904 1483 πα-

1112 1503 1245 1538 τριάρχην
1267 1503 1391 1538 Ἀϐραὰμ
1406 1504 1458 1535 ἔξω
1477 1503 1600 1536 γένηται,
1617 1502 1655 1534 ὡς
1666 1503 1715 1537 μὲν
1723 1503 1775 1537 γῆς
1789 1503 1902 1533 οἰκείας.

1113 1549 1158 1574 τοῦ
1180 1547 1296 1582 φυσικοῦ
1311 1549 1392 1582 νόμου
1410 1556 1416 1563 ·
1444 1549 1481 1579 ὼς
1504 1548 1534 1574 δέ
1551 1547 1722 1581 συγγενείας,
1743 1548 1793 1582 τῆς
1810 1548 1904 1583 ἥλικος

1113 1595 1187 1629 αὐτῷ
1203 1594 1272 1620 κατὰ
1299 1595 1393 1628 σχέσιν
1424 1593 1508 1628 ζωῆς.
1531 1593 1610 1620 οὕτω
1628 1594 1683 1629 γὰρ
1700 1595 1747 1620 καὶ
1762 1591 1842 1624 οὗτος
1867 1594 1903 1624 ὡς

1114 1639 1248 1674 σφραγῖδα
1263 1639 1435 1674 λήψεταιπτῆς
1445 1639 1555 1674 γενικῆς
1570 1639 1666 1674 ἡδονῆς
1682 1639 1730 1673 τὴν
1745 1639 1902 1674 ἀφαίρεσιν,

1113 1685 1173 1712 καθ’
1190 1686 1222 1721 ἡν
1238 1686 1268 1712 τὸ
1291 1686 1344 1712 ἀπῇ
1365 1686 1500 1718 γενέσεως
1529 1686 1664 1721 κάλυμμα
1691 1686 1902 1721 περικείμενον,

1112 1731 1162 1765 τὴν
1175 1731 1294 1766 παντελῆ
1308 1731 1465 1766 ἐλευθερίαν
1483 1731 1512 1757 οὺ
1534 1732 1672 1766 συγχωρεῖ
1688 1731 1903 1766 παρασχεθῆναι

1113 1778 1190 1812 ἡμῖν-

1147 1823 1196 1856 Ea’.
1213 1823 1281 1849 Οὔτε
1295 1823 1385 1854 πῶλος
1403 1824 1431 1849 ἐν
1464 1823 1536 1858 ἔαρι,
1561 1823 1636 1850 ἔνδον
1665 1823 1771 1857 φάτντς
1798 1823 1900 1858 μένειν.

1113 1870 1157 1896 καὶ
1169 1871 1202 1896 τὰ
1220 1870 1326 1904 ἐκείνης
1343 1869 1444 1896 ἐσθίειν
1459 1870 1598 1904 ἀνέχεται,
1615 1868 1676 1896 οὔτε
1703 1869 1831 1903 νεοτελὴς
1841 1869 1902 1900 νοῦς

1111 1915 1140 1942 τὺ
1153 1916 1377 1950 ἀπεστενωμένον
1395 1915 1512 1942 ἐπιπολὺ
1528 1917 1673 1950 καρτερεῖν
1696 1915 1745 1949 τῆς
1765 1915 1849 1949 εὐχῆς
1870 1915 1900 1942 οὗ

1109 1961 1234 1994 δύναται,
1253 1962 1338 1996 ἡδέως
1362 1962 1462 1995 μᾶλλον
1494 1961 1554 1987 κατ’
1573 1961 1678 1987 ἐκεῖνον
1700 1961 1781 1996 ἔχων,
1809 1961 1857 1987 ἐπὶ
1872 1961 1901 1986 τὺ

1110 2007 1210 2039 πλάτος
1251 2009 1301 2043 τῆς
1336 2008 1454 2042 φυσικῆς
1488 2006 1605 2042 θεωρίας
1642 2006 1804 2041 ἐξέρχεσθαι
1852 2007 1900 2040 τῆς

1110 2054 1182 2079 κατὰ
1197 2053 1247 2088 τὴν
1263 2053 1424 2088 ψαλμῳδίαν
1439 2053 1652 2088 εὖρισκομένης,
1680 2052 1729 2078 καὶ
1757 2052 1808 2087 τὴν
1837 2052 1897 2077 ἀναν

1108 2107 1218 2133 γνωσιν.

1143 2144 1192 2179 ξβ¹¹
1215 2144 1258 2174 Ὠς
1276 2144 1325 2179 μὲν
1351 2144 1455 2177 ὀσφύας
1470 2144 1526 2178 ἔχει
1546 2144 1770 2179 περιεζωσμένας
1790 2144 1899 2179 νηστεία

1109 2189 1157 2214 καὶ
1175 2188 1344 2223 ὰγρυπνίᾳή
1368 2190 1523 2223 πρακτικὴ,
1546 2189 1597 2220 τὰς
1625 2189 1746 2221 ζωτικάς
1771 2189 1899 2222 δυνάμεις

1109 2233 1212 2267 αὐτῆς·
1235 2233 1272 2264 ὡς
1297 2233 1411 2268 λύχνους
1436 2234 1465 2260 δὲ
1491 2235 1664 2268 καιομένους,
1683 2236 1773 2270 σιωπῇ
1800 2243 1829 2260 τε
1854 2234 1899 2259 καὶ

1109 2280 1245 2315 προσευχῇ
1261 2279 1309 2310 τὰς
1328 2279 1481 2313 γνιηστικὰς
1505 2280 1521 2314 ὴ
1545 2279 1699 2314 θεωρητικὴ
1727 2280 1813 2314 ἀρετὴ
1842 2281 1898 2312 ἐφι-

1109 2323 1200 2349 στῶσα
1213 2325 1229 2358 ἡ
1244 2324 1292 2358 μὲν
1307 2324 1437 2355 ἐκείναις,
1453 2324 1498 2350 τὴν
1514 2323 1645 2357 λογισμὸν
1658 2324 1696 2354 ὡς
1711 2324 1896 2358 παιδαγωγόν·

1106 2369 1123 2404 ἡ
1152 2369 1178 2394 δὲ
1197 2389 1204 2400 ,
1222 2369 1336 2401 ταύταις
1359 2370 1396 2400 ὡς
1419 2369 1605 2404 νυμφοστόλον
1632 2369 1709 2403 λόγον
1741 2370 1789 2396 τὴν
1814 2370 1898 2396 ἐνδιά-

1110 2414 1197 2441 θετον.

1145 2471 1194 2504 ET.
1210 2470 1281 2502 Νοῦς
1299 2471 1394 2504 ἀτελὴς
1419 2472 1458 2502 εἰς
1484 2471 1529 2497 τὸν
1555 2471 1735 2506 κατάκαρπον
1752 2472 1898 2506 ἀμπελῶνα

1107 2515 1152 2541 τὸν
1170 2516 1218 2550 τῆς
1247 2516 1339 2550 εὐχῆς,
1366 2515 1396 2541 οὐ
1427 2517 1610 2550 συγχωρεῑται
1636 2516 1809 2550 εἰσέρχεσθαι
1827 2525 1834 2531 ·
1861 2517 1899 2547 εἰς

1110 2561 1178 2596 μόνα
1192 2562 1219 2587 δὲ
1232 2561 1278 2587 καὶ
1292 2561 1377 2595 μόλις,
1393 2561 1430 2591 ὡς
1446 2560 1511 2595 πρδς
1542 2561 1716 2594 ἐπιφυλλίδας
1733 2562 1851 2595 πτωχὶς,
1864 2561 1898 2585 τὰ

1107 2607 1171 2642 ψιλὰ
1185 2607 1239 2632 τῶν
1254 2606 1369 2641 ψαλμῶν
1394 2606 1576 2640 ἁπηχήματα.

1142 2663 1190 2696 ξδ’,
1207 2663 1311 2696 Ὥσπερ
1327 2663 1356 2688 οὺ
1372 2662 1471 2693 πάντες
1482 2663 1505 2688 οἱ
1521 2662 1560 2693 είς
1577 2661 1709 2696 βασιλέως
1723 2663 1832 2697 ὁμιλίαν
1849 2663 1896 2695 ἐρ-

1107 2708 1215 2742 χόμενοι
1231 2708 1396 2742 συναριστᾷν
1414 2707 1488 2742 αὑτῷ
1504 2707 1641 2740 δύνανται,
1668 2707 1755 2739 οὕτως
1785 2708 1845 2734 οὐδὲ
1871 2706 1896 2732 οί

1108 2755 1147 2786 είς
1160 2754 1285 2788 ὲνῖυχίαν
1296 2754 1378 2790 εὐχῆς
1393 2754 1516 2788 ἥκοντες,
1529 2755 1558 2780 ἐν
1574 2753 1676 2789 θεωρία
1689 2755 1723 2788 τῇ
1753 2755 1815 2780 κατ’
1826 2752 1899 2779 ἐχεὶσ

1108 2809 1155 2834 νην
1169 2799 1344 2834 ὀφθήσονται.

564 2921 584 2938 ¹⁹
598 2921 672 2949 Psal.
689 2929 773 2953 cxvn,
796 2921 837 2947 l5.
875 2920 899 2936 '°
912 2919 1012 2954 Philip.
1027 2927 1047 2952 ι,
1064 2920 1108 2947 ‘25.
1147 2921 1168 2936 "
1183 2920 1251 2948 ibid.
1266 2922 1311 2948 ’ἑέ-
