2027 3162
251 159 317 190 1267

246 263 314 291 mihi
331 262 492 297 apparuerit
506 260 591 295 gloria
608 260 678 294 ejus.

283 321 328 348 98.
347 320 414 348 Cum
437 318 472 346 ob
498 317 629 352 gaudium
656 325 688 344 ex
718 317 842 343 oratione
877 322 1039 352 perceptum

248 367 342 394 anima
369 370 423 392 tota
449 365 475 391 in
503 364 639 398 lacrymas
666 362 733 389 solvi
758 362 883 397 coeperit,
902 367 959 388 tum
982 363 1039 397 ipsa

248 419 359 448 quoque
383 419 446 438 cum
466 410 593 437 libertate
616 416 747 443 sponsum
767 408 808 435 sic
822 408 972 443 alloquitur
994 408 1038 434 ἠε

249 469 259 485 ι
290 457 444 486 Descendat
468 456 587 483 dilectus
608 462 687 482 meus
704 455 730 481 itt
758 454 870 481 hortum
896 462 987 486 suunt,
1011 459 1038 481 et

247 505 375 534 comedat
389 503 593 530 velutt‘ructuut
605 509 749 537 pomorum
763 509 855 534 suum,
869 511 878 526 ι
893 501 1037 536 quaesitum

247 552 343 580 labore
358 549 499 579 solatium.

282 610 327 638 99.
343 609 412 636 Cum
431 607 524 635 anima
540 606 629 633 activa
645 613 678 632 ex
693 605 852 640 praestantia
870 609 895 631 et
914 604 1037 639 pulchri-

247 657 345 684 tudine
362 663 456 683 rerum
480 654 654 681 conditarum
678 653 767 686 ipsunt
785 651 964 679 Conditorem
989 651 1037 678 ad—

248 703 343 731 ntirari
361 702 489 736 cmperit,
506 705 534 727 et
555 699 582 726 in
607 699 747 732 voluptate
765 697 829 724 inde
854 697 952 724 hausta
973 705 1037 724 suas

251 750 352 778 habere
368 748 492 779 delicias,
508 751 565 774 tum
583 746 641 781 ipsa
661 753 771 780 quoque
792 744 982 778 obstupefacta
998 745 1036 770 sic

249 796 384 824 exclamat
397 803 404 821 :
417 794 505 827 Quam
519 793 662 827 speciosus
677 799 716 823 es,
734 791 770 818 mi
785 798 897 825 sponse,
911 789 1038 825 paradiso

250 842 337 878 patris
359 842 410 874 tui,
429 849 439 866 ι
460 841 523 867 Flos
545 839 646 874 campi,
669 843 696 866 et
714 838 788 866 cedri
809 838 880 872 ejus,
906 841 936 864 ut
960 836 1036 864 cedri

248 886 355 914 Libani.
370 886 426 913 Sub
440 885 534 912 umbra
547 884 620 912 illius
629 891 709 919 quem
725 883 946 910 desideraverant
958 882 1015 910 sedi
1029 891 1035 909 :
1052 903 1075 932 Β

248 937 276 960 et
293 932 399 958 fructus
412 931 472 966 ejus
487 930 577 958 dulcis
592 929 695 964 gutturi
708 937 769 956 meo
781 930 813 956 ’³.
832 938 841 955 t

285 978 345 1005 100.
368 978 396 1006 Si
414 977 488 1005 enitn
516 977 562 1012 qui
591 984 682 1011 regem
708 976 735 1002 in
761 975 932 1002 domicilium
956 981 1037 1001 suum

249 1025 359 1060 recipit,
391 1024 461 1052 adeo
490 1024 519 1051 ﬁt
547 1024 714 1058 conspicuus
742 1026 770 1049 et
799 1021 925 1054 illustris,
951 1025 979 1048 et
1009 1020 1037 1048 id

248 1071 324 1099 omni
341 1070 442 1106 gaudio
457 1070 611 1105 anteponit,
628 1068 693 1104 quid
713 1068 816 1096 sentire
840 1075 890 1102 par
912 1071 954 1094 est
977 1067 1038 1094 ani-

250 1125 332 1149 ntatn,
343 1125 403 1151 qua:
419 1124 482 1143 eum
497 1122 610 1150 purgata
625 1120 677 1143 est.
688 1115 789 1149 Regem
803 1121 896 1148 regum
911 1113 1038 1147 suscipit,

250 1169 279 1191 lil
295 1163 376 1191 habet
391 1163 451 1198 ejus
468 1163 580 1190 minime
598 1162 678 1189 fallax
699 1161 846 1194 promissio
861 1161 894 1188 '°.
915 1161 949 1187 Et
971 1160 1037 1195 quid

250 1217 303 1236 non
327 1209 399 1236 foras
423 1208 550 1244 projiciet
574 1207 647 1242 quod
673 1208 733 1243 ejus
757 1207 879 1240 quietem
904 1205 1038 1240 impedire

250 1255 398 1283 videatur?
423 1255 490 1290 quid
514 1258 606 1282 autent
633 1261 688 1281 tton
714 1253 872 1280 iutroducet
895 1252 968 1287 quod
999 1251 1039 1278 illi

250 1302 375 1337 placeat?

285 1399 347 1426 101.
368 1397 420 1431 Qui
446 1404 475 1423 se
499 1403 560 1423 cras
584 1403 598 1421 a
618 1402 681 1429 rege
706 1392 860 1420 vocandum
887 1395 1038 1427 exspectat,

250 1446 316 1480 quid
344 1444 419 1471 aliud
438 1442 581 1478 cogitabit,
608 1441 675 1476 quid
692 1440 883 1472 meditabitur,
905 1439 957 1466 nisi
976 1446 1039 1465 ora-

251 1492 366 1524 tionem,
378 1498 431 1525 qua
449 1490 487 1517 illi
502 1489 610 1524 placere
625 1488 726 1523 queat?
742 1487 799 1514 Hoc
814 1487 836 1514 si
850 1486 931 1513 faciat
946 1486 1038 1514 anima

249 1537 390 1573 qumlibet.
405 1536 440 1562 ad
468 1535 543 1562 illius
567 1534 688 1561 tribunal
712 1534 845 1568 itnparata
862 1540 916 1559 non
935 1534 1036 1559 veniet.

285 1618 348 1646 102.
362 1618 446 1645 Beata
462 1617 564 1649 anima,
580 1622 642 1649 quae
656 1614 738 1641 hodie
751 1613 861 1640 Domini
880 1613 921 1640 sui
937 1613 1039 1640 adven-

251 1669 308 1692 tum
331 1667 505 1697 exspectans,
533 1662 619 1688 totius
644 1660 698 1687 diei
726 1664 809 1694 atque
835 1659 918 1687 etiam
949 1660 1039 1686 nectis

249 1711 374 1739 laborem
392 1710 471 1746 plane
489 1716 541 1744 pro
556 1707 643 1735 nihilo
663 1706 752 1739 ducit,
769 1705 843 1741 quod
868 1705 960 1732 statim
985 1706 1038 1732 sibi

250 1767 330 1786 mane
350 1756 526 1792 appariturus
547 1755 592 1782 sit.

286 1805 347 1832 105.
367 1803 470 1831 Omnes
487 1802 562 1828 videt
584 1801 675 1832 lteus;
700 1799 794 1826 vident
819 1804 909 1826 autem
937 1799 1033 1830 Deum,

249 1851 296 1887 qui
311 1851 376 1878 dum
397 1852 487 1880 orant,
506 1848 574 1874 nihil
597 1847 702 1874 vident.
719 1846 754 1873 Et
769 1845 928 1880 quicunque
952 1845 1037 1872 Deum

250 1897 355 1926 vident.
371 1897 453 1924 etiam
476 1894 664 1922 exaudiuntur
680 1892 714 1919 ab
730 1892 788 1919 illo.
811 1890 862 1924 Qui
879 1899 934 1918 non
952 1899 1037 1918 exau‘

251 1942 376 1974 diuntur,
392 1948 444 1968 nec
456 1940 551 1968 vident
565 1939 654 1967 illum.
667 1938 768 1965 Beatus
784 1945 867 1971 porro
882 1937 928 1972 qui
949 1936 1039 1964 credit

251 1996 281 2017 sc
298 1989 384 2016 videri
404 1996 417 2015 a
436 1988 502 2018 Deo,
518 1986 649 2021 quoniam
664 1993 713 2020 pes
728 1985 788 2021 ejus
803 1992 836 2012 eo
854 1984 966 2011 nolente
982 1992 1038 2011 non

251 2034 470 2063 commovebitur
485 2033 519 2059 ⁸¹.

289 2115 349 2143 101.
378 2115 465 2149 Regni
492 2115 564 2149 quod
588 2114 658 2140 intra
686 2120 737 2140 nos
758 2116 801 2139 est
819 2112 842 2127 "
869 2111 954 2142 bona,
980 2119 1040 2146 quae

252 2164 350 2190 oculus
377 2160 592 2196 pulchritudinis
621 2158 739 2193 cupidus
772 2166 828 2185 non
858 2158 938 2190 vidit,
966 2159 1041 2184 auris

254 2208 400 2236 ambitiosa
424 2214 478 2234 non
503 2205 619 2236 audivit,
642 2209 670 2232 et
693 2205 721 2231 in
739 2212 787 2231 cor
812 2204 916 2239 Spiritu
946 2209 1040 2231 sancto

942 156 1039 185 ELL’E
1058 157 1183 188 ECDlCl

253 223 368 244 tnnnno,
386 220 414 241 et
431 221 462 240 ex
479 213 530 240 hnc
553 211 656 238 mttndo
676 218 814 246 egressus,
835 211 957 238 satiabor
975 219 1037 239 cum

1094 217 1161 251 τῷδε
1175 218 1223 248 ὢν,
1237 219 1283 245 καὶ
1299 219 1345 246 τοῦ
1364 222 1462 254 παντὶς

1806 163 1866 196 1158

1334 223 1345 264 ι]
1364 223 1462 254 παντὶς
1478 223 1539 256 ἔξω,
1559 227 1774 264 χορτασῡήσομαι
1795 232 1821 258 ὲν
1834 235 1866 264 τῷ

1093 262 1211 297 όφϋῆναί
1224 273 1269 298 μοι
1281 261 1337 300 τὴν
1347 266 1425 299 δόξαν
1444 269 1536 296 αὑτοῦ.
1686 261 1691 263 ν
1727 261 1734 264 ﬁ
1855 261 1859 268 Ι

1129 319 1182 368 κη’.
1199 321 1286 368 ΪΟγταν
1299 323 1348 358 ὅλη
1361 324 1486 359 δακρύων
1509 327 1542 353 ἐκ
1563 327 1614 362 τῆς
1634 330 1698 362 περὶ
1726 331 1774 366 τὴν
1795 334 1867 368 εὐχὴν

1095 366 1309 414 χαρᾶς-ἄρξηται
1325 369 1449 401 γίνεσθαι
1461 371 1476 405 ἡ
1489 371 1572 406 ψυχὴ,
1588 373 1648 399 τότε
1660 375 1704 400 καὶ
1718 376 1784 409 αὑτὴ

1095 412 1292 458 ρησιαζομένη,
1312 414 1349 446 ὡς
1377 416 1445 450 πρὸς
1467 417 1512 443 τὸν
1528 418 1625 452 ἑαυτῆς
1644 421 1756 454 νυμςίον
1773 412 1866 458 νύμφη,

1095 456 1152 492 βοᾷ.
1170 459 1323 493 Καταΰήτω
1340 460 1354 485 ὁ
1377 461 1533 495 ἀδελφιδοῦς
1548 472 1599 497 μου
1616 465 1656 496 el;
1674 467 1762 501 κῆπον
1784 456 1867 502 aurati,

1095 503 1140 528 γα).
1156 503 1266 536 φαγέτω
1276 504 1329 529 τῶν
1344 505 1417 539 ἐμῶν
1437 506 1571 541 δακρύων,
1588 508 1625 539 ὡς
1639 510 1802 546 ἀκροδρύων,
1825 514 1868 548 τὴν

1094 548 1256 582 πονηθεῖπαν
1275 549 1457 585 παράκλησιν.

1129 605 1181 639 ιιῡν.
1198 606 1284 633 Ὅταν
1304 607 1320 642 ἡ
1335 609 1472 644 πρακτικὴ
1486 609 1559 644 ψυχὴ
1568 611 1599 637 ὲκ
1614 613 1744 646 μεγέοους
1755 616 1800 640 καὶ
1811 616 1870 641 γαλ-

1095 650 1171 685 λονῄς
1182 653 1339 687 κτισμάτων
1352 653 1501 688 θαυμάζειν
1512 656 1625 690 ἄρξηται
1639 659 1684 684 τὶν
1696 660 1868 694 Δημιουργὺν,

1094 705 1140 723 και
1156 697 1204 728 τῆς
1215 698 1246 724 ὲκ
1262 698 1364 726 τούτων
1381 703 1557 735 κατατρυφᾷν
1584 703 1680 736 ἡδονῆς
1692 724 1699 736 ,
1724 705 1806 731 ταῦτα
1829 707 1870 731 καὶ

1093 746 1161 780 αὑτὴ
1171 744 1378 780 ἐκπληττομένη
1388 744 1447 779 βοᾷ·
1462 754 1470 770 ι
1487 745 1519 771 Τί
1533 744 1687 779 ὠραιώοης,
1703 747 1865 780 voluptatu-

1093 790 1198 825 ράδεισε
1214 790 1315 824 πατρὸς
1324 798 1389 822 σου;
1405 789 1484 821 ἄνθος
1500 790 1547 816 τοῦ
1564 790 1682 821 παιδίου,
1707 792 1753 817 καὶ
1781 792 1866 826 κέδρος

1092 834 1173 861 αὐτοῦ
1187 835 1223 865 ὼς
1236 834 1325 869 κέδροι
1342 834 1390 860 τοῦ
1407 834 1533 861 Λιϐάνου
1555 835 1622 861 ’Υπδ
1636 836 1684 870 τὴν
1701 838 1779 862 σκιὰν
1793 837 1866 862 αὐταῦ

1092 879 1261 914 ἐπεθύμησα,
1277 880 1323 905 καὶ
1340 879 1465 912 ἐκάθισα,
1478 881 1525 907 καὶ
1542 880 1555 906 ὁ
1569 881 1673 915 καρπὸς
1689 881 1767 917 ὤροη
1776 883 1867 916 γλυκὺς

1091 925 1120 951 ὲν
1131 924 1169 959 τῷ
1183 924 1298 959 λάρυγγί
1313 933 1373 959 μου.
1398 934 1406 951 t

1128 969 1161 1005 ρ’.
1181 970 1212 996 Εἰ
1226 971 1240 996 δ
1259 969 1386 1005 βασιλεὺς
1405 971 1603 1005 ὑποδεχόμενος
1624 971 1663 1003 είς
1687 971 1718 997 τὸ
1744 971 1867 1006 δωμάτιον

1092 1016 1200 1048 ἑαυτοῦ,
1218 1016 1289 1044 οὕτω
1307 1017 1460 1052 περιφανὴς
1485 1017 1652 1051 εὑρίσκεται,
1681 1018 1730 1044 καὶ
1746 1019 1864 1053 περίὸλε-

1092 1071 1157 1094 mo;
1175 1063 1221 1089 καὶ
1239 1063 1329 1098 πάσης
1344 1063 1432 1098 χαρᾶς
1451 1063 1586 1097 ἔμπλεως,
1599 1064 1675 1098 πόσῳ
1690 1064 1790 1098 μᾶλλον
1802 1065 1866 1100 ψυχὴ

1092 1109 1169 1143 ὴτὺν
1186 1109 1301 1144 βασιλέα
1330 1109 1384 1135 τῶν
1414 1109 1546 1144 βασιλέων
1576 1110 1604 1134 ἐν
1633 1109 1671 1144 τῷ
1707 1109 1866 1145 καθαρῡῆναι

1093 1154 1292 1190 ὑποδεξαμένη,
1321 1155 1392 1181 κατὰ
1405 1156 1454 1190 τήν
1473 1155 1576 1190 ἀψευδῆ
1593 1155 1696 1181 ἐκείνου
1722 1156 1866 1189 ὑπόσχεσιν.

1093 1201 1177 1235 Πλὴν,
1186 1201 1310 1233 εὐλαϐῶς
1321 1201 1390 1235 ἄγαν
1404 1203 1420 1237 ἡ
1432 1201 1542 1236 τοιαύτη
1571 1201 1671 1237 ἑαυτὴν
1682 1202 1867 1235 ἀσφαλίζεσῦαι

1093 1246 1212 1281 ὀφείλει·
1230 1247 1282 1279 ἔξω
1304 1248 1353 1281 μὲν
1368 1247 1513 1282 βάλλουσα,
1528 1248 1582 1274 πᾶν
1595 1247 1624 1273 τὸ
1641 1247 1678 1282 μὴ
1693 1247 1736 1279 είς
1755 1248 1867 1274 ἀνάπαυ-

1093 1301 1135 1318 σιν
1151 1293 1255 1319 ἐκείνου
1270 1293 1364 1319 δοκοῦν
1375 1301 1382 1307 ·
1399 1293 1504 1319 ἔνδοθεν
1519 1293 1547 1319 δὲ
1562 1293 1713 1326 εἰσάγουσα
1727 1294 1778 1319 πᾶν
1794 1293 1821 1319 τδ
1834 1294 1867 1323 εἰς

1093 1339 1198 1364 ἐκείνου
1210 1339 1367 1374 ἀρέσκειαν.

1131 1387 1182 1418 pa’.
1209 1383 1238 1410 '0
1253 1384 1386 1419 κληθῆναι
1403 1383 1560 1418 προσδοκῶν
1585 1384 1659 1418 παρὰ
1689 1383 1817 1417 βασιλέως
1839 1384 1867 1418 τῇ

1092 1428 1197 1463 αΰριον,
1212 1429 1284 1460 τινος
1299 1430 1328 1455 ὲν
1343 1429 1464 1464 φροντίδι
1479 1429 1557 1455 ἄλλον
1576 1429 1743 1463 (inpensam;
1758 1430 1773 1464 ἢ
1790 1429 1866 1463 λόγων

1095 1474 1221 1509 μελέτης,
1239 1473 1292 1499 τῶν
1310 1474 1350 1503 εἰς
1378 1473 1482 1499 ἐκείνου
1503 1474 1691 1508 τυγχανόντων
1718 1476 1867 1509 apsntum;

1092 1519 1173 1546 τοῦτο
1193 1519 1315 1554 τηροῦσα
1328 1519 1412 1554 ψυχὴ,
1428 1520 1477 1545 οὐκ
1507 1519 1657 1554 ὀφθήσεται
1682 1519 1868 1554 ἀπαρασκεύα-

1094 1574 1155 1597 στος
1173 1566 1240 1600 πρὸς
1254 1566 1284 1591 τὸ
1294 1566 1399 1592 ἐκεῖθεν
1416 1567 1567 1602 κριτήριον.

1130 1611 1180 1646 ρβ’.
1196 1611 1328 1646 Μακαρία
1342 1612 1414 1647 ψυχὴ
1428 1613 1445 1648 ἡ
1459 1612 1504 1638 διὰ
1521 1612 1550 1638 τὸ
1567 1613 1686 1647 σήμερον
1702 1613 1779 1647 ἥξειν
1795 1619 1869 1648 προο-

1093 1657 1174 1692 δοκᾷν
1197 1657 1241 1683 τὸν
1258 1657 1359 1691 Κύριον
1376 1658 1486 1693 ἑαυτῆς,
1502 1658 1584 1692 μηδὲν
1600 1658 1743 1693 ἡγουμένη
1763 1658 1819 1685 ὅλον
1831 1658 1869 1683 τὸν

1093 1701 1176 1727 κόπον
1194 1701 1244 1736 τῆς
1268 1702 1386 1736 ἡμέρας,
1403 1702 1471 1737 μηδὲ
1511 1702 1556 1728 τὸν
1583 1702 1632 1736 τῆς
1657 1702 1767 1736 νυκτὸς,
1792 1702 1832 1729 διὰ
1845 1702 1869 1727 τὸ

1093 1747 1174 1778 εὐθὺς
1187 1747 1233 1774 ἐπὶ
1247 1748 1277 1774 τὸ
1292 1747 1364 1782 πρωῒ
1375 1748 1470 1774 τοῦτον
1486 1747 1594 1783 μέλλειν
1610 1749 1819 1783 ἐμφανίζεσθαι.

1131 1795 1182 1827 ργ’.
1199 1792 1305 1822 Πάντας
1326 1792 1374 1827 μὲν
1396 1793 1447 1828 δρᾷ
1466 1793 1480 1819 ὁ
1493 1793 1568 1825 Θεὸς,
1585 1793 1670 1828 δρῶσι
1697 1794 1729 1821 δὲ
1744 1794 1787 1820 τὸν
1800 1794 1867 1824 Θεὺν,

1094 1838 1117 1863 οἱ
1130 1838 1296 1872 Θεωροῦντες
1319 1838 1415 1873 μηδὲν,
1431 1839 1461 1865 ἐν
1476 1839 1515 1873 τῷ
1527 1839 1667 1874 εὔχεσθαι,
1683 1841 1732 1866 καὶ
1753 1841 1807 1866 ὅσοι
1827 1841 1870 1874 μὲν

1093 1883 1178 1918 ὁρῶσι
1191 1883 1238 1910 τὸν
1261 1883 1338 1916 Θεὸν,
1356 1884 1403 1911 καὶ
1417 1884 1607 1912 είσακούονται
1625 1887 1690 1921 παρ’
1705 1886 1803 1913 αὑτοῦ·
1820 1886 1870 1912 ὅσοι

1093 1929 1122 1955 δὲ
1143 1929 1193 1956 οὐκ
1208 1929 1408 1962 εἰσακούονται,
1426 1931 1485 1957 οὐδὲ
1500 1931 1599 1967 ὁρῶσιν
1620 1932 1714 1959 αὐτόν.
1736 1932 1868 1967 Μακάριιι;

1094 1975 1123 2001 δὶ
1136 1976 1151 2001 ὸ
1166 1976 1313 2007 πιστεύων,
1331 1976 1371 2002 ὅτι
1392 1975 1521 2010 βλέπεται
1534 1977 1586 2004 ὑπὸ
1598 1977 1645 2004 τοῦ
1660 1978 1731 2004 Θεοῦ
1741 1986 1748 1993 ·
1775 1978 1805 2004 οὐ
1829 1986 1870 2003 αα-

1095 2020 1256 2056 λευθήσεται
1276 2021 1330 2056 γὰρ
1345 2021 1358 2046 ό
1373 2021 1440 2052 ποῦς
1461 2021 1622 2058 abeat-5,117};
1635 2023 1782 2056 ἀρεσκείας
1810 2023 1871 2049 ὲκεί-

1095 2075 1140 2093 νου
1152 2067 1247 2108 χωρίς.

1133 2111 1181 2146 ρδ’.
1198 2112 1254 2146 Τῆς
1271 2113 1346 2144 ἐντὸς
1357 2113 1434 2148 ὴμῶν
1448 2112 1530 2148 οὔσης
1555 2114 1694 2149 βασιλείας
1717 2114 1753 2141 τὰ
1779 2113 1870 2148 ἀγαῠὰ,

1096 2156 1114 2183 ἃ
1127 2157 1270 2191 φιλόκαλος
1285 2158 1424 2194 ὀφθαλμὸς
1439 2159 1488 2186 οὐκ
1503 2157 1568 2191 οἵδε,
1586 2161 1631 2186 καὶ
1641 2161 1710 2195 ἀκοὴ
1740 2160 1871 2195 φιλότιμος

1095 2202 1145 2228 οὐκ
1160 2203 1272 2238 ἤκουσε,
1287 2204 1335 2230 καὶ
1347 2205 1392 2231 tm
1406 2204 1520 2239 καρδίαυ
1535 2206 1692 2240 Πνεύματος
1707 2207 1785 2240 ἁγίου
1799 2206 1870 2239 κενὴν

252 2261 370 2281 vacuum
384 2260 439 2280 non
450 2251 635 2280 ascenderunt
647 2251 679 2284 ³⁸,
695 2255 903 2278 auctoramenta
914 2250 1038 2285 qmedam

1095 2247 1146 2273 οὐκ
1163 2248 1258 2284 ἀνέϐη,
1280 2249 1439 2284 appulsam;
1456 2251 1510 2276 εισι
1522 2251 1576 2277 τῶν
1593 2251 1746 2285 μελλόντων
1763 2251 1870 2278 δίδοσθαι

251 2305 280 2328 et
318 2299 489 2327 arrhabones
526 2302 591 2325 sunt
621 2297 757 2324 bonorum
794 2304 855 2332 quae
893 2297 975 2332 justis
1013 2297 1039 2323 in

253 2347 348 2373 t'uluro
377 2344 480 2372 Christi
497 2351 581 2378 regno
602 2343 752 2370 dabuntur.
772 2343 861 2377 thui
879 2343 904 2370 in
918 2343 960 2370 his
980 2351 1040 2378 quae

251 2391 444 2425 dixi,qu:eque
460 2394 524 2416 sunt
535 2388 639 2415 t‘ructus
653 2388 782 2423 Spiritus,
801 2396 854 2416 non
871 2389 1038 2420 oblectatur,

253 2437 355 2465 tuturis
379 2436 433 2463 illis
449 2434 554 2470 perfrui
569 2442 623 2462 non
640 2435 751 2469 poterit.

288 2482 348 2509 l05.
363 2481 552 2516 Cogitationes
568 2481 755 2515 practieorum
770 2481 874 2509 similes
894 2487 958 2510 sunt
982 2491 1042 2510 cer-

252 2528 294 2555 vis
311 2537 317 2554 :
337 2528 409 2555 sicut
428 2527 502 2554 enim
519 2527 547 2554 hi
566 2527 648 2555 modo
665 2529 818 2555 ascendunt
835 2536 917 2563 super
931 2533 1040 2556 montes

253 2577 368 2609 propter
390 2577 493 2599 metum
517 2577 692 2604 venatorum.
709 2573 791 2600 modo
817 2573 988 2601 descendunt
1012 2574 1040 2600 in

251 2620 349 2652 valles,
372 2619 474 2654 quippe
502 2627 572 2653 quas
593 2619 704 2654 depasci
727 2620 860 2654 cupiunt;
883 2619 919 2647 ita
937 2623 964 2647 et
986 2620 1038 2647 illa:

250 2673 301 2693 nec
311 2671 420 2699 semper
433 2673 576 2692 remanere
593 2671 706 2699 possunt
721 2665 748 2692 in
765 2666 870 2693 tlteoria
887 2666 1036 2700 spirituali,

250 2712 286 2740 ob
301 2721 378 2740 suam
400 2711 544 2743 vilitatem,
564 2720 616 2740 nec
629 2720 738 2747 semper
762 2713 788 2740 itt
807 2713 928 2748 physica,
944 2719 1038 2748 utpote

252 2759 375 2793 requiem
389 2766 499 2793 semper
513 2765 679 2793 qua-rentes
690 2759 810 2786 Econtra
824 2760 1038 2787 theoreticorum

286 2859 309 2874 “
324 2858 404 2886 Cant.
417 2867 443 2888 v.
464 2860 487 2885 1.

536 2859 557 2874 ’⁵
569 2859 647 2885 Cant.
664 2867 690 2891 t;
707 2859 793 2887 Eceli.
809 2869 889 2893 xwv;
903 2861 982 2888 Cant.
1003 2871 1031 2889 ιι.

251 2891 275 2910 ⁸³
289 2892 300 2919 1
313 2893 377 2920 Cor.
394 2901 424 2926 ll,
435 2896 460 2921 9.

1095 2293 1152 2323 τοῖς
1166 2293 1282 2324 δικαίοις
1295 2294 1414 2327 ἀγαθῶν,
1431 2295 1459 2320 ὲν
1470 2296 1503 2330 τῇ
1516 2294 1652 2331 μελλούσῃ
1666 2295 1789 2331 βασιλείᾳ
1804 2294 1871 2329 παρὰ

1096 2338 1176 2365 Θεοῦ.
1196 2339 1252 2365 Καὶ
1275 2340 1289 2365 ὀ
1307 2339 1343 2374 μὴ
1368 2341 1396 2365 ὲν
1423 2340 1527 2372 τούτοις
1543 2341 1664 2376 τρυφῶν,
1694 2342 1791 2373 οἵτινές
1811 2341 1871 2367 εἰσιν

1095 2385 1120 2410 ei
1136 2384 1237 2420 καρποὶ
1250 2385 1297 2411 τοῦ
1313 2386 1482 2420 Πνεύματος,
1498 2387 1526 2413 ὲν
1544 2387 1692 2413 ἀπολαύσει
1705 2388 1818 2413 ἐκείνων
1830 2395 1873 2421 γε-

1096 2429 1189 2456 νέσθαι
1204 2430 1234 2456 οὺ
1245 2430 1366 2458 δύναται.

1133 2474 1179 2510 ρξ’.
1194 2476 1225 2501 υἱ
1241 2476 1294 2502 τῶν
1308 2477 1466 2511 πρακτικῶν
1478 2477 1611 2511 λογισμοὶ,
1624 2477 1731 2510 ﬂint;
1741 2478 1871 2503 ἐοίκασιν

1096 2521 1131 2552 ὡς
1149 2521 1203 2556 γὰρ
1222 2523 1325 2548 ἐκεῖναι
1348 2522 1412 2548 ποτὲ
1435 2523 1483 2557 μὲν
1499 2523 1555 2549 ἅνω
1569 2523 1637 2549 εἰσὶν
1665 2525 1693 2549 ὲν
1719 2524 1775 2554 τοῖς
1791 2523 1870 2558 ὄρεσι.

1096 2566 1139 2592 διὰ
1155 2566 1199 2593 τὸν
1219 2566 1301 2600 φόϐον
1315 2566 1371 2593 τῶν
1386 2567 1525 2602 θηρατῶν,
1540 2568 1604 2593 ποτὲ
1619 2568 1646 2594 δὲ
1666 2568 1740 2594 κάτω
1764 2569 1793 2594 ὲν
1818 2568 1871 2596 sui;

1098 2612 1205 2638 κοιλάσι
1224 2613 1267 2638 διὰ
1281 2612 1327 2638 τὺν
1353 2612 1434 2639 πόθον
1448 2613 1501 2639 τῶν
1520 2615 1550 2639 ὲν
1566 2613 1670 2646 αὑταῖς,
1686 2614 1757 2640 οὕτω
1773 2614 1819 2640 καὶ
1831 2610 1871 2638 οὖ-

1097 2666 1152 2685 τοι·
1166 2658 1227 2683 οὒτε
1245 2657 1359 2684 πάντοτε
1383 2658 1411 2684 ὲν
1431 2658 1531 2693 θεωρίᾳ
1552 2660 1720 2694 πνευματικῇ
1749 2659 1872 2685 δύνανται

1098 2702 1178 2734 εἶναι,
1194 2703 1237 2729 διὰ
1253 2705 1283 2729 τὺ
1293 2703 1382 2730 αὐτῶν
1403 2703 1512 2734 εὐτελές
1523 2712 1529 2718 ·
1543 2703 1604 2730 οὔτε
1617 2704 1659 2730 ἀεὶ
1670 2705 1700 2731 ὲν
1712 2705 1743 2738 τῇ
1763 2704 1871 2738 φυσικῇ,

1097 2749 1141 2774 διὰ
1154 2749 1183 2774 τὸ
1202 2750 1239 2783 μὴ
1254 2749 1303 2784 τὴν
1327 2749 1480 2776 ἀνάπαυσιν
1494 2749 1603 2776 διώκειν
1622 2750 1680 2776 ἀεί·
1706 2750 1758 2776 τῶν
1787 2749 1870 2782 μέντοι

1081 2863 1102 2878 ³ο
1116 2862 1195 2889 .loan.
1211 2871 1264 2890 MV.
1315 2865 1335 2880 ¹¹
1355 2866 1424 2893 Psal.
1442 2865 1561 2898 Lxxn,‘2.
1616 2866 1637 2881 "
1655 2865 1721 2893 Luc.
1743 2873 1812 2897 xvu,
1828 2863 1871 2890 20.
