2027 3162
198 261 261 294 illi“

197 318 380 356 θεωρητικῶν,

198 367 383 394 καθίστανται.

231 410 285 447 pg’.
313 409 391 436 Βὸλοι
411 407 461 444 μὲν
489 406 595 440 δρόσου,
616 405 667 438 γῆς
686 402 866 438 μεθύσκουσιν
892 398 973 426 αὐλα-

198 466 262 488 καις·
282 455 415 485 διαθέσεις
440 453 467 479 δὲ
480 452 569 487 ψυχῆς
591 452 619 477 ὲν
635 451 714 486 εὐχῇ,
737 448 865 483 ἕμὸροχοι
882 454 975 472 στενα-

198 503 260 537 γμοὶ
276 502 328 528 ἀπο
343 499 455 536 καρδίας
471 497 667 532 ᾀναδιδόμεναι.

233 547 283 583 ρξ’.
305 547 362 581 Τῆς
378 547 406 572 ὲν
431 544 528 580 Τριάδι
546 543 692 577 νοουμένης
723 540 859 573 Θεότητος,
889 537 976 567 οὐδεὶς

198 598 225 622 ὲν
240 594 342 629 Θεωρία
359 593 520 627 ὀφθήσεται,
536 590 630 624 ὑλικῆς
646 588 750 620 δυάδος,
768 586 815 613 καὶ
831 586 877 620 τῆς
889 584 976 618 γείτο-

198 651 239 673 νος
261 628 375 675 μονάδος
391 637 495 666 ἄνωθεν
510 636 546 671 μὴ
563 634 673 669 ὁφΘείςο
694 633 754 659 οὐδὲ
771 631 874 665 ταύτης
900 628 977 663 γενή-

200 695 275 713 σεται
292 684 467 719 ὑψηλότερος,
490 682 526 717 μὴ
542 679 683 716 μοναδικδν
697 678 742 705 τὸν
758 676 855 704 ἑαυτοῦ
867 677 894 701 ὲν
904 682 978 700 νοου-

200 734 290 768 μένοις
308 730 493 765 ἐργασάμενος
505 727 576 753 νοῦν.

238 776 291 812 ρη’.
318 776 356 802 Οὐ
390 774 515 801 τοσοῦτον
543 771 671 807 δυσχερὲς
706 768 900 804 εὑρεθήσεται,
932 765 979 792 τοῦ

200 811 326 856 ποταμοῦ
347 820 482 853 ἀνακόψαι
494 818 553 844 ὁδον
575 817 621 844 ἐπὶ
638 816 672 842 τὰ
693 815 767 841 κάτω
784 814 821 849 μὴ
840 811 979 847 φέρεσθαι,

199 868 259 895 ὅσον
277 867 322 893 νοῦ
343 865 433 902 ῥύμην
451 863 634 899 ἀναχαιτίσαι,
654 861 691 896 μὴ
706 861 734 886 ὲν
748 861 802 891 τοῖς
833 857 981 894 ὁρωμένοις

202 911 415 943 σκεδάννυσθαι,
434 910 502 945 πρὸς
527 909 555 935 δὲ
586 908 631 934 ιιδν
657 907 723 938 ἄνω,
755 905 803 932 καὶ
851 901 979 936 συγγενῆ,

197 962 241 980 οτι
261 954 396 988 βούλεται,
416 954 454 989 τῷ
471 953 610 987 εὑχομένῳ
637 950 823 985 συνάγεσθαι·
837 950 889 976 κΞιν
905 950 983 977 τοῦτο

198 999 250 1034 μὲν
265 1000 336 1026 κατὰ
350 999 442 1034 φύσιν,
458 999 546 1028 ἐκεῖνο
563 997 591 1024 δὲ
613 995 689 1032 παρὰ
701 995 782 1030 φύσιν
800 994 982 1029 καθέστηκεν.

234 1113 283 1150 ρθ’.
300 1113 352 1140 Τὸν
366 1113 426 1139 νοῦν
442 1113 466 1139 οἱ
483 1112 676 1147 καθαιρόμενοι
689 1111 754 1135 εἴσω
767 1109 820 1134 τῶν
835 1108 980 1142 ὁρωμένων

196 1159 439 1195 παραπέμποντες,
453 1157 580 1184 τοσούτου
599 1155 767 1191 πίμπλανται
782 1153 914 1187 ϐἀμὸους,
935 1151 982 1178 καὶ

195 1205 329 1239 τοσαύτης
347 1205 514 1239 πληροῦνται
532 1203 630 1238 χαρᾶς,
646 1202 683 1233 ὡς
708 1201 790 1236 μηδὲν
815 1200 906 1234 ἕτερον
927 1207 982 1233 χω-

196 1253 280 1286 ρῆσαι
306 1251 359 1277 τῶν
389 1250 518 1284 ἐπιγείων
531 1248 672 1280 δύνασθαι,
704 1247 764 1282 μηδ’
794 1245 827 1272 ἂν
850 1245 874 1271 εί
894 1245 983 1271 πάντα

194 1297 266 1332 πρὸς
277 1297 376 1328 αὐτοὺς
391 1296 551 1332 συρρεύσειε
566 1294 601 1321 τὰ
620 1293 807 1329 περιμάχητα.

232 1345 278 1376 ρι’.
299 1341 460 1376 Ἑξαρκοῦσι
478 1341 525 1367 καὶ
539 1341 620 1375 μόνον
636 1340 662 1366 οἱ
674 1340 751 1373 νόμοι
765 1338 905 1373 ῥηθέντες,
935 1337 984 1371 τῆς

194 1387 305 1421 φύσεως
326 1387 393 1420 πρὸς
410 1387 440 1413 τὺ
459 1387 520 1412 λίαν
543 1385 732 1420 θαυμάζεσθαι
745 1393 751 1400 ·
775 1384 984 1419 κατανοούμενοι

192 1432 236 1464 δὲ,
252 1431 385 1466 λειμῶνες
405 1430 580 1469 εὑρίσκονται
595 1430 730 1460 εὐανθεῖς,
745 1429 783 1460 ὼς
799 1429 829 1460 ὲξ
858 1427 984 1463 οὐρανίου

193 1478 337 1512 νέκταρος,
361 1477 490 1512 ἀκράτοις
509 1475 637 1511 βρύοντες
652 1474 745 1501 ἄνθεσι
769 1474 820 1509 τῆς
834 1481 986 1508 πνευματι-

195 1525 249 1558 κῆς
266 1522 426 1553 πανδαισίας
441 1521 487 1548 τὸν
500 1521 668 1556 γλυκασμόν.

231 1572 295 1603 pu’.
324 1568 367 1593 ‘Ev
383 1567 521 1602 δροσεροίς
540 1567 589 1601 μὲν
606 1565 700 1593 ἄνθεσι
712 1565 856 1601 λειμώνων
870 1564 920 1600 τὴν
935 1564 985 1599 βα-

193 1613 288 1639 σιλίδα.
303 1613 350 1639 τοῦ
376 1613 494 1647 σμήνους
510 1611 686 1647 περιζὰνουσι
708 1610 844 1646 μέλιτται.
867 1610 911 1636 Ἐν
937 1618 985 1636 κα-

192 1658 306 1691 τανύξει
317 1659 343 1684 δὲ
351 1659 383 1693 τῇ
395 1658 523 1692 γινομένῃ
537 1657 716 1687 ἀδιαλείπτως
729 1656 813 1691 ψυχῇ,
828 1656 865 1687 ὡς
875 1657 984 1687 οἰκεῖαι,

191 1706 221 1730 αἱ
238 1705 332 1738 νοεραὶ
345 1704 473 1738 δυνάμεις
500 1701 726 1737 περικυκλοῦσαι.
741 1700 936 1728 σννεκπονοῢσι
953 1701 987 1727 τὰ

192 1749 366 1783 καταθύμια.

232 1793 298 1829 ριβ’.
323 1794 368 1820 Ἐν
397 1793 447 1828 μὲν
463 1792 500 1828 τῷ
515 1792 645 1828 ὁρωμένῳ
657 1793 763 1828 κόσμῳ,
779 1793 816 1823 ὡς
839 1792 918 1823 ἄλλος
945 1799 987 1822 τις

189 1841 296 1876 ὁρᾶται
311 1840 422 1874 κόσμος,
442 1841 456 1865 ὁ
470 1839 617 1874 ἄνθροπως
630 1847 637 1854 '
657 1840 686 1866 ὲν
699 1839 728 1865 δὲ
741 1838 781 1873 τῷ
798 1838 945 1872 νοουμένῳ,
973 1838 987 1863 ὁ

191 1887 338 1920 λογισμὸς.
353 1884 477 1920 Οὐρανοῦ
509 1885 559 1920 μὲν
585 1885 650 1918 γὰρ,
671 1884 718 1910 καὶ
733 1885 797 1918 γῆς,
827 1884 873 1908 καὶ
888 1882 941 1908 τῶν
959 1883 988 1909 ὲν

194 1933 287 1968 μέσῳ,
306 1929 383 1962 οὗτος
399 1932 511 1957 ἐκείνων
528 1930 714 1963 καταγγελεύς
725 1938 731 1944 ”
752 1929 798 1955 νοῦ
825 1929 865 1960 δὲ,
885 1929 931 1955 καὶ
944 1929 988 1954 αἰ-

193 1978 335 2012 σθήσεως,
351 1977 398 2003 καὶ
413 1976 468 2002 τῶν
486 1977 550 2011 περὶ
579 1975 674 2010 αὐτὴν,
705 1975 845 2009 ὑποφήτης
871 1974 988 2008 ὑπάρχει

192 2025 208 2052 6
239 2023 382 2058 λογισμὸς,
410 2018 447 2048 ὧν
470 2022 544 2054 ἄνευ,
561 2021 710 2056 ἀμφότεροι
740 2021 838 2055 κόσμοι
866 2019 986 2046 ἐκκεκώ-

195 2076 295 2104 φωντο
309 2069 353 2094 ἄν.

236 2114 302 2152 ριγ’.
321 2115 378 2149 Οὐχ
395 2114 465 2140 οὕτω
482 2114 550 2148 μετὰ
566 2114 654 2148 χαρᾶς
686 2112 832 2144 ἀπολυθεὶς
848 2111 988 2146 αἰχμάλω-

193 2171 247 2194 τος
266 2160 310 2188 διὰ
327 2160 435 2195 χρόνου,
453 2159 611 2194 πορεύεται,
627 2159 663 2190 ὡς
682 2159 743 2190 νοῦς
764 2158 884 2193 σχέσεως
910 2156 986 2183 ἐλευ-

194 2207 336 2244 θερωθεὶς
352 2207 420 2241 πρὸς
435 2207 469 2232 τὰ
484 2206 598 2240 οὐράνια
614 2205 652 2237 ὡς
670 2205 738 2240 πρὸς
757 2204 846 2231 οἰκεῖα
868 2203 988 2239 πορεύε-

193 2264 258 2287 ται,
271 2253 448 2288 ἀγαλλομένῳ
461 2253 532 2279 ποδί.

236 2300 301 2337 ριδ¹.
320 2299 364 2334 Τῷ
379 2299 416 2334 μὴ
436 2299 505 2333 μετὰ
516 2299 655 2334 προσοχῆς
682 2296 832 2332 εὖχομένῳ,
849 2295 917 2321 ἀλλὰ
934 2294 990 2320 δια-

193 2346 345 2382 χεομένῳ,
377 2345 513 2380 βάρϐαρος
541 2345 590 2379 μὲν
612 2346 625 2370 ό
653 2343 759 2378 ψαλμὸε
779 2342 988 2376 λογισθήσεται·

193 2392 284 2423 αὐτὸς
299 2392 328 2418 δὲ
344 2391 382 2426 τῷ
395 2391 494 2426 ψαλμῷ
513 2391 550 2422 ὡς
569 2390 716 2426 βάρϐαρος,
735 2389 783 2415 καὶ
803 2387 840 2420 ὡς
862 2387 991 2422 μαινόμε-

195 2446 243 2464 νοι
257 2437 407 2471 ἀμφότεροι
417 2438 552 2472 δαίμοσιν.

241 2485 301 2517 ριε¹.
319 2482 356 2507 Οὐ
382 2483 479 2508 ταύτόν
505 2484 590 2514 ἐστιν,
607 2481 648 2514 οἷς
660 2480 821 2517 ἐσταυρώθη
838 2481 851 2505 ὁ
877 2479 989 2514 κόσμος,

196 2527 254 2555 καὶ
276 2527 302 2553 οἵ
325 2535 397 2557 τινες
424 2527 462 2561 τῷ
487 2527 582 2562 κόσμῳ
610 2527 818 2563 έσταύρωνται’
845 2527 900 2556 τοῖς
924 2525 990 2559 γὰρ,

195 2572 267 2609 ἧλοι
280 2592 286 2604 ,
304 2572 424 2606 νηστεία,
439 2573 487 2598 καὶ
503 2572 640 2606 ἀγρυπνία
652 2581 658 2587 -
676 2574 732 2603 τοῖς
748 2572 788 2604 δὲ,
803 2571 991 2605 ἀκτημοσύνη,

196 2619 254 2644 καὶ
267 2617 440 2649 ὲξουδένωσις
453 2624 459 2631 ’
475 2616 529 2642 τῶν
545 2617 574 2642 δὲ
593 2617 726 2651 δευτέρων
756 2617 850 2652 χωρὶς,
866 2616 890 2642 οἱ
918 2616 992 2641 πόνοι

197 2664 262 2689 τῶν
278 2663 417 2697 προτέρων
431 2661 589 2695 ἀνωφελεῖς.

241 2709 311 2740 ρις’.
341 2705 434 2737 Οὐδεὶς
463 2705 591 2740 καθαρῶς
616 2705 746 2737 εὔξασθαι
768 2705 892 2735 δύναται,
918 2704 993 2739 φιλο-

197 2751 283 2784 κάλῳ
310 2749 392 2776 πάθει
432 2750 479 2776 καὶ
521 2749 654 2784 φιλοτίμῳ
688 2749 896 2783 κρατούμενος·
931 2749 994 2783 περὶ

196 2796 293 2823 ταῦτα
311 2796 365 2831 γὰρ
376 2797 403 2823 αι
420 2795 526 2830 σχέσεις
540 2796 587 2822 καὶ
599 2797 624 2821 οἱ
641 2796 688 2830 τῆς
705 2795 888 2829 ματαιότητος
918 2795 994 2829 λογι-

199 2842 274 2876 σμοὶ
285 2841 333 2876 τὴν
347 2841 502 2876 οἰκειότητα
518 2841 635 2876 ἔχοντες,
648 2841 751 2876 σχοινία
762 2840 886 2875 καθάπερ
899 2840 994 2875 ἐκείνῳ

198 2887 433 2921 περιπλεκόμενα
464 2887 602 2920 γίνονται·
639 2886 836 2918 κατασπῶντες
873 2886 912 2918 ὡς
949 2883 991 2912 οἷο

201 2933 347 2968 στρουθῐῳ
359 2933 494 2967 δεδεμένῳ
507 2933 659 2968 ἀναπτῆναι
672 2931 835 2967 πειρωμένῳ
848 2931 886 2966 τῷ
901 2932 948 2967 νῷ,
964 2933 993 2959 ὲν

200 2978 248 3013 τῷ
264 2979 351 3013 καιρῷ
366 2978 418 3013 τῆς
430 2978 523 3013 εὐχῆς.

775 250 970 280 GNHSTlCIE
992 246 1224 277 SEN'I‘EN’NB.

411 315 577 354 πιριπεξίων
611 314 761 348 ὑπερόπται
788 309 970 346 Θεωρημάτων

1044 302 1207 337 ogilationes
1237 299 1392 334 despiciunt
1415 299 1521 335 objecta
1549 297 1601 327 sub
1625 298 1742 336 pedibus
1769 301 1813 332 iac

1739 241 1812 276 1170

1027 349 1128 377 centia.

1064 395 1230 423 106.(ὶιιιιαι
1256 394 1327 422 roris
1355 398 1434 421 terrze
1461 393 1552 421 sulcos
1582 392 1732 426 inebriant,
1748 393 1814 421 alTe~

1028 442 1135 469 ctiones
1164 447 1257 469 autem
1292 441 1401 475 animae,
1428 441 1500 469 inter
1529 441 1663 468 orandum
1690 447 1706 467 c
1729 441 1814 468 corde

1028 488 1122 516 emissi
1143 488 1262 524 gemitus
1278 488 1388 523 irrigui.

1065 534 1127 562 107.
1157 534 1243 561 Nemo
1276 534 1410 561 Deitatem
1438 534 1464 561 in
1493 534 1630 562 Trinitate
1654 539 1813 569 conceptam

1030 579 1212 615 contemplari
1245 580 1358 614 poterit,
1385 580 1438 607 nisi
1466 581 1699 615 supereminuerit
1726 585 1816 608 male—

1032 626 1092 653 riali
1119 626 1212 662 dyadi,
1228 630 1255 653 et
1281 625 1378 653 vicina
1399 626 1459 662 ejus
1487 628 1622 654 monadi:
1644 628 1696 656 hac
1723 634 1815 657 autem

1033 672 1158 708 superior
1174 680 1229 700 non
1251 671 1307 704 liet,
1323 672 1375 699 nisi
1394 672 1546 708 simplicem
1561 674 1588 700 in
1604 675 1818 710 cogitationibus

1033 725 1112 745 suum
1129 717 1282 745 reddiderit
1295 718 1429 744 animum.

1069 763 1130 791 108.
1159 764 1219 791 Non
1249 767 1303 790 tam
1332 763 1443 792 dillieile
1472 771 1513 792 est
1538 767 1668 794 cohibere
1697 767 1818 794 ﬂuminis

1047 814 1180 845 mpetum,
1203 817 1237 837 ne
1262 809 1391 837 deorsum
1414 810 1529 845 feratur,
1545 820 1626 847 quam
1652 813 1820 848 praecipitem

1037 857 1178 883 retrahere
1191 860 1218 883 et
1233 863 1410 891 compescere
1423 858 1556 890 animum.
1575 867 1608 886 ne
1623 866 1652 886 se
1670 861 1696 886 in
1712 867 1744 886 ea
1760 867 1820 894 qua:

1036 902 1125 929 oculis
1145 906 1298 929 cemuntur
1315 902 1438 930 ell‘undat
1455 910 1487 931 ac
1509 903 1657 939 dispergat.
1674 910 1702 932 et
1723 905 1756 931 ad
1773 913 1821 932 su-

1039 955 1123 983 perna
1143 951 1314 982 cognataque
1332 955 1393 975 cum
1411 949 1529 976 voluerit
1543 957 1572 976 se
1591 950 1729 984 precando
1743 950 1822 976 colli-

1005 993 1023 1020 ll
1039 1001 1103 1029 gere
1122 1002 1129 1021 :
1145 994 1254 1022 tametsi
1281 994 1334 1022 hoc
1349 995 1512 1028 secundum,
1530 995 1595 1023 illud
1613 1002 1704 1022 autem
1723 999 1821 1030 praeter

1037 1045 1163 1067 naturam
1187 1045 1240 1067 est.

1077 1099 1284 1127 l09.Purilicati
1303 1104 1423 1127 mentem
1445 1099 1518 1127 intro
1534 1099 1653 1128 \‘isibilia
1671 1101 1822 1132 mittentes,

1040 1150 1115 1173 tanta
1147 1146 1290 1181 replentur
1325 1146 1508 1174 admiratione
1536 1154 1569 1174 ac
1598 1151 1672 1174 tanta
1708 1147 1823 1181 perfun-

1039 1191 1143 1219 duntur
1167 1192 1272 1224 lzetitia,
1289 1197 1319 1219 ut
1334 1193 1403 1219 nihil
1427 1192 1502 1220 aliud
1526 1194 1700 1220 terrestrium
1724 1201 1823 1228 capere

1040 1238 1273 1274 possint,eliamsi
1286 1238 1319 1266 ad
1331 1246 1379 1266 eos
1396 1238 1565 1266 conﬂuerent
1576 1247 1691 1274 qua-que
1707 1240 1825 1266 maxime

1040 1284 1280 1319 concupiscibilia.

1078 1331 1138 1358 110.
1159 1331 1260 1359 Pascua
1281 1339 1341 1366 quze
1369 1330 1503 1358 naturalia
1517 1330 1659 1364 dicuntur,
1672 1331 1728 1359 sola
1751 1331 1828 1359 suill-

1042 1377 1118 1404 ciunt
1140 1377 1174 1404 ad
1195 1385 1319 1413 magnam
1341 1378 1554 1406 admirationem
1582 1378 1825 1410 commovendam;

1043 1429 1120 1458 prata
1144 1428 1235 1451 autem
1262 1424 1417 1460 spiritualia
1439 1429 1503 1452 sunt
1526 1424 1664 1457 ﬂoridula,
1679 1429 1708 1452 ct
1724 1433 1739 1452 e
1753 1424 1830 1460 puris

1044 1471 1170 1504 ﬂoribus,
1192 1474 1268 1499 velut
1284 1480 1299 1500 e
1317 1473 1421 1500 emlesti
1448 1477 1570 1505 nectare.
1595 1471 1748 1507 spiritualis
1765 1479 1831 1499 con-

1045 1519 1110 1545 vivii
1124 1519 1229 1546 stillant
1245 1519 1419 1546 suavitatem.

1081 1567 1142 1594 lll.
1159 1567 1189 1594 In
1206 1567 1306 1594 roridis
1322 1572 1463 1602 pratorum
1485 1567 1600 1594 ﬂoribus
1618 1566 1742 1600 reginam
1764 1573 1832 1593 exa-

1045 1613 1126 1640 minis
1137 1613 1359 1640 circumvolitant
1374 1621 1455 1648 apes;
1469 1613 1587 1640 animam
1605 1617 1696 1640 autem
1714 1613 1742 1639 in
1755 1620 1832 1639 com-

1008 1672 1029 1700 ο
1046 1659 1194 1694 punetione
1211 1658 1399 1686 indesinenter
1418 1659 1583 1686 irrorantem
1609 1658 1768 1693 spiritualcs
1782 1665 1833 1692 pu-

1048 1705 1140 1732 tentia:
1158 1705 1233 1732 velut
1259 1705 1417 1732 domestica;
1439 1705 1698 1740 circumcingentcs,
1722 1711 1784 1731 cum
1801 1711 1834 1731 ea

1047 1751 1192 1778 elaborant
1206 1751 1339 1785 quidquid
1351 1751 1377 1778 ei
1393 1751 1540 1778 succurrit.

1085 1797 1145 1823 112.
1163 1797 1190 1823 ln
1207 1797 1310 1823 mundo
1333 1796 1386 1823 hoc
1410 1796 1582 1830 aspectabili,
1598 1796 1672 1823 velut
1686 1796 1755 1822 alius
1771 1795 1834 1830 qni—

1047 1841 1111 1868 dam
1127 1841 1247 1868 mundus
1263 1841 1372 1868 videtur
1388 1841 1481 1872 homo,
1500 1841 1527 1867 in
1547 1841 1727 1868 intellectuali
1742 1846 1834 1868 autem

1049 1887 1153 1914 mundo
1167 1887 1242 1914 velut
1265 1887 1337 1913 alius
1360 1886 1471 1921 quidam
1488 1886 1608 1913 mundus
1633 1886 1712 1914 ratio.
1730 1887 1835 1914 Etenim

1049 1932 1122 1963 cceli,
1138 1937 1166 1960 et
1176 1936 1268 1963 terrm,
1282 1936 1309 1959 et
1321 1939 1417 1959 eorum
1430 1938 1491 1967 qua:
1502 1933 1528 1959 in
1540 1932 1630 1959 medio
1641 1937 1704 1959 sunt
1717 1932 1760 1959 ille
1772 1932 1836 1959 huic

1049 1978 1160 2013 quidam
1171 1978 1284 2005 nuntius
1294 1983 1335 2005 est
1345 1987 1351 2005 ε
1360 1978 1445 2005 animi
1456 1985 1548 2006 autem
1560 1984 1587 2006 et
1599 1986 1729 2006 sensuum
1740 1982 1767 2005 et
1776 1986 1837 2013 qure

1050 2032 1111 2052 eum
1133 2025 1173 2052 eis
1195 2026 1341 2060 conjuncta
1360 2029 1435 2056 sunt,
1453 2025 1589 2059 interpres
1613 2029 1640 2052 et
1665 2022 1837 2059 explanatrix

1050 2077 1092 2098 est
1112 2071 1192 2103 ratio,
1211 2071 1268 2098 sine
1283 2071 1384 2106 quibus
1401 2071 1498 2098 mundi
1512 2072 1594 2098 ambo
1608 2071 1684 2098 surdi
1700 2076 1802 2099 essent.

1087 2116 1147 2143 115.
1165 2117 1224 2143 Non
1243 2117 1278 2143 ila
1296 2117 1420 2152 gaudens
1438 2116 1543 2144 incedit
1558 2117 1684 2151 captivus
1703 2122 1765 2151 post
1780 2117 1839 2143 lon-

1050 2170 1113 2199 gum
1134 2168 1242 2198 tempus
1261 2163 1331 2190 liber
1357 2163 1456 2195 factus,
1481 2168 1511 2190 ut
1534 2171 1611 2190 mens
1634 2163 1669 2190 ab
1693 2162 1840 2189 aﬂ'cctibus

1051 2209 1196 2235 vindicata.
1215 2209 1248 2235 ad
1263 2209 1396 2239 cmlestia,
1412 2215 1540 2244 tanquam
1555 2209 1677 2244 propria.
1691 2208 1839 2236 cxsultanti

1052 2254 1120 2288 pede
1135 2255 1270 2289 graditur.

1090 2300 1151 2327 114.
1173 2300 1224 2333 Qui
1248 2309 1302 2327 non
1325 2305 1396 2332 orat.
1413 2301 1460 2328 sed
1485 2301 1570 2336 magis
1592 2300 1698 2327 orando
1726 2303 1840 2334 vagatur

1016 2337 1038 2364 θ
1053 2346 1155 2377 animo.
1169 2347 1193 2374 ei
1208 2348 1329 2381 psalmus
1341 2347 1474 2374 barbarus
1488 2350 1612 2381 apparet.
1622 2352 1650 2373 et
1664 2346 1721 2380 ipsc
1733 2346 1838 2380 psalmo

1053 2393 1185 2420 barbarus
1205 2403 1210 2419 :
1227 2393 1309 2420 ambo
1326 2399 1417 2420 autem
1438 2393 1533 2420 furiosi
1551 2392 1732 2419 daemonibus.

1091 2486 1151 2513 115.
1162 2486 1220 2513 Non
1236 2485 1307 2512 idem
1322 2489 1373 2515 est,
1383 2484 1485 2519 quibus
1498 2483 1647 2511 cruciﬁxus
1656 2488 1699 2510 est
1713 2483 1842 2511 mundus.

1054 2536 1082 2558 et
1108 2531 1154 2565 qui
1176 2531 1278 2558 mundo
1296 2530 1418 2557 cruciﬁxi
1437 2534 1511 2556 sunt.
1531 2530 1586 2557 lllis
1598 2529 1672 2556 enim
1689 2529 1758 2556 clavi
1780 2534 1844 2555 sunt

1051 2578 1186 2613 jejunium
1210 2583 1237 2604 et
1254 2577 1362 2612 vigiliae.
1377 2577 1420 2603 his
1444 2576 1534 2611 inopia
1552 2580 1579 2602 et
1603 2578 1778 2608 contemptus
1795 2582 1800 2599 :
1817 2578 1845 2599 et

1055 2624 1158 2658 absque
1173 2623 1216 2650 his
1228 2623 1337 2650 labores
1353 2623 1474 2657 priorum
1495 2627 1558 2650 sunt
1574 2620 1694 2648 inutiles.

1093 2707 1155 2734 116.
1174 2707 1260 2734 Nemo
1289 2713 1357 2740 pure
1386 2712 1465 2733 orare
1492 2709 1593 2740 potest,
1618 2705 1646 2732 in
1667 2712 1722 2739 quo
1749 2707 1845 2739 regnat

1059 2752 1278 2788 pulchritudinis
1298 2756 1326 2779 et
1341 2751 1456 2778 honoris
1475 2759 1562 2778 amor.
1581 2751 1629 2778 llis
1644 2751 1716 2777 cnim
1736 2750 1846 2777 habitus

1057 2807 1189 2833 vanaaqne
1216 2798 1398 2834 cogitationes
1420 2798 1658 2833 circumligantnr,
1672 2797 1754 2832 eique
1777 2796 1845 2823 ﬁunt

1058 2847 1136 2881 quasi
1159 2846 1236 2882 junci
1266 2846 1355 2880 ipsum
1385 2845 1640 2880 circumplicantes,
1665 2852 1699 2872 ac
1724 2849 1846 2879 tempore

1058 2893 1191 2920 orationis
1212 2892 1398 2920 distrahenles
1411 2896 1531 2919 mentem
1546 2892 1664 2927 alligata
1680 2891 1769 2918 instar
1783 2890 1842 2917 ιιι-ἰν

1059 2939 1152 2966 volare
1169 2941 1330 2966 tentantem.
