2027 3162
253 246 323 280 1179

959 243 1154 277 ADDENDA.

1821 242 1886 275 1183

245 303 395 330 (ὶΙιΓὶδιυΞθ
407 301 494 331 rmlis.
506 301 633 327 cohaeret.
647 298 733 326 Porro
743 298 793 334 ipsi
804 305 819 325 e
833 297 1037 326 ccelisdescen-
1054 305 1074 333 Α
1089 282 1229 328 discussis
1243 307 1275 327 ac
1290 300 1418 335 depulsas
1438 300 1522 329 fuisse
1539 300 1647 329 scribit,
1666 301 1699 328 Αι
1714 308 1789 328 nunc
1800 300 1887 327 Theo-

247 350 322 377 (lenti
339 350 375 376 ita
400 349 511 376 demum
539 347 602 382 quis
620 353 767 373 occurrere
783 346 893 380 poterit,
918 345 942 373 si
956 353 1039 380 supra

249 404 292 424 res
320 401 442 422 terrenas
471 395 590 428 seipsutn
609 393 747 424 extulerit,
778 383 859 427 atque
879 392 995 419 actionis
1013 396 1040 419 et

247 442 490 477 contemplationis
516 441 613 475 pennis
636 439 767 470 erexerit,
786 438 863 473 juxta
878 439 903 465 id
919 438 991 473 quod
1007 438 1042 464 ab

247 489 378 523 Apostolo
403 488 504 514 dictum
532 491 574 514 cst
592 493 598 511 :
614 485 724 512 Obviam
744 486 913 518 proredemus
931 484 1042 511 reuieuti

247 535 362 562 Domina
389 535 415 561 in
443 541 529 560 aerem
551 532 571 560 '.
599 531 707 567 Optitne
723 531 803 558 etiam
829 530 946 565 quadrat
976 531 1041 557 illud

249 580 438 609 Saluteltintini
453 587 513 605 cum
527 579 570 606 his
583 578 673 605 verbis
686 586 691 602 :
704 577 831 604 Christus
843 577 869 603 in
885 583 966 603 terra.
981 576 1042 610 lpso

247 627 320 655 enini
336 630 436 653 nOstrzn
452 625 548 652 salutis
565 631 645 650 causa
668 623 772 658 deiecto
787 631 818 649 ac
835 628 942 649 terreno
960 621 1042 655 facto,

249 680 302 700 nos
317 677 427 707 propter
442 671 532 704 ipsum
548 669 634 696 evecti
655 676 686 694 ac
702 668 827 695 cmlitstrs
855 667 918 694 facti
936 675 1042 694 sumus.

248 718 314 745 Illud
332 722 421 744 autent
442 720 447 743 Ξ
464 715 576 742 Cautate
592 713 714 746 Domino,
729 714 813 740 cumis
836 719 916 746 terra,
935 714 1044 740 Datitlis

248 769 292 792 est
306 765 327 791 ‘.
345 763 402 790 lloc
414 769 495 798 porro
509 762 567 788 loco
582 768 631 796 per
656 766 754 787 terram
778 760 904 787 homines
930 760 955 786 in
972 765 1043 786 terra

250 811 406 838 habitantes
418 808 617 843 intelliguntur.
627 806 762 839 Quoniam
775 810 866 832 autem
881 813 913 832 eo
923 810 1044 839 tempore

249 859 286 885 ob
304 857 444 884 Christum
465 860 557 882 natutn
575 854 662 888 angeli
678 857 705 880 et
730 857 856 888 pastores
875 853 957 878 Deum
981 853 1043 878 lau—

249 905 352 931 dabant
372 910 403 930 ac
429 902 570 936 voluptate
599 900 801 931 adiciebantur,
841 898 907 924 tnilti
934 905 1044 932 quoque

250 951 405 978 faciendum
420 955 472 982 est,
492 953 521 976 ut
547 949 613 980 λιιωο
626 947 681 974 duo
710 946 736 973 in
754 952 839 972 unum
863 945 1023 972 contrahant)
1036 964 1043 977 ,

251 1006 283 1025 ac
312 996 435 1024 coelestia
453 994 535 1021 simul
550 999 576 1020 et
594 998 701 1020 terrena
716 991 852 1026 colligam,
868 995 893 1017 et
915 998 976 1017 cuttt
995 990 1045 1016 Da-

250 1045 310 1072 vide
325 1044 414 1071 dicant
431 1051 438 1069 :
455 1041 592 1069 Lwtentur
615 1039 674 1066 ειυΙί
699 1042 722 1064 et
739 1037 852 1064 exsultet
871 1033 975 1068 TErra,’
992 1037 1044 1063 hoc

249 1095 303 1122 est,
325 1095 351 1117 et
365 1089 492 1116 emlestes
506 1086 606 1120 angeli,
619 1089 646 1112 et
669 1083 793 1111 homines
811 1083 837 1110 in
853 1087 924 1110 terra
941 1083 1043 1116 degen-

251 1143 302 1164 tes.
321 1135 366 1162 Vel
386 1135 445 1169 ipsa
462 1138 573 1168 quoque
591 1130 742 1157 inanitnata
755 1129 888 1156 elementa
902 1128 936 1154 oh
955 1127 1044 1154 inere—

251 1183 362 1210 dihilem
381 1179 529 1215 voluptatis
547 1176 765 1211 magnitudinem
782 1175 814 1202 ad
832 1173 951 1201 laetitiam
972 1173 1044 1199 invi-

251 1233 354 1256 tentur.
375 1225 526 1253 Consitnile
538 1223 669 1259 quiddam
687 1221 772 1248 lsaias
786 1220 851 1248 dicit
869 1228 876 1247 :
895 1219 1045 1248 La'temini,

249 1274 319 1305 caeli,
336 1279 360 1299 et
372 1270 486 1298 exsultet
508 1276 590 1300 terra,
608 1271 781 1302 prorumpam
807 1270 909 1292 tuentes
935 1265 962 1291 in
978 1264 1048 1291 (arti-

251 1320 316 1346 tiam
326 1325 334 1343 :
344 1316 470 1352 quoniam
484 1315 627 1340 miseratus
641 1316 679 1338 est
697 1310 1013 1344 Dominusplcbemsuam
1024 1310 1046 1335 ".

250 1365 353 1392 Adltazc
376 1361 533 1394 Tltrologus
558 1358 626 1386 illud
650 1367 657 1384 :
678 1357 803 1385 Christus
826 1357 853 1383 in
877 1363 979 1388 carne,
1013 1363 1046 1382 ex

253 1411 341 1446 prima
361 1409 393 1435 ad
412 1407 586 1434 Timotheum
607 1404 734 1439 sumpsit,
752 1404 777 1430 in
795 1410 848 1438 qua
867 1402 967 1429 Paulus
986 1401 1044 1429 ait:

252 1457 322 1483 Deus
338 1454 524 1489 manifestam;
541 1457 579 1478 est
597 1452 624 1478 in
647 1458 725 1477 carne
741 1450 762 1476 ".
788 1450 834 1476 Illa
853 1453 943 1476 autem
958 1458 964 1474 :
981 1447 1047 1474 Tre-

253 1509 328 1530 tnore
343 1506 371 1528 ct
389 1499 490 1535 gaudio
505 1497 650 1529 exsultate,
666 1504 681 1523 a
700 1496 806 1530 psalmo
831 1495 952 1522 secundo
970 1493 1049 1519 Davi-

251 1548 295 1574 dis
310 1549 419 1579 sutnpta
433 1548 507 1570 sunt.
525 1542 552 1568 ltt
567 1549 599 1568 eo
615 1541 688 1568 enim
713 1540 846 1574 loquitur.
868 1538 968 1565 Set-rite
992 1537 1048 1563 Do-

252 1592 323 1618 mino
337 1591 365 1616 in
379 1589 484 1619 liotore,
497 1591 522 1613 et
532 1585 664 1612 cxsultate
674 1585 698 1611 ei
711 1592 770 1610 cum
785 1589 897 1610 tremore
908 1583 929 1609 ⁸.
944 1583 1048 1610 Sensus

253 1643 342 1663 autem
359 1634 490 1668 Tlteologi
516 1632 578 1658 talis
600 1635 662 1658 est:
680 1630 828 1663 Quoniam,
847 1630 946 1664 inquit,
976 1629 1048 1656 Deus

253 1683 279 1708 in
298 1688 380 1708 carne
396 1684 448 1710 est,
465 1677 612 1708 exsultate,
630 1684 684 1703 non
701 1680 790 1702 tamen
807 1683 874 1710 pure
890 1680 917 1702 et
940 1674 1046 1709 simpli-

252 1730 339 1759 eiter;
363 1732 456 1752 verum
470 1723 660 1751 sitrxsnltatio
676 1727 764 1749 vestra
780 1727 896 1748 tremore
907 1726 933 1748 et
949 1721 1048 1756 gaudio

253 1776 425 1808 temperata,
447 1770 512 1806 illud
541 1771 576 1796 ob
603 1774 756 1804 peccatum,
783 1769 855 1802 quod
883 1775 933 1795 nos
961 1767 1048 1802 ipsius

253 1821 374 1848 adventu
402 1817 603 1852 praesentiaque
638 1815 765 1850 indignos
794 1814 968 1845 reddiderat,
997 1814 1048 1841 hoc

254 1871 363 1902 propter
375 1871 449 1899 spent
469 1862 574 1890 salutis.
602 1860 677 1888 Vertit
694 1861 777 1892 enim,
803 1865 832 1886 ut
852 1860 954 1886 salvum
974 1860 1046 1895 [ace-

252 1917 303 1945 ret,
314 1910 383 1946 quod
401 1909 515 1944 perierat
530 1908 551 1934 ⁹.
566 1906 626 1934 Jatn
643 1907 724 1934 etiam
741 1913 800 1940 quae
818 1911 980 1940 sequuntur,
997 1913 1047 1933 ex-

252 1957 418 1992 pendamus.
433 1954 562 1982 Christus
577 1961 609 1979 ex
627 1952 739 1988 Virgine
755 1957 847 1983 natus,
861 1952 1047 1986 virginitatem

252 2002 382 2038 prtetulit.
395 2001 434 2028 Ac
446 2006 620 2034 quacunque
634 1998 799 2033 virginitatis
814 2005 909 2024 amore
917 2003 1048 2031 correpta:

254 2048 368 2080 fuerint,
382 2045 592 2081 quodammodo
601 2048 725 2071 sanctam
740 2043 883 2077 Deiparant
895 2043 1047 2071 imitantur.

253 2093 380 2128 Virgines
396 2092 480 2122 enim,
497 2090 597 2124 inquit,
614 2094 675 2123 post
689 2089 775 2123 ipsam
790 2087 971 2119 adducentur,
988 2095 1048 2114 catn

255 2139 382 2167 videlicet
405 2144 452 2172 per
475 2135 656 2162 imitationem
679 2134 854 2160 comitantes.
879 2133 918 2159 Ae
934 2133 1057 2167 proinde

254 2188 387 2219 quantum
403 2182 436 2208 ad
459 2179 625 2215 virginitatis
654 2179 789 2212 studium,
818 2185 920 2206 matres
946 2179 1049 2206 Christi

254 2228 308 2255 dici
323 2227 441 2263 possint.
458 2224 614 2259 Allegorico
632 2228 723 2250 autent
743 2231 827 2250 sensu
845 2223 936 2251 omnis
956 2225 1048 2251 anitna

255 2274 340 2301 maris
357 2273 434 2308 juxta
450 2278 482 2298 ac
500 2269 617 2299 feminae,
635 2277 695 2304 qua:
718 2270 753 2297 ab
783 2270 859 2297 omni
876 2269 948 2297 foedo
965 2275 1049 2304 atque

255 2320 375 2346 obsceno
391 2316 490 2343 all’ectu
507 2315 620 2350 virginis
633 2315 731 2347 instar,
748 2322 844 2349 puram
865 2322 895 2342 se
912 2319 940 2342 et
958 2315 1050 2342 incor-

255 2370 362 2400 ruptam
381 2368 483 2396 tuetur,
499 2362 600 2388 virtute
618 2361 736 2389 Verbum
751 2362 883 2396 concipit,
905 2362 1049 2396 ipsumque

255 2410 402 2447 progignit.
422 2409 482 2436 Mox
509 2415 556 2443 per
576 2408 819 2442 interrogationem
841 2408 924 2435 infert
946 2408 1050 2443 Grego-

257 2466 328 2485 ruts.
350 2466 358 2482 t
375 2456 443 2489 Quis
459 2463 532 2488 eum,
552 2455 597 2488 qui
619 2462 632 2481 a
645 2454 779 2489 principio
794 2460 845 2487 est,
858 2460 966 2490 propter
983 2456 1051 2483 divi-

256 2504 366 2530 nitatem
392 2509 446 2528 non
465 2501 578 2527 adoret!
598 2501 665 2532 Quis
681 2504 744 2526 ttetn
763 2500 889 2526 ultimum
903 2521 910 2533 ,
939 2506 1050 2535 propter

256 2549 453 2576 humanitatem
481 2554 557 2572 .non
589 2546 698 2572 laudet?
725 2545 877 2572 l‘ustretnis
913 2546 1048 2579 siquidem

254 2596 350 2622 utebus
363 2595 395 2621 ad
405 2602 454 2620 nos
464 2593 547 2619 venit.
564 2601 572 2617 ›
592 2593 658 2618 illud
674 2596 762 2618 autem
779 2600 794 2617 ει
812 2591 948 2626 principio
961 2591 1050 2617 Theo-

255 2643 332 2675 logus
345 2644 438 2667 noster
453 2647 468 2665 a
483 2638 619 2672 'l‘hcologo
640 2637 744 2664 Joanne
765 2643 879 2671 accepit.
907 2637 954 2663 Sic
977 2637 1049 2663 enim

254 2688 372 2715 scribit:
388 2686 439 2719 Qui
460 2690 516 2711 erat
542 2693 558 2710 α
573 2684 706 2718 principio
725 2683 755 2710 η.
774 2683 807 2709 Et
827 2684 853 2710 in
878 2685 1048 2718 Evangelio:

256 2735 290 2762 In
306 2733 434 2768 principio
452 2737 508 2758 erat
528 2730 642 2757 Verbum
658 2730 690 2757 “.

291 2779 348 2806 Col.
363 2779 416 2805 515
429 2777 461 2803 A.
478 2776 579 2802 ltursus
598 2775 710 2802 teuebrw
727 2775 874 2809 solvuntur,
891 2782 944 2805 ctc.
960 2777 1048 2806 Moses

258 2824 284 2849 in
299 2824 432 2858 ptincipio
449 2822 564 2849 Genesis
577 2821 703 2848 tenebras
720 2821 780 2850 illas
798 2823 899 2856 primas
914 2831 976 2851 cttm
993 2831 1048 2851 cte-

256 2871 284 2894 lo
299 2873 325 2894 ct
352 2874 421 2895 terra
446 2868 520 2895 velut
546 2867 730 2894 subsistentes
765 2869 834 2895 lucis
867 2870 1047 2903 productione

293 2922 303 2937 ³
319 2922 541 2954 l'1‘ltess.1v,16.
601 2923 695 2950 ‘I’sal.
718 2931 779 2954 xcv,
801 2926 824 2951 l.
879 2928 888 2942 °
905 2927 971 2954 lhixl.
992 2929 1032 2954 Η.

601 2923 695 2950 'I’sal.
718 2931 779 2955 xcv,
801 2926 824 2951 ι.

257 2956 268 2973 ³
285 2956 351 2983 Luc.
369 2964 422 2989 xix,
443 2958 482 2983 10.
523 2957 635 2986 '“Joan.
656 2967 676 2992 ι,
695 2960 718 2985 1.
759 2961 778 2974 "
795 2959 873 2988 Joan.
896 2971 914 2995 ι,
936 2964 960 2989 1.

523 2958 543 2972 ¹⁰
556 2957 635 2986 Joan.
656 2967 676 2992 ι,
695 2960 718 2985 1.

1002 2965 1021 2980 12

1092 347 1171 381 logus
1191 347 1319 374 tenebras
1341 354 1462 375 erroretn
1492 351 1519 375 et
1545 351 1688 383 peccatum
1712 351 1814 374 vocat:
1846 347 1886 373 lu-

1093 401 1151 420 cem
1178 399 1270 421 autem
1295 401 1385 421 veram
1424 394 1485 421 ﬁdei
1517 394 1669 422 doctrinam
1696 399 1724 420 et
1743 394 1882 420 virtutem.

1093 442 1133 467 Ac
1149 439 1293 467 solvuntur
1306 439 1416 475 quidem
1434 439 1566 471 tenebrae,
1582 444 1611 466 ut
1631 439 1760 466 accidens
1779 447 1786 465 :
1806 447 1884 464 crea-

1094 491 1137 513 tur
1155 491 1245 513 autem
1270 486 1328 518 lux,
1350 491 1378 513 ut
1395 486 1560 513 substantia.
1586 486 1615 513 Si
1634 485 1748 520 quidem
1764 492 1843 512 error
1858 491 1888 511 ac

1095 538 1236 568 peceatum
1261 537 1360 568 praeter
1377 537 1501 559 naturam
1523 536 1599 564 sunt,
1623 532 1727 558 veritas
1752 536 1848 558 contra
1864 535 1889 557 et

1094 579 1180 606 virtus
1197 579 1348 606 secundum
1374 583 1511 605 naturam.
1539 578 1638 604 Earum
1658 578 1758 604 ctenim
1783 577 1887 603 semina

1097 631 1200 652 naturzc
1219 631 1319 652 nostra:
1335 625 1459 659 inspersa
1479 630 1562 658 atque
1585 625 1666 651 insita
1691 628 1764 650 sunt.
1789 623 1891 649 Deinde

1095 671 1229 707 [Egyptus
1261 671 1372 706 quidem
1403 670 1581 706 palpabilium
1606 670 1784 696 tenebrarum
1813 669 1890 702 plaga

1096 719 1172 752 prius
1187 722 1284 744 vexata
1301 721 1353 749 est,
1365 716 1599 751 quemadmodum
1617 715 1730 742 tradidit
1744 714 1836 740 Moses
1852 714 1889 740 "z

1097 769 1124 790 at
1157 770 1233 791 nunc
1267 763 1420 798 ignorantia
1452 767 1478 789 et
1506 766 1650 797 peccatum
1678 761 1805 787 tenebris
1833 768 1892 786 cru-

1096 810 1217 843 ciantur,
1244 809 1296 836 hoc
1327 814 1378 841 est,
1409 808 1596 835 internecione
1617 807 1754 834 delentur.
1777 805 1818 832 Ad
1838 805 1892 832 haec

1098 853 1181 880 Israel
1198 853 1310 888 quidem
1328 853 1455 880 columna
1481 853 1552 887 ignis
1570 857 1635 879 tunc
1650 852 1809 878 illustratus
1827 855 1869 878 est
1884 859 1891 876 :

1097 905 1125 926 at
1143 907 1215 926 nunc
1231 899 1314 927 Israel
1334 899 1388 927 diei
1405 904 1488 934 queat
1506 899 1567 934 pius
1590 898 1720 933 populus,
1741 897 1788 932 qui
1807 897 1890 924 Deum

1098 946 1277 981 spiritualiter
1301 946 1435 973 intuetur.
1466 945 1603 972 Columna
1630 951 1722 971 autem
1746 943 1821 978 ignis
1847 951 1892 970 ve-

1060 989 1083 1018 B
1098 993 1176 1025 ritas,
1201 997 1247 1019 aut
1264 992 1391 1019 Cltristus
1406 992 1475 1026 ipse,
1493 991 1539 1026 qui
1564 998 1614 1017 nos
1632 990 1698 1025 tegit
1714 994 1742 1016 et
1762 989 1891 1019 illustrat,

1096 1043 1178 1073 atque
1216 1038 1249 1065 ad
1286 1038 1424 1065 cmlcstem
1456 1037 1649 1072 promissionis
1683 1040 1785 1061 terrant
1819 1034 1893 1061 nobis

1097 1085 1168 1111 viant
1197 1089 1406 1111 commonstrat.
1440 1083 1518 1117 Quod
1545 1087 1635 1109 autem
1668 1082 1810 1116 sequitur.
1844 1080 1894 1106 Ρο·

1096 1130 1174 1164 putus
1201 1131 1246 1164 qui
1263 1130 1381 1162 sedebat,
1398 1135 1464 1162 εις..
1483 1130 1518 1157 ab
1537 1129 1605 1156 Isaia
1622 1129 1732 1163 quidem
1750 1133 1892 1161 acceptum

1097 1176 1199 1208 est”;
1224 1181 1354 1203 caeterum
1381 1175 1539 1211 Theologus
1567 1183 1709 1210 exponens
1735 1175 1769 1201 de
1795 1174 1894 1208 quibus

1098 1223 1218 1250 tenebris
1244 1222 1380 1257 Propheta
1410 1222 1551 1256 loquatur.
1583 1221 1694 1256 adjecit,
1720 1220 1893 1255 Ignorantia'.

1099 1269 1256 1303 Eodemque
1283 1268 1364 1295 modo
1394 1268 1420 1294 in
1445 1268 1507 1295 luce
1534 1267 1610 1299 fecit,
1635 1267 1818 1301 snhjungens,
1841 1267 1894 1292 Co-

1098 1315 1228 1350 gnitionis
1257 1319 1284 1341 et
1305 1315 1437 1341 scientite.
1456 1314 1563 1341 Rursus
1581 1313 1659 1344 illud.
1682 1313 1778 1339 Vetera
1800 1318 1890 1339 ινιιιιι-

1097 1362 1198 1392 ierunt,
1219 1366 1285 1392 etc.,
1305 1369 1337 1388 ex
1360 1361 1383 1387 ll
1407 1360 1492 1395 Epist.
1519 1359 1596 1386 Pauli
1612 1359 1644 1386 ad
1672 1358 1737 1386 Cor.
1772 1367 1799 1391 v,
1821 1365 1895 1384 sum-

1099 1409 1168 1442 psit;
1200 1412 1290 1434 vetera
1319 1407 1419 1442 quippe
1450 1414 1518 1433 nova
1553 1406 1625 1432 facta
1652 1409 1727 1432 sunt.
1748 1403 1817 1431 Nam
1848 1411 1894 1438 pro

1099 1461 1170 1487 agno
1195 1453 1334 1480 Christum
1362 1454 1507 1485 habemus,
1533 1460 1582 1488 pro
1615 1451 1831 1479 circumcisione
1848 1450 1894 1477 ba-

1100 1501 1240 1535 ptismum,
1266 1507 1317 1534 pro
1349 1507 1450 1526 manna
1476 1504 1503 1527 et
1525 1506 1595 1534 aqua
1616 1506 1717 1532 corpus
1731 1504 1758 1524 et
1779 1497 1894 1531 sangui-

1101 1553 1162 1571 nctn
1187 1544 1299 1576 Cltristi,
1320 1553 1370 1580 pro
1392 1551 1465 1572 terra
1489 1545 1599 1575 emittm.
1619 1549 1775 1578 cattcraque
1799 1543 1893 1569 eodem

1101 1590 1190 1616 modo.
1223 1590 1302 1617 llune
1330 1597 1411 1624 porro
1446 1589 1569 1625 Apostoli
1604 1590 1695 1616 locum
1731 1589 1894 1623 explicans,

1100 1637 1204 1668 subdit,
1234 1635 1338 1664 Littera
1366 1636 1428 1663 loco
1457 1636 1540 1668 redit,
1562 1636 1676 1670 spiritus
1696 1640 1819 1669 superat.
1849 1634 1895 1660 l'tr

1100 1683 1219 1709 littcratn
1259 1682 1345 1716 legem
1379 1682 1514 1717 scriptam.
1540 1681 1683 1716 ipsiusque
1710 1682 1893 1708 caeremonias

1100 1728 1236 1763 intelligit,
1260 1735 1309 1762 per
1338 1728 1463 1763 spiritum
1498 1732 1601 1759 autem,
1632 1727 1825 1761 Evangelum,
1852 1730 1895 1753 ut-

1100 1778 1162 1808 pote
1187 1773 1260 1807 quod
1293 1773 1414 1808 spiritale
1440 1773 1607 1800 sacriﬁcium
1635 1773 1777 1806 vitamque
1806 1771 1888 1805 spiri-

1100 1819 1180 1844 talem
1211 1823 1304 1852 aperte
1334 1818 1504 1852 przescribat.
1538 1817 1605 1844 Nam
1636 1818 1677 1844 lex
1712 1823 1790 1844 vetus
1819 1818 1894 1850 juxta

1101 1863 1199 1890 littera:
1226 1871 1337 1890 sensum
1368 1863 1461 1890 omnia
1492 1863 1679 1899 praecipiebat.
1715 1863 1769 1891 Lex
1801 1868 1891 1889 autent

1101 1914 1180 1937 ve‘tus
1206 1909 1308 1944 scripta
1337 1909 1508 1941 nominatur,
1533 1909 1597 1944 quia
1624 1910 1700 1944 prius
1724 1909 1827 1943 scripta
1844 1912 1894 1937 est.

1101 1963 1182 1990 quant
1208 1955 1279 1989 apttd
1306 1955 1436 1989 populum
1462 1956 1576 1982 recitata
1593 1956 1651 1983 sit:
1672 1959 1700 1982 at
1717 1954 1892 1989 Evangelium

1100 2001 1228 2028 Christus
1249 2007 1297 2027 ore
1317 2000 1421 2032 docuit,
1444 2001 1553 2028 tametsi
1580 2005 1674 2035 postea
1688 2008 1800 2035 quoque
1824 2001 1895 2027 liue-

1102 2055 1194 2073 rarutn
1235 2047 1422 2074 monumentis
1454 2048 1645 2082 consignatum
1678 2048 1723 2074 sit.
1761 2050 1800 2075 Ac
1836 2047 1894 2074 vide

1101 2101 1184 2127 quam
1212 2098 1341 2120 accurate
1370 2097 1398 2119 et
1424 2098 1520 2120 exacte
1557 2093 1685 2128 loquatur
1715 2093 1892 2128 Gregorius:

1103 2140 1221 2174 Superat
1245 2139 1435 2174 Evangeliutn,
1465 2140 1518 2166 hoc
1542 2144 1596 2172 est,
1626 2139 1772 2174 superiora
1803 2140 1892 2166 omnia

1103 2186 1194 2217 habet,
1222 2191 1304 2220 atque
1329 2187 1494 2213 auctoritate
1517 2191 1544 2213 et
1569 2187 1692 2221 potentia
1715 2186 1812 2213 vittcit.
1840 2185 1893 2212 Lex

1102 2238 1192 2259 autem
1209 2233 1268 2259 loco
1292 2233 1373 2266 eedit,
1392 2238 1423 2260 ιιι
1444 2240 1618 2267 nequaquam
1632 2231 1751 2268 'prorsus
1767 2234 1856 2259 soluta
1871 2236 1894 2258 et

1103 2279 1249 2305 exstincta.
1278 2277 1313 2305 lis
1341 2279 1413 2305 enim
1436 2278 1601 2305 oblitteratis
1630 2282 1713 2312 atque
1742 2278 1883 2312 abrogatis

1063 2331 1164 2366 una:
1190 2323 1267 2357 juxta
1296 2328 1440 2350 externum
1464 2331 1577 2350 sensum
1605 2323 1818 2358 peragebantur,
1838 2322 1893 2356 spi-

1104 2370 1210 2397 ritualia
1243 2370 1296 2396 vim
1330 2377 1406 2396 suam
1437 2369 1622 2396 retinuerunt.
1656 2371 1747 2402 Atque
1778 2370 1891 2401 Ulllbrlt,

1104 2417 1155 2442 hoc
1169 2421 1220 2447 est,
1244 2415 1353 2449 scripta:
1373 2414 1440 2448 legis
1468 2419 1614 2448 pra-cepta,
1638 2419 1732 2448 utpote
1759 2414 1894 2448 signiﬁca-

1103 2464 1167 2495 tivaI
1189 2468 1214 2489 et
1233 2470 1278 2496 pcr
1294 2469 1324 2488 ea
1345 2469 1406 2496 qua:
1429 2462 1455 2487 in
1473 2468 1586 2488 sensum
1607 2461 1753 2493 cadebant,
1780 2469 1825 2487 res
1841 2461 1893 2495 spi-

1107 2510 1222 2535 ritnales
1237 2508 1428 2534 adumbrantia
1451 2508 1652 2541 praeterierunt,
1671 2509 1723 2534 ltoc
1735 2512 1789 2539 est,
1816 2508 1896 2533 liuent

1102 2558 1280 2585 art-cperunt.
1318 2553 1428 2580 Umbris
1466 2558 1557 2579 autem
1589 2560 1650 2580 sese
1678 2553 1895 2579 subduccntibus

1102 2605 1201 2626 veritas
1225 2607 1271 2633 per
1297 2607 1344 2626 eas
1366 2599 1529 2625 adumbrata
1553 2599 1580 2625 in
1600 2598 1720 2625 medium
1737 2598 1842 2632 prodit.
1862 2598 1895 2623 At

1101 2651 1165 2669 vero
1194 2643 1282 2670 Moses
1298 2651 1359 2669 cum
1386 2643 1419 2669 de
1440 2645 1521 2670 rebus
1537 2643 1734 2670 hleltltisedeclt
1753 2644 1778 2669 in
1795 2642 1893 2669 Genesi

1100 2693 1202 2723 ageret,
1232 2697 1280 2715 nec
1310 2689 1343 2716 de
1369 2689 1456 2723 ipsius
1482 2694 1568 2723 patre,
1596 2697 1646 2716 nec
1670 2690 1703 2715 de
1729 2694 1828 2721 matre,
1845 2695 1892 2715 nec

1099 2735 1132 2761 de
1144 2735 1205 2762 vita:
1221 2735 1366 2770 principio,
1392 2742 1442 2762 nec
1458 2735 1491 2762 de
1512 2735 1566 2762 line
1581 2735 1667 2761 ullum
1683 2735 1799 2761 verbum
1818 2736 1891 2761 fecit.

1099 2780 1184 2812 Quem
1215 2781 1316 2807 l’aulns
1349 2781 1375 2807 in
1411 2781 1499 2815 Epist.
1540 2781 1574 2807 ad
1608 2780 1738 2807 Hchrmos
1772 2781 1888 2815 ﬁguram

1098 2826 1198 2853 Christi
1236 2835 1328 2861 gerere
1352 2828 1440 2861 inquit
1463 2828 1505 2854 1I15
1522 2828 1624 2860 verbis,
1645 2826 1709 2854 Sine
1725 2832 1812 2861 putre,
1837 2828 1892 2853 sine

1099 2877 1194 2905 matre,
1210 2873 1267 2899 sine
1284 2882 1386 2908 genere,
1412 2882 1492 2907 neque
1507 2874 1668 2908 principium
1679 2874 1796 2904 dierum,
1813 2881 1892 2908 neque

1378 2932 1386 2946 ⁷
1404 2931 1497 2960 l'l'itn.
1523 2941 1564 2965 Ill,
1591 2933 1632 2959 lli.
1677 2932 1687 2947 ⁸
1705 2931 1777 2959 l‘sal.
1792 2940 1826 2964 tt,
1850 2932 1889 2959 ll.

1273 2967 1363 2994 "15a.
1384 2967 1463 2999 13,2.

1062 1665 1083 1693 C

1089 2931 1097 2944 “
1112 2926 1318 2965 Ιῑίιηλιλχδιὸ.

1067 2970 1127 2992 MM.
1147 2966 1231 2998 1,15.
