2027 3162
255 242 321 273 li83

253 306 342 329 autem
367 301 472 328 consilii
488 300 646 336 Theologus
671 291 803 337 adjungit,
825 309 922 337 nempe
938 303 1041 332 Pazris.
1057 306 1080 334 Α

253 348 404 375 Consilium
421 353 512 374 autrm
534 347 598 379 hoc,
618 348 759 374 hominum
781 349 945 376 instauratio
969 354 1040 376 eral.

255 398 322 430 Qum
340 397 408 424 enim
422 417 429 427 .
455 397 542 430 inquit
556 417 562 426 ,
588 396 678 422 audivi
700 404 715 422 α
747 395 838 427 Putre,
866 397 921 423 Ιιίεε
940 405 1044 423 annun-

255 444 319 469 tirtri
343 443 413 469 vobis
431 443 461 468 ¹³.
483 441 596 469 Ubinam
620 447 710 468 autent
739 447 864 469 vocatum
881 448 923 469 est
940 450 1041 469 nomen

255 489 316 522 cjns
348 488 439 522 magni
476 487 584 515 consilii
617 487 755 522 angelus?
787 496 933 522 nusquam.
970 488 1045 515 Talis

257 542 348 563 tamen
363 541 433 568 erat,
453 535 516 562 licet
531 543 667 570 nusquam
693 535 728 562 ita
752 540 866 563 vocatus
884 536 930 563 sit.
954 535 1043 563 Fami-

257 583 324 610 hare
341 588 432 609 autem
459 586 501 609 est
527 582 676 616 Scriptum
701 589 785 609 sacra:
811 590 860 617 pro
889 582 1046 609 nominibus

258 630 420 664 plerumque
431 629 555 656 actiones
571 629 645 663 ipsas
662 628 795 663 accipere,
815 627 1045 662 quemadmodum

259 676 311 702 huc
331 675 403 702 loco.
424 674 490 702 Item
506 682 568 701 cum
595 675 626 701 ad
649 673 810 708 Prophetam
827 673 928 700 dicilur
945 682 952 700 :
979 672 1046 700 Voca

256 722 409 757 puerulum,
425 722 572 756 Confestim
585 721 682 756 spolia,
704 720 825 747 celeriter
835 728 923 754 pasce,
940 726 963 747 et
985 719 1047 746 Ent-

258 769 365 794 manttel
379 768 411 796 “.

294 814 355 841 Col.
370 813 423 841 5H
440 814 468 840 Β.
497 813 597 840 Clamet
622 812 750 845 Joannes,
772 811 872 838 Purate
901 813 969 838 viam
994 812 1047 839 Do-

261 859 369 892 mini“,
398 865 449 887 etc.
474 858 604 890 Joannes,
637 859 736 893 inquit,
765 863 827 885 nato
850 858 959 885 Christo
978 858 1047 884 riam

262 906 394 941 praemuni
406 911 434 938 ιι,
452 910 479 933 et
492 907 601 936 clamet,
617 905 848 939 quemadmodum
867 905 900 931 de
915 911 947 930 eo
966 904 1050 930 lsaias

261 952 338 984 dicit,
363 951 461 979 Parate
479 952 546 978 viam
561 951 668 978 Domini
686 951 720 977 “.
744 950 804 983 Quo
820 950 880 977 loco
897 957 943 984 per
966 949 1050 982 viam,

262 997 368 1030 piorum
397 997 478 1024 corda
506 996 650 1030 intelligit,
685 1003 732 1030 per
755 1002 815 1030 quae
848 994 1051 1029 praedicationis

263 1043 433 1078 livangelica:
457 1042 567 1069 verbum
592 1041 710 1075 incedit;
728 1049 778 1075 ego
792 1046 884 1069 autem
907 1041 1052 1076 praesentis

262 1089 325 1116 festi
362 1094 488 1116 naturam
521 1089 708 1123 proclamabo.
738 1087 818 1120 Quod
846 1088 938 1115 carnis
956 1094 1053 1122 expers

264 1136 424 1162 incantatur
439 1143 492 1162 non
520 1135 670 1162 secundum
690 1135 881 1165 mutationem,
909 1134 954 1161 sed
978 1134 1053 1168 juxta

266 1183 446 1210 humanitatis
481 1182 711 1218 assumptionem.
744 1181 809 1208 Eam
841 1182 914 1208 enim
964 1181 1055 1208 carnis

264 1229 439 1262 vacuitatem,
452 1236 533 1264 quam
556 1229 673 1255 habebat
687 1236 813 1260 Scrvans,
833 1235 956 1258 carnem.
972 1235 1054 1262 quam

267 1281 320 1301 non
351 1274 488 1304 habebat,
520 1273 680 1308 assumpsit.
707 1273 775 1300 Illud
802 1278 905 1305 autem,
936 1272 1055 1299 Verbum

267 1320 422 1351 crassescit,
441 1320 513 1347 Idem
527 1325 568 1347 est
583 1320 667 1355 quod,
690 1319 800 1346 Verbum
822 1328 883 1346 caro
896 1321 993 1354 factum
1007 1324 1055 1346 est.

267 1365 338 1393 Caro
366 1366 438 1393 enim
462 1367 602 1394 crassities
631 1371 682 1394 est.
705 1367 744 1393 Ae
768 1367 839 1398 vide,
862 1365 1001 1401 quamodo
1024 1366 1056 1392 ad

269 1411 472 1439 admirabiliora
497 1413 599 1440 sensim
615 1413 816 1447 progrediatur.
830 1412 974 1442 Crassitics
986 1412 1058 1439 enim

270 1458 412 1485 materiam
431 1458 519 1493 magis
536 1458 640 1485 redolet
656 1466 739 1493 quam
763 1459 918 1486 iucarnatio
936 1467 942 1484 :
961 1465 1059 1485 rursus

270 1504 430 1531 scnsibilius
455 1509 497 1531 est
518 1504 606 1532 oculis
634 1504 722 1536 cerni,
745 1512 827 1538 qttam
847 1504 985 1531 incarnali
1003 1512 1009 1529 2
1028 1510 1060 1529 ac

272 1550 389 1584 denique
413 1550 536 1577 crassius
563 1553 605 1576 est
630 1550 814 1581 contrectari,
839 1557 920 1582 quam
949 1553 1060 1583 aspectu

272 1595 381 1622 sentiri.
398 1595 458 1621 Alio
474 1595 556 1621 etiam
579 1595 672 1626 modo,
692 1599 869 1629 posteaquam
890 1594 958 1620 dixit
983 1594 1063 1620 Chri-

272 1646 343 1667 stum
381 1639 520 1666 incarnari
541 1660 548 1672 ,
582 1639 696 1672 carnis,
734 1647 844 1674 quoque
882 1640 1062 1674 proprietates

273 1685 376 1721 adjicit,
405 1692 503 1719 nempe
530 1685 697 1716 crassitiem,
727 1691 754 1714 et
773 1686 846 1721 quod
870 1687 896 1713 in
921 1691 1063 1721 aspectum

273 1737 300 1758 et
327 1735 430 1758 tactum
456 1731 546 1759 cadat.
574 1731 641 1759 Nam
660 1740 722 1759 cum
739 1740 772 1760 nc
790 1741 804 1760 a
830 1733 989 1760 coelestibus
1004 1733 1066 1768 qui-

273 1778 334 1805 dem
365 1778 471 1813 angelis
509 1779 588 1814 prius
620 1784 801 1812 cerneretur,
835 1787 908 1807 nunc
946 1786 1056 1815 propter

277 1825 363 1859 ipsius
398 1833 458 1852 cum
488 1825 590 1853 \‘isibili
618 1825 732 1853 homine
770 1827 899 1854 unionem
932 1826 1064 1854 cernitur.

276 1871 405 1899 Cernitur
444 1876 535 1899 autem
571 1879 625 1898 non
661 1876 793 1907 quantum
829 1873 862 1900 ad
901 1872 1065 1900 invisibilem

275 1919 466 1951 divinitatem,
500 1919 548 1946 sed
575 1923 708 1954 quantum
739 1919 773 1946 ad
797 1919 949 1947 divinitatis
975 1923 1067 1946 actum

276 1970 304 1992 et
333 1965 493 1999 emcaciam,
523 1965 550 1993 id
579 1970 632 1998 est,
660 1973 716 1993 non
756 1971 893 2000 quatenus
922 1965 1068 1993 invisibilis

276 2011 350 2039 Deus
373 2016 426 2042 est,
448 2012 582 2044 cernitur,
608 2012 654 2039 sed
682 2019 729 2046 per
745 2019 777 2039 ea
794 2020 853 2046 qua:
871 2017 901 2038 ut
917 2011 989 2038 Deus
1010 2011 1068 2038 etii-

277 2059 325 2089 cit,
349 2058 471 2083 videmus
495 2057 579 2084 Deum
607 2064 679 2088 esse,
710 2057 814 2091 quippe
832 2059 878 2092 qui
904 2057 1068 2084 intermedio

279 2110 393 2137 corpore
419 2103 547 2134 humano,
573 2109 618 2129 res
645 2102 700 2129 Deo
728 2102 825 2135 dignas
851 2106 974 2136 peragat.
1009 2101 1070 2128 Haec

280 2153 371 2175 autem
388 2147 480 2175 verba.
498 2147 626 2174 Cernitur
645 2152 671 2174 et
690 2152 887 2180 contrectatnr,
906 2155 938 2174 ex
952 2146 1068 2175 Joannis

280 2194 401 2228 Epistn'a
430 2193 549 2227 sumpsit
573 2192 734 2227 Gregorius.
775 2192 876 2219 Scribit
907 2193 980 2220 enim
1013 2193 1068 2226 ille,

281 2241 359 2273 Quod
375 2245 432 2267 erat
457 2239 488 2266 ab
514 2240 602 2272 initio,
619 2240 694 2274 jquod
721 2240 845 2273 vidimus,
868 2244 893 2267 et
915 2249 1008 2267 "mnus
1022 2249 1068 2267 no-

280 2292 343 2313 strt'e
379 2290 609 2313 contrectaverunt
640 2287 673 2313 ".
712 2285 844 2314 Eternns
879 2291 906 2314 et
942 2287 1071 2322 tempmis

281 2332 391 2359 nescius
412 2332 579 2367 principium
604 2332 687 2367 capit.
711 2332 778 2359 Nam
796 2333 816 2360 si
833 2341 898 2360 caro
916 2333 1003 2360 factus
1016 2339 1069 2366 est,
1083 2332 1110 2362 D

281 2379 427 2414 carnisque
443 2379 625 2414 proprietates
643 2378 749 2408 habuit,
768 2383 845 2405 ortus
866 2387 974 2413 quoque
996 2380 1070 2413 prin-

282 2426 382 2460 cipium
411 2434 473 2452 cum
501 2426 642 2460 accrpisse
670 2433 783 2453 necesse
807 2431 858 2453 est.
885 2426 962 2458 Quod
979 2430 1070 2452 autem

283 2471 420 2500 sermonis
451 2476 534 2506 caput
556 2476 618 2504 est,
647 2471 693 2498 Dei
728 2471 813 2499 Filius
841 2471 958 2498 hominis
988 2470 1072 2498 Filius

283 2517 410 2549 edicitur,
437 2524 490 2543 non
520 2521 624 2544 natura:
649 2517 707 2551 lege
731 2521 814 2551 atque
841 2516 948 2544 ordine.
984 2516 1072 2552 Virgi-

285 2571 345 2591 nem
368 2563 440 2591 enim
473 2562 532 2590 sine
562 2563 610 2589 viri
638 2562 785 2590 concubitu
815 2567 954 2597 parentem
984 2562 1072 2590 nescit

284 2615 393 2638 natura.
421 2609 520 2637 Verum
546 2616 609 2636 cum
626 2616 707 2637 verus
728 2608 799 2635 Deus
815 2612 898 2639 esset,
922 2615 1072 2642 corporeus

285 2657 367 2683 homo
392 2654 482 2682 factus
500 2658 553 2682 est.
581 2653 645 2682 llzec
670 2659 761 2681 autem
781 2654 873 2681 omnia
898 2660 952 2680 non
977 2660 1075 2680 secun-

285 2703 349 2730 dum
380 2701 581 2732 mutationem,
604 2700 653 2727 sed
679 2699 829 2727 secundum
857 2699 1074 2733 assumptionem

286 2749 470 2783 contigerunt.
497 2745 560 2774 Haec
585 2746 659 2774 enlm
683 2753 736 2773 una
757 2750 799 2772 est
827 2745 854 2772 in
877 2745 1006 2771 omnibus
1025 2745 1074 2771 hu-

285 2795 405 2828 jusmodi
438 2792 676 2828 propositionibus
706 2791 819 2820 solutio.
856 2790 925 2817 Illud
961 2794 1074 2822 autem,

287 2839 364 2867 Iesus
384 2839 507 2867 Christus
529 2838 585 2865 heri
604 2842 630 2865 et
655 2837 743 2870 hodie,
766 2837 834 2864 idem
856 2840 879 2862 et
904 2836 931 2862 in
963 2835 1074 2869 srrcula,

1078 1665 1099 1693 ε

325 2940 349 2955 ’³
366 2939 446 2966 Joan.
464 2947 509 2968 xv,
537 2939 579 2966 15.

617 2939 639 2954 "
661 2937 712 2964 Isa.
741 2945 798 2966 Vill,
817 2937 844 2964 5.

291 2974 314 2991 ³η
339 2972 348 2999 ι
377 2973 441 2999 Cor.
461 2980 478 3003 I,
502 2973 546 2999 25.

594 2974 616 2989 ³ο
633 2973 713 3000 Joan.
733 2980 781 3003 χιι,
795 2971 837 2998 3'2.
878 2972 896 2987 "
919 2971 1033 3003 Philipp.
1049 2978 1076 2997 ιΙ.

908 285 910 287 ἒ
954 245 1146 279 ADDENDA.

881 2938 904 2953 ’⁵
925 2935 1019 2962 Matth.
1043 2943 1082 2967 ιιι,
1098 2936 1124 2963 5.

1818 241 1893 274 “Si

1094 304 1173 332 Pauli
1198 308 1240 332 est
1265 304 1291 331 in
1322 303 1442 339 Epistola
1460 302 1499 330 'ad
1528 301 1657 329 Hebraeos
1673 301 1708 327 “.
1739 299 1899 335 Quoloeo

1098 351 1278 387 corporaliter
1301 351 1350 378 tibi
1380 350 1584 383 intelligendum
1613 354 1652 375 est
1676 348 1733 374 lteri
1749 353 1774 374 et
1802 347 1896 373 hodie.

1098 398 1175 430 Quod
1205 402 1295 424 autent
1322 397 1457 432 sequitur,
1483 396 1559 424 Idem
1579 399 1602 421 et
1625 395 1652 421 in
1679 393 1778 421 stet-ala
1805 393 1898 426 spiris

1099 445 1200 472 taliter.
1217 445 1222 477 Ι
1238 444 1270 470 Et
1303 443 1412 479 quidem
1432 451 1478 477 per
1504 442 1560 468 llBt‘t
1584 440 1752 476 prazteritum
1781 443 1899 472 tempus

1099 491 1287 526 signiﬁcatur;
1304 498 1351 524 per
1366 490 1441 516 hodie
1460 495 1599 523 praesens;
1619 494 1667 521 per
1678 485 1778 512 sa'rula
1798 489 1897 511 autem

1099 537 1238 565 mternitas
1256 542 1282 563 et
1305 535 1512 562 immortalitas.
1537 534 1674 566 Quoniam
1699 536 1792 558 autem
1822 538 1897 556 nou-

1101 583 1166 611 nulli
1184 583 1257 610 velut
1282 581 1368 609 Judmi
1393 589 1446 608 non
1469 580 1623 611 Christum,
1653 578 1700 612 qui
1719 577 1825 604 salutis
1842 583 1897 602 no-

1101 635 1164 658 stra:
1184 637 1265 656 causa
1297 629 1322 655 in
1353 634 1464 655 crucem
1495 626 1622 653 sublatus
1648 629 1701 656 est,
1733 623 1782 650 sed
1808 622 1897 648 alium

1101 678 1246 713 quemdam
1264 682 1407 703 \‘rntnrum
1431 682 1528 702 rursus
1543 676 1698 708 expectant,
1729 670 1835 696 idcirco
1856 669 1899 694 di-

1102 725 1183 752 vinus
1202 724 1349 757 Apo~tolns
1367 723 1400 749 ad
1427 721 1487 748 tidei
1512 724 1649 754 recta‘quc
1675 718 1807 745 doctrina:
1827 723 1899 742 con-

1104 770 1283 798 firmationem
1315 769 1371 796 fore
1401 768 1449 799 ait,
1480 772 1508 793 ut
1537 766 1608 793 idem
1638 764 1682 791 hic
1706 763 1841 791 Christus
1863 762 1897 788 ad

1101 818 1204 853 justam
1231 815 1393 843 sententiam
1416 814 1449 841 de
1476 813 1541 840 orhe
1567 811 1706 838 ferendam
1732 817 1833 836 rursus
1851 816 1899 834 re-

1106 865 1173 892 niat.
1195 863 1242 890 llis
1266 870 1350 897 porro
1379 860 1470 888 verbis
1497 859 1662 890 ostenditur,
1687 857 1831 884 Christum
1856 863 1899 881 se-

1105 910 1225 938 cundum
1253 908 1423 935 divinitatem
1449 905 1617 940 tripartitum
1647 908 1755 936 tempus
1783 901 1898 932 habere,

1107 964 1157 984 nec
1174 956 1270 986 alium,
1291 959 1319 981 ιιι
1349 953 1460 988 quidatn
1482 951 1644 986 opinantur,
1667 952 1830 977 venturum.
1853 945 1900 973 sed

1106 1011 1168 1031 eum
1187 1001 1231 1037 qui
1253 1001 1336 1032 venit,
1351 1001 1424 1026 hunc
1442 999 1530 1033 ipsum
1549 1004 1622 1029 esse,
1645 996 1690 1029 qui
1709 994 1781 1025 heri,
1800 993 1828 1019 id
1848 997 1900 1022 est,

1108 1048 1243 1084 przeterito
1268 1052 1388 1080 tempore
1403 1049 1473 1076 erat,
1499 1049 1525 1071 et
1547 1042 1627 1069 hodie
1651 1040 1803 1067 secundum
1831 1046 1900 1072 prae-

1108 1103 1172 1122 sens
1205 1099 1311 1127 tempus
1336 1097 1387 1123 est,
1417 1095 1443 1117 et
1466 1090 1543 1124 juxta
1569 1087 1692 1115 futurum
1720 1091 1830 1118 tempus
1852 1084 1903 1110 crit

1109 1141 1136 1168 in
1160 1139 1270 1168 sacula.
1302 1138 1361 1166 Jan)
1389 1144 1453 1162 vero
1471 1135 1543 1170 quod
1563 1135 1600 1161 ait
1619 1131 1735 1168 :Judazi
1757 1130 1901 1156 oﬁcndan-

1109 1192 1165 1219 tur,
1182 1192 1246 1218 etc.,
1262 1186 1356 1212 alludit
1377 1183 1409 1210 ad
1433 1183 1546 1208 l’anfum
1571 1181 1607 1207 ita
1633 1180 1660 1205 in
1681 1178 1775 1213 priore
1791 1177 1825 1203 ad
1841 1176 1901 1203 Co-

1111 1235 1230 1262 rinthios
1257 1231 1375 1267 Epistula
1408 1230 1565 1264 loquentem
1598 1235 1606 1254 :
1639 1225 1695 1252 Nos
1722 1223 1902 1258 prwdicnmus

1111 1281 1246 1308 Christum
1269 1278 1427 1311 cruciﬁxum
1442 1295 1448 1306 ,
1469 1274 1572 1301 Judaei;
1597 1272 1702 1308 quidem
1727 1269 1902 1298 scandalum,

1111 1328 1231 1364 gentibus
1259 1330 1348 1352 autem
1372 1323 1517 1351 stultitiam
1542 1320 1577 1346 ’³.
1606 1317 1694 1345 Ιιιόίιιί
1722 1316 1826 1342 ctenim
1857 1321 1905 1340 ac-

1112 1359 1197 1409 ceptis
1228 1371 1370 1399 miraculis
1402 1367 1628 1396 offendebanlur,
1652 1364 1684 1391 ad
1708 1369 1820 1390 carnem
1850 1359 1904 1386 im-

1113 1404 1255 1455 pingentes
1282 1425 1291 1452 :_
1323 1415 1438 1450 gentiles
1466 1417 1555 1440 autem
1583 1407 1786 1445 przedicationis
1811 1404 1904 1432 excel—

1115 1450 1226 1493 lentiam
1238 1450 1338 1490 natura
1352 1460 1521 1494 superiorem
1539 1456 1703 1486 irridebant,
1717 1459 1816 1487 nempe
1831 1450 1905 1485 quod

1116 1512 1187 1539 Deus
1207 1511 1289 1538 homo
1309 1508 1398 1536 factus
1415 1512 1497 1538 esset,
1510 1505 1581 1539 quod
1599 1501 1764 1530 immortalis
1789 1503 1906 1525 mortem

1115 1559 1254 1588 subiissct,
1265 1561 1418 1589 caeteraque
1430 1552 1552 1588 ejusdem
1565 1550 1673 1586 generis
1685 1557 1692 1582 ;
1706 1548 1804 1582 linguae
1813 1550 1906 1573 autem

1117 1605 1300 1642 pruriginem,
1326 1602 1445 1638 prolixas
1465 1599 1612 1634 impiorum
1634 1595 1793 1630 dogmatum
1820 1599 1908 1625 nugas

1116 1638 1142 1679 et
1159 1638 1337 1678 deliramenta
1363 1650 1455 1674 vocat.
1477 1643 1553 1671 Tunc
1577 1647 1666 1670 autem
1687 1640 1801 1667 credent
1820 1638 1907 1664 lia-re-

1117 1697 1174 1730 tici,
1188 1703 1249 1723 cum
1262 1693 1424 1722 certissimis
1444 1688 1615 1725 argumentis
1635 1687 1702 1714 tides
1718 1684 1784 1720 ipsis
1795 1683 1895 1710 adstru

1116 1748 1159 1770 cta
1176 1741 1267 1772 fuerit,
1294 1739 1434 1767 Christum
1458 1744 1522 1764 cum
1550 1741 1633 1762 carne
1649 1733 1676 1760 in
1688 1731 1792 1759 malum
1812 1736 1909 1756 ascen-

1117 1789 1200 1816 disse.
1217 1786 1262 1814 Sic
1283 1786 1356 1813 enim
1385 1785 1444 1818 ipse
1463 1782 1602 1818 pollicitus
1615 1785 1668 1811 est,
1684 1779 1782 1806 dicens
1806 1785 1814 1804 :
1842 1775 1910 1803 Cum

1117 1836 1252 1862 exaltatus
1269 1834 1354 1868 fuero,
1369 1831 1457 1858 omnia
1470 1829 1576 1856 traham
1588 1827 1622 1854 ad
1636 1827 1762 1860 meipsum
1776 1825 1809 1850 ³⁸.
1831 1824 1910 1857 Quod

1119 1881 1141 1909 si
1166 1888 1200 1907 ne
1231 1884 1289 1906 tum
1315 1877 1439 1912 quidem,
1467 1879 1494 1902 at
1515 1877 1591 1901 certe
1621 1879 1683 1899 cum
1706 1870 1789 1904 judex
1813 1868 1910 1894 et‘tElO

1120 1925 1304 1954 descenderit.
1326 1922 1394 1950 Nam
1413 1929 1473 1949 eum
1503 1921 1560 1948 haec
1583 1919 1638 1946 duo
1658 1924 1720 1944 cum
1744 1915 1910 1943 adversariis

1120 1976 1236 2002 certent,
1257 1971 1298 1998 vis
1320 1969 1448 1996 nimirmn
1477 1974 1510 1994 ac
1528 1964 1681 2001 persuasio,
1702 1963 1724 1990 si
1746 1961 1861 1996 quidem
1882 1961 1908 1986 in

1122 2021 1173 2046 hac
1187 2019 1241 2045 vita
1267 2015 1419 2044 rationibus
1439 2018 1521 2048 atque
1549 2009 1719 2046 argumentis
1747 2008 1781 2035 ad
1797 2007 1912 2034 creden-

1122 2065 1186 2091 dum
1213 2062 1333 2090 hatretici
1363 2068 1417 2088 non
1449 2059 1641 2088 adducantur,
1670 2056 1699 2082 in
1720 2059 1843 2082 extremo
1868 2053 1911 2079 die

1124 2110 1206 2136 rebus
1219 2109 1285 2142 ipsis
1308 2110 1439 2142 cogentur
1458 2113 1465 2130 :
1488 2112 1549 2130 cum
1569 2103 1620 2138 ipsi
1641 2108 1723 2129 omne
1740 2108 1822 2135 genu,
1849 2098 1912 2125 velut

1124 2155 1202 2187 nolit,
1221 2153 1345 2181 ﬂectetur
1359 2153 1391 2178 ³¹.

1161 2201 1227 2228 Ibid.
1242 2201 1273 2227 C.
1294 2199 1392 2226 Verum
1407 2198 1461 2224 lucc
1471 2197 1612 2231 posterius.
1632 2194 1711 2222 Nunc
1727 2198 1816 2220 autem
1833 2190 1913 2218 Theo-

1125 2248 1233 2283 plumiu,
1249 2252 1300 2274 ctc.
1323 2245 1421 2273 Verum
1450 2245 1516 2276 hinc,
1543 2242 1642 2277 inquit,
1660 2239 1800 2277 posterius
1822 2239 1913 2265 iutura

1126 2282 1198 2324 sunt,
1218 2292 1346 2318 nimirum
1363 2296 1391 2318 ul
1405 2290 1450 2317 alii
1467 2289 1500 2316 ad
1514 2288 1614 2315 Christi
1632 2293 1792 2317 ascensum,
1816 2284 1862 2311 alii
1881 2282 1912 2309 ad

1125 2341 1283 2367 descensum
1303 2338 1424 2365 credant.
1446 2337 1568 2363 Pra‘sens
1581 2339 1671 2362 autem
1697 2332 1809 2363 festum,
1833 2336 1912 2364 atque

1126 2394 1177 2413 nua
1203 2386 1353 2418 eademque
1374 2391 1427 2415 res,
1456 2389 1552 2416 nempe
1577 2380 1677 2408 Christi
1693 2378 1840 2410 Nativitas,
1863 2378 1912 2405 du-

1125 2432 1185 2467 plici
1211 2431 1319 2458 nomine
1344 2429 1504 2464 appellatur.
1536 2426 1604 2454 Nam
1635 2426 1698 2461 quia
1724 2427 1746 2453 is
1759 2425 1806 2460 qui
1837 2428 1914 2450 natus

1125 2484 1177 2510 est,
1195 2477 1297 2512 duplici
1323 2481 1418 2503 natura
1446 2478 1566 2505 constat,
1597 2473 1696 2506 duplex
1720 2479 1830 2506 quoque
1855 2469 1913 2496 festi

1127 2525 1209 2559 hnjns
1227 2531 1324 2551 nomen
1341 2527 1392 2554 est,
1412 2520 1590 2556 Theophania
1607 2519 1737 2546 nitnirutn
1752 2516 1914 2546 divinitatis,

1126 2570 1258 2598 Nativitas
1277 2568 1466 2596 humanitatis.
1492 2567 1633 2600 Quatenus
1649 2565 1722 2592 enim
1743 2563 1817 2590 Deus
1833 2569 1915 2597 appa-

1127 2617 1194 2647 ruit,
1224 2615 1400 2650 Theophania
1430 2614 1494 2641 huic
1522 2613 1559 2640 rei
1585 2619 1685 2639 nomen
1710 2610 1825 2638 inditum
1852 2613 1914 2639 est;

1129 2666 1265 2697 quatenus
1291 2666 1382 2688 autem
1410 2665 1491 2687 natus
1518 2664 1570 2692 est,
1597 2657 1740 2685 Nativitas.
1774 2656 1863 2689 Atque
1889 2658 1916 2680 ut

1131 2709 1201 2735 Deus
1216 2707 1326 2742 quidem
1344 2714 1451 2741 semper
1468 2710 1527 2733 erat
1541 2713 1574 2733 ex
1592 2704 1758 2738 sempiterno
1773 2701 1865 2733 Patre,
1885 2707 1917 2727 ac

1129 2761 1210 2787 supra
1228 2760 1337 2780 causam
1362 2756 1388 2778 et
1410 2752 1541 2779 rationem
1565 2754 1624 2777 erat
1649 2750 1749 2784 (neque
1771 2747 1845 2775 enim
1864 2746 1917 2773 ulla

1130 2806 1211 2825 causa
1229 2806 1276 2832 pra
1284 2798 1378 2830 cessit,
1400 2798 1435 2824 ob
1449 2804 1532 2832 quam
1548 2796 1633 2824 Filius
1646 2803 1661 2822 a
1675 2795 1754 2822 Patre
1770 2797 1918 2829 generatus

1128 2845 1228 2878 fuerit;
1255 2853 1342 2880 neque
1367 2845 1440 2872 enim
1467 2851 1500 2871 eo
1521 2842 1669 2878 quidquam
1697 2845 1739 2869 est
1763 2837 1916 2873 antiquius)

1163 2936 1185 2952 "
1205 2936 1258 2964 lsa.
1281 2943 1323 2967 χι,
1338 2935 1364 2962 5.

1404 2936 1425 2951 ’⁷
1445 2933 1523 2961 Joan.
1544 2941 1563 2967 I,
1588 2935 1612 2962 1.
1664 2933 1687 2949 ¹⁵
1711 2931 1791 2959 Hebr.
1813 2938 1873 2962 nn,
1890 2928 1915 2955 8.
