2027 3162
137 167 200 199 1185

578 165 740 195 NICETAS
762 165 800 195 IN
819 165 933 197 OliA'I‘.
954 165 1106 195 XXXVIII
1130 165 1150 195 S
1179 165 1291 197 GREG.

1697 166 1766 198 1156

134 226 214 252 homo
240 231 306 251 vero
331 224 356 251 in
380 224 544 251 smeuloruiu
569 223 621 251 ﬁne
648 223 736 250 factus
761 227 812 251 est.
833 223 922 250 Causa
938 226 959 252 A
975 231 1006 250 ex
1023 224 1129 250 deliciis
1145 223 1209 255 illis,
1240 223 1340 258 quibus
1366 223 1392 250 in
1421 224 1549 258 paradiso
1574 224 1764 256 amuehamus,

134 270 362 306 porroiuierioris
376 270 461 305 ipsius
474 270 637 300 nativitatis.
652 270 816 297 instauratio
830 275 923 296 nostra

133 317 182 345 fuit
198 325 206 344 :
222 321 253 344 ut
265 317 310 350 qui
326 317 409 344 vitam
426 316 536 343 dederat
555 316 657 350 (omnia
674 316 746 343 enim
766 324 813 350 p-zr
832 316 920 349 ipsum

133 364 200 391 facta
216 363 292 397 sunt)
318 363 425 390 beatam
452 370 562 398 quoque
589 363 671 389 vitam
698 362 777 389 nobis
802 362 921 388 alfertt‘l.

131 409 265 435 Cancrum
280 416 314 435 ne
327 408 388 443 quis
402 409 538 443 suspicari
554 414 656 443 posset,
683 409 785 434 homini
811 416 824 434 ιι
848 409 924 442 priu-

131 455 201 489 eipio
225 461 288 481 cum
307 455 361 482 vita
389 457 496 482 beatam
512 462 622 488 quoque
640 455 722 481 vitam
740 455 852 481 minime
875 455 924 480 da-

132 506 184 527 tam
203 500 304 533 fuisse,
322 501 385 528 huic
402 501 552 535 suspicioni
569 500 724 534 Theologus
736 501 772 527 ita
788 500 921 532 medetur,

130 551 158 574 ut
180 546 266 578 dicat,
289 554 340 574 nos
357 547 467 581 quidem
487 547 564 581 prius
579 554 689 581 quoque
705 547 810 573 beatam
838 546 920 572 vitam

128 593 270 625 habuisse,
283 600 377 620 verum
394 601 424 620 ea
438 599 550 628 propter
564 597 704 628 peccatum
722 593 812 627 lapsos
824 586 920 619 fuisse.

128 637 167 665 Ob
197 638 270 665 hanc
299 645 410 666 causam
438 639 552 666 Creator
581 643 735 666 creaturam
766 638 865 670 induit,
894 643 923 665 ut

127 692 185 712 eain
205 688 329 716 renovet,
346 689 428 719 atque
441 685 584 716 instauret,
603 692 709 720 nosque
724 684 922 711 incarnationis

127 737 182 757 suae
195 737 281 764 opera
308 730 336 757 iu
362 730 508 765 pristinum
530 736 630 758 statum
656 730 771 763 aﬁ'erat,
797 731 848 758 hoc
869 735 920 762 est,

127 776 159 802 ad
176 778 285 803 beatam
297 777 379 804 vitam
394 785 475 811 quam
487 777 520 804 ab
533 785 565 804 eo
576 782 714 812 acceptam
728 777 920 804 amiseramus.

127 821 194 850 Nam
211 831 275 850 cum
290 823 336 850 Dei
355 824 451 851 notitia
469 823 580 859 privati,
595 829 676 858 atque
691 824 723 850 ad
742 831 773 851 ea
787 832 848 858 qua:
869 832 921 850 ttou

128 875 203 902 sunt,
232 870 324 897 aversi
348 877 475 898 essemus
501 869 570 905 (sola
588 870 660 897 enim
687 871 767 902 bona,
793 874 885 904 utpote
907 878 920 895 a

129 916 193 947 Deo,
214 916 261 951 qui
279 924 342 943 vere
365 920 419 948 est,
443 916 576 952 profecta,
603 917 764 944 substantia:
788 917 920 944 rationem

129 963 229 990 habent
247 972 253 990 τ
269 963 340 990 mala
361 970 425 990 vero
448 964 601 991 substantia
626 964 700 990 omni
718 964 823 997 carent)
844 963 921 989 beata

128 1016 239 1043 quoque
261 1009 315 1036 vita
339 1009 449 1044 spoliati
469 1017 576 1041 sumus,
599 1010 652 1036 hoe
677 1013 728 1040 est.
749 1009 873 1036 dissoluti
891 1016 922 1036 ac

128 1049 231 1090 dilapsi
242 1055 270 1082 in
291 1060 377 1083 morte
391 1059 418 1084 et
433 1057 608 1090 corruptione
622 1056 786 1084 mansimus.

163 1101 223 1129 Col.
240 1101 302 1130 515.
319 1102 351 1128 Λ.
374 1100 432 1129 Hoc
451 1101 550 1136 festum
576 1107 614 1128 est
631 1122 638 1134 ,
666 1101 714 1128 Ιιοι·
736 1101 862 1128 hodierno
880 1101 922 1128 die

128 1147 304 1179 celebramus,
320 1152 373 1176 etc.
401 1147 547 1176 Professus
565 1156 594 1176 se
618 1148 670 1174 diri
694 1148 775 1181 hujus
797 1149 851 1175 vim
876 1148 921 1174 du-

127 1195 309 1227 claraturuni,
328 1202 399 1221 nunc
416 1199 536 1229 praestat,
563 1193 635 1228 quod
649 1194 785 1228 promisit,
801 1193 896 1221 dicens
910 1201 916 1219 :

125 1241 308 1269 Celebrautus
323 1240 369 1267 Dei
386 1241 418 1267 ad
437 1249 486 1268 nos
501 1248 654 1268 acerrSsuiu.
679 1239 802 1267 Accessit
818 1245 920 1272 autem,

127 1292 158 1314 ut
187 1295 239 1314 nos
264 1287 298 1314 ad
324 1295 386 1314 eum
412 1296 524 1322 peregre
551 1287 774 1322 proﬁciscamur,
794 1287 854 1320 vel,
892 1291 923 1314 ut

128 1334 217 1369 magis
248 1335 359 1368 proprie
386 1334 493 1366 dicam,
526 1339 707 1361 revertamur.
748 1332 921 1368 Peregriuari

127 1382 201 1408 enim
219 1383 281 1416 quis
299 1383 412 1414 dicitur,
438 1391 500 1409 cum
525 1383 557 1409 ad
581 1390 642 1409 eum
659 1382 760 1414 locum,
790 1381 822 1408 ad
840 1390 920 1416 queui

130 1435 271 1462 nunquam
296 1431 376 1454 antea
402 1427 542 1461 profectus
559 1427 656 1458 fuerat,
684 1435 713 1454 se
734 1427 841 1454 confert
856 1435 862 1453 :
880 1434 922 1454 re-

129 1474 196 1500 verti
225 1478 328 1505 autent,
353 1481 415 1500 cum
440 1473 529 1500 locum
553 1481 615 1500 eum
644 1474 753 1508 repetit,
777 1473 810 1500 ad
838 1481 921 1507 quem

129 1519 277 1554 aliquando
292 1523 458 1554 perrexerat.
489 1519 625 1552 Quoniam
651 1519 733 1553 igitur
759 1519 850 1546 anima
874 1527 920 1546 no-

976 270 1078 297 factuin
1103 267 1162 301 est,
1182 276 1209 297 ut
1236 270 1310 297 illinc
1334 270 1559 302 exturbaremur,
1588 278 1619 298 ac
1643 279 1717 297 Iltm's
1733 280 1764 298 ex

976 318 1030 344 vita
1047 318 1165 352 proﬂuit,
1192 318 1228 344 ita
1256 325 1288 344 cx
1320 317 1361 344 itis
1377 325 1473 344 rursus
1501 318 1603 343 lmtiora
1630 318 1765 344 oriantur.

975 363 1079 398 Quippe
1108 371 1156 397 pro
1189 363 1292 391 amisso
1319 363 1447 397 paradiso
1473 363 1571 389 caelum
1601 363 1764 396 recepimus.

975 415 1057 445 atque
1074 411 1109 437 ab
1126 411 1248 445 angelica
1266 410 1328 436 vitae
1344 410 1449 436 ratione
1467 409 1586 443 prolapsi
1600 412 1631 434 ait
1648 409 1766 436 ﬁliorqu

974 456 1148 489 adoptionem
1169 455 1256 482 vocati
1272 462 1379 485 sumus,
1398 462 1429 481 ac
1447 462 1495 488 pro
1519 455 1584 484 vita,
1608 461 1688 487 quam
1708 461 1768 486 per-

974 503 1145 533 didcramus,
1164 503 1275 530 caeleste
1291 509 1405 536 regnum
1427 500 1583 528 haereditate
1602 501 1767 533 accepimus.

974 548 1052 581 Nam,
1070 554 1099 576 ut
1114 550 1152 576 ait
1168 549 1324 583 Apostolus,
1357 547 1407 574 Ubi
1426 546 1568 573 abundauit
1587 546 1723 575 delictum.
1741 545 1767 571 in

975 596 1086 623 homine
1110 595 1223 627 scilicet,
1247 594 1473 629 superabundavit
1491 599 1515 620 et
1531 594 1619 628 gratia
1637 592 1659 607 “
1676 597 1702 618 et
1721 592 1768 617 be-

975 642 1113 670 neﬁcium.
1139 641 1171 668 Et
1193 641 1216 668 si
1240 649 1310 667 unus
1331 649 1363 668 ex
1386 641 1507 675 quinque
1532 639 1669 670 sensibus,
1688 638 1770 665 nimi-

975 696 1034 715 rum
1061 693 1166 723 gustus,
1200 687 1387 714 damnationis
1413 693 1526 713 causam
1558 685 1638 712 nobis
1666 683 1767 715 attulit,

974 740 1076 770 quanto
1092 734 1178 769 magis
1191 741 1241 761 nos
1258 741 1329 760 unus
1352 733 1478 759 Christus
1498 731 1669 765 justiﬁcavit.
1693 738 1770 757 acer.

975 782 1106 808 bissimos
1131 781 1158 806 in
1183 784 1239 806 tota
1267 787 1317 806 sua
1343 782 1520 806 sacrosam-ta
1551 784 1633 804 carne
1661 776 1769 802 dolores

975 831 1068 853 nostra
1084 833 1167 853 causa
1186 823 1354 860 perpessus?
1379 823 1445 856 Quze
1468 822 1602 849 sententia
1637 822 1671 848 ab
1695 823 1767 854 Apo-

975 873 1048 900 stolo
1064 877 1176 906 accepta
1190 875 1232 898 cst
1246 870 1354 897 dicente
1372 878 1378 896 :
1393 867 1713 904 Igiturquemadmodum
1725 874 1770 900 per

974 920 1052 947 unius
1070 919 1194 946 delictum
1209 919 1235 945 in
1249 917 1367 944 homines
1386 916 1420 942 ad
1436 915 1692 944 condemuaiimmu.
1732 914 1770 940 sic

972 968 1054 994 etiam
1086 975 1131 1001 per
1159 966 1238 992 unius
1258 964 1397 999 justitiam
1417 963 1444 989 in
1469 969 1558 989 omnes
1589 961 1706 987 homines
1736 960 1770 986 ad

968 1013 1190 1048 justi/irationem
1208 1012 1268 1038 vim:
1281 1011 1315 1037 ³⁵.

1010 1060 1079 1087 Ibid.
1105 1058 1240 1091 Quocirca
1258 1064 1308 1084 nou
1323 1061 1352 1083 ut
1365 1056 1389 1082 in
1404 1055 1518 1091 publicis
1533 1054 1608 1088 {estis
1620 1052 1678 1088 ﬁeri
1693 1051 1769 1082 solet,

972 1107 1017 1133 sed
1030 1105 1126 1136 divine,
1145 1109 1199 1132 etc.
1227 1103 1374 1136 Quocirca,
1402 1101 1499 1136 inquit,
1527 1099 1626 1127 festum
1650 1098 1771 1125 celebre-

974 1160 1046 1180 mus.
1073 1159 1126 1178 non
1142 1154 1172 1178 ut
1187 1156 1246 1176 mos
1261 1153 1303 1176 est
1325 1149 1352 1175 in
1378 1147 1493 1182 publicis
1517 1145 1593 1172 testis
1609 1148 1636 1171 et
1652 1143 1770 1170 celebri-

973 1198 1076 1226 taiibus
1096 1206 1145 1232 per
1167 1197 1261 1224 luxum
1289 1200 1316 1222 et
1338 1194 1477 1222 lasciviam
1505 1197 1586 1227 atque
1611 1188 1769 1225 huiusmodi

973 1245 1195 1272 oblectationem.
1213 1241 1261 1270 sed
1279 1240 1458 1276 spiritualiier
1481 1241 1564 1272 atque
1589 1241 1618 1263 ut
1636 1235 1693 1262 Deo
1709 1241 1773 1269 gra-

974 1295 1030 1318 tunt
1047 1294 1098 1320 est,
1116 1296 1169 1316 non
1186 1287 1280 1314 mundi
1299 1286 1363 1318 ritu,
1389 1285 1413 1312 id
1427 1290 1479 1315 cst,
1497 1281 1683 1316 voluptuarie,
1697 1284 1725 1307 et
1741 1283 1771 1305 ut

974 1334 1070 1362 mundi
1088 1334 1216 1368 princeps
1230 1332 1317 1367 cupit,
1342 1331 1388 1358 sed
1405 1336 1486 1364 supra
1505 1326 1600 1355 mundi
1625 1326 1720 1358 ritum,
1744 1323 1770 1350 id

973 1389 1026 1415 est,
1043 1381 1178 1415 angelice,
1196 1387 1250 1406 non
1267 1386 1311 1406 res
1328 1381 1448 1407 nostras,
1472 1375 1497 1402 id
1512 1379 1564 1406 est,
1588 1379 1650 1408 qua:
1663 1371 1696 1398 ad
1713 1369 1773 1397 cul-

977 1434 1034 1456 tum
1059 1433 1086 1456 et
1111 1426 1313 1455 observantiam
1339 1423 1436 1455 nostri,
1458 1422 1504 1450 sed
1527 1427 1589 1456 quae
1616 1418 1650 1446 ad
1667 1418 1771 1445 cultum

974 1475 1076 1504 Christi
1090 1477 1224 1509 spectent,
1253 1472 1300 1507 qui
1325 1476 1458 1505 cognatus
1481 1467 1591 1502 quidem
1619 1469 1710 1492 uoster
1730 1466 1773 1489 est

974 1525 1108 1557 quantum
1127 1521 1160 1548 ad
1175 1518 1387 1547 humanitatem,
1407 1515 1541 1543 Dominus
1566 1517 1657 1540 autem
1681 1518 1772 1546 quau-

127 1567 170 1593 bis
186 1573 201 1594 a
221 1565 278 1594 Deo
302 1566 433 1600 inspirata
460 1572 514 1597 est,
540 1566 620 1600 eique
636 1565 788 1600 aliquando
808 1565 920 1600 propiu-
938 1577 962 1609 ο
978 1573 1034 1596 tum
1051 1569 1085 1595 ad
1098 1567 1283 1599 divinitatem,
1300 1572 1354 1592 non
1367 1570 1430 1599 quae
1443 1562 1612 1589 inﬁrmitatis
1634 1563 1708 1590 sunt,
1725 1557 1772 1584 sed

128 1613 174 1648 qui
187 1620 312 1644 eramus,
329 1620 381 1639 nou
399 1612 509 1646 quidem
523 1613 582 1639 loco
597 1613 644 1640 sed
661 1613 813 1643 voluntate,
828 1612 925 1639 animi-

127 1667 181 1694 que
199 1659 339 1690 instituto,
363 1667 457 1686 verum
480 1664 590 1693 propter
616 1664 756 1692 peccatum
776 1660 811 1686 ab
828 1667 861 1685 eo
877 1667 924 1685 ex-

127 1706 258 1738 cidimus,
275 1706 417 1740 aptissimo
436 1714 478 1731 νο(
488 1706 570 1732 abqu
586 1711 682 1733 nostra
700 1715 761 1733 cum
789 1706 844 1733 Deo
861 1715 926 1733 con-

125 1751 237 1785 junctio
252 1754 278 1778 ct
289 1751 446 1778 conciliatio
463 1752 566 1778 reditus
581 1751 732 1785 appellatur
749 1761 754 1777 :
773 1756 812 1782 ιιι,
830 1760 921 1786 quem-

126 1797 277 1823 admodum
289 1796 327 1823 ait
338 1796 472 1828 Paulus",
485 1803 626 1831 peccatum
638 1801 714 1824 vetus
726 1805 779 1824 non
795 1806 874 1825 secus
887 1805 918 1824 ac

128 1848 236 1870 vestem
256 1843 405 1877 quamdam
429 1842 566 1870 coriosam
593 1851 625 1871 ac
655 1848 789 1871 vetustate
818 1851 925 1870 erosam

127 1889 291 1924 abjicieutes
318 1896 420 1916 novum
446 1889 585 1916 hominem
612 1889 774 1921 induamus,
800 1889 851 1916 hcc
872 1895 923 1921 est,

128 1935 281 1966 virtutem,
311 1939 359 1961 aut
381 1934 464 1961 etiam
490 1934 579 1969 ipsum
609 1935 767 1965 Christum,
794 1938 820 1959 et
846 1933 926 1965 sicut,

126 1980 203 2016 juxta
230 1981 356 2007 eumdem
385 1980 606 2015 Apostolum",
641 1980 667 2006 in
697 1980 802 2006 Adatno
826 1979 927 2006 mortui

127 2034 239 2058 sumus,
255 2026 361 2052 mortali
380 2026 487 2052 scilicet
504 2026 573 2052 facta
592 2024 677 2060 ipsius
696 2030 805 2055 natura,
824 2024 926 2057 talique

129 2072 161 2099 ad
178 2078 306 2107 posteros
323 2071 474 2103 transfusa,
510 2071 551 2099 sic
573 2071 600 2097 in
620 2070 731 2098 Christo
751 2078 862 2105 quoque
886 2070 926 2096 vi-

127 2124 240 2150 tamus,
261 2125 309 2152 per
330 2123 392 2144 eum
415 2124 513 2145 rursus
537 2117 570 2144 ad
601 2117 832 2144 immortalitatem
849 2125 928 2144 revo-

129 2165 197 2197 cati,
231 2170 293 2190 cum
321 2162 423 2191 Cbristi
442 2171 495 2190 una
521 2169 668 2190 nascentes
690 2170 738 2198 per
761 2163 927 2198 baptismum

130 2209 360 2245 regenerationis,
374 2217 429 2237 una
445 2210 521 2237 cruci
539 2209 614 2237 afﬁxi
628 2217 675 2245 per
689 2209 853 2237 laboriosam
867 2210 928 2238 vitae

130 2256 262 2291 degenda:
287 2256 435 2288 rationem,
462 2263 514 2282 una
532 2255 630 2290 sepulti
657 2263 704 2290 per
720 2255 866 2282 aﬁ'ertuum
883 2265 929 2283 ex-
945 2247 966 2274 D

131 2303 322 2330 stitit-tionem.
341 2302 578 2336 Quemadmodum
597 2307 688 2330 autem
711 2303 819 2330 litterati
846 2311 929 2330 seusu

129 2348 274 2375 cruciﬁxio
291 2352 318 2374 et
332 2348 474 2382 sepultura
491 2348 564 2375 inter
579 2355 608 2375 se
623 2347 765 2380 diﬁ'eruut,
789 2348 828 2375 sic
845 2349 928 2375 etiam

130 2394 269 2429 spirituali
285 2399 311 2421 rt
328 2394 486 2429 allegorico.
502 2394 652 2422 Crucilixio
668 2395 740 2421 enim
753 2394 928 2422 :tﬁlictioneut

129 2446 157 2468 (ιι
173 2441 332 2475 patientiam
345 2442 488 2477 animique
512 2442 539 2469 in
557 2442 686 2477 gravibus
705 2442 869 2476 acet-bisque
885 2450 929 2468 re-

130 2487 184 2515 bus
203 2486 371 2520 perferendis
389 2487 578 2516 fortitudinem
595 2488 732 2523 designat,
758 2496 812 2515 non
835 2493 926 2515 tamen

131 2532 270 2569 ejusmodi
299 2533 382 2560 animi
405 2535 643 2567 constitutionem,
667 2543 721 2570 qua
745 2535 871 2562 dolorum
894 2541 927 2562 ex

132 2582 266 2608 virtutum
282 2581 358 2608 cultu
382 2587 463 2617 atque
486 2584 645 2617 operatione
670 2583 841 2610 nascentium
865 2589 928 2609 seu-

131 2634 180 2654 sus
197 2627 289 2654 mimis
305 2632 415 2662 ereptus
437 2628 481 2654 sit.
509 2627 655 2662 Sepultura
680 2634 771 2655 autent
798 2627 927 2662 perfecta:

133 2678 160 2700 ct
175 2674 342 2701 omnimoda:
354 2674 501 2701 affectuum
516 2675 733 2702 uwrtilicatiouis
750 2675 857 2710 signum
872 2679 925 2702 est.

133 2719 212 2747 lianc
238 2721 404 2748 resurrectio
425 2720 559 2755 sequitur,
588 2720 613 2747 id
636 2725 689 2753 est,
715 2721 837 2748 absoluta
861 2727 927 2748 con—

134 2766 276 2800 templatio
294 2775 325 2795 ac
342 2767 488 2795 deiﬁcatio.
503 2767 638 2794 Pra‘clara
653 2768 724 2794 enim
739 2773 765 2794 et
781 2767 926 2794 laudabilis

135 2815 281 2842 conversio
304 2814 382 2842 nobis
408 2814 551 2842 sentienda
569 2819 622 2846 est,
647 2819 674 2841 ut
693 2814 924 2848 quemadmodum

978 1622 1040 1650 quae
1069 1612 1231 1641 curationis.
1267 1611 1426 1645 Congruere
1452 1609 1524 1635 enim
1553 1606 1608 1633 diei
1641 1604 1773 1640 mysterio

978 1662 1059 1689 debet
1071 1660 1132 1688 festi
1147 1659 1306 1687 celebratio.
1324 1657 1364 1684 Ac
1374 1657 1396 1683 si
1412 1655 1522 1691 quidem
1539 1654 1573 1680 ob
1588 1651 1773 1681 inﬁrmitates,

978 1709 1006 1735 iu
1021 1715 1090 1742 quas
1104 1706 1263 1737 incidimus,
1287 1704 1358 1731 diem
1385 1702 1484 1730 festum
1511 1706 1668 1734 ageremus,
1696 1701 1775 1731 petu-

981 1754 1066 1781 lanter
1082 1759 1108 1779 ct
1124 1753 1225 1779 lascive
1250 1751 1351 1778 festum
1373 1747 1565 1775 celebrandum
1589 1749 1674 1772 esset.
1699 1743 1775 1770 Inﬁr-

980 1799 1085 1826 mitatis
1101 1799 1173 1824 enim
1191 1803 1233 1824 est
1259 1795 1425 1823 comessatio
1444 1799 1525 1828 atque
1548 1789 1774 1825 intemperantia.

979 1845 1115 1878 Quoniam
1131 1847 1222 1870 autem
1241 1842 1380 1869 contraria
1395 1847 1478 1866 causa
1495 1837 1674 1871 impellimur,
1693 1839 1777 1867 alqun

980 1890 1085 1918 idcirco
1099 1889 1171 1916 diem
1189 1888 1287 1914 festum
1302 1886 1426 1920 agimus,
1446 1884 1509 1918 quia
1536 1882 1672 1909 medicina
1697 1880 1777 1906 nobis

980 1937 1061 1963 allata
1076 1941 1127 1967 est,
1164 1934 1197 1961 ad
1213 1933 1296 1967 hujus
1310 1932 1370 1959 festi
1384 1930 1599 1958 celebrationem
1622 1927 1776 1954 adhibenda

979 1988 1020 2009 cst
1045 1979 1224 2014 temperantia
1251 1988 1258 2005 :
1282 1977 1425 2005 medicina:
1452 1975 1588 2008 siquidem
1618 1978 1659 2000 est
1674 1977 1778 2007 tempe-

981 2028 1080 2059 rantia,
1098 2030 1191 2061 utpote
1205 2033 1265 2060 quae
1276 2025 1374 2051 animae
1389 2023 1560 2050 curationem
1576 2021 1650 2047 velut
1661 2027 1775 2054 scopum

981 2075 1033 2101 sibi
1061 2077 1203 2108 proponat.
1226 2071 1285 2098 Non
1307 2079 1339 2097 ea
1364 2077 1426 2104 qua:
1447 2067 1618 2096 creatiouis,
1643 2066 1689 2092 sed
1715 2072 1777 2099 qum

979 2119 1156 2148 recreatiouis
1171 2123 1254 2153 atque
1273 2117 1492 2144 iustaurationis.
1531 2113 1598 2141 Nam
1609 2113 1776 2146 incorporea

981 2167 1173 2201 procreatione
1193 2172 1326 2200 corporea
1350 2164 1445 2198 utique
1468 2166 1520 2194 est,
1551 2165 1605 2188 tam
1630 2161 1688 2194 ipsa
1713 2167 1778 2194 pro-

981 2214 1096 2246 creatio,
1116 2220 1199 2248 quam
1218 2211 1350 2238 solemnis
1368 2210 1457 2237 laetitia
1485 2213 1596 2243 propter
1613 2215 1673 2234 eam
1695 2206 1776 2232 insti-

982 2267 1040 2288 tuta
1060 2270 1066 2288 :
1085 2265 1114 2287 at
1133 2268 1195 2288 cum
1220 2258 1352 2286 recreatio
1369 2261 1396 2284 et
1419 2255 1581 2283 instauratio
1599 2258 1691 2280 nostra
1718 2252 1777 2286 spi-

983 2307 1070 2335 ritalis
1094 2315 1125 2334 ac
1149 2307 1242 2333 divina
1265 2305 1311 2336 sit,
1337 2303 1498 2336 spiritaliter
1514 2308 1625 2335 quaque
1640 2307 1671 2325 ac
1684 2298 1777 2325 divine

983 2355 1082 2382 festum
1099 2352 1258 2388 agitandum
1272 2355 1322 2377 est.
1346 2350 1431 2376 I‘orro
1455 2348 1622 2375 creationem
1648 2345 1700 2372 hoc
1716 2346 1775 2370 loro

982 2409 1036 2428 non
1054 2399 1169 2434 primani
1196 2398 1270 2425 illam
1289 2395 1426 2430 intelligit,
1449 2402 1503 2428 qua
1522 2393 1649 2419 Christus
1663 2396 1775 2424 accepto

981 2455 998 2474 e
1019 2453 1090 2474 terra
1108 2445 1217 2480 pulvere
1233 2443 1361 2470 manibus
1377 2439 1494 2476 propriis
1517 2439 1654 2465 hominem
1672 2444 1687 2463 a
1703 2437 1776 2471 prin-

983 2492 1055 2526 cipio
1071 2490 1160 2521 ﬁnxit,
1181 2488 1228 2515 sed
1244 2492 1368 2514 mutuam
1385 2485 1459 2512 illam
1473 2483 1688 2513 successionem,
1715 2489 1779 2515 quas

982 2546 1031 2573 per
1046 2535 1251 2572 generationem
1268 2533 1307 2565 ﬁt,
1335 2539 1389 2567 qua
1401 2539 1452 2559 nos
1466 2530 1597 2558 mortales
1614 2529 1775 2555 naturaliter

983 2585 1010 2611 in
1027 2588 1152 2610 materno
1169 2585 1263 2608 ventre
1276 2579 1415 2614 ﬁngimur.
1435 2576 1463 2604 Id
1486 2581 1576 2603 autem
1594 2576 1644 2602 hac
1663 2574 1773 2601 demunt

981 2631 1090 2658 ratione
1111 2635 1323 2663 consequemur,
1348 2626 1371 2653 si
1394 2625 1473 2660 juxta
1489 2623 1620 2657 Tbeologi
1645 2622 1773 2649 COIIOI‘IJ-

983 2677 1084 2704 tionem
1097 2674 1278 2710 spiritualiter
1289 2672 1388 2700 festum
1405 2670 1586 2698 celebremus.
1611 2667 1666 2695 Nec
1689 2667 1773 2694 arbo-

982 2730 1042 2750 rum
1074 2722 1170 2754 raniis,
1198 2724 1227 2748 ut
1260 2718 1351 2746 facere
1380 2717 1493 2751 quidam
1520 2715 1547 2742 in
1570 2714 1648 2741 festis
1673 2713 1772 2745 solent,

982 2768 1082 2796 mdium
1097 2765 1233 2794 vestibula
1248 2765 1399 2799 cingamus,
1412 2770 1461 2789 nec
1476 2761 1550 2796 quod
1565 2760 1694 2794 turpioris
1705 2760 1774 2786 mnl.

981 2814 1048 2841 litiei
1077 2818 1129 2845 est,
1161 2812 1275 2840 choreas
1299 2815 1377 2839 extra
1406 2809 1553 2837 ecclesiam
1582 2805 1775 2838 conﬁciatnus,

173 2895 196 2910 ³¹
211 2893 317 2924 Coloss.
331 2903 373 2927 ιιι,
389 2895 416 2922 9.
439 2894 462 2911 ³⁸
477 2894 562 2922 lCor.
580 2902 623 2928 xv,
638 2893 684 2922 ‘22.
706 2894 728 2910 ³⁵
743 2894 821 2921 liom.
835 2902 860 2928 v,
879 2895 924 2922 20.
944 2895 965 2911 ³⁵
980 2893 1046 2921 ibid.
1063 2893 1108 2920 18,
