2027 3162
269 154 334 185 πιτςτ
969 145 1094 177 ADDEN

1102 147 1157 176 DA.

1837 146 1909 176 “£8

267 209 408 244 nec,qnod
429 210 513 244 magis
530 208 658 243 populare
667 206 804 238 est,vicos
821 206 928 233 urbium
941 213 1057 233 exorne-
1072 204 1097 232 Α
1111 211 1226 240 spectat,
1251 213 1282 233 ac
1309 205 1412 232 libidini
1440 205 1570 240 indulget.
1592 205 1713 238 vitioque
1732 203 1852 230 obrutus
1875 205 1908 230 nd

267 265 339 287 mus,
350 256 475 284 diversas
484 256 590 282 eximiae
599 254 774 289 supellectilis
785 254 890 288 species
902 253 934 279 ad
948 260 1054 284 eorum,

267 302 312 335 qui
329 301 361 328 ad
381 301 480 328 festum
496 300 648 331 conﬂuunt,
674 300 884 327 oblectationem
903 299 1055 334 appenan-

267 352 318 377 tes,
336 354 396 377 nec,
416 345 488 380 quod
503 345 539 372 foe
551 346 604 372 lius
621 350 671 374 cst.
686 345 812 372 absurdis
828 346 1054 380 prmstigiatorutn

267 390 520 421 gesticulationibus
549 395 597 416 aut
615 398 760 425 torperntn
787 392 942 425 aspecubns
977 391 1055 418 volu-

266 441 345 470 p'nttS
361 437 484 463 aculeum
497 436 686 464 emittcntibns
700 438 793 464 oculos
811 445 964 472 pascamus.
983 439 1056 471 Epu-

267 484 320 506 tum
351 482 423 508 enim
455 489 486 508 ac
509 483 632 516 voluptas
659 484 799 510 oculorum
822 489 863 511 est
893 493 924 511 ea
948 485 1056 512 curiose

267 527 445 562 intueri,qu
462 529 572 555 minime
588 530 724 556 convenit.
737 529 823 557 Orsus
837 537 928 557 autent
939 531 1055 558 Theolo—

265 582 316 608 gns
338 582 435 601 SCllSllS
456 581 564 602 IIOSU'OS
579 581 756 610 COIIlpOllCI‘O,
782 585 879 604 omnes
904 584 1055 611 enumerat,

265 628 296 646 ac
322 620 409 653 primo
434 621 542 655 quidem
573 622 674 653 visum,
702 623 747 657 qui
775 631 905 650 sensuum
934 625 1055 651 omnium

265 666 391 699 princeps
416 672 455 693 est
474 677 479 692 :
495 672 555 699 post
579 669 714 699 auditum,
737 669 836 704 jubcns
857 675 885 696 ut
899 678 1055 703 caveamus,

266 720 298 737 ne
317 720 365 746 per
380 721 460 739 aures
475 714 599 740 obscena:
614 715 753 742 cautiones
768 715 794 742 in
812 716 918 743 animos
931 716 1054 744 inﬂuant.

265 756 332 783 Nam
350 766 381 783 ex
402 758 557 793 hujusmodi
577 761 688 787 musica:
701 769 799 796 genere
823 762 1000 796 abjcetissimi
1025 771 1057 791 ac

267 803 447 830 sordidissimi
469 805 580 832 rﬂectns
607 807 682 834 nasci
706 809 803 834 solent.
833 808 947 841 Quidam
974 810 1054 836 etiam

266 849 300 875 ad
315 850 410 876 tibiam
441 851 542 878 furiOsc
568 852 668 880 saltant
694 855 979 888 acperbacehantur,
1005 857 1055 884 hoc

265 900 316 926 est,
336 895 536 930 lymphatornm
555 899 695 925 hominum
719 907 751 926 ac
777 900 932 928 daemonum
951 902 1055 929 intem-

265 941 349 974 pr-riis
374 942 537 977 agitatorum
560 946 677 979 speciem
702 946 833 980 praebent.
860 946 919 974 lam
934 956 997 974 vero
1014 949 1055 976 ol-

266 985 367 1014 f.:etum
394 990 496 1016 emollit
524 995 604 1024 atque
622 991 762 1020 cﬂ'eminat
785 993 979 1021 deliciosorum
1004 1003 1055 1021 nn-

265 1037 427 1067 guentorum
454 1036 522 1063 odor
545 1045 551 1062 :
576 1042 603 1064 et
630 1038 732 1073 alioqui
758 1041 904 1074 unguentis
928 1041 1054 1074 perfundi

265 1079 408 1108 muliebris
418 1087 457 1108 est
478 1082 606 1110 last-ivite.
623 1084 826 1112 Lenocinamur
843 1092 932 1113 autem
951 1092 1053 1122 gustnt,

265 1134 327 1153 cum
341 1127 464 1155 ciborum
479 1129 664 1164 voluptatibus
675 1131 763 1164 ipsum
776 1132 940 1161 addicimus.
955 1133 1055 1163 Tactus

265 1172 383 1207 denique
408 1175 492 1209 gratia
521 1180 547 1202 ct
570 1176 719 1204 oblectatio
741 1183 784 1205 est
804 1179 876 1206 foede
903 1185 984 1214 atque
1007 1182 1055 1208 ob-

265 1227 346 1246 seene
378 1227 492 1255 corpora
520 1227 642 1258 tangere.
675 1223 810 1256 Quidnam
840 1232 930 1253 atttem
957 1227 1056 1254 dixerit

265 1265 401 1299 quispiam
419 1268 452 1294 ad
469 1268 594 1296 homines
607 1277 620 1295 a
633 1271 826 1305 conquirendis
841 1277 929 1299 tactus
946 1279 1055 1308 gustus~

264 1318 318 1344 que
347 1313 530 1346 voluptatibus
546 1315 739 1350 deltortandos,
761 1318 812 1345 nisi
835 1319 906 1352 quod
929 1327 988 1350 eos,
1007 1320 1053 1354 qui

265 1356 293 1382 in
320 1357 373 1385 illis
398 1362 593 1394 persequendis
618 1364 741 1391 studiose
766 1371 946 1399 occupantur,
973 1375 1055 1401 pecu-

264 1402 329 1430 dunt
352 1405 433 1432 vitam
458 1406 558 1434 imitari
579 1415 689 1443 Cogunt,
706 1418 772 1444 quas
789 1411 815 1437 in
830 1417 950 1439 ventrem
967 1418 993 1440 et
1008 1421 1054 1440 ve-

266 1457 357 1477 nerem
376 1459 475 1484 prunas
492 1458 588 1481 natura
605 1455 706 1489 tinxit?
727 1457 827 1491 Atque,
843 1462 870 1484 ut
889 1466 943 1485 rem
961 1459 1055 1493 paucis

266 1496 355 1523 verbis
373 1499 549 1532 eotnplectar,
573 1508 682 1533 sensus,
700 1502 751 1528 nisi
768 1502 852 1536 probe
864 1509 1003 1537 regantur,
1018 1504 1051 1531 ad
1067 1511 1087 1539 ο

265 1541 359 1568 vitium
375 1543 469 1571 faciles
482 1550 545 1572 sunt
562 1546 611 1573 via:
641 1548 800 1582 [recentique
811 1548 913 1581 jauum.
938 1549 989 1576 Γετι-
1008 1557 1054 1576 eos

263 1588 364 1614 ctenim
387 1589 419 1615 ad
447 1591 510 1616 vitia
529 1591 608 1618 nobis
629 1593 719 1620 aditus
733 1598 817 1627 patet,
840 1601 872 1621 ac
894 1602 941 1628 per
956 1602 1004 1622 eos
1026 1595 1052 1622 111

263 1633 385 1659 animum
409 1634 497 1662 inﬂttit
517 1641 599 1670 atque
620 1637 704 1664 intrat
726 1644 878 1672 peccatum.
903 1639 943 1666 Nc
961 1645 1052 1668 tenera

265 1685 338 1705 veste
363 1680 578 1713 permolliamur,
606 1690 666 1716 qua:
693 1684 802 1718 quidem
829 1685 1002 1718 circntnﬂuit,
1022 1695 1054 1714 ac

263 1724 367 1752 lubrica
382 1733 411 1753 se
428 1726 454 1752 111
473 1732 558 1755 totum
578 1736 679 1763 corpus
693 1729 781 1757 fundit
799 1740 805 1757 :
823 1731 902 1767 idque
918 1733 1052 1768 duplicem

263 1771 298 1798 ob
313 1780 436 1805 causam,
461 1778 518 1801 tum
541 1780 650 1809 propter
665 1777 882 1811 superﬂuitatetn
902 1787 933 1806 ac
952 1780 1054 1807 111111111-

264 1823 328 1850 tem,
345 1824 401 1846 tum
418 1820 480 1854 quia
503 1821 529 1847 itt
547 1829 682 1849 summam
702 1824 826 1859 corporis
846 1825 1052 1859 longitudinem,

262 1865 488 1902 latitndinemqne
497 1869 785 1902 protenditur.Tenera
795 1877 884 1899 autem
894 1877 936 1899 est
945 1878 1054 1907 propter

262 1912 403 1939 mollitiem
422 1919 448 1940 et
464 1915 621 1949 ueritatem,
647 1921 730 1951 atque
749 1918 831 1944 etiam
850 1922 960 1952 propter
982 1919 1053 1945 nito-

262 1965 319 1984 rem
345 1967 351 1984 :
376 1960 402 1985 in
421 1968 475 1994 qua
491 1961 573 1988 etiam
588 1962 653 1988 illttd
670 1963 712 1989 vel
736 1964 884 1991 maximum
902 1965 996 1991 vitium
1012 1965 1053 1991 in-

259 2009 312 2034 est,
328 2005 400 2038 quod
414 2010 444 2031 ut.
458 2014 573 2041 quaeque
591 2009 706 2035 summis
722 2010 876 2043 sumptibus
891 2018 1053 2045 summaque

260 2049 393 2083 elegantia
419 2053 543 2080 contecta
568 2058 626 2085 est,
653 2054 689 2080 ita
717 2060 829 2089 propter
854 2057 1052 2090 pareimouiam

261 2096 380 2122 maxime.
398 2097 595 2132 inutilisjacet,
612 2107 661 2126 nec
679 2100 763 2127 ullum
778 2101 822 2127 sui
843 2110 923 2128 usutn
939 2103 1052 2136 prabet.

259 2140 463 2169 Pulcherrimas
483 2144 554 2170 cuitu
579 2153 703 2180 quasque
729 2151 817 2173 vestes
844 2155 907 2174 arca
931 2148 1051 2176 inclusas

259 2191 340 2221 atque
354 2189 461 2216 abditas
481 2189 591 2217 inutiles
615 2191 757 2218 habemus.
777 2191 816 2220 Ne
836 2194 959 2220 colortun
981 2195 1050 2222 arti-
1067 2189 1088 2216 D

259 2233 330 2261 ﬁciis
345 2240 466 2265 utamur,
496 2237 582 2263 facies
607 2242 700 2264 nostra
724 2246 835 2266 cerussa
859 2246 884 2266 et
898 2239 960 2267 fuco
974 2241 1050 2268 aliis-

258 2287 312 2313 que
327 2281 490 2309 meretriciis
506 2290 537 2309 ac
561 2282 713 2311 libidinosis
740 2285 887 2320 unguentis
914 2285 1050 2314 frictioni-

257 2325 364 2360 busque
379 2327 570 2363 depingentes,
596 2338 656 2364 quae
679 2330 799 2358 nativam
819 2332 1049 2366 pulchritudinem

257 2372 453 2405 ementiuntur,
479 2373 630 2406 imitatione
648 2377 765 2410 quadam
785 2377 872 2411 ipsam
892 2378 1048 2411 referentia,

257 2423 338 2452 atque
355 2420 487 2448 advorsus
503 2422 649 2455 imaginem
663 2423 783 2450 divinam
798 2425 946 2452 adinvcnta
959 2419 986 2453 et
1001 2434 1051 2452 ex-

256 2463 374 2498 cogitata
390 2471 464 2492 sunt.
484 2465 593 2493 Vultum
608 2468 680 2495 enim
695 2469 863 2502 oblitterant,
875 2478 907 2497 ac
921 2470 1048 2504 fortnam,

257 2518 339 2544 quam
356 2511 439 2544 Deus,
454 2518 557 2540 naturae
566 2514 665 2548 pictor,
684 2516 762 2543 nobis
780 2515 894 2549 afﬁnxit,
907 2517 1047 2552 obtegnnt.

257 2556 296 2582 Ac
314 2561 446 2590 praeterea
462 2557 575 2586 honeste
595 2560 778 2592 ambulemus,
805 2562 877 2588 sicut
902 2563 1050 2596 Apostolus

257 2603 380 2638 praecipit
392 2603 425 2636 ³⁵,
443 2612 496 2631 tton
510 2607 535 2631 in
550 2607 800 2634 comessationibus
814 2612 840 2635 et
854 2609 1046 2641 ebrietatibus,

256 2656 311 2675 non
328 2649 354 2676 in
371 2650 506 2678 cubilibus
523 2655 550 2677 et.
568 2643 760 2681 immunditiis.
791 2654 933 2689 Eleganter
955 2660 1045 2682 autent

256 2702 317 2722 cum
349 2697 598 2725 comessationibus
625 2704 652 2726 et
681 2700 860 2727 ebrietatibus
891 2701 991 2727 cubilia
1019 2707 1045 2728 ct

256 2740 446 2769 immunditias
475 2743 640 2777 conjunxit:
671 2753 704 2772 ex
734 2746 787 2773 illis
812 2747 884 2773 enim
911 2747 968 2773 haec
997 2755 1047 2774 na-

255 2791 385 2813 scuntur.
416 2787 593 2816 Comessator
619 2784 692 2818 enim
719 2799 751 2818 ac
777 2793 940 2821 temulentus
956 2793 1046 2820 cubile

1074 831 1093 857 Β

258 2861 280 2877 ³⁸
291 2862 372 2890 Rom.
390 2872 448 2898 xnt,
463 2866 505 2893 15.

1108 253 1259 287 tlagitiosos
1275 259 1439 288 congressus
1463 259 1495 279 ac
1519 257 1613 286 turpes
1630 251 1786 285 voluptates
1815 251 1909 277 fertur

1108 303 1134 325 et
1148 297 1341 325 inﬂammatur.
1364 298 1533 325 Comessatio
1548 298 1621 324 enim
1642 303 1669 324 et
1692 297 1815 324 ebrietas
1831 298 1910 323 velut

1109 344 1172 371 mali
1199 344 1321 379 magistri
1346 343 1501 371 doctrinam
1529 343 1627 370 malam
1650 343 1677 369 in
1698 343 1824 369 animum
1854 342 1911 368 im-

1108 391 1232 422 mittunt,
1249 390 1423 417 concubitum
1440 397 1537 424 nempe
1554 397 1585 416 ae
1602 389 1754 416 libidinem.
1787 387 1838 414 Vel
1857 396 1909 422 po-

1109 437 1173 469 tius,
1192 437 1322 471 quouiam
1338 438 1436 463 docere
1453 436 1562 470 proprie
1577 437 1667 462 anima
1691 433 1814 468 praeditis
1837 441 1909 460 con-

1108 483 1192 514 venit,
1209 482 1300 516 aptius
1316 482 1397 509 fuerit
1419 481 1578 508 ebrietatem
1602 488 1695 508 semen
1709 480 1813 511 dicere,
1843 478 1908 505 libi-

1108 528 1198 555 dinem
1219 532 1309 554 autem
1326 533 1442 561 segetem
1459 535 1490 554 ac
1508 534 1636 554 messem.

1146 573 1212 601 ibid.
1231 573 1261 601 C.
1285 573 1338 600 Nec
1359 580 1429 600 toros
1445 574 1515 600 altos
1537 573 1661 607 ﬁgamus,
1687 572 1773 598 ventri
1794 571 1908 596 delicias

1108 626 1263 653 sternentes,
1281 625 1334 648 etc.
1361 620 1497 648 Usilatum
1514 624 1574 647 erat
1591 620 1616 646 in
1637 619 1713 646 festis
1732 618 1908 652 publiciSque

1108 668 1242 695 conviviis
1268 675 1351 701 super
1379 675 1487 694 mensas
1505 667 1599 693 lances
1614 672 1726 700 ponere,
1748 666 1774 690 in
1805 664 1908 697 quibus

1108 721 1204 741 carnes
1229 714 1374 740 acervatim
1400 714 1426 740 in
1452 713 1535 740 altum
1555 711 1775 746 congerebantur
1793 718 1800 736 :
1819 716 1908 743 caque

1109 767 1152 786 res
1166 761 1278 791 στοιόὰς
1294 761 1453 790 vocabatur,
1479 767 1510 786 ac
1533 759 1680 793 quamdam
1711 757 1826 784 tentorii
1851 756 1907 782 for~

1109 814 1179 832 mam
1196 806 1317 840 gerebat.
1346 805 1394 832 Vel
1415 804 1655 839 σκηνοποιοῦντες,
1673 803 1698 830 id
1715 807 1768 834 est,
1786 811 1820 829 ex
1840 807 1907 828 tent-

1111 861 1177 888 pore
1190 857 1354 887 apparantes
1374 852 1460 879 ventri
1486 860 1530 884 ea,
1553 859 1614 886 quae
1631 851 1664 878 ad
1691 850 1805 877 delicias
1822 849 1905 883 perti-

1110 904 1214 925 nerent.
1242 898 1301 931 Vel,
1326 898 1405 932 quasi
1428 898 1453 924 in
1474 892 1652 924 tabernaculo
1667 895 1788 931 quodam
1803 899 1832 921 et
1848 895 1906 920 loto

1110 953 1269 980 peramoeno
1286 945 1372 972 ventri
1386 944 1500 971 delicias
1513 943 1659 970 aﬂ‘ercntcs
1679 951 1686 969 :
1707 942 1759 972 vel.
1786 949 1837 976 per
1861 941 1907 967 de-

1110 992 1186 1019 licias
1203 996 1324 1019 ventrem
1341 991 1476 1019 foventes.
1494 989 1676 1017 Tabernacnli
1702 989 1776 1015 enim
1799 993 1828 1014 et
1849 993 1907 1014 ten-

1113 1038 1175 1066 torii
1191 1038 1332 1073 proprium
1347 1042 1388 1064 est
1408 1037 1509 1063 fovere.
1537 1036 1624 1063 Porro
1637 1034 1791 1068 ἀνθοσμίας
1811 1034 1903 1059 vinum

1109 1090 1149 1112 est
1164 1085 1281 1119 pulchro
1304 1085 1396 1110 colore
1418 1091 1449 1109 ac
1464 1083 1540 1110 suavi
1568 1081 1652 1109 odore
1677 1080 1840 1116 prxditum,
1866 1078 1904 1105 vel

1109 1133 1181 1167 quod
1197 1131 1352 1159 suavissimi
1380 1129 1455 1156 ﬂoris
1480 1128 1592 1156 odorem
1620 1126 1714 1154 refert.
1742 1124 1904 1154 Lenocinia,

1108 1179 1202 1206 Graecn
1220 1176 1403 1213 μαγγανείας,
1418 1176 1442 1202 id
1461 1180 1514 1207 est,
1533 1173 1698 1209 superﬂuos,
1717 1172 1906 1219 curiosos,_ac

1109 1226 1275 1259 multiplices
1301 1228 1460 1259 apparatus.
1493 1218 1650 1248 Pretiosnm
1678 1224 1769 1246 autem
1797 1218 1904 1245 stercus

1109 1279 1156 1307 per
1169 1275 1354 1304 contemptum
1369 1268 1482 1295 delicias
1497 1272 1575 1295 vocat
1593 1276 1599 1294 :
1613 1265 1761 1301 pretiosum
1781 1263 1904 1298 quidem,

1109 1317 1172 1352 quia
1190 1312 1325 1351 principio
1348 1322 1410 1342 cum
1437 1321 1543 1340 summa
1560 1313 1692 1339 aviditate
1708 1314 1881 1345 expetuntur
1896 1317 1903 1334 :

1109 1369 1218 1391 stercus
1240 1368 1342 1392 autem,
1358 1361 1420 1395 quia
1444 1359 1565 1387 roucocti
1590 1358 1643 1386 cibi
1668 1357 1695 1384 in
1725 1362 1836 1384 stercus
1858 1363 1903 1381 ex-

1109 1414 1266 1438 cernantur.
1288 1407 1422 1443 Ἀκρασια
1439 1406 1558 1440 denique
1579 1402 1771 1431 itnmodcratio
1789 1402 1904 1431 dicitur,

1110 1456 1182 1490 quod
1198 1463 1271 1482 usus»
1281 1454 1444 1481 necessitate
1471 1452 1583 1479 minime
1602 1454 1781 1484 temperetur.
1805 1446 1904 1498 Enim-

1106 1510 1172 1531 vero
1188 1509 1250 1528 cum
1266 1500 1371 1527 deliciis
1389 1499 1529 1533 indulgere
1542 1505 1589 1532 per
1612 1504 1642 1524 se
1665 1502 1746 1531 grave
1760 1498 1848 1528 atque
1862 1500 1903 1518 m-

1107 1551 1217 1584 dignnm
1232 1547 1278 1579 sit,
1305 1551 1363 1574 tum
1380 1546 1465 1573 multo
1481 1545 1620 1579 indignius
1637 1547 1688 1576 est,
1715 1549 1779 1568 cum
1796 1540 1846 1567 alii
1864 1540 1904 1565 in-

1108 1596 1186 1622 terim
1215 1594 1286 1621 fame
1312 1594 1518 1629 opprimuntur.
1547 1590 1702 1624 Quinetiam
1736 1588 1795 1622 ipse
1824 1587 1903 1614 Plato

1106 1641 1226 1675 quodam
1246 1640 1304 1666 loco
1329 1639 1377 1670 ait,
1405 1637 1488 1672 Nega
1505 1641 1580 1667 sunt,
1595 1634 1730 1670 quidquid
1747 1636 1791 1660 est
1805 1639 1904 1667 supcr-

1107 1687 1190 1714 ﬂnnm
1210 1692 1263 1713 tam
1283 1686 1309 1712 111
1329 1685 1422 1715 rebus,
1440 1692 1522 1719 quam
1539 1683 1565 1710 111
1583 1681 1684 1710 verbis.

1144 1734 1208 1760 Ibid.
1225 1733 1254 1759 D.
1278 1732 1371 1759 Verum
1388 1732 1443 1758 lucc
1457 1730 1611 1765 gentilibus,
1628 1737 1659 1755 ac
1674 1727 1814 1763 gentilitiis
1830 1733 1903 1759 pom-

1106 1782 1146 1815 pis
1165 1779 1289 1814 ['estisqne
1307 1779 1504 1812 relinquamus:
1520 1777 1564 1811 qui
1580 1776 1659 1802 etiam
1672 1775 1715 1804 iis.
1731 1779 1784 1800 etc.
1801 1771 1900 1799 Verum

1107 1828 1174 1856 haec.
1192 1826 1322 1852 nitnirntn
1339 1824 1445 1850 deliciis
1461 1827 1487 1850 et
1501 1822 1603 1849 ventris
1618 1820 1804 1855 voluptatibus
1823 1820 1901 1846 festis

1107 1872 1203 1899 diebus
1218 1870 1372 1904 indulgere,
1390 1869 1422 1896 ad
1437 1868 1551 1903 gentiles
1567 1867 1734 1901 rejiciamus,
1759 1865 1808 1900 qui
1836 1872 1899 1892 cum

1106 1919 1171 1945 deos
1194 1918 1312 1944 habeant
1329 1915 1528 1943 sacriﬁciorum
1548 1914 1623 1940 fumo
1641 1913 1804 1948 gaudentes,
1833 1911 1899 1939 nihil

1107 1965 1224 1991 alienum
1244 1963 1360 1995 faciunt,
1386 1970 1447 1989 ctttu
1475 1966 1597 1988 ventrem
1627 1959 1767 1986 farciendo
1790 1964 1896 1993 gratum

1107 2011 1171 2046 ipsis
1185 2010 1287 2037 cultant
1304 2009 1434 2037 exhibere
1461 2016 1489 2035 se
1511 2007 1692 2034 arbitrantur.
1716 2006 1853 2036 Fictorcs,
1872 2010 1899 2032 ut

1106 2057 1214 2091 qnidetn
1241 2056 1291 2083 sibi
1310 2056 1445 2087 videntur,
1473 2055 1600 2085 deorum,
1626 2060 1721 2080 revera
1737 2056 1830 2079 autem
1846 2051 1898 2078 da-

1106 2109 1230 2129 monum.
1262 2102 1312 2136 Ipsi
1343 2101 1416 2128 enittt
1443 2108 1490 2135 per
1518 2099 1658 2126 fabulosos
1685 2105 1826 2126 sermones
1851 2104 1897 2124 eos

1104 2152 1279 2178 creaverunt,
1303 2153 1397 2181 atque,
1416 2150 1445 2172 ut
1459 2144 1632 2172 daemonibus
1654 2143 1768 2171 deorum
1796 2150 1895 2170 nomen

1105 2194 1280 2225 tribueretur,
1298 2198 1423 2220 auctores
1439 2192 1615 2220 exstiterunt.
1631 2189 1663 2216 Et
1680 2189 1839 2217 sacerdotes
1857 2193 1896 2215 at-

1102 2247 1156 2274 que
1169 2239 1316 2270 antistites.
1341 2243 1433 2274 utpote
1447 2239 1494 2273 qui
1517 2237 1676 2272 hujusmodi
1701 2235 1896 2271 mysteriorum

1102 2285 1174 2318 apud
1202 2284 1404 2311 multitudinem
1419 2283 1542 2319 magistri
1558 2282 1624 2309 facti
1637 2282 1692 2309 sittt
1707 2290 1714 2309 :
1727 2287 1754 2308 et
1765 2281 1894 2312 cultores,

1102 2331 1196 2359 Graece
1209 2331 1321 2366 μύσται,
1335 2336 1365 2358 ιιι
1378 2336 1406 2358 at
1420 2331 1486 2365 ipsis
1500 2329 1673 2357 daamonibns
1689 2328 1801 2359 initiati,
1816 2333 1896 2361 atque

1105 2387 1199 2406 errore
1224 2379 1334 2405 imbuti.
1355 2378 1389 2404 At
1409 2385 1470 2410 nos,
1496 2377 1543 2411 qui
1564 2375 1694 2407 Verbum,
1721 2375 1749 2401 id
1773 2379 1826 2406 est,
1853 2374 1895 2400 Dei

1103 2425 1203 2452 Filium
1219 2425 1336 2452 colimus
1351 2429 1378 2452 et
1392 2425 1550 2455 adoramus,
1567 2423 1594 2450 in
1611 2423 1703 2450 verbis
1722 2421 1893 2451 deliciemur.

1103 2473 1125 2499 si
1140 2471 1224 2499 modo
1238 2469 1387 2506 quidquam
1403 2470 1510 2498 deliciis
1525 2469 1700 2497 tribuendum
1715 2473 1767 2500 est,
1781 2469 1832 2495 hoc
1845 2471 1894 2498 est,

1103 2518 1130 2544 in
1145 2525 1272 2545 sermone
1301 2518 1335 2544 de
1352 2516 1406 2544 Deo
1419 2521 1445 2544 et
1461 2516 1565 2544 sanctis
1592 2515 1777 2551 gravibusque
1799 2522 1894 2540 narra-

1103 2563 1233 2596 tionibus,
1259 2571 1374 2598 quarum
1397 2563 1424 2589 in
1448 2569 1563 2589 numero
1590 2561 1673 2596 hujus
1696 2568 1806 2596 quoque
1831 2560 1894 2587 festi

1099 2611 1188 2638 oratio
1212 2610 1366 2645 reponenda
1392 2615 1444 2637 est.
1473 2609 1578 2636 Etenim
1602 2615 1761 2637 sermonum
1790 2607 1893 2634 ἀτηρία)

1100 2662 1170 2690 apta:
1189 2662 1215 2683 ct
1232 2660 1415 2691 congruentes
1441 2656 1541 2683 futurae
1557 2659 1631 2686 sunt,
1660 2659 1718 2681 tum
1735 2654 1827 2684 nobis,
1847 2654 1892 2687 qui

1098 2703 1227 2737 loquendi
1254 2702 1381 2730 facultate
1407 2703 1512 2737 prmditi
1530 2709 1636 2734 sumus,
1665 2707 1721 2728 tum
1740 2701 1791 2735 ipsi
1810 2701 1891 2727 etiam

1100 2746 1189 2774 Verbo
1205 2752 1231 2775 et
1244 2746 1311 2778 Deo,
1332 2748 1378 2782 qui
1394 2755 1444 2774 nos
1460 2747 1493 2773 ad
1512 2748 1609 2774 l'estum
1627 2754 1707 2774 suum
1730 2746 1893 2773 convocaxit

1099 2798 1181 2828 atque
1198 2794 1384 2828 congregavit.
1405 2793 1445 2820 An
1461 2793 1554 2826 vultis,
1573 2798 1601 2819 ut
1617 2791 1745 2827 quoniam
1763 2799 1814 2826 ego
1831 2799 1892 2818 con-
