2027 3162
138 164 201 194 lrSil

574 160 732 190 NlCEl‘AS
754 160 790 189 ΙΝ
813 159 1097 189 ΟηΑἸΧ--ΧΧΧΨΗΙ
1119 160 1148 188 S.
1170 159 1285 189 GIlEG.

1693 163 1760 196 1290

136 218 262 246 viratoris
277 222 366 251 partes
382 217 461 247 eheu,
488 216 656 250 spnitnalem
678 215 820 241 verborum
845 221 920 240 mcn-
939 220 957 244 Α
975 213 1120 240 essentiam
1139 213 1164 238 in
1180 212 1270 247 scipso
1285 212 1483 247 complectitur.
1503 213 1558 248 Ego
1572 215 1656 248 enim,
1674 218 1762 251 inquit

136 274 192 293 sam
211 265 320 298 copiose
339 263 416 289 vobis
432 261 629 296 magniﬁcoque
652 261 784 288 instruant
805 269 811 287 :
832 266 860 287 ut
876 261 917 286 irr-

136 311 270 346 tclligatis.
287 318 340 344 quo
355 309 433 336 tuodo
445 317 503 340 vos,
515 307 833 341 Constantinopolitanos
847 306 920 333 cives

135 363 215 392 atque
238 357 391 391 indigenas,
408 360 434 382 et
447 356 579 386 urbanos,
597 359 623 381 ct
642 353 799 380 deliciarum
816 352 921 380 studio-

134 411 188 433 sos,
214 401 373 435 divitiisque
388 401 564 435 crrtrSpicuos,
591 408 640 434 ego
655 399 726 425 alere
740 406 848 433 queant,
873 397 919 432 qui

133 458 163 476 ex
194 448 247 474 alia
273 448 381 482 regione
403 448 456 473 huc
476 446 508 473 ad
536 453 582 472 vos
601 453 710 480 peregre
731 445 845 475 accessi.
873 444 920 478 qui

135 495 204 521 ruris
219 494 444 528 tranquillitatem
460 493 534 526 prius
549 491 744 525 anrplectebar,
759 490 804 524 qtti
816 489 920 516 deliciis

133 548 308 574 nequaquam
327 539 465 573 indulgeo,
481 538 527 565 sed
544 538 570 564 in
588 540 746 572 paupertate
760 537 842 562 vitam
856 544 919 570 ago,

132 594 162 612 ac
181 587 265 612 dorno
277 584 378 611 careo?
407 584 473 610 Illud
497 591 578 617 porro
605 582 744 609 sciendum
770 585 822 614 est,
848 580 920 614 quod

132 633 263 666 ἄγροικος
288 631 309 657 is
334 635 384 662 cst,
410 631 455 664 qui
482 629 537 656 ruri
565 629 686 662 atquein
706 628 777 662 agris
797 635 919 653 commo-

132 683 205 704 ratur
222 685 230 703 :
247 677 375 712 ἀγροῖκος
391 682 480 702 autern
495 675 569 701 rudis
585 675 693 708 inrplus
711 683 740 700 ac
755 673 881 701 stolidus.

164 721 288 749 υυιξδιδ
299 724 330 749 Α.
345 721 414 748 Illuc
426 727 512 748 (urth
524 721 660 753 exordiar,
670 729 700 746 ac
711 729 754 746 ras
763 724 921 754 quwso,_clc.

132 769 186 801 Ego
201 769 324 803 quidern,
350 768 448 802 inquit,
466 775 480 794 a
503 767 654 794 divinitatis
667 767 790 793 doctrina
814 766 920 792 inititrm

132 814 240 841 dicendi
268 814 377 840 faciant.
403 812 457 840 Vos
474 818 576 844 autem,
603 813 771 847 quicunque,
796 819 838 837 res
857 810 922 836 divi-

133 867 179 885 nas
195 867 244 894 pro
260 859 366 885 deliciis
383 859 499 890 habetis,
520 857 741 892 quandoquidem
767 856 856 883 divina
880 860 921 882 est

133 907 189 932 haec
205 905 305 937 oratiol
326 912 375 932 nec
393 905 432 931 fas
454 910 494 931 cst
517 905 640 939 impuros
664 903 700 935 id,
728 902 799 937 quod
823 908 919 935 purum
938 895 957 920 Β

131 957 183 984 tst,
202 952 345 986 attingere.
363 958 428 985 pura
446 955 535 978 mente
558 955 585 977 ct
608 957 674 976 aure
697 956 755 975 eam
780 947 895 981 excipite
912 955 918 973 :

133 1003 162 1024 ut
185 998 247 1024 ciho
272 1004 324 1024 non
344 1002 486 1031 pereunte,
511 996 557 1023 sed
577 1000 754 1030 pcrrnancn'c
771 992 861 1021 satiati
880 999 919 1018 at-

132 1052 184 1078 que
211 1043 312 1079 expleti
335 1043 491 1070 discedatis.
516 1042 599 1069 f’orro
626 1050 677 1068 nec
701 1041 806 1075 prolixa
834 1039 921 1066 oratio

131 1094 227 1116 nostra
246 1088 335 1115 futura
355 1093 406 1120 est,
426 1097 458 1116 ne
482 1087 652 1122 longitudine
677 1087 785 1113 trcdium
810 1086 896 1120 pariet
914 1093 919 1110 :

132 1143 182 1162 nec
196 1142 292 1162 manca
306 1139 332 1161 et
345 1134 513 1169 imperfecta.
526 1141 558 1160 ne
570 1132 677 1160 defectu
704 1139 754 1159 suo
768 1130 920 1158 molestiam

131 1181 228 1207 afferat
254 1189 260 1206 :
287 1188 380 1207 verum
408 1188 484 1207 suam
510 1180 635 1206 virtutem
661 1179 788 1206 habitura
812 1182 864 1209 est,
893 1181 921 1203 ut

130 1227 237 1254 scilicet
262 1225 457 1261 compendiosa
483 1225 564 1252 simul
591 1230 617 1251 et
643 1224 766 1251 absoluta
784 1223 828 1250 sit.
853 1222 920 1249 lllttrl

129 1277 221 1299 autem
249 1272 390 1298 sciendum
420 1270 570 1297 divinitatis
596 1270 749 1296 doctrirrarrr
781 1269 832 1295 hoc
861 1268 921 1294 loco

129 1318 312 1352 propositam.
337 1317 363 1343 in
383 1317 502 1343 secunda
529 1323 639 1350 quoque
661 1315 784 1342 oratione
800 1314 833 1340 de
851 1313 920 1340 festo

128 1363 244 1390 Pascha:
267 1363 362 1390 iisdem
386 1362 498 1389 omnino
521 1361 610 1388 verbis
626 1368 782 1395 expressam
799 1359 893 1386 haberi
913 1369 918 1385 :

128 1418 160 1436 ac
174 1411 273 1436 nrerito
287 1409 409 1444 quidem.
427 1409 532 1436 Etenim
549 1408 575 1435 itr
593 1415 625 1435 eo
645 1408 779 1438 laborare,
807 1411 835 1432 ut
860 1413 921 1440 qua:

129 1456 215 1484 srmel
232 1456 382 1483 rectissime
400 1455 471 1482 dicta
488 1459 561 1487 sunt,
587 1462 657 1481 nova
675 1454 809 1480 orationis
832 1451 919 1479 forma

127 1502 267 1534 enunties,
285 1505 457 1536 praeposterus
487 1500 630 1535 cujusdam
657 1498 851 1526 ostentationis
866 1502 918 1524 cst.

973 258 1126 293 Scriptura,
1157 257 1223 284 Sum
1249 259 1350 292 primus
1367 263 1391 285 et
1414 268 1459 293 ego
1482 267 1582 294 pos/ea,
1602 266 1625 287 et
1648 268 1708 288 ante
1723 272 1763 290 me

972 311 1023 330 non
1048 309 1086 330 est
1113 303 1181 329 alius
1199 303 1278 334 Deus,
1293 311 1337 329 nec
1352 308 1409 337 post
1423 312 1462 330 me
1479 305 1584 337 {ultu-us
1600 307 1677 334 est".
1695 308 1762 334 ’l‘oza

971 350 1044 376 enim
1072 350 1191 377 essentia
1217 350 1291 377 illius
1315 358 1364 377 nec
1381 351 1545 385 principium
1577 353 1691 384 habens,
1712 362 1762 380 nec

972 397 1051 423 linem
1080 396 1216 427 habitura,
1241 397 1320 430 quasi
1347 402 1452 424 vastum
1482 399 1618 432 quoddam
1648 400 1761 435 pelagus

971 441 1096 469 essentia;
1123 442 1351 474 est,inrnrcrrsum
1381 443 1491 477 quidem
1516 449 1542 470 et
1569 445 1716 478 inlirriturn,
1735 450 1763 473 nt

971 488 1107 522 pritrcipio
1125 495 1156 515 ac
1176 489 1228 515 line
1256 495 1353 515 carens
1371 498 1377 516 τ
1395 490 1599 516 interminattrtn
1618 497 1720 522 autem,
1734 496 1762 517 ut

972 542 1020 561 nec
1033 535 1104 566 loco,
1121 542 1169 561 nec
1183 535 1340 561 deﬁnitione
1358 536 1443 569 ipsius
1455 541 1582 562 naturam
1595 538 1761 569 declarante.

972 579 1223 614 circumscriptum.
1241 580 1312 607 Deus
1341 582 1414 607 enim
1438 590 1545 608 omnem
1572 583 1762 616 cogitationem

972 626 1088 657 excedit,
1107 627 1236 662 temporis
1254 627 1373 660 quidem,
1390 632 1482 662 utpote
1502 628 1642 656 infinitus:
1660 635 1764 656 natura:

972 676 1073 704 autem,
1103 677 1194 706 utpote
1226 673 1308 699 nttllis
1334 674 1456 700 terminis
1479 674 1612 701 inclusus.
1638 675 1673 701 At
1699 683 1764 702 vero

974 727 1051 746 urens
1079 719 1151 746 haud
1175 712 1331 750 immerito‘,
1355 724 1382 746 ut
1413 719 1460 746 Dei
1479 720 1578 755 imago.
1604 725 1761 755 pertenuem

977 766 1123 799 quamdam
1135 770 1161 793 et
1173 766 1367 800 pcrehscnram
1385 768 1641 801 contemplationem
1652 769 1762 803 accipit.

973 811 1156 838 Arltnnbratnr
1169 816 1260 839 autent
1277 819 1367 839 mente
1390 813 1470 845 Dens,
1488 822 1540 840 non
1557 822 1588 840 cx
1608 815 1649 842 his
1662 823 1721 849 qtttc
1737 817 1763 841 in

974 857 1033 891 ipso
1059 862 1133 889 sunt,
1155 858 1201 884 sed
1218 866 1279 892 qua:
1295 858 1366 885 circa
1383 858 1470 892 ipsum
1497 865 1569 890 sunt,
1590 860 1614 886 id
1636 865 1689 891 est,
1708 869 1762 887 ltotl

974 910 1005 929 ex
1027 903 1134 937 propria
1151 910 1246 930 trattrra
1273 909 1300 930 ct
1325 905 1444 931 essentia
1461 905 1521 939 (nec
1544 907 1616 932 enim
1633 907 1690 940 ipsa
1708 907 1763 933 ullo

974 950 1054 976 modo
1091 950 1286 984 comprehendi
1325 956 1406 984 atque
1449 952 1627 986 intelligentia
1660 953 1762 987 percipi

974 1000 1061 1029 potest.
1074 1005 1080 1021 :
1097 995 1208 1030 )verttnr
1222 1004 1254 1022 ex
1271 995 1388 1027 effectis.
1401 997 1451 1023 hoc
1462 1002 1512 1028 est,
1523 998 1667 1029 creaturis,
1682 1003 1763 1032 atque

973 1049 1004 1068 ex
1030 1041 1225 1075 gubernatione
1255 1050 1346 1069 rerum
1368 1049 1395 1070 et
1411 1043 1591 1077 providentia.
1618 1043 1685 1070 Nam
1716 1052 1763 1078 pr-r

974 1087 1019 1113 Dei
1050 1087 1174 1115 actiones
1205 1093 1287 1122 atque
1320 1096 1401 1123 opera
1428 1089 1549 1116 subvecti
1564 1095 1591 1116 et
1606 1091 1631 1116 in
1646 1091 1763 1117 sublime

973 1133 1055 1167 rapti,
1083 1141 1115 1160 ac
1138 1141 1186 1168 per
1211 1139 1351 1161 creaturas
1380 1134 1535 1162 Creatoretn
1562 1136 1654 1163 animo
1673 1137 1763 1163 conci-

973 1178 1088 1212 pientcs,
1106 1178 1138 1205 ad
1160 1179 1290 1206 bonitatis
1316 1180 1402 1214 ipsius
1421 1185 1448 1206 et
1465 1181 1604 1215 sapientia:
1629 1182 1763 1216 cognitio-

973 1232 1034 1251 nem
1048 1225 1222 1259 pervenimus
1235 1225 1298 1260 (hoc
1315 1226 1387 1252 enim
1403 1227 1436 1254 de
1449 1228 1503 1253 Deo
1519 1235 1595 1261 cogn:
1609 1228 1645 1255 sei
1661 1232 1760 1262 potest,

972 1272 1043 1306 quod
1074 1271 1145 1298 Deus
1169 1272 1297 1299 omnibus
1323 1273 1482 1300 mortalibus
1512 1274 1647 1308 patefecit)
1680 1279 1762 1309 atque

972 1316 1053 1342 aliam
1070 1316 1188 1350 speciem
1202 1321 1228 1343 et
1244 1316 1466 1351 imaginationem
1481 1326 1512 1345 ex
1528 1319 1579 1345 alia
1593 1327 1622 1346 re
1634 1319 1667 1346 ad
1677 1327 1761 1346 unum

973 1363 1094 1388 veritatis
1109 1362 1289 1390 simulacrum
1313 1371 1345 1389 ac
1371 1364 1578 1390 similitudinem
1596 1365 1760 1399 colligimus.

973 1408 1201 1444 Quandoquidem
1228 1410 1380 1444 spiritualis
1397 1410 1466 1437 lucis
1485 1418 1516 1437 ac
1530 1410 1614 1438 tli\ini
1632 1411 1757 1446 splendo-

973 1455 1011 1480 ris
1023 1455 1178 1488 prresentia,
1190 1459 1220 1482 ut
1234 1463 1349 1490 magnus
1362 1456 1387 1482 in
1405 1456 1504 1482 divinis
1521 1457 1602 1483 rebus
1617 1456 1762 1491 Dionysius

973 1499 1108 1533 loquitur,
1125 1508 1233 1532 eorum,
1251 1503 1297 1534 qui
1314 1500 1469 1534 huiusmodi
1489 1501 1574 1536 gloria
1592 1506 1616 1528 et
1635 1508 1761 1528 contem-

126 1549 274 1583 Antiquior
298 1552 340 1575 est
364 1554 454 1574 autem
475 1547 531 1574 haec
557 1547 590 1574 de
612 1546 759 1573 Nativitate
773 1545 861 1572 oratio
875 1552 916 1576 ca,
933 1563 954 1590 ρ
974 1546 1091 1579 platione
1106 1547 1179 1580 digni
1198 1547 1366 1579 habitisunt,
1385 1553 1501 1574 mentem
1520 1555 1535 1574 a
1554 1548 1645 1575 multis
1661 1548 1762 1576 variis-

127 1603 208 1630 quam
227 1594 262 1621 de
278 1594 345 1621 festo
363 1594 473 1621 Pascha:
487 1593 663 1627 conscripsit.
682 1592 743 1619 llaec
758 1591 830 1619 cnim
847 1591 916 1625 apud

125 1639 394 1674 Constantinopolim
422 1639 493 1665 edita
522 1643 563 1666 est
579 1648 586 1666 :
605 1639 649 1665 illa
668 1644 757 1665 autem
773 1642 917 1672 postquam

127 1693 155 1712 se
170 1685 403 1719 archiepiscopali
421 1684 530 1716 throno,
549 1688 577 1710 nt
594 1683 697 1716 ferunt,
716 1684 881 1710 abdicasset.

161 1731 234 1758 Ibid.
250 1730 282 1757 D.‘
304 1731 384 1762 Deus,
406 1734 431 1757 et
445 1735 502 1757 erat
520 1738 632 1764 semper,
650 1734 674 1756 et
686 1733 736 1761 est,
754 1734 777 1756 et
791 1730 852 1761 erit,
864 1735 916 1756 ctc.

124 1777 251 1805 Platonis
266 1777 292 1803 in
308 1776 405 1803 Tintwo
423 1778 480 1803 haec
496 1778 578 1803 verba
598 1781 672 1804 sunt.
698 1776 771 1808 Erat,
798 1781 823 1803 et
851 1776 917 1807 l'lrit,

124 1823 260 1858 temporis
283 1827 346 1850 sunt
373 1823 478 1856 species
507 1832 514 1849 :
539 1830 607 1857 quas
632 1823 714 1849 etiam
747 1823 919 1857 sempiterna:

123 1870 255 1896 essentia?
269 1876 322 1895 non
340 1874 413 1895 recte
427 1868 583 1895 tribuimus.
602 1867 669 1895 Huic
681 1868 754 1894 erritn
769 1869 816 1894 Est
830 1867 917 1894 solum

124 1924 188 1942 vere
202 1915 346 1942 convenit.
367 1914 408 1941 Ab
423 1922 454 1941 eo
473 1915 556 1949 igitur
574 1915 622 1942 ista
639 1919 780 1940 mutuatus
799 1912 918 1939 Theolo-

123 1970 174 1997 με
189 1962 231 1988 ait
249 1969 256 1988 :
277 1961 341 1987 Erat
359 1966 384 1987 et
397 1960 455 1987 Erit
470 1961 556 1995 hujus
569 1963 654 1987 nostri
681 1960 810 1993 temporis
825 1959 918 1985 fluxa:-

123 2016 176 2043 qne
194 2012 224 2035 et.
243 2007 353 2033 caduca:
375 2010 480 2032 natura:
504 2009 644 2039 segmenta
670 2011 743 2031 sunt.
768 2004 835 2030 Nam
856 2011 917 2029 cum

122 2062 168 2081 res
182 2054 313 2080 humanae
328 2053 354 2078 in
370 2055 446 2078 motu
464 2055 492 2078 et
505 2050 580 2077 ﬂuxu
598 2051 663 2083 sint,
685 2050 819 2084 ejusmodi
837 2050 918 2076 ctiam

123 2107 224 2126 carum
250 2102 356 2132 tempus
373 2104 434 2124 esse
455 2097 551 2132 liquet.
576 2096 663 2131 Hujus
685 2104 749 2130 pars
773 2096 826 2123 alia
849 2104 917 2130 pra:-

124 2146 198 2173 teriit
217 2154 226 2172 :
243 2144 296 2171 alia
314 2143 403 2170 futura
429 2147 482 2171 est.
510 2142 576 2170 Nam
604 2150 724 2177 prmscrrs
741 2143 828 2177 ipsius
844 2141 919 2168 nullo

126 2191 209 2218 modo
235 2189 401 2223 apprehendi
425 2193 525 2223 potest.
553 2188 705 2223 Antequam
731 2188 804 2214 enim
826 2186 920 2222 cogni-

126 2238 202 2264 tione
218 2241 376 2270 perceptum
393 2235 439 2268 sit,
465 2234 553 2262 avolat
574 2240 656 2269 atque
674 2234 813 2261 dilabitur.
840 2232 919 2259 Nunc
935 2228 958 2254 D

125 2284 200 2310 enim
218 2288 270 2309 est.
296 2282 364 2309 Illud
387 2289 469 2317 porro
486 2286 707 2309 momentarretrtn
723 2287 756 2307 ac
774 2279 916 2306 divisionis

125 2338 236 2364 expers.
265 2329 366 2356 lterum
381 2328 535 2355 divinarum
550 2327 601 2353 alia
617 2331 659 2354 est
680 2327 760 2358 ratio,
777 2333 838 2359 quae
853 2332 916 2352 cum

125 2377 202 2403 omni
228 2382 302 2403 motu
333 2381 456 2408 careant,
483 2373 606 2409 profecto
633 2372 784 2400 secundum
810 2378 919 2406 quoque

126 2425 252 2457 ipsarum
276 2422 384 2448 (irninrn
409 2426 436 2449 et
451 2426 580 2449 constans
599 2420 735 2454 uniusque
762 2418 835 2446 modi
857 2425 918 2445 esse

102 2460 104 2462 ⁷
126 2473 244 2494 necesse
262 2470 323 2497 est;
342 2466 409 2491 αἰὼν
424 2466 497 2493 enim
514 2466 569 2492 ἀπὸ
583 2464 630 2492 τοῦ
642 2464 709 2496 αἰεὶ,
727 2465 752 2491 io‘
769 2468 819 2494 est,
837 2463 871 2489 ab
886 2470 919 2488 co

127 2512 203 2548 quod
228 2519 337 2545 semper
361 2512 406 2542 sit,
437 2512 556 2539 nominis
579 2511 772 2547 etymologiam
804 2510 888 2536 sumit
911 2517 918 2536 '.

128 2557 361 2595 quemadmodum
378 2558 471 2592 χρόνος
483 2558 510 2585 id
522 2562 563 2585 est
577 2563 694 2593 tempus,
707 2557 758 2584 ἀπὸ
772 2556 820 2583 τοῦ
833 2556 916 2590 ῥέειν,

129 2607 156 2632 id
176 2609 229 2634 est,
250 2604 284 2630 ab
302 2610 334 2629 eo
362 2603 434 2638 quod
450 2602 527 2630 ﬂuat.
555 2602 689 2636 Quocirca
703 2603 784 2630 rebus
797 2602 841 2632 iis,
858 2608 918 2635 qua:

130 2652 158 2678 in
173 2654 297 2684 tempore
321 2654 385 2676 sunt
405 2657 435 2675 ac
451 2649 613 2683 principium
631 2649 794 2680 habuerunt,
815 2647 879 2674 Erat
896 2652 921 2674 et

131 2697 191 2724 Erit
203 2697 377 2723 couvertiunt.
395 2694 474 2722 Verbi
485 2703 579 2726 causa,
592 2696 673 2722 Pater
684 2703 760 2722 meus
779 2694 835 2721 heri
851 2698 920 2726 erat,

131 2743 215 2770 hodie
229 2749 289 2776 ego,
303 2747 329 2769 et
344 2749 406 2769 cras
423 2749 499 2769 mens
517 2742 598 2769 filius.
615 2742 649 2768 At
667 2741 737 2768 Deus
750 2748 856 2774 semper
869 2746 920 2770 est.

132 2794 170 2822 et,
186 2795 216 2815 ut
232 2797 293 2815 cum
307 2788 475 2824 divitriloquo
495 2788 624 2824 Dionysio
650 2789 751 2820 dicam,
766 2788 921 2814 universam

135 2865 156 2882 "
173 2867 226 2892 lsa.
247 2874 320 2900 XLIV,
336 2867 364 2894 6.

972 1599 1026 1624 que
1052 1592 1194 1618 sententiis
1215 1597 1296 1627 atque
1318 1593 1562 1627 imaginationibus
1590 1593 1624 1620 ad
1645 1593 1670 1620 id
1688 1593 1762 1628 quod

970 1644 1033 1664 vere
1048 1643 1100 1669 est,
1119 1638 1170 1664 lroc
1188 1642 1239 1668 est,
1267 1639 1300 1664 ad
1328 1639 1411 1664 Dentri
1437 1640 1590 1672 convertit,
1609 1647 1641 1666 ac
1667 1640 1762 1666 multi-

971 1684 1050 1718 plicia
1073 1684 1140 1714 visa,
1157 1685 1208 1717 vel,
1227 1690 1256 1711 ut
1273 1685 1373 1719 aptiori
1390 1685 1523 1712 vocabulo
1538 1692 1609 1718 utar,
1631 1686 1763 1721 imagina-

971 1730 1069 1762 tiones,
1090 1731 1122 1757 ad
1143 1739 1223 1757 uuam
1241 1739 1330 1757 veram
1348 1736 1375 1758 et
1394 1739 1488 1765 puram
1504 1736 1587 1766 atque
1600 1732 1759 1759 Uniusmodi

970 1777 1155 1810 cognitionem
1179 1777 1293 1810 colligit.
1310 1776 1465 1808 Quinetiam
1484 1777 1535 1803 hoc
1551 1777 1621 1804 exile
1637 1778 1760 1803 veritatis

971 1822 1168 1853 simulacrum,
1195 1829 1249 1847 non
1274 1823 1354 1848 nardo
1381 1829 1442 1847 cum
1471 1821 1637 1848 intclh-crunr
1669 1821 1762 1854 fuerit,

971 1868 1057 1894 teucri
1076 1876 1128 1893 non
1148 1871 1247 1902 potest,
1270 1868 1316 1894 sed
1338 1876 1369 1894 ne
1386 1868 1465 1902 plene
1480 1868 1589 1901 quidem
1606 1873 1687 1901 atque
1703 1876 1763 1902 pcr-

972 1913 1041 1940 fecte
1063 1913 1175 1948 ilrlolligi
1196 1921 1202 1939 :

971 1959 1096 1992 proripit,
1114 1967 1167 1985 non
1191 1966 1271 1985 secus
1286 1967 1317 1984 ac
1338 1958 1496 1993 fnlg-‘Irnm,
1510 1960 1583 1994 quod
1603 1960 1762 1994 priusquam

971 2005 1049 2038 plene
1066 2010 1243 2039 conspectum
1256 2005 1349 2034 fuerit.
1362 2006 1462 2037 avolat,
1475 2010 1556 2040 atque
1572 2006 1666 2032 oculos
1683 2006 1760 2041 fugit.

970 2049 1057 2083 Quam
1087 2054 1178 2077 autem
1204 2051 1238 2076 ob
1256 2058 1366 2076 causam
1388 2051 1423 2076 ita
1449 2051 1518 2077 [lens
1545 2051 1715 2084 intelligitur,
1734 2057 1764 2078 nt

971 2099 1157 2134 tamen'plene
1175 2099 1275 2132 percipi
1293 2106 1324 2126 ac
1344 2099 1538 2133 conlprehendi
1554 2100 1687 2133 nequeat?
1705 2099 1762 2125 Meo

971 2146 1079 2181 quidem
1095 2145 1211 2180 judicio,
1221 2150 1250 2171 ut
1264 2153 1310 2180 per
1323 2145 1347 2172 id
1362 2146 1434 2180 quod
1448 2145 1622 2178 aliquatenus
1631 2145 1761 2177 Cernitur,

972 2196 1050 2225 atque
1076 2191 1194 2217 obscure
1211 2191 1398 2225 cognoscitur,
1416 2198 1465 2217 nos
1484 2191 1515 2217 ad
1534 2198 1563 2218 se
1587 2191 1674 2217 trahat
1691 2200 1698 2218 :
1717 2199 1763 2225 per

973 2238 1000 2264 id
1017 2241 1107 2264 autem
1127 2237 1198 2272 quod
1220 2237 1394 2271 aliquatenus
1423 2237 1509 2268 cerni,
1527 2244 1576 2263 nec
1593 2241 1681 2263 tarrren
1701 2244 1763 2270 per-

975 2284 1044 2311 fecte
1056 2284 1249 2318 comprehendi
1264 2284 1360 2317 possit,
1378 2290 1428 2309 nos
1443 2283 1474 2309 ad
1497 2283 1538 2310 sui
1555 2283 1761 2309 admirationem

974 2330 1077 2362 trahat,
1094 2336 1175 2364 atque
1192 2329 1400 2356 admirationem
1431 2329 1472 2355 sui
1501 2330 1625 2356 excitans
1654 2329 1697 2362 (ex
1730 2336 1763 2354 co

975 2375 1089 2406 scilicet.
1120 2375 1193 2410 quod
1228 2375 1382 2402 intellectus
1417 2376 1500 2400 nostri
1529 2379 1638 2409 captum
1667 2373 1761 2407 fugiat)

974 2421 1114 2448 ardentius
1159 2425 1264 2447 ametur
1301 2425 1328 2446 cl
1370 2420 1557 2450 desideretur,
1590 2419 1762 2446 desideratus

974 2467 1160 2492 desiderantes
1184 2470 1290 2499 purget,
1321 2472 1353 2491 ac
1379 2464 1527 2491 deiforrncs
1545 2464 1664 2491 efficiat:
1684 2471 1762 2490 curn-

975 2520 1027 2546 que
1056 2519 1088 2538 eo
1116 2515 1274 2545 perventum
1304 2511 1385 2537 fuerit
1406 2510 1463 2544 jam
1481 2509 1653 2536 familiariter
1677 2510 1761 2535 collo-

975 2562 1075 2592 quatur
1090 2556 1160 2583 Dens
1178 2564 1257 2583 verus
1275 2560 1302 2582 et
1323 2555 1454 2582 naturalis
1466 2563 1527 2581 curn
1545 2555 1588 2587 iis,
1602 2555 1648 2589 qui
1664 2563 1763 2582 secun-

972 2605 1035 2631 dum
1054 2603 1168 2637 gratiam
1189 2601 1225 2628 dii
1249 2601 1429 2635 appellantur,
1444 2601 1533 2631 nobis,
1552 2607 1630 2635 prout
1645 2601 1762 2635 quisque

971 2653 1104 2685 purgatus
1119 2648 1210 2678 fuerit,
1234 2647 1340 2674 divinos
1375 2647 1541 2681 cognitionis
1563 2654 1618 2674 sua:
1641 2646 1761 2682 fulgores

972 2697 1105 2727 inserens,
1122 2699 1281 2727 tantumque
1304 2693 1479 2720 innotescens
1501 2697 1583 2727 atque
1609 2693 1762 2728 imaginan-

972 2741 1035 2767 dnm
1055 2747 1084 2767 se
1111 2739 1244 2774 praebens.
1273 2743 1404 2772 quantum
1429 2738 1486 2772 ipse
1511 2746 1620 2773 quoque
1641 2745 1687 2765 eos
1713 2738 1760 2772 qui

973 2791 1081 2821 propter
1097 2785 1180 2812 animi
1213 2785 1356 2820 puritatem
1392 2785 1584 2817 innotescunt,
1609 2784 1760 2819 cognoscit.

1220 1917 1248 1939 nt
1263 1913 1335 1939 cnim
1351 1913 1478 1947 cognosci
1499 1913 1605 1946 incipit,
1618 1913 1709 1939 statim
1733 1921 1763 1939 se
1803 1930 1809 1937 .
