2027 3162
273 156 342 189 1191

982 149 1175 179 ΛΒΒΕΝΠᾹ.

1835 142 1905 175 1192

271 212 399 246 Adiunxi!
417 215 518 243 autem,
535 209 672 241 Fortasse,
699 207 731 234 ad
747 204 924 239 mitigandum
942 203 966 230 id
982 204 1055 238 quod
1072 206 1091 232 Α
1107 209 1190 235 retur,
1208 207 1262 230 etc.
1282 202 1429 239 Postquam
1455 206 1538 233 Deum
1569 207 1733 233 ίηγιιεηςηηι
1765 213 1825 231 ps,»
1838 212 1903 238 pro-

271 260 387 290 dixerat,
397 257 478 284 Deum
492 264 506 283 a
525 256 604 282 nobis
616 262 664 290 pro
677 251 845 288 purgationis
865 251 970 278 ratione
982 258 1059 277 com-

273 305 414 340 prehendi.
431 303 522 337 Neque
533 302 604 328 enim
621 300 768 334 quisquam
793 299 829 325 ita
850 297 935 324 Deum
958 304 1060 330 cogno-

272 359 349 378 scere
366 354 462 384 potest,
489 352 518 375 ut
543 348 577 374 ab
602 347 661 382 ipso
683 347 807 381 cognitus
824 349 876 372 est.
897 343 953 371 Hoc
967 347 1059 370 autem

271 398 305 424 ab
320 396 447 431 Apostolo
466 398 606 421 mutuatus
622 398 673 425 est,
692 392 725 419 de
747 391 845 418 future
860 391 922 417 vitae
938 393 1010 416 statu
1030 390 1055 414 in

272 445 328 470 haec
341 443 419 469 verba
436 442 467 468 ad
485 441 641 468 Corinthios
655 438 791 466 scribente
806 446 812 464 :
843 436 921 463 Nunc
933 441 1059 469 cognosco

269 495 302 515 ex
327 494 412 523 parte,
444 493 507 514 tunc
541 492 628 513 autem
654 492 795 520 agnascam
821 483 889 510 sicut
917 487 940 509 et
957 481 1060 516 agnitus

269 533 370 562 sum“.
383 534 459 567 Quod
475 533 584 568 quidem
608 533 647 559 sie
677 531 804 565 exposuit
822 529 1035 564 Chrysostomus
1052 535 1059 554 :

270 579 505 614 Quemadmodum
517 578 642 605 Christus
659 576 702 603 hic
718 576 750 602 ad
771 583 812 602 me
824 574 954 606 accurrit,
964 579 1060 607 meque

270 627 467 654 necessitudine
498 626 548 652 sibi
580 624 714 658 adjunxit,
762 622 857 649 eodem
886 620 966 647 modo
1002 620 1060 653 ipse

269 680 377 708 quoque
396 677 460 699 tunc
473 671 504 697 ad
517 677 579 698 eum
594 676 749 696 occurrant.
769 667 834 694 Illud
855 671 956 698 autem,
986 664 1060 692 Sicut

269 719 373 753 agnitus
389 725 457 749 sum,
475 717 544 743 idem
559 720 600 742 est
617 723 648 741 ac
661 714 682 740 si
698 714 810 745 diceret,
829 712 906 739 Sicut
931 711 980 746 ipsi
1009 718 1056 737 ue—

269 763 435 791 cessitnduie
461 762 574 796 junctus
607 768 678 786 sum.
706 758 773 785 Nam
807 757 957 785 secundum
986 757 1060 782 illitis

271 809 482 837 nechsitudinis
515 808 658 838 rationem,
683 814 737 841 qua
763 805 789 832 in
806 805 856 831 hac
881 804 936 831 vita
950 810 1010 830 cum
1027 810 1060 828 eo

272 855 409 890 to'vjuucti
439 853 583 884 fuerimus,
616 858 678 879 tuuc
705 860 765 878 euut
786 857 995 885 cognoscemus,
1014 849 1059 875 alii

271 901 387 936 plenius,
415 900 460 926 alii
492 899 601 926 exilius.
618 898 852 930 Quemadmodom
879 896 951 922 enim
974 895 996 921 si
1013 902 1057 920 rex
1077 884 1097 911 Β

271 946 407 981 quispiam
422 945 552 972 infantem
563 945 588 971 in
602 944 674 971 bitio
686 943 859 977 pxovulutum
874 946 982 972 nactus,
998 947 1058 966 cum

271 993 414 1020 sustulerit
428 997 510 1026 atque
523 991 703 1025 adoptaverit,
719 990 847 1023 omnique
868 988 952 1023 gloria
977 991 1060 1021 atque

272 1039 376 1066 honore
387 1037 578 1070 cumulaverit,
610 1041 668 1063 tum
683 1036 804 1071 quidem,
820 1039 847 1060 ut
867 1034 894 1060 in
920 1041 950 1060 ea
970 1037 1059 1063 aetate,

271 1091 403 1120 quantum
426 1085 585 1111 benelicium
603 1082 748 1117 acceperit.
774 1082 871 1111 nescit,
895 1087 926 1107 ac
945 1079 1058 1114 proinde

272 1140 321 1159 nec
335 1132 404 1159 tanti
433 1130 558 1158 beneﬁcii
581 1134 731 1160 auctorem,
764 1128 835 1155 sicut
851 1126 997 1154 verisimile
1009 1129 1060 1158 est,

272 1187 365 1206 amore
389 1177 597 1212 complectitur;
631 1182 658 1202 at
688 1179 866 1209 posteaquam
898 1173 930 1199 ad
957 1172 1060 1199 virilem

271 1230 379 1253 atatem
406 1223 575 1259 pervenerit,
600 1227 681 1256 atque
694 1220 855 1248 intellexerit
870 1226 885 1245 ε
908 1225 963 1252 quo
988 1221 1060 1244 statu

273 1279 354 1306 atque
369 1271 476 1298 fcituua
494 1271 528 1297 ad
545 1274 645 1296 tantaut
662 1268 819 1302 dignitatem
840 1267 986 1293 subvectus
1004 1265 1063 1292 fuc-

273 1319 318 1349 rit,
341 1323 398 1344 tum
425 1324 489 1342 vero
512 1324 585 1346 eum,
610 1323 623 1340 a
654 1322 708 1348 quo
739 1317 814 1339 lauto
833 1313 936 1338 honore
947 1312 1062 1338 aﬂ‘cctus

275 1363 336 1393 fuit,
353 1361 467 1395 suspicit
488 1367 568 1394 atque
590 1367 682 1386 amore
706 1359 879 1393 prosl~quitur
900 1367 906 1383 :
926 1357 1061 1384 consimili

275 1410 354 1436 modo
373 1416 422 1434 nos
437 1415 556 1442 quoque,
574 1407 620 1441 qui
642 1406 668 1432 iu
699 1406 748 1431 hac
777 1406 840 1436 vita,
870 1409 1000 1438 quantuni
1029 1404 1061 1429 ad

273 1455 455 1490 cognitionem
471 1452 788 1484 ctscientiam,infantes
799 1459 902 1478 sumus,
917 1455 1060 1485 postquam

275 1501 300 1526 in
318 1500 410 1527 futuro
427 1499 529 1527 s:cculo
545 1499 739 1532 perfectionem
753 1498 893 1524 consecuti
917 1496 1061 1526 fuerimus,

275 1553 331 1574 tum
345 1547 454 1574 demum
470 1553 678 1581 cognoscemus,
704 1553 758 1580 quo
775 1545 855 1570 modo
884 1543 980 1578 agniti,
1011 1542 1062 1568 hoc
1079 1559 1098 1585 α

273 1599 325 1626 est,
338 1602 394 1628 quo
411 1593 491 1619 modo
510 1593 600 1618 dilecti
615 1592 759 1618 fuerimus.

312 1639 370 1666 Col.
387 1639 438 1665 519
455 1639 487 1664 Α.
508 1637 655 1664 lnuuensus
665 1637 747 1671 igitur
761 1641 784 1662 et
798 1636 917 1669 iri/initus
929 1641 967 1663 est
982 1635 1062 1667 Deus,

275 1691 326 1712 ctc.
348 1685 491 1718 Divinitas,
512 1687 644 1719 quantum
658 1684 690 1709 ad
709 1689 842 1709 naturam-
857 1683 1064 1717 inconiprelu-u-

274 1732 363 1758 sibilis
376 1736 417 1758 est
433 1740 439 1757 :
457 1739 528 1766 aegre
540 1735 629 1756 autem
645 1728 912 1764 comprehensibilis,
931 1734 1062 1763 quantum

274 1779 307 1805 ad
327 1786 356 1805 ea
375 1785 436 1812 quae
457 1777 529 1804 circa
558 1777 645 1811 ipsam
670 1779 747 1806 sunt,
774 1777 823 1801 hoc
840 1779 893 1807 est,
907 1775 1020 1802 consilia
1038 1780 1063 1802 ct

273 1825 498 1861 gubernationem
539 1829 619 1858 atque
658 1830 740 1857 opera
770 1831 776 1849 :
808 1822 1063 1856 comprehensibilis

273 1877 363 1898 autem
383 1877 514 1906 quantum
535 1870 568 1896 ad
593 1869 804 1896 immensitatem
830 1873 856 1894 ct
880 1867 1062 1894 inﬁnitatem:

273 1917 450 1952 quantumvis
467 1915 620 1943 Eunomius
631 1915 770 1943 existimet
796 1913 892 1946 Deum,
910 1915 975 1948 quia
997 1914 1063 1941 siut-

274 1965 333 1998 plex
349 1965 394 1996 sit,
409 1970 583 1998 nequaquam
601 1969 672 1997 zrgre
699 1960 893 1995 comprehendi
924 1960 1064 1994 animique

274 2012 501 2047 Contemplationc
523 2011 624 2045 percipi
639 2018 730 2045 posse,
744 2011 790 2036 sed
815 2009 855 2036 vel
885 2016 999 2043 prorsus
1021 2009 1063 2034 iii-

273 2057 550 2091 coniprchcusibilem
567 2063 637 2088 esse,
660 2056 700 2082 vel
727 2063 839 2089 prorsus
856 2056 1060 2088 comprehensi-

275 2104 367 2134 bilem,
389 2107 480 2136 utpote
497 2102 618 2136 partibus
633 2106 783 2132 carentem,
796 2101 926 2134 omnique
939 2107 972 2127 ex
990 2106 1064 2134 parte

274 2149 318 2176 sui
338 2149 466 2175 similem.
489 2149 520 2174 In
536 2148 696 2181 compositis
724 2147 796 2173 enim
815 2147 891 2178 solis,
923 2147 1022 2180 inquit,
1039 2147 1064 2172 id

275 2196 365 2222 locum
398 2194 489 2226 habet,
517 2199 546 2220 ut
573 2201 616 2220 res
642 2193 733 2227 aliqua
764 2192 862 2227 partim
888 2192 1062 2227 intelligatur,

1113 251 1258 281 nuntiavit.
1278 259 1361 280 nunc,
1378 252 1442 287 quid
1457 253 1494 280 sit
1512 253 1676 279 immensum
1698 251 1830 282 ostendit.
1865 251 1905 276 ni-

1113 298 1211 324 tnirnm
1231 299 1257 324 id
1271 298 1342 332 quod
1360 299 1493 333 principio
1514 303 1539 324 et
1559 298 1610 325 ﬁne
1622 298 1749 332 superius
1766 302 1818 327 est.
1836 306 1905 331 qua-

1113 345 1145 371 lis
1161 344 1232 371 Deus
1247 344 1320 371 solus
1335 349 1386 371 cst.
1401 344 1468 372 Cum
1481 345 1563 379 igitur
1584 344 1616 371 ad
1635 344 1779 378 superiora
1803 344 1902 371 sa‘eula

1112 391 1278 427 cogitatione
1293 391 1415 418 subvecti
1433 390 1577 423 fuerimus,
1596 395 1677 425 atque
1689 391 1716 417 in
1728 390 1830 417 divinze
1844 391 1904 417 vitae

1112 438 1335 470 immensitatem,
1353 437 1463 465 velutin
1480 437 1665 464 vastissimum
1691 436 1832 471 quoddam
1854 444 1902 470 pe-

1112 486 1200 520 lagus,
1217 485 1448 520 prospexerinius,
1463 485 1524 520 quia
1542 485 1656 511 nullum
1675 484 1854 518 principium.
1873 491 1902 509 ex

1112 538 1165 566 quo
1178 530 1311 564 originem
1329 529 1448 562 duxerit,
1467 530 1587 564 arripere
1602 537 1763 563 possumus,
1791 528 1839 555 sed
1856 535 1903 554 ex—

1112 578 1240 604 teriorem
1253 584 1359 610 semper
1374 584 1405 603 ac
1420 575 1608 603 sublimiorem
1623 574 1791 609 cogitatione
1809 578 1900 600 nostra

1114 624 1158 651 Dei
1176 624 1258 650 vitam
1274 631 1334 650 esse
1354 622 1608 651 animadvertimus.
1637 621 1697 647 ideo
1725 620 1760 647 ab
1779 627 1813 647 eo
1834 619 1903 654 quod

1112 670 1246 705 principio
1258 674 1360 700 careat,
1377 669 1505 704 ἄναρχον,
1520 668 1546 695 id
1560 672 1610 700 est,
1622 667 1748 702 principii
1764 670 1903 701 expertem

1113 717 1319 751 appellavimus.
1338 715 1444 742 Rursus
1459 722 1521 742 cum
1539 715 1572 741 ad
1592 713 1766 741 succedentia
1783 718 1812 740 et
1835 712 1903 739 infc-

1114 764 1186 791 riora
1214 763 1271 790 haec
1302 762 1399 789 sarcula
1428 765 1547 788 mentem
1571 759 1790 791 extendcrimus,
1811 766 1845 786 ac
1859 758 1902 785 Dei

1113 812 1196 838 vitam
1211 809 1285 837 nullo
1297 809 1413 836 terlnino
1441 807 1581 835 definitam
1603 813 1664 834 esse
1693 805 1831 837 videmus,
1864 804 1903 831 in-

1114 855 1285 883 terminatum
1304 854 1369 881 illud
1389 857 1470 888 atque
1490 853 1666 883 imtnensum,
1694 859 1745 878 nec
1781 852 1837 877 line
1850 850 1902 877 ullo

1115 901 1364 936 circumscriptum,
1378 899 1533 927 immortale
1548 903 1631 933 atque
1654 897 1784 925 interitus
1806 904 1902 932 expers

1116 950 1300 977 nominamus.
1314 948 1382 975 Cum
1396 953 1485 974 autem
1503 951 1530 974 et
1546 945 1671 981 principii
1696 944 1852 972 carentiam
1875 951 1904 970 cx

1115 995 1248 1031 superiori
1263 1000 1393 1029 tempore,
1417 998 1444 1021 et
1471 993 1704 1020 immortalitatem
1729 999 1763 1018 ex
1779 989 1903 1017 inferiori

1115 1043 1314 1077 collegerimus,
1331 1046 1387 1067 tum
1403 1049 1467 1067 vero
1483 1039 1566 1066 Donni
1586 1038 1707 1071 αἰώνιον,
1720 1038 1744 1064 id
1755 1042 1811 1069 est,
1829 1041 1907 1064 teter-

1116 1098 1180 1116 num
1201 1089 1329 1116 dicimus.
1348 1087 1414 1114 Nam
1432 1087 1570 1114 aeternitas
1587 1094 1634 1112 seu
1659 1084 1790 1112 saeculum
1810 1084 1838 1110 in
1856 1083 1906 1109 Deo

1116 1144 1167 1163 nec
1178 1141 1285 1170 tempus
1303 1139 1355 1166 est,
1372 1143 1423 1162 nec
1433 1133 1566 1161 dimensis
1588 1132 1767 1167 temporibus,
1790 1131 1846 1157 hoc
1857 1134 1906 1161 est,

1116 1183 1212 1210 diebus
1228 1190 1259 1210 ac
1274 1181 1426 1212 mensibus,
1450 1181 1590 1214 subjacet;
1608 1186 1702 1206 verum
1724 1177 1907 1212 quemadmo-

1116 1229 1179 1255 dum
1196 1233 1303 1262 tempus
1321 1227 1371 1254 hoc
1388 1231 1511 1254 nostrum
1526 1225 1625 1253 solaris
1651 1232 1750 1251 cursus
1779 1230 1906 1250 mensura

1116 1275 1253 1306 delinitur,
1271 1274 1311 1301 sic
1329 1273 1433 1300 inﬁnita
1447 1273 1490 1300 illa
1519 1273 1679 1307 protractio,
1711 1279 1775 1304 qute
1796 1270 1906 1297 :eterais

1118 1322 1198 1348 rebus
1217 1321 1298 1352 inest,
1319 1320 1448 1348 saeculum
1473 1319 1540 1353 ipsis
1560 1318 1687 1348 edicitur,
1707 1316 1787 1351 quasi
1803 1321 1909 1349 tempo-

1118 1368 1183 1394 ralis
1197 1368 1307 1402 quidam
1326 1367 1421 1394 modus
1449 1370 1476 1392 et
1498 1365 1681 1392 intervallum.
1710 1363 1779 1390 illud
1803 1368 1908 1394 autem,

1117 1414 1194 1448 quasi
1222 1413 1343 1448 quidam,
1368 1413 1466 1447 adjecit
1496 1411 1662 1445 Theologus,
1694 1410 1766 1444 quod
1782 1414 1906 1435 exactam

1118 1460 1293 1493 numerisque
1306 1459 1433 1485 omnibus
1448 1457 1600 1485 absolutam
1615 1456 1706 1483 seculi
1724 1463 1773 1482 scit
1797 1454 1907 1482 aeterni-

1119 1505 1181 1531 tatis
1197 1504 1403 1537 descriptionem
1419 1503 1540 1538 proferre
1557 1509 1611 1528 non
1628 1506 1729 1535 posset.

1152 1551 1218 1577 Ibid.
1251 1550 1334 1584 Atque
1362 1549 1436 1576 nobis
1462 1549 1488 1574 in
1518 1548 1660 1582 pra-sentin
1693 1547 1725 1573 de
1749 1546 1825 1578 Deo,
1856 1551 1907 1573 etc.

1118 1596 1269 1628 Suﬂiciunt,
1289 1596 1387 1630 inquit,
1406 1602 1438 1622 ea
1454 1602 1514 1629 quae
1530 1594 1562 1620 de
1573 1593 1628 1619 Deo
1645 1593 1716 1619 dicta
1731 1597 1806 1618 sunt.
1817 1590 1910 1626 Neque

1115 1643 1187 1670 enim
1205 1643 1256 1669 hoc
1272 1641 1332 1668 loco
1349 1641 1500 1668 divinitatis
1515 1639 1665 1666 doctrinam
1680 1638 1822 1671 explicare
1842 1645 1907 1672 pro-

1115 1689 1206 1724 posui,
1225 1688 1272 1715 sed
1286 1686 1485 1714 incarnationis
1502 1694 1534 1713 ac
1567 1684 1777 1712 summissionis
1805 1684 1909 1711 Christi

1116 1736 1260 1763 consilium
1278 1735 1403 1761 oratione
1418 1733 1572 1768 complecti.
1593 1731 1680 1759 Porro
1702 1731 1837 1758 divinitas
1856 1738 1907 1758 non

1116 1782 1186 1808 ultra
1206 1786 1261 1808 tres
1277 1788 1408 1815 personas
1437 1779 1620 1814 progreditur,
1639 1786 1688 1805 nec
1719 1785 1818 1804 rursus
1837 1778 1906 1804 intra

1115 1831 1171 1854 tres
1188 1833 1317 1861 persoaas
1347 1826 1519 1853 contrahitur
1548 1829 1630 1859 atque
1657 1824 1906 1852 circumscribitur.

1117 1872 1174 1900 lloc
1191 1873 1263 1899 enim
1286 1871 1392 1898 Judaici
1407 1872 1511 1898 erroris
1538 1875 1589 1902 est,
1610 1878 1690 1898 unam
1721 1875 1829 1897 tantum
1848 1878 1909 1905 per-

1115 1926 1211 1947 sonam
1237 1917 1422 1952 agnoscentis,
1435 1924 1467 1944 ac
1484 1917 1635 1943 divinitatis
1649 1920 1759 1950 egestas
1777 1921 1804 1943 et
1819 1924 1906 1950 penu-

1116 1965 1165 1992 ria.
1181 1963 1309 1999 Ejusdem
1321 1963 1394 1990 enim
1406 1962 1554 1996 impietatis
1567 1967 1618 1993 est,
1637 1966 1661 1989 et
1680 1969 1728 1996 per
1744 1961 1828 1988 unius
1844 1970 1907 1996 per-

1116 2019 1189 2038 sona:
1201 2010 1380 2038 assertionem
1397 2009 1540 2036 Judaismo
1566 2007 1667 2039 favere,
1696 2012 1723 2035 et
1743 2016 1792 2042 per
1809 2008 1907 2034 multa-

1116 2065 1175 2084 rum
1197 2057 1392 2084 astructiouem
1410 2056 1565 2091 gi-ntilisiuo
1599 2054 1906 2089 patrocinariztametsi

1116 2110 1146 2128 ca
1161 2103 1187 2129 in
1206 2103 1353 2129 contrariis
1371 2101 1552 2136 reperiantur.
1577 2100 1668 2128 Unum
1688 2101 1760 2128 cnim
1778 2102 1907 2128 multitu-

1117 2148 1171 2174 dini
1188 2148 1358 2181 adversatur,
1377 2156 1409 2174 ac
1440 2148 1561 2175 vicissim
1586 2148 1740 2174 multitudo
1774 2148 1822 2174 uni
1841 2155 1908 2174 con-

1116 2193 1200 2219 traria
1213 2198 1264 2220 est.
1283 2195 1309 2220 ld
1325 2198 1414 2220 autem
1431 2193 1534 2220 idcirco
1551 2193 1619 2220 dixit
1642 2192 1810 2228 Theologus,
1832 2194 1904 2228 quod

275 2242 373 2276 partim
390 2240 527 2275 incognita
547 2245 667 2266 maneat.
686 2239 773 2274 llnjus
789 2243 880 2265 autent
897 2238 1060 2265 Eunomiani
1076 2234 1102 2264 D
1115 2239 1251 2266 contraria
1263 2247 1305 2270 ea.
1323 2248 1383 2274 quae
1407 2240 1498 2267 medio
1524 2243 1630 2273 carent,
1665 2240 1736 2267 hanc
1767 2240 1903 2267 rationem

273 2286 447 2313 tleliramenti
479 2285 538 2312 hate
565 2289 607 2312 est
637 2284 748 2312 solutio.
765 2283 932 2318 Simplicitas
954 2283 980 2310 in
1007 2282 1062 2310 Deo

275 2337 380 2359 ιιιιιιιιιῑ
404 2333 538 2358 rationem
564 2338 617 2358 non
633 2331 724 2363 habet,
743 2335 770 2357 ut
796 2338 829 2356 ex
860 2337 891 2356 ea
915 2329 1059 2364 quisquam

274 2378 394 2413 colligat,
417 2385 490 2409 eum,
510 2378 572 2411 quia
603 2376 718 2411 simplex
738 2376 784 2409 sit,
818 2375 858 2402 vel
880 2383 1002 2410 prorsus,
1020 2375 1062 2402 vel

274 2425 351 2453 nullo
364 2424 445 2451 modo
464 2423 657 2458 comprehendi
672 2430 762 2457 posse.
792 2421 890 2449 Verutu
919 2422 992 2449 aliud
1021 2426 1063 2449 est

274 2472 365 2498 divina
385 2475 493 2502 natura,
517 2470 680 2504 simplicitas
709 2474 799 2496 autent
831 2469 905 2495 circa
931 2473 1059 2495 naturam

273 2516 473 2542 consideratur.
495 2514 627 2547 Quocirca
650 2514 825 2549 qua-rendum
840 2515 915 2548 prius
928 2518 980 2546 est,
995 2515 1060 2549 quid

273 2561 308 2591 sit
324 2563 394 2588 Deus
412 2568 544 2596 quantum
562 2562 595 2587 ad
613 2566 749 2591 naturam,
767 2568 849 2594 quam
878 2560 910 2586 de
927 2561 1061 2594 simplici-

272 2613 330 2635 tate
343 2607 499 2641 loquamur,
526 2615 588 2641 qute
605 2611 730 2633 naturam
754 2606 943 2640 consequitur.
970 2605 1061 2639 Quare

273 2653 340 2682 nihil
356 2653 490 2686 prohibet,
519 2653 665 2687 quominus
685 2652 793 2679 diversa
824 2652 940 2684 ratione,
966 2657 992 2679 et
1018 2653 1061 2679 in-

272 2699 540 2733 comprehensibilis,
572 2703 600 2725 et
618 2698 816 2734 comprehensu
846 2699 963 2726 ditlicilis
990 2698 1062 2727 Deus

273 2745 289 2772 d
302 2751 390 2772 catur.

310 2791 376 2820 Ibid.
392 2791 454 2818 Jam
471 2799 529 2818 vero
549 2799 611 2818 cunt
623 2792 787 2819 immensitas
800 2792 925 2827 bifariam
944 2791 1062 2819 conside-

311 2870 334 2885 ⁸⁸
348 2870 428 2898 lCor.
446 2879 505 2904 xui,
523 2871 566 2898 12.

1116 2283 1216 2310 habere
1232 2284 1324 2316 sciret,
1344 2289 1372 2311 ut
1388 2284 1410 2311 si
1422 2285 1537 2311 alterum
1558 2283 1716 2319 fugiendum
1743 2284 1779 2312 sit
1803 2290 1834 2312 ut
1848 2293 1905 2312 ma-

1116 2330 1183 2361 lum,
1199 2330 1313 2356 alterum
1329 2331 1442 2357 omnino
1469 2330 1650 2364 expetendum
1676 2331 1711 2357 sit
1736 2337 1764 2357 ut
1782 2331 1906 2358 bonum;

1115 2382 1143 2403 at
1155 2376 1181 2403 in
1193 2377 1348 2408 contrariis,
1364 2383 1425 2411 qum
1439 2377 1559 2404 medium
1578 2377 1737 2408 admittunt,
1754 2381 1906 2412 utrumque

1116 2427 1266 2449 extremum
1294 2422 1450 2458 fugiendum
1476 2430 1548 2455 esse,
1577 2427 1606 2449 ut
1626 2430 1770 2449 excessum
1799 2430 1834 2450 ac
1860 2424 1908 2450 de-

1117 2467 1227 2496 fectum.
1241 2469 1320 2496 Verbi
1336 2476 1417 2496 causa
1439 2468 1687 2503 intemperantiam,
1707 2473 1735 2495 ct
1757 2469 1907 2503 stupidita-

1116 2519 1168 2541 tem
1180 2515 1264 2542 animi
1278 2515 1311 2541 ab
1326 2515 1400 2541 omni
1421 2514 1568 2549 voluptatis
1599 2515 1691 2549 specie
1714 2514 1906 2546 abhorrentis,

1116 2569 1192 2595 teque
1225 2561 1369 2595 fugiendus
1393 2568 1466 2591 esse,
1495 2560 1704 2595 temperantiam
1723 2565 1830 2591 autem,
1846 2569 1906 2595 quae

1117 2608 1235 2634 mcdiutu
1259 2609 1329 2634 inter
1354 2615 1401 2634 eas
1434 2608 1524 2634 locutu
1556 2611 1645 2640 tenet,
1671 2606 1906 2641 amplectendam.

1116 2653 1186 2687 Ergo
1201 2654 1296 2681 eodem
1315 2654 1394 2681 modo
1405 2654 1448 2681 hic
1469 2662 1578 2689 quoque
1611 2654 1785 2688 gentilismus
1815 2659 1843 2680 et
1857 2653 1908 2680 Ju-

1115 2699 1321 2727 daisutusinter
1340 2707 1369 2727 se
1395 2705 1515 2734 pugnant
1540 2707 1572 2727 ac
1599 2699 1854 2733 reprehenduntur,
1878 2704 1909 2726 ιιι

1114 2752 1244 2772 excessus
1257 2749 1284 2772 et
1302 2745 1440 2779 defectus;
1456 2745 1729 2779 atChristianismus,
1741 2752 1769 2772 ut
1782 2747 1910 2774 medium

1115 2791 1255 2825 quiddam,
1268 2791 1295 2818 in
1311 2791 1390 2819 laude
1405 2791 1526 2826 ponitur.
