2027 3162
156 217 222 250 1193

595 220 755 252 NICETAS
778 222 818 252 IN
837 223 948 254 ORAT.
971 224 1125 256 XXXVIII
1144 226 1173 257 S.
1195 228 1308 261 GREG.

1712 239 1780 274 1194

1282 259 1286 260 ⁷
1301 259 1307 261 ⁷
1712 259 1780 274 ιιῠιι

187 276 245 305 col.
256 259 357 305 519.0.
368 275 412 303 Sic
423 275 690 310 nimirum.etc.Sie,
704 279 803 314 inquit,
816 286 847 308 se
861 280 941 308 habet
955 285 976 311 Α
996 281 1046 308 hoc
1069 286 1122 315 est,
1140 291 1195 310 non
1215 290 1326 320 propter
1353 289 1544 320 necessitatem
1559 313 1568 326 ,
1597 296 1644 323 sed
1671 303 1782 334 propter

187 327 244 334 η-.-
262 322 381 334 τηε-Ξ.--
406 330 485 334 .._.-_-
503 331 548 334 ---
567 323 664 334 αμμΑ..
684 329 773 334 μμηκ.γ
804 333 809 334 γ
995 326 1001 334 I
1052 327 1070 334 ι.
1095 333 1100 334 γ
1199 330 1205 334 .

153 327 247 351 sancta
262 322 392 353 Trinitas,
403 330 486 358 quam
500 331 551 358 ego
567 323 668 352 Sancta
682 329 841 353 sanctorum
857 334 938 360 voco,

153 374 182 397 ut
194 377 301 396 omnem
314 368 486 396 sanctitatem
501 370 527 397 in
553 377 584 398 se
613 371 838 406 complectentem
856 382 864 400 :
879 381 940 407 qua

151 414 260 450 quidem
271 419 298 442 et
313 422 328 442 a
344 415 487 450 Seraphim
499 417 656 451 contegitur
677 417 772 451 (porro
799 417 937 454 incognita

151 460 196 487 illa
228 466 257 487 et
279 460 384 487 occulta
413 460 561 489 divinitatis
588 462 748 496 magnitudo
768 470 817 498 per
832 463 937 491 alarum

150 506 387 543 eomplicationem
401 507 570 543 designatur)
588 515 620 535 ac
636 508 724 536 tribus
747 509 937 538 sanctitatibus

147 539 230 587 atque
246 560 300 580 una
320 539 508 581 dominatione
522 555 688 582 celebratur.
701 555 768 583 Nam
785 557 862 592 juxta
879 564 938 584 ma-

147 606 229 633 gnum
247 599 427 627 Athanasium
443 601 542 628 eximia
555 601 612 628 haec
634 601 762 629 animalia
780 607 820 630 ter
839 603 937 632 dictio-

147 653 207 672 nem
222 645 306 679 lianc,
318 645 446 677 Sanctus,
464 647 641 681 proh-rentia,
658 652 719 680 ,tres
743 656 875 683 personas
892 651 938 677 ab-

145 690 235 717 solute
247 691 414 719 ostendunt:
436 700 533 720 rursus
546 700 578 720 eo
600 694 673 729 quod
695 695 780 722 semel
803 695 936 724 duntaxat

146 745 247 763 nomen
265 738 325 770 hoc,
347 739 487 771 Dominus,
511 739 640 771 clamant,
668 741 817 768 essentiam
843 741 935 769 decla-

143 786 214 807 rant.
235 781 370 814 Quoniam
389 787 480 811 autem
504 791 612 811 summo
636 785 673 812 illi
702 786 785 819 bono,
813 786 865 815 hoc
881 792 934 820 est,

143 823 208 856 Deo,
223 825 272 859 qui
297 826 444 854 essentiale
470 828 572 855 bonum
591 834 643 862 est,
662 836 836 865 nequaquam
865 831 935 859 satis

141 875 201 896 erat
216 878 267 898 sua
285 871 370 906 ipsius
387 873 476 900 solum
501 875 731 909 contemplatione
762 877 877 910 moveri,
907 877 933 905 id

140 920 193 947 est,
222 916 344 951 seipsum
370 919 548 954 contemplari
577 925 659 955 atque
682 921 854 957 intelligere,
885 923 933 950 sed

142 961 258 989 dilfumli
276 970 307 989 ac
326 965 470 998 propagari
487 965 589 992 bonum
604 966 671 994 illud
701 967 857 1001 oportebat,
881 970 933 996 hoc

140 1012 192 1038 est.
211 1016 297 1035 unum
318 1009 401 1038 Deum
419 1019 468 1046 pro
489 1013 594 1041 ratione
622 1021 730 1047 eorum,
762 1024 822 1050 qua:
845 1017 932 1051 ipsius

140 1056 252 1087 capacia
264 1060 367 1089 essent,
385 1065 432 1092 per
444 1058 578 1086 bonorum
605 1068 719 1089 suorum
744 1064 934 1092 communica-

139 1099 242 1128 tionem
257 1101 370 1131 diﬁundi
387 1111 418 1132 ac
435 1105 623 1140 multiplicari.
641 1106 729 1142 (Quod
757 1114 847 1137 autem
865 1111 904 1137 ait
922 1119 929 1139 :

138 1145 304 1180 Oportebat,
324 1156 378 1176 non
404 1153 592 1179 necessitatem
621 1153 718 1187 aﬂert,
747 1156 793 1183 sed
825 1157 931 1190 opiﬁcis

138 1193 308 1222 voluntatem
325 1195 493 1224 subindicat.
508 1198 567 1233 Ipsa
580 1200 652 1227 enim
664 1201 705 1228 lex
721 1206 764 1229 est
775 1210 931 1238 congruen-

136 1238 270 1274 tissima.)
286 1241 434 1275 Quoniam,
450 1243 549 1279 inquit,
567 1245 603 1273 ita
627 1248 781 1282 oportebat,
799 1250 929 1284 primum,

135 1289 167 1311 ut
192 1288 261 1314 ordo
280 1288 419 1323 seriesque
445 1295 548 1319 sterum
573 1292 687 1326 ferebat,
700 1295 812 1330 angelos
829 1297 930 1326 intelli-

134 1331 229 1365 gentia
253 1335 387 1369 concepit.
406 1335 495 1370 Atque
518 1338 562 1366 hic
580 1339 628 1366 tibi
645 1340 927 1376 animadvertendum,

133 1378 287 1413 principem
303 1388 397 1408 eorum
415 1391 476 1418 quae
492 1384 571 1418 ﬁunt,
590 1394 714 1419 causam,
730 1387 838 1417 Patrem
855 1398 927 1424 esse,

132 1424 299 1453 effectricem
318 1435 384 1455 vero
399 1428 510 1462 Filium,
525 1432 714 1466 perlectricem
729 1440 820 1463 autem
840 1435 928 1471 Spiri-

132 1475 191 1498 tum
209 1478 334 1500 sanctum
349 1481 356 1501 :
371 1474 406 1501 ita
423 1480 452 1502 ut
462 1475 551 1504 Patris
563 1479 674 1512 quidem
686 1481 826 1510 voluntate
839 1483 928 1513 admi-

133 1517 212 1544 nistri
226 1519 340 1552 spiritus
354 1521 507 1550 exsistant:
520 1524 627 1553 actione
642 1533 706 1553 vero
720 1526 779 1555 Filii
791 1528 817 1555 in
835 1536 926 1557 rerum

131 1567 262 1592 naturam
292 1566 479 1600 producantur
506 1577 513 1596 :
532 1568 651 1604 Spiritus
672 1577 765 1601 autem
781 1577 924 1609 prmsentia

129 1610 328 1646 perfectionem
359 1617 386 1640 et
405 1613 584 1648 cxpletionem
611 1618 755 1652 accipiant.
789 1620 958 1661 Perfectiob

127 1656 292 1690 angelorum
317 1656 482 1686 illuminatio
511 1664 538 1687 et
561 1662 740 1690 sanctiﬁcatio
774 1669 826 1696 est.
842 1670 925 1701 atque

126 1700 154 1728 iu
177 1709 209 1729 ea
239 1704 406 1736 permansio.
431 1704 512 1732 Verbo
533 1707 606 1734 enim
626 1707 743 1742 Domini,
760 1710 849 1746 inquit
869 1713 923 1746 ille,

125 1747 186 1774 ειειί
213 1748 321 1782 ﬁrmati
344 1755 454 1783 sunt,et
483 1753 580 1788 spiritu
599 1755 653 1783 oris
672 1756 728 1790 ejus
744 1759 827 1786 omnis
841 1761 922 1787 virtus

123 1801 215 1820 eorum
225 1794 261 1827 ",
277 1794 397 1830 Angelos
413 1804 505 1832 porro,
522 1800 563 1827 vel
581 1800 670 1835 ignem
691 1804 804 1831 materia
824 1811 851 1832 et
863 1814 924 1833 cor-

122 1848 190 1875 pore
212 1848 354 1869 carentem
371 1851 432 1872 esse
449 1846 588 1875 existimat
602 1848 688 1882 (juxta
705 1849 770 1877 illml
786 1851 895 1880 Davidis
914 1862 921 1880 :

123 1886 176 1919 Qui
203 1888 274 1922 facit
299 1890 406 1925 angelos
433 1899 494 1921 suos
516 1894 636 1928 spiritus,
657 1901 682 1923 et
702 1898 838 1924 ministros
859 1908 922 1926 suos

122 1932 268 1968 ﬂammam
296 1935 407 1971 ignis")
424 1937 483 1965 sive
509 1939 589 1966 aliam
613 1942 761 1975 quamdam
793 1948 920 1971 naturam

123 1979 325 2014 impatibilem,
350 1986 377 2009 ct
406 1988 495 2013 motus
523 1990 680 2019 expertem.
697 1995 729 2015 ac
754 1993 863 2018 tenuem
893 1995 920 2018 et

123 2026 295 2060 simplicem,
319 2027 354 2055 ab
381 2028 416 2055 iis
440 2037 508 2063 quas
539 2034 834 2068 commemoravimus,
865 2044 919 2063 non

123 2071 204 2107 longe
230 2078 375 2106 remotam,
392 2074 443 2101 hoc
456 2079 508 2108 est,
526 2076 560 2103 ab
573 2077 635 2112 igne
649 2083 676 2106 et
690 2080 801 2113 spiritu.
814 2081 920 2110 Caven-

124 2118 191 2144 dum
220 2117 294 2144 enim
324 2119 372 2145 tibi
390 2124 442 2151 est,
469 2128 504 2147 ne
529 2129 691 2156 corporeum
724 2126 854 2159 quiddam
885 2128 919 2155 de

122 2163 232 2198 angelis
258 2163 351 2191 animo
378 2166 529 2200 concipias.
547 2168 586 2195 Ac
603 2169 696 2197 vellem
723 2171 832 2205 quidem
850 2173 917 2200 mihi

121 2209 215 2236 dicere
237 2209 340 2242 liceret,
370 2212 482 2246 angelos
509 2214 541 2241 ad
569 2216 672 2242 malum
688 2217 801 2246 omnino
818 2219 917 2247 immo.

120 2253 201 2284 biles,
223 2259 317 2288 utpote
341 2255 389 2283 Dei
413 2258 591 2292 propinquos,
615 2267 647 2286 ac
673 2262 804 2296 primario
829 2263 915 2298 ipsius

119 2299 230 2332 fulgore
256 2301 431 2331 collucentes.
448 2304 501 2332 Sed
517 2310 545 2332 ut
564 2313 613 2333 eos
629 2315 699 2340 aegre
719 2309 832 2337 mobiles
856 2311 914 2337 exi-
927 2297 955 2326 D

120 2348 232 2374 stimcm
265 2355 296 2375 ac
321 2349 431 2382 dicam,
464 2352 531 2379 mihi
558 2352 678 2381 Luciferi
704 2355 914 2391 dtemonumqne

119 2400 205 2422 casus
222 2396 378 2428 persuadet,
396 2398 442 2432 qui
459 2399 570 2432 quidem
586 2400 620 2426 ab
637 2400 728 2427 habitu
742 2401 799 2434 illo,
811 2410 866 2436 quo
880 2396 914 2429 ad

118 2438 228 2465 bonum
253 2441 421 2474 ferebantur,
439 2445 538 2475 aversi,
556 2452 589 2474 ac
617 2453 665 2480 per
689 2454 768 2473 suum
798 2455 811 2473 a
841 2448 913 2476 bono

116 2483 274 2512 discessum
290 2490 316 2512 et
336 2486 438 2521 fugam.
454 2491 556 2520 malum
569 2491 692 2521 fabricati
717 2494 817 2528 (neque
839 2494 911 2521 enim

118 2532 174 2560 ulla
203 2531 256 2557 alia
286 2536 329 2559 est
351 2535 415 2563 mali
443 2537 613 2571 substantia,
634 2548 717 2574 quam
747 2542 912 2575 separatioa

118 2577 205 2611 bono)
233 2577 413 2612 cogitationes
435 2588 498 2609 suas
520 2590 615 2612 omnes
629 2590 655 2611 et
670 2587 759 2613 studia
775 2595 808 2614 eo
818 2587 914 2615 confe-

116 2627 194 2650 runt.
213 2626 242 2649 ut
258 2623 326 2650 alios
339 2632 449 2660 quoque
463 2627 495 2654 ad
514 2629 576 2655 ntali
595 2625 762 2660 consortium
780 2639 808 2661 et
822 2636 911 2662 socie-

116 2674 202 2697 tatem
219 2672 387 2703 pertrahant.

152 2716 214 2743 Col.
233 2717 286 2743 52-2
302 2719 334 2745 A.
349 2718 395 2746 Sic
414 2720 495 2754 igitur
510 2727 588 2758 atque
609 2725 640 2751 ob
655 2726 701 2754 lias
717 2736 812 2756 causas
832 2731 910 2757 intel-

115 2760 215 2789 lecti/is
235 2765 348 2792 mundus
363 2766 396 2794 ab
413 2775 443 2793 eo
459 2775 564 2796 creatus
581 2776 631 2803 est,
657 2777 710 2800 etc.
727 2773 784 2808 Sic,
810 2777 908 2811 inquit,

116 2808 286 2837 iutclleclilis
305 2812 424 2840 mundus
453 2822 561 2843 creatus
580 2822 632 2850 est,
661 2818 714 2846 hoc
740 2826 795 2853 est,
819 2823 907 2857 primo

115 2858 224 2889 ordine,
241 2863 266 2886 et
287 2861 366 2888 unica
383 2864 547 2898 cogitatione
563 2873 569 2891 :
585 2869 667 2900 atque
681 2867 716 2893 ob
732 2867 781 2896 has
798 2876 907 2904 causas,

161 2935 184 2953 -"
198 2937 273 2967 Psal.
293 2946 378 2974 xxxii,
398 2940 425 2968 6.
464 2942 490 2958 ⁸ο
509 2943 580 2972 Psal.
599 2953 656 2978 cui,
675 2948 702 2976 4.

279 2986 416 3019 ΡΑηοι..
439 2991 498 3021 Gtt.
521 2991 653 3027 CXXVII

995 326 1146 356 bonitatem
1165 330 1264 364 solam,
1285 338 1312 359 et
1329 335 1391 367 quia
1413 335 1515 364 bonum
1533 339 1599 367 illud
1622 326 1782 376 permadere

992 380 1024 399 ac
1037 375 1182 409 prepagari
1198 378 1352 411 oportebat.
1376 379 1524 416 Postquam
1547 375 1637 413 autem
1659 389 1781 418 coelestia

991 418 1027 446 ita
1044 425 1134 448 creata
1157 423 1343 459 praclareque
1358 428 1507 457 constituta
1534 435 1599 458 sunt
1621 431 1682 465 (nec
1707 436 1780 463 enim

990 463 1069 492 aliter
1082 467 1241 503 contingere
1255 473 1373 507 poterat)
1389 474 1518 502 mundum
1530 463 1640 512 quoque
1654 485 1779 515 aspecta-

990 507 1070 537 bilem
1084 514 1166 546 atque
1181 519 1213 540 ex
1229 516 1342 543 materia
1369 507 1545 547 constantem
1568 507 1657 550 moliri
1677 507 1705 551 et
1721 526 1778 553 etli-
1792 517 1807 546 Γ

989 560 1052 581 cere
1066 556 1164 583 voluit.
1180 556 1229 585 Est
1241 564 1333 587 autem
1352 563 1481 596 mundus,
1498 566 1653 594 secundum
1673 568 1779 597 Aristo-

989 600 1081 633 telem,
1098 609 1243 640 compages
1263 612 1295 632 ex
1310 607 1391 639 caelo,
1404 613 1431 636 et
1445 614 1528 644 terra,
1555 611 1643 647 iisque
1663 616 1778 648 naturis,

989 653 1050 680 quae
1064 655 1160 675 eorum
1181 651 1286 677 ambitu
1300 654 1487 683 continentur.
1501 657 1541 684 Ac
1553 664 1698 695 compages
1715 661 1779 695 qui-

988 691 1048 718 dem
1064 698 1090 719 et
1105 696 1306 729 coagmentatio
1316 698 1425 732 dicitur,
1437 701 1509 734 quod
1525 709 1558 729 ex
1574 691 1738 734 his-constet
1751 712 1779 734 et

987 738 1166 772 compleatur,
1189 740 1331 778 σύγκριμα
1359 751 1450 772 autem
1468 754 1501 774 ac
1526 748 1602 776 velut
1617 750 1777 787 σύμμιγμα,

987 782 1039 810 hoc
1056 788 1109 816 est,
1138 788 1296 815 eommistio
1310 810 1318 821 ,
1340 795 1453 825 propter
1478 792 1627 828 elementa,
1653 803 1706 829 quc
1724 805 1778 825 non

986 828 1068 855 modo
1092 830 1218 865 proprias
1238 833 1318 860 sedes
1346 834 1457 869 habent,
1474 837 1522 865 sed
1546 838 1628 866 etiam
1655 828 1725 868 inter
1748 849 1778 869 se

986 875 1215 905 commiscentur.
1229 878 1393 915 Quanquam
1420 883 1493 910 enim
1524 892 1555 911 ea
1576 886 1653 913 locati
1675 887 1726 914 situ
1745 896 1778 915 ac

989 925 1083 948 natura
1102 922 1221 950 discreta
1239 929 1266 952 et
1290 931 1415 960 separata
1445 929 1500 955 sint
1524 937 1531 956 :
1553 934 1643 958 tamen
1673 938 1777 961 muttire

985 966 1126 995 relationis
1145 969 1351 999 necessitudine
1363 973 1577 1008 conjunguntur.
1594 975 1702 1004 Etcum
1717 979 1776 1005 slu-

984 1012 1053 1046 gulm
1077 1018 1210 1042 creaturae
1238 1017 1386 1051 separatim
1417 1019 1598 1048 considerata;
1624 1022 1775 1052 laudabiles

984 1058 1040 1084 sint
1063 1065 1071 1085 τ
1091 1063 1149 1085 tum
1168 1067 1234 1088 vero
1252 1061 1287 1089 ob
1306 1067 1428 1090 mutuam
1451 1071 1547 1092 earum
1566 1066 1637 1095 inter
1657 1076 1687 1096 se
1702 1069 1774 1096 rela~

984 1101 1084 1129 tionem
1111 1103 1307 1133 laudabiliores
1333 1108 1560 1143 conspiciuntur.
1577 1111 1651 1146 Ignis
1669 1114 1774 1142 calidus

982 1150 1009 1173 et
1024 1146 1116 1176 siccus
1128 1154 1189 1181 est,
1206 1157 1252 1177 aer
1268 1151 1374 1180 calidus
1389 1158 1416 1180 et
1431 1154 1579 1190 humidus;
1595 1165 1666 1192 aqua
1682 1159 1775 1187 humi~

982 1193 1015 1221 da
1027 1199 1055 1222 et
1081 1195 1196 1231 frigida;
1216 1202 1288 1225 terra
1317 1199 1417 1235 frigida
1443 1207 1471 1229 et
1489 1203 1574 1231 sicea.
1600 1205 1674 1239 lgnis
1686 1214 1773 1241 porro

982 1241 1091 1269 tametsi
1112 1249 1161 1277 per
1177 1250 1207 1271 se
1232 1244 1403 1274 admirabilis
1424 1247 1559 1282 exsistat,
1584 1251 1774 1281 admirabilior

981 1287 1072 1312 tamen
1088 1290 1131 1313 est
1145 1287 1230 1322 ipsius
1248 1296 1310 1316 cum
1328 1297 1392 1318 aere
1417 1292 1523 1327 mistio;
1540 1295 1611 1322 aeris
1624 1296 1688 1323 item
1709 1305 1771 1325 cum

979 1335 1071 1362 aqua;
1098 1336 1175 1365 aquae
1205 1339 1301 1360 rursus
1319 1341 1380 1362 cum
1395 1340 1479 1364 terra.
1508 1338 1599 1374 Atque
1618 1342 1710 1369 omnia
1738 1344 1772 1371 ad

980 1374 1074 1401 mundi
1098 1379 1366 1411 coagmentationem
1397 1381 1447 1409 sibi
1478 1384 1595 1412 invicem
1617 1387 1772 1422 conterunt,

979 1424 1142 1456 naturasque
1158 1430 1216 1451 suae
1246 1429 1274 1452 et
1298 1426 1425 1455 utilitatis
1450 1429 1571 1458 rationes
1589 1431 1700 1466 habent,
1719 1436 1771 1462 etsi

978 1466 1081 1493 mentis
1092 1472 1195 1495 nostra:
1212 1475 1292 1504 captu
1308 1471 1484 1501 sublimiores
1498 1475 1564 1502 sint.
1589 1475 1675 1505 Porro
1698 1478 1772 1508 bune

978 1518 1090 1546 quoque
1113 1514 1274 1542 sensibilem
1290 1517 1422 1545 mundum
1446 1518 1519 1547 Deus
1536 1521 1676 1555 produxit,
1696 1529 1725 1551 ut
1740 1531 1772 1554 se

978 1563 1032 1584 non
1049 1558 1130 1586 modo
1147 1559 1332 1589 intellectilem
1358 1564 1490 1594 mundum
1506 1565 1613 1595 edicere
1628 1575 1709 1602 posse
1724 1577 1771 1598 os-

979 1602 1114 1636 tenderet,
1132 1604 1180 1632 sed
1191 1605 1274 1633 etiam
1290 1614 1452 1642 corporeum
1465 1615 1548 1645 atque
1563 1619 1577 1639 a
1594 1619 1624 1640 se
1637 1613 1767 1644 alienum.

975 1646 1171 1682 Cognationcm
1188 1651 1261 1678 enim
1276 1653 1424 1686 quamdam
1440 1662 1501 1682 eum
1527 1656 1582 1684 Deo
1608 1660 1697 1694 angeli
1720 1661 1769 1688 ba-

977 1693 1050 1725 bcnt,
1064 1698 1199 1729 quatenus
1215 1704 1332 1732 corpore
1344 1705 1443 1727 vacant
1470 1708 1502 1729 ac
1514 1703 1572 1730 sola
1588 1693 1678 1732 mente
1692 1713 1768 1733 com-

976 1739 1185 1772 prelienduntur
1204 1750 1212 1768 :
1229 1749 1325 1771 contra
1341 1745 1437 1779 procul
1464 1754 1479 1773 a
1500 1746 1555 1775 Deo
1571 1755 1683 1778 remoue
1704 1758 1769 1779 sunt

975 1789 1003 1810 et
1026 1785 1123 1813 aliena:
1149 1791 1254 1816 naturae
1271 1797 1368 1818 omnes
1387 1799 1449 1826 quae
1474 1793 1500 1820 in
1529 1801 1628 1823 sensus
1639 1797 1766 1826 cadunt:

974 1835 1057 1864 atque
1079 1831 1121 1859 his
1148 1832 1230 1860 etiam
1254 1836 1425 1869 remotiores,
1455 1845 1518 1872 qua:
1544 1840 1637 1868 anima
1660 1848 1765 1870 carent.

974 1875 1108 1902 timterum
1135 1876 1232 1905 alienae
1260 1886 1275 1906 a
1299 1879 1353 1907 Deo
1380 1885 1407 1908 et
1435 1883 1585 1918 peregrina:
1609 1885 1766 1921 bujusmodi

973 1925 1104 1947 creaturae
1124 1922 1275 1956 dicuntur,
1296 1927 1448 1954 secundum
1473 1933 1620 1963 naturam,
1648 1934 1675 1959 'et
1701 1934 1765 1967 quia

974 1964 1077 1991 nullam
1094 1966 1283 1996 similitudinis
1301 1971 1434 1999 rationem
1445 1980 1506 2000 cum
1523 1982 1556 2002 eo
1568 1975 1678 2004 habent.
1696 1964 1764 2007 i‘iani

971 2009 1085 2044 alioqui,
1096 2018 1229 2046 quantum
1245 2015 1276 2041 ad
1290 2017 1439 2046 creationis
1464 2025 1490 2047 ot
1515 2022 1695 2055 providentiae
1718 2033 1763 2052 ra-

972 2055 1086 2089 tionem,
1114 2058 1323 2094 haudquaquam
1351 2062 1386 2089 ab
1411 2070 1445 2090 eo
1481 2065 1597 2100 ejusque
1640 2068 1765 2098 bonitate

971 2100 1066 2128 aliena:
1085 2107 1159 2129 sunt.
1178 2103 1230 2131 Sed
1256 2105 1357 2134 dixerit
1383 2108 1449 2136 mihi
1467 2111 1603 2145 quispiam
1621 2113 1646 2141 id
1659 2135 1666 2147 ,
1690 2117 1763 2150 quod

970 2146 1074 2180 vulgari
1095 2149 1243 2182 proverbio
1266 2151 1400 2186 jactatur,
1416 2155 1487 2188 Quin
1504 2161 1532 2184 tu
1548 2177 1556 2189 ,
1574 2160 1646 2186 velut
1659 2146 1763 2196 equum

969 2191 1002 2218 ad
1019 2196 1139 2225 metam,
1170 2194 1205 2221 ita
1236 2197 1388 2225 orationem
1411 2208 1521 2236 quoque
1547 2204 1580 2229 ad
1607 2191 1762 2235 institutam

969 2238 1124 2271 materiam,
1136 2241 1172 2267 ob
1188 2249 1270 2275 quam
1285 2245 1466 2274 convenimus
1489 2252 1516 2274 et
1531 2249 1696 2284 assidenius,
1713 2254 1762 2280 sti-

969 2283 1080 2310 mulas?
1110 2284 1167 2312 Hoc
1197 2287 1327 2315 nimirum
1342 2289 1458 2324 iaciam,
1483 2294 1534 2321 etsi
1555 2302 1570 2321 a
1604 2283 1760 2327 Divinitatis

967 2327 1093 2356 doctrina
1110 2337 1226 2358 exorsus
1248 2340 1320 2366 sum,
1343 2341 1357 2360 a
1382 2336 1531 2369 cupiditate
1550 2339 1674 2368 videlicvt
1700 2351 1760 2371 scr-

968 2374 1113 2408 monisque
1131 2376 1204 2403 serie
1221 2383 1388 2411 pertractus.
1408 2381 1475 2407 Nam
1492 2390 1545 2415 me,
1566 2384 1599 2411 de
1614 2385 1760 2416 DiVinitatu

967 2417 1104 2449 disserere
1134 2422 1303 2456 cupientem,
1325 2424 1382 2452 huc
1409 2427 1492 2452 traxit
1515 2429 1614 2456 oratio.
1638 2431 1758 2466 Etenim,

966 2471 1028 2491 cum
1047 2465 1080 2491 de
1104 2466 1282 2496 humanitatis
1312 2475 1460 2504 assumpta:
1489 2474 1605 2501 consilio
1632 2476 1757 2507 dicturus

965 2517 1053 2538 essem
1068 2531 1075 2544 ,
1103 2520 1165 2547 qua:
1189 2513 1276 2548 ipsius
1303 2522 1386 2543 causa
1403 2519 1549 2551 exstiterit,
1566 2524 1756 2556 exponendum

967 2555 1031 2588 fuit,
1051 2565 1149 2592 nempe
1166 2557 1287 2586 hominis
1303 2563 1497 2595 transgressio.
1511 2564 1577 2592 Illud
1590 2555 1671 2593 etiam
1688 2570 1756 2604 adji-

964 2608 1026 2628 cere
1043 2605 1175 2637 oportuit,
1208 2603 1325 2638 hujusce
1353 2609 1588 2642 transgressionis
1614 2603 1754 2642 auctorem

964 2648 1103 2676 diabolum
1130 2649 1216 2677 fuisse
1233 2659 1240 2677 :
1255 2655 1337 2686 atque
1361 2653 1412 2680 hoc
1436 2660 1593 2690 propterea.
1614 2659 1753 2690 diabolum

965 2700 1142 2728 nequaquam
1156 2701 1171 2721 a
1188 2696 1242 2722 Deo
1260 2697 1339 2724 talem
1356 2704 1476 2727 creatum
1491 2701 1587 2735 fuisse,
1609 2712 1703 2732 verum
1726 2707 1753 2734 in

964 2737 1083 2766 deterius
1103 2739 1276 2768 immutatum
1293 2762 1300 2774 ,
1331 2749 1357 2771 et
1378 2751 1518 2779 peccatum
1546 2748 1701 2784 inchoasse,
1726 2759 1753 2781 et

964 2783 1031 2810 alios
1044 2784 1077 2810 ad
1091 2785 1259 2818 peccandum
1275 2787 1425 2818 induxisse.

1000 2829 1067 2857 Ibid.
1088 2831 1119 2858 (Σ.
1138 2830 1280 2860 Enimvero
1295 2843 1367 2863 mens
1388 2837 1447 2871 jam
1463 2842 1488 2865 et
1510 2848 1612 2873 sensus,
1633 2843 1671 2869 sic
1683 2844 1752 2873 inter

964 2883 990 2902 se
1005 2875 1132 2910 discreta,
1149 2882 1205 2905 etc.
1218 2878 1270 2906 Per
1287 2887 1407 2909 mentem
1427 2884 1584 2920 Theologus
1607 2888 1750 2921 intellecti-

1491 3008 1528 3042 38
