2027 3162
289 200 298 228 λ
307 197 357 228 195

992 194 1180 226 ΛῡυΕΝΟᾹ.

1845 200 1911 232 Πεὶῦ

287 254 339 280 lem
357 257 492 284 ornatum,
509 253 533 279 id
546 257 595 283 est,
614 251 724 286 angelos
740 250 887 285 intelligit:
906 257 952 284 per
965 257 1074 277 scnsum
1091 253 1114 282 Α
1130 252 1165 280 οι»
1182 252 1288 279 inanem
1319 253 1431 287 gloriam
1454 258 1479 280 ct
1507 253 1606 282 fastum
1633 255 1732 283 cristas
1757 258 1911 290 sustulerit,

288 305 391 331 autent,
418 299 547 326 mundum
568 298 640 336 lipnc
665 298 712 332 qui
732 305 813 324 sensu
840 296 996 331 percipitur.
1011 295 1069 324 Ait-

287 354 361 381 que:
380 345 493 372 Sensilis
509 349 591 378 alque
609 342 789 377 intclligibilis
814 342 931 370 mundus
958 342 983 367 itt
1007 341 1072 368 elic-

287 392 370 419 ctriee
385 390 495 428 quidem
512 395 604 417 tuente
617 390 700 417 simul
714 393 794 416 erant
810 396 888 416 :cunt
902 393 992 414 autent
1009 395 1072 421 pro-

286 437 359 463 ducti
376 440 449 468 sunt,
469 440 534 463 tune
553 435 635 463 etiam
659 436 729 462 inter
751 442 780 462 se
796 434 908 462 discreti
924 438 998 465 sunt,
1022 433 1073 460 hoc

285 487 337 514 est,
363 482 509 517 separatim
537 481 631 510 creati.
665 483 754 516 Atque
780 486 891 515 uterque
915 480 985 508 intra
1007 479 1073 506 lines

286 536 351 556 suos
366 527 546 560 corisistebat,
565 528 618 556 hoc
639 533 681 555 est
699 527 876 562 intelligibilia
895 525 1072 560 intelligibilia

286 573 375 600 solum
400 579 488 606 crant,
510 578 539 601 ct
559 573 700 601 scnsibilia
729 573 818 600 solum
845 571 995 601 scnsibiiia.
1023 578 1072 597 ncc

284 619 356 647 inter
370 626 400 647 se
414 620 665 648 commisrebantuv
683 638 690 652 ,
708 626 740 646 ac
756 617 961 653 pulchritudine
975 622 1001 644 et
1015 623 1071 643 nta-

285 665 429 700 gnitudine
454 673 504 692 sua
527 665 667 693 Creatoris
690 665 839 700 potentiam
853 663 1071 698 sapientiamque

286 712 367 738 tacite
395 711 592 746 praedicabant.
620 711 745 739 Nondum
764 716 854 737 autem
875 709 928 736 ulla
952 713 1012 735 erat
1039 716 1071 736 ex

285 761 403 790 utroque
419 756 596 792 temperatio,
622 764 672 783 nec
687 756 887 783 contrariorunt
902 754 1004 786 mistio,
1021 754 1073 781 hoc

285 805 337 832 est,
354 800 529 835 intelligibilis
543 806 570 828 et
595 800 732 828 sensibilis
748 799 843 828 mundi
855 819 863 832 ,
894 798 1072 833 quoadusque

286 846 368 873 homo
393 853 426 874 ex
453 846 545 874 anitna
573 845 735 880 intelligibili
766 853 800 872 ae
829 849 937 872 terreno
958 851 1072 879 corpore

289 892 484 929 conditus‘est.
503 891 588 918 l'orro
610 891 708 919 animae
724 895 751 918 ct
766 891 889 926 curporis
912 890 1071 924 temperatio

286 937 395 969 dicitur,
409 942 438 965 ut
453 937 635 971 intelligamus
649 937 768 964 animam
780 942 914 968 nostram,
932 942 962 964 ut
977 937 1069 963 vinum

284 991 367 1017 aqua,
383 983 423 1010 sic
439 988 496 1010 toto
512 991 628 1018 cerpore
642 987 876 1018 eontempcratam
891 989 962 1009 esse.
979 982 1070 1009 Mistio

284 1033 386 1060 autent,
402 1029 467 1063 quia
479 1035 567 1056 morte
582 1032 738 1063 separatur,
758 1028 993 1062 hujusmodicnim
1007 1033 1071 1055 sunt

284 1083 345 1109 qua:
365 1075 527 1107 miscentur,
544 1080 573 1102 ut
594 1075 727 1102 hordeum
739 1079 766 1102 et
782 1074 912 1102 triticum.
932 1073 992 1101 Jam
1008 1082 1071 1101 vero

285 1120 355 1147 Deus
371 1121 508 1148 hominem
523 1120 683 1152 fabricatur.
703 1119 801 1154 partim
817 1127 849 1147 ex
867 1120 979 1147 materia
992 1124 1072 1147 terra:

280 1166 337 1202 jam
355 1167 445 1201 primo
464 1166 509 1194 die
526 1166 615 1198 factae,
645 1166 744 1201 partim
759 1174 793 1193 ex
819 1167 910 1193 anitua
928 1166 977 1201 ipsi
1000 1174 1015 1193 a
1042 1174 1071 1194 se

283 1213 427 1247 inspirata,
447 1213 497 1239 ltoe
525 1217 576 1243 est,
605 1212 639 1240 ab
655 1211 792 1239 cﬂ'cctrice
819 1211 905 1246 ipsius
934 1213 1069 1246 potentia,

283 1257 364 1291 idque
380 1265 413 1284 ex
432 1257 516 1284 nihilo
529 1277 536 1290 ,
563 1266 595 1286 ac
615 1265 668 1284 non
694 1264 727 1284 ett
752 1257 914 1292 praajacente
936 1258 1069 1285 materia:

283 1310 401 1337 eumque
420 1303 446 1329 in
465 1308 537 1330 terra
569 1304 711 1331 censtituit
739 1310 866 1338 magnum
890 1304 1020 1331 mundutn
1041 1305 1067 1330 itt

287 1357 371 1383 parvo
388 1350 500 1382 mundo,
520 1349 570 1376 hoc
584 1354 635 1380 cst.
654 1349 788 1377 sensibili.
807 1349 914 1377 Parvus
931 1349 1004 1376 enim
1028 1354 1070 1377 cst

286 1395 329 1422 hic
346 1395 478 1429 mundus,
494 1395 516 1424 si
539 1403 600 1422 cum
620 1395 741 1428 homine,
768 1395 849 1429 cujus
870 1403 953 1423 causa
979 1396 1070 1423 ontnia

284 1441 356 1469 facta
372 1448 446 1476 sunt,
460 1442 631 1471 conferatur.
660 1442 687 1469 lJ
703 1442 787 1475 enim,
810 1442 890 1477 cujus
906 1449 989 1470 causa
1020 1442 1071 1469 ali-

285 1486 350 1520 quid
368 1487 407 1520 tit,
426 1488 514 1523 majus
527 1492 569 1516 est
581 1493 608 1514 et
623 1487 803 1515 excellentius
818 1495 851 1514 eo
866 1487 938 1522 quod
958 1493 1069 1522 propter

283 1532 356 1559 aliud
372 1533 501 1567 quiddam
516 1533 639 1568 edicitur.
659 1534 748 1567 Atque
763 1540 825 1560 eum
839 1532 961 1559 outnium
974 1539 1068 1558 earum

282 1586 387 1609 rerum,
406 1586 466 1612 quze
488 1579 558 1606 infra
582 1579 675 1606 lunam
705 1582 780 1609 sunt,
799 1585 888 1612 regem
916 1578 1065 1610 cotrstituit.
1081 1592 1104 1622 ο

285 1626 314 1647 ut
329 1622 458 1649 omnibus
472 1622 566 1654 rebus,
582 1630 652 1657 quas
669 1622 829 1650 condiderat
841 1629 873 1649 ac
889 1620 1067 1657 produxerat,

285 1667 474 1696 dominaretur
491 1678 497 1695 :
518 1673 627 1703 propter
639 1676 741 1703 corpus
762 1668 871 1702 quidem
889 1673 1025 1695 terrenum
1041 1674 1069 1696 et

283 1714 416 1741 caducum
443 1721 476 1741 ae
502 1714 636 1741 visibilem
655 1723 662 1741 :
678 1719 790 1750 propter
815 1715 934 1742 animant
965 1721 1066 1747 autent,

281 1759 419 1786 emlcstem
450 1763 477 1788 et
515 1760 697 1788 immortalent
733 1765 816 1796 atque
856 1761 1065 1795 ittlelligibilem.

282 1804 399 1833 Medium
418 1806 490 1834 ittter
506 1807 721 1842 magnitudinem
739 1811 766 1834 et
794 1806 995 1841 humilitatem,
1017 1808 1068 1835 ltoc

281 1856 333 1884 est,
351 1852 421 1880 inter
438 1857 554 1880 mortem
569 1856 597 1880 et
612 1853 858 1884 immortalitatem,
871 1857 960 1879 utrum
970 1853 1067 1881 horum

282 1898 358 1931 suqui
376 1902 456 1931 atque
480 1897 606 1932 amplecti
626 1898 717 1930 vellet.
739 1897 857 1925 arbitrio
879 1898 968 1932 ipsius
984 1898 1067 1925 relin-

281 1951 379 1977 quens.
398 1943 559 1979 Quanquam
572 1944 646 1971 enim
672 1944 755 1971 homo
769 1948 868 1971 natura
887 1944 1012 1972 mortalis
1024 1952 1068 1973 es—

282 1993 334 2020 set,
352 1993 444 2022 utpote
468 1997 502 2016 ex
520 1997 573 2016 non
591 1990 740 2017 exsistente
762 1989 851 2016 factus
867 1997 875 2016 :
893 1994 985 2017 tamen
1001 1997 1067 2024 pto-

284 2039 343 2067 pter
361 2034 446 2068 ipsius
461 2041 523 2062 cum
540 2035 707 2069 sempiterno
724 2035 779 2062 Deo
793 2035 1000 2063 similitudinem
1017 2036 1068 2063 hae

285 2084 344 2105 erat
359 2079 526 2112 conditione,
549 2085 579 2106 ut
592 2081 616 2107 si
632 2086 691 2107 eam
707 2080 840 2114 integram
856 2086 990 2107 servasset
1012 2080 1067 2116 (ni-

285 2125 383 2150 mirum
397 2125 472 2153 omni
490 2125 590 2152 utentis
604 2125 788 2159 propensione
811 2125 845 2152 ad
859 2133 922 2153 eum
941 2126 1066 2159 tendens,

285 2170 435 2196 naturalem
451 2169 592 2197 interitum
609 2169 766 2202 retudisset,
784 2174 811 2197 et
825 2171 989 2198 immortalis
1006 2179 1067 2206 per-

284 2215 409 2246 etitisset,
427 2222 459 2242 ac
484 2215 605 2247 tandem,
631 2219 661 2242 ut
680 2214 752 2242 Deus
770 2215 890 2243 vixisset.
909 2215 957 2243 Vel
985 2217 1066 2244 etiant

1126 305 1236 336 propter
1252 305 1354 326 terram
1382 308 1478 328 rursus
1500 301 1591 328 animo
1608 303 1800 335 contrahatur.
1818 306 1901 332 mode

1125 346 1265 379 ratinsque
1279 345 1313 372 de
1328 353 1356 372 se
1367 346 1513 373 existimet.
1534 346 1619 374 Porro
1640 354 1731 376 autent
1744 349 1770 376 itt
1789 350 1912 377 conﬁnio

1124 391 1172 418 Dei
1188 396 1215 418 ιί
1230 392 1350 419 materiae
1366 393 1458 426 positi,
1474 401 1520 426 per
1534 393 1746 422 declinationem
1766 396 1802 422 ad
1818 402 1907 423 mate-

1124 437 1193 464 riam
1213 437 1300 464 crassi
1314 445 1346 464 ac
1369 438 1468 465 terreni
1482 437 1615 466 ellicimur
1632 449 1638 466 :
1654 447 1704 474 per
1733 441 1835 468 utentis
1863 449 1899 467 an

1125 485 1178 508 tem
1192 482 1225 508 ad
1241 481 1325 510 Deum
1345 481 1525 514 evectionem,
1545 483 1651 514 divini,
1671 487 1754 518 atque
1775 485 1860 512 etiam
1873 485 1912 511 dii

1125 526 1311 553 nominamur.
1329 526 1370 553 lta
1390 527 1531 555 subvectio
1544 528 1577 555 ad
1597 527 1694 559 Deum,
1711 530 1857 564 praesentis
1871 531 1911 557 la~

1125 571 1198 599 boris
1223 576 1303 606 atque
1327 572 1470 601 industria:
1498 581 1568 608 optts
1594 579 1645 606 est,
1669 575 1807 602 deilicatio
1819 581 1912 603 autem

1125 617 1208 644 l'uturi
1235 618 1328 645 seculi
1351 618 1503 653 praemium.
1535 618 1658 654 Exiguus
1685 621 1760 648 enim
1787 622 1912 648 veritatis

1124 664 1265 698 splendor,
1290 665 1336 699 qui
1362 664 1481 692 interra
1498 666 1643 700 contingit,
1662 666 1687 692 id
1713 671 1765 700 est,
1794 667 1912 701 exiguus

1123 716 1155 736 ac
1173 710 1262 737 tenuis
1276 710 1396 737 scientiae
1411 710 1513 742 radius,
1537 718 1571 738 eo
1587 711 1683 738 tendit.
1698 711 1759 744 Quo
1777 713 1912 739 tandem?

1122 756 1256 783 Nimirum
1272 756 1300 783 in
1315 755 1377 789 hoc,
1395 760 1424 783 ut
1441 761 1506 783 tunc
1533 756 1578 784 Dei
1595 757 1747 784 claritatem
1764 762 1794 784 et
1815 759 1909 785 videa<

1122 809 1194 833 mus,
1210 806 1238 829 et
1251 801 1412 834 sentiamus,
1429 801 1455 829 id
1470 806 1520 833 est.
1532 806 1562 830 ιιι
1582 803 1735 830 secundum
1749 810 1811 830 eam
1828 803 1911 830 en‘or-

1122 855 1229 875 utemur
1242 852 1324 882 atque
1338 847 1518 876 illustremur.
1533 850 1540 859 ‘
1551 847 1607 876 Hoc
1620 849 1775 882 sciendum,
1787 849 1909 877 animam

1123 891 1283 919 rationalem
1306 898 1338 918 ea
1354 891 1483 918 facultate
1509 892 1649 926 praeditam
1663 900 1737 924 esse.
1750 898 1781 920 ut
1800 894 1909 928 corpori

1123 942 1311 972 augmentum,
1328 944 1440 964 sensum
1463 945 1497 965 ac
1523 938 1576 964 vim
1592 938 1719 973 gignendi
1736 938 1846 971 atterat,
1862 948 1911 967 nec

1123 983 1204 1009 aliant
1235 987 1352 1009 mentem
1368 983 1441 1010 circa
1455 991 1484 1011 se
1502 984 1611 1012 habere.
1628 984 1705 1012 Mens
1720 985 1806 1018 enim,
1819 991 1849 1012 ut
1870 991 1910 1012 te-

1121 1033 1208 1055 statur
1226 1028 1421 1061 Damascenus,
1434 1029 1580 1063 purissima
1597 1030 1696 1058 anima
1707 1038 1770 1066 pars
1791 1036 1834 1058 est
1850 1032 1910 1066 (I').

1164 1108 1222 1135 Col.
1233 1108 1285 1135 5'23
1298 1108 1327 1135 η.
1345 1107 1421 1135 Hunc
1444 1109 1549 1136 arbitrii
1562 1110 1684 1137 libertate
1700 1111 1843 1144 donatum,
1856 1118 1909 1140 etc.

1124 1154 1205 1187 Deus,
1223 1156 1322 1190 inquit,
1338 1156 1428 1183 sedem
1446 1161 1472 1183 et
1488 1157 1657 1185 domicilium
1678 1159 1783 1186 homini
1798 1160 1909 1194 paradi-

1123 1208 1183 1228 sum
1205 1202 1364 1236 assignavit,
1383 1202 1540 1236 quicunque
1556 1202 1664 1230 tandem
1686 1208 1746 1231 erat
1763 1205 1910 1239 paradisus

1122 1246 1176 1278 ille,
1206 1247 1263 1274 sive
1291 1247 1445 1280 sensibilis,
1481 1249 1539 1275 sive
1564 1249 1742 1282 intellectilis,
1760 1256 1856 1285 atque,
1881 1257 1910 1279 ut

1123 1291 1217 1319 Sirzich
1237 1293 1298 1320 ait:
1318 1292 1423 1320 Dimisit
1448 1302 1507 1321 eum
1523 1303 1602 1322 ntunu
1624 1297 1729 1322 consilii
1742 1297 1785 1323 sui
1798 1297 1832 1330 δι,
1858 1298 1909 1326 hoc

1121 1342 1174 1370 est,
1191 1339 1294 1366 arbitrii
1314 1339 1441 1366 libertate
1456 1340 1580 1374 donarit,
1610 1346 1639 1368 ut
1654 1341 1766 1375 bonum,
1787 1344 1862 1379 quod
1875 1346 1910 1372 ab

1123 1383 1182 1418 ipso
1203 1385 1332 1418 praeclare
1348 1390 1488 1420 gereretur
1505 1394 1653 1414 commune
1669 1393 1753 1419 esset,
1769 1393 1797 1416 et
1820 1389 1868 1417 Dei
1893 1398 1910 1417 a

1122 1437 1177 1464 quo
1192 1437 1277 1464 capax
1306 1430 1370 1457 boni
1398 1436 1509 1458 creatus
1538 1431 1638 1464 fuerat,
1663 1436 1690 1460 et
1715 1434 1847 1466 hominis.
1864 1436 1910 1470 qui

1123 1475 1249 1502 virtutem
1263 1476 1390 1510 elegisset
1414 1483 1495 1512 atque
1523 1483 1666 1505 assecutus
1681 1484 1764 1507 esset.
1782 1480 1843 1508 Alea
1861 1490 1910 1509 au-

1122 1523 1176 1546 tent
1188 1521 1323 1547 sententia
1339 1520 1401 1556 (l‘),
1414 1522 1555 1556 paradisus
1572 1523 1649 1550 beata
1665 1529 1693 1551 et
1717 1525 1838 1553 cmlrstis
1856 1528 1909 1554 vita

1121 1571 1173 1598 est,
1190 1566 1216 1593 iit
1235 1575 1288 1602 qua
1315 1567 1396 1594 honto
1424 1569 1563 1596 institutus
1590 1571 1698 1597 divinas
1726 1573 1908 1606 cogitationes

1121 1613 1200 1648 quasi
1217 1613 1324 1647 plantas
1341 1613 1465 1641 excolere
1477 1615 1572 1648 jussus
1587 1621 1638 1646 cst.
1657 1624 1709 1643 una
1723 1622 1828 1644 tantum
1847 1627 1909 1654 p-r-

1121 1658 1232 1685 tectiore
1245 1659 1341 1685 arbore
1356 1658 1406 1693 ipsi
1423 1659 1577 1692 interdicta,
1596 1668 1656 1694 quae
1677 1662 1703 1687 in
1719 1669 1748 1689 se
1763 1663 1910 1691 discretio-

1120 1711 1181 1731 nem
1208 1704 1270 1731 horti
1296 1708 1322 1731 et
1344 1704 1407 1731 mali
1434 1704 1561 1732 habebat.
1576 1706 1664 1733 Arbor
1690 1713 1780 1734 autent
1806 1709 1852 1736 illa
1868 1711 1909 1746 (ut

1120 1751 1179 1786 ipse
1212 1750 1422 1784 contemplanda
1450 1751 1606 1788 assequor)
1639 1751 1685 1780 Dei
1708 1755 1907 1790 contemplatio

1119 1803 1188 1830 erat,
1205 1797 1404 1832 perfectiorque
1422 1798 1508 1832 ipsius
1520 1799 1640 1834 cognitio
1655 1807 1686 1826 ac
1699 1799 1825 1834 jucunda
1840 1802 1908 1828 [rui-

1120 1846 1170 1872 tio.
1194 1843 1347 1881 [(2):Porro
1360 1844 1481 1872 scientiae
1497 1845 1559 1872 boui
1576 1849 1603 1872 ct
1620 1845 1683 1872 mali
1698 1847 1826 1874 arborem
1841 1850 1907 1875 dim

1118 1895 1229 1926 praptcr
1247 1890 1327 1919 variae
1354 1890 1567 1926 multiplicisque
1582 1892 1778 1926 speculationis
1800 1899 1828 1920 et
1844 1902 1907 1921 cou-

1119 1937 1307 1971 templationis
1335 1936 1550 1964 distinctionem.
1580 1936 1643 1965 Haec
1664 1942 1754 1965 autem
1791 1941 1906 1974 propria:

1119 1982 1254 2017 cujusque
1274 1987 1379 2009 natura:
1403 1981 1445 2009 vel
1469 1983 1550 2010 etiam
1569 1981 1614 2010 Dei
1638 1983 1752 2018 agnitio,
1776 1986 1904 2019 perfectis

1118 2028 1228 2063 quidem
1244 2033 1326 2062 atque
1350 2028 1433 2055 altius
1461 2028 1488 2055 in
1510 2029 1741 2064 contemplatione
1768 2031 1904 2065 provectis

1118 2074 1190 2101 bona
1206 2078 1258 2106 est,
1287 2079 1380 2109 utpote
1396 2081 1428 2100 ex
1448 2081 1508 2102 sesc
1524 2075 1633 2109 Opilieis
1652 2076 1845 2104 excellentiam
1859 2079 1903 2105 de-

1119 2121 1284 2156 praedicans,
1298 2121 1342 2153 iis,
1366 2120 1490 2156 inquam,
1508 2122 1609 2156 quibus
1634 2122 1669 2149 ob
1685 2123 1824 2158 ejusmodi
1838 2131 1903 2151 con-

1119 2167 1304 2202 tcntplationis
1328 2167 1450 2194 habitum
1467 2168 1598 2195 diuturno
1623 2173 1745 2204 tempore
1760 2177 1902 2205 compara-

1118 2219 1176 2241 tum
1192 2214 1264 2240 nulla
1281 2214 1335 2249 jam
1351 2213 1378 2240 in
1394 2213 1516 2241 deterius
1532 2214 1671 2249 prolapsio
1683 2217 1830 2243 metuenda
1853 2221 1901 2243 est.

285 2261 342 2287 haec
359 2261 439 2288 verba
457 2269 464 2288 :
482 2259 600 2287 Medium
615 2260 684 2287 inter
700 2259 916 2295 magnitudinem
933 2265 960 2288 et
972 2261 1064 2289 hutni-
1081 2271 1103 2299 ι)
1118 2260 1207 2287 Arbor
1221 2264 1311 2287 autent
1326 2259 1387 2286 vitae
1399 2260 1510 2290 dicitur.
1528 2261 1660 2294 quoniam
1677 2261 1777 2288 divina:
1792 2262 1902 2296 partici-

282 2307 397 2339 lilatcut,
413 2307 465 2334 hoc
480 2313 561 2334 censu
577 2306 739 2340 explicanda
756 2310 830 2333 sunt.
847 2305 934 2334 Homo
951 2307 1063 2336 humilis

281 2353 363 2380 simul
378 2358 404 2381 et
428 2360 544 2387 magnus
564 2357 616 2384 cst,
638 2359 670 2379 ac
680 2352 796 2379 duorunt
810 2351 909 2379 horuut
923 2357 964 2381 est
978 2353 1063 2387 parti-

281 2408 368 2433 ceps,
398 2399 526 2426 nimirum
557 2399 752 2434 magnitudinis
783 2404 892 2433 propter
920 2398 1060 2431 animam,

279 2446 438 2474 humilitatis
456 2451 566 2481 propter
581 2453 692 2480 corpus.
710 2446 797 2480 Atque
820 2445 890 2473 idem
907 2449 934 2472 et
949 2445 1063 2479 spiritus

280 2498 306 2519 ct
322 2500 386 2520 caro
404 2497 456 2524 est,
487 2497 517 2518 ut
547 2492 570 2518 si
595 2491 704 2526 quando
723 2496 832 2526 propter
862 2496 980 2518 mentem
1006 2498 1067 2518 sese

278 2541 370 2566 animo
389 2540 525 2572 extulerit,
542 2547 573 2566 ac
585 2540 619 2567 de
635 2547 665 2567 se
683 2538 825 2574 magniﬁce
839 2538 967 2568 srnserit.
984 2543 1066 2572 atque

331 2642 352 2658 "
367 2642 449 2669 Eccli.
464 2649 507 2673 xv,
524 2641 566 2668 Η.

314 2733 352 2770 (1)
369 2733 431 2761 “me
445 2733 508 2770 quia
519 2732 545 2759 in
556 2733 614 2770 solo
626 2731 737 2770 _Regin:e
748 2730 840 2770 codice
853 2729 1000 2770 habentur,
1012 2735 1065 2770 nec

279 2765 442 2804 magnopere
455 2765 490 2795 ad
507 2776 563 2795 rettt
583 2767 723 2804 faciutit,_a
740 2766 844 2804 reliquo
862 2765 1061 2798 interpretatio-

280 2801 467 2830 nis’contextu
485 2802 635 2837 separanda
647 2802 723 2828 duxi.
741 2801 800 2837 Bill.

313 2839 363 2873 (Γ)
386 2838 445 2873 Mea
471 2832 556 2864 aut...
581 2839 718 2863 sententia.
736 2837 766 2863 D.
786 2836 900 2869 August.
916 2832 973 2873 ιιι).
999 2839 1056 2873 aut,

279 2868 337 2905 cap.
350 2868 395 2902 *ΞΡ-Ξ,
413 2872 448 2898 De
465 2874 535 2898 civit.
553 2873 608 2903 Dei,
628 2873 783 2906 opinionem
803 2868 898 2896 eorum
916 2868 1059 2901 improbat.

281 2908 326 2940 qui
343 2907 382 2932 vel
400 2914 558 2940 corporeum
576 2905 690 2938 tantum,
709 2906 749 2932 Vel
768 2905 934 2940 spiritualetn
955 2908 1058 2929 tantum

1119 2305 1239 2340 paliottis
1257 2305 1380 2332 suavitas
1401 2306 1434 2332 iis
1446 2306 1492 2340 qui
1511 2307 1584 2333 hunc.
1612 2305 1731 2333 fructum
1744 2309 1898 2342 percipiunt

1118 2354 1201 2380 vitam
1217 2353 1290 2379 trulla
1308 2357 1394 2379 morte
1412 2353 1592 2386 interruptam
1608 2345 1695 2380 aﬁ'ert.
1723 2352 1801 2386 Quod
1823 2355 1898 2380 etiam

1115 2407 1196 2427 omne
1212 2399 1313 2433 lignum
1330 2406 1345 2425 a
1357 2397 1412 2425 Deo
1427 2403 1557 2426 vocatur:
1571 2398 1609 2425 De
1625 2400 1696 2425 omni
1706 2399 1792 2434 tigno.
1804 2399 1899 2434 inquit,

1114 2445 1183 2480 quod
1197 2450 1234 2472 est
1250 2445 1276 2471 in
1294 2444 1430 2479 paradiso,
1447 2445 1575 2471 comedas.
1590 2444 1639 2471 lllu
1651 2446 1656 2470 l
1668 2444 1742 2471 enim
1759 2453 1837 2471 omne
1851 2451 1898 2476 est.

1115 2499 1162 2526 per
1173 2490 1257 2525 quod.
1272 2495 1298 2517 et
1317 2491 1344 2516 in
1360 2497 1416 2524 quo
1431 2497 1520 2516 reruni
1536 2489 1703 2516 universitas
1713 2494 1898 2524 coagmentata

1116 2542 1143 2564 ct
1154 2537 1301 2564 constituta
1318 2535 1383 2572 est.]
1401 2537 1470 2571 Ergo
1492 2535 1592 2563 adultis
1608 2535 1718 2571 quidem
1735 2542 1818 2571 atque
1841 2543 1898 2571 per-

1119 2726 1192 2752 hune
1215 2724 1371 2759 paradisum
1397 2723 1485 2751 fuisse
1507 2723 1665 2750 existimant
1683 2732 1690 2749 :
1708 2728 1803 2758 atque,
1826 2723 1896 2750 salra

1113 2762 1228 2788 veritate
1255 2759 1420 2786 narrationis
1448 2759 1582 2786 historica:
1609 2759 1642 2785 de
1666 2760 1803 2793 corporali
1830 2759 1898 2791 luco,

1112 2803 1194 2830 posse
1209 2795 1349 2829 spirituale
1365 2795 1465 2828 aliquid
1484 2793 1608 2830 intelligi.

1149 2831 1186 2865 (‘2)
1210 2828 1282 2862 "me,
1309 2837 1370 2864 qua:
1398 2829 1626 2865 uncittisiinclusa
1642 2828 1728 2861 vides,
1754 2829 1782 2856 in
1806 2835 1898 2856 nostro

1113 2864 1204 2891 Nec-ta
1224 2873 1276 2891 non
1295 2865 1440 2891 habentur.
1457 2865 1484 2891 lit
1509 2864 1618 2899 llcgime
1640 2869 1730 2891 tamen
1749 2866 1845 2892 codice
1859 2865 1896 2890 le-

1110 2909 1143 2935 gn
1149 2909 1162 2926 ιι
1168 2906 1220 2927 tur.
