2027 3162
196 225 265 258 1197

636 226 797 258 NICETAS
816 227 859 258 ΙΝ
879 228 992 259 ORAT.
1012 229 1167 261 XXXVIII
1188 231 1217 261 S.
1236 231 1350 262 GREG.

1747 234 1815 267 ιιηε

195 280 273 307 lectis
291 277 469 306 conveniebat
487 278 633 314 perfectior
646 280 766 315 cognitio
781 289 788 313 ;
806 286 832 308 at
844 281 975 316 ineipien-
992 285 1013 313 Α
1030 282 1180 310 tentationc
1203 284 1358 318 probatum,
1374 285 1606 325 immortalitatem
1621 290 1766 325 consequi,
1782 299 1817 318 ne

191 325 265 353 tibus
280 328 336 350 tam
362 324 454 358 gravis
477 330 504 351 et
524 325 629 352 inutilis
651 330 721 358 erat,
746 334 826 360 quam
841 328 930 361 graris
950 331 977 354 et

191 369 290 396 noxius
306 368 425 403 parvulis
437 376 498 396 esse
514 370 585 396 solet
601 370 705 397 solidus
723 371 812 399 cibus.
832 371 892 398 iam
913 379 977 399 vero
1001 382 1003 384 ’

191 413 288 448 triplici
301 413 407 440 ratione
422 414 512 441 nudus
524 418 583 442 erat
601 415 693 448 homo,
715 420 771 443 tum
789 417 854 451 quia
869 424 975 444 morum

189 458 364 493 simplicitate
380 459 508 493 praelitas
522 464 593 491 erat,
611 465 668 488 tum
686 462 751 495 quia
765 462 848 490 nullis
870 463 976 491 artibus

189 505 279 539 ipsius
292 504 348 532 vita
360 504 495 532 instructa
511 510 581 538 erat,
596 511 653 533 tum
663 507 727 541 quia
742 508 911 536 vestimentis
931 516 976 535 ca-

189 550 281 578 rebat.
302 549 371 577 Nam
388 555 451 585 post
476 550 562 585 legem
576 552 706 579 violatam
725 558 834 580 versuta
859 554 974 588 malitia,

185 599 214 623 et
230 600 315 627 artes,
336 602 369 623 ac
384 599 473 623 vestes
487 596 662 624 exstiterunt.
679 596 713 624 At
732 605 795 625 vero
806 599 927 626 scientia:
941 599 975 627 li-

186 648 272 675 gnum
288 645 386 668 natura
412 640 522 675 quidem
551 641 652 669 bonum
665 648 734 675 erat,
752 651 804 671 usu
828 649 918 672 autem
937 646 974 673 ita

184 687 298 713 demum
313 686 414 714 bonum
425 687 447 713 si
460 692 583 722 tempore
596 696 647 715 suo
658 690 854 725 perciperetur,
871 692 973 726 alioqui

185 731 302 763 malum.
318 732 341 759 si
359 732 559 767 intempestive.
576 734 677 763 Adhaec
691 736 784 764 nudus
806 742 866 764 erat
880 738 973 770 homo,

183 785 241 805 non
255 782 285 804 ut
313 778 406 806 carnis
428 782 454 805 ei
482 780 606 813 corporis
623 788 718 816 expers
731 802 738 814 ,
755 790 847 810 verum
865 789 895 811 ut
913 792 973 812 cam

183 827 401 857 temperaturam
415 831 468 851 non
483 824 597 858 habens,
609 834 670 861 quae
685 828 846 856 crassiorem
863 836 973 856 carnem

183 861 323 899 redderet,
347 875 379 895 ac
400 869 549 897 contrariis
571 875 598 898 et
615 872 781 906 perniciosis
796 873 973 908 qualitatibus

179 913 344 941 distractam
363 919 445 949 atque
462 915 610 943 divulsam.
637 917 721 945 Plane
739 919 811 946 enim
834 920 873 947 ita
897 921 972 948 vire-

180 959 238 991 bat,
257 964 286 987 ut
310 959 408 987 bonam
422 959 610 989 habitudinem
635 964 787 991 naturalem
813 965 865 1000 ipsi
879 973 971 994 esscn-
988 953 1010 983 Β

180 1004 406 1032 tialiterinditam
424 1005 636 1042 haudquaquam
652 1007 775 1041 eillaret.
795 1010 846 1037 hoc
862 1015 915 1044 est,
931 1019 963 1040 ex

177 1050 360 1077 obscurorum
377 1052 502 1086 corporis
515 1058 654 1081 meatunm
669 1055 811 1096 egestiorre
826 1055 965 1084 minuere.

177 1100 236 1127 tur,
268 1101 350 1130 atque
376 1097 496 1125 essentia
528 1099 601 1127 velut
629 1100 824 1129 exhauriretur
847 1110 968 1131 :verum

177 1140 274 1167 eodem
291 1148 401 1176 semper
416 1143 497 1171 modo
514 1151 544 1171 se
559 1145 683 1178 haberet,
702 1146 808 1182 absque
832 1148 907 1177 ﬂuxu
928 1155 970 1178 ate

176 1193 233 1220 que
250 1186 410 1220 inﬂuxione,
441 1189 627 1222 continuaque
650 1191 685 1218 ad
703 1197 852 1229 utrumque
869 1195 966 1224 horum

177 1230 330 1256 secundum
359 1231 519 1266 qualitatum
548 1234 765 1264 dominationem
794 1238 966 1268 alterations.

177 1273 261 1302 Liber
269 1275 353 1313 etiam
366 1276 524 1311 exsistebat,
543 1283 637 1314 utpote
654 1280 868 1311 immortalitatis
881 1284 967 1318 illius,

175 1327 239 1354 qua:
253 1320 345 1348 divina
380 1323 468 1358 gratia
499 1325 645 1360 accipitur,
676 1327 889 1364 haudquaquam
918 1339 966 1359 ex—

173 1371 249 1397 pers.
271 1363 327 1391 Nec
359 1373 423 1393 vero
451 1368 581 1396 amictum
597 1370 684 1398 ullum
710 1363 884 1408 requirebat,
908 1381 965 1403 tum

172 1409 248 1443 quod
264 1414 376 1444 propter
394 1412 505 1440 insitam
527 1414 674 1444 ail'ectuum
697 1417 899 1448 immunitatem
924 1421 965 1448 in~

171 1453 285 1481 tanniam
303 1455 406 1482 nullam
419 1457 623 1494 extimesceret,
644 1466 701 1489 tum
712 1464 786 1498 quod
800 1472 851 1492 nec
865 1466 964 1496 caloris

171 1507 223 1527 nec
232 1498 341 1535 frigoris
355 1501 463 1536 injuriis
469 1503 603 1532 obnoxius
612 1511 696 1534 esset.
707 1508 742 1535 At
752 1516 816 1537 vero
824 1510 964 1546 diabolus,

169 1546 297 1574 mulieris
313 1548 454 1576 mollitiem
467 1551 700 1585 animadverteris,
724 1556 908 1592 eessilemque
923 1559 962 1595 (ὅ)

1029 328 1056 355 in
1086 329 1241 363 superbiam
1273 323 1404 358 incidere!
1433 339 1465 359 ac
1486 333 1619 368 judicium
1636 323 1749 364 diaboli.
1770 336 1817 364 llic

1028 374 1100 401 enim
1121 381 1233 410 propter
1259 376 1502 411 immortalitatem,
1520 387 1572 414 qua
1595 382 1724 416 praeditus
1744 388 1815 416 erat,

1027 423 1202 454 posteaquam
1218 421 1357 449 voluntate
1379 424 1533 459 ruentisque
1562 425 1742 456 destinatione
1768 437 1817 457 su-

1028 465 1110 499 perbe
1138 473 1167 493 se
1180 466 1286 499 extulit.
1310 468 1506 498 immutabilem
1531 470 1557 498 in
1574 472 1814 502 maloiirrnitatem

1027 509 1131 538 habuit.
1146 510 1216 546 Ergo
1230 515 1257 538 ut
1270 518 1379 548 propter
1395 515 1546 549 improbam
1562 517 1727 546 voluntatem
1740 520 1812 547 Ada-

1027 562 1089 583 mus
1122 557 1265 590 peccavit,
1298 558 1334 586 ita
1366 566 1477 595 propter
1504 567 1645 596 peccatum
1667 564 1693 590 in
1719 566 1815 592 mortis

1027 601 1213 629 necessitatem
1231 603 1336 631 incidit.
1351 604 1489 641 Stipendia
1505 609 1573 635 enim
1585 612 1686 643 peccati
1699 619 1768 639 mon
1779 612 1813 639 “.

1025 645 1164 681 Quantum
1184 650 1256 676 enim
1283 658 1297 677 a
1321 652 1376 679 vita
1397 654 1550 689 recedebat,
1566 660 1672 685 tantum
1685 658 1718 685 ad
1736 666 1813 686 mor-

1026 697 1080 721 tem
1105 694 1264 724 accedebat.
1280 697 1353 726 Deus
1381 700 1454 728 enim
1483 702 1537 729 vita
1559 707 1612 736 est,
1631 712 1705 732 mors
1721 710 1812 733 autem

1025 739 1086 766 vitae
1103 740 1229 774 privatio.
1246 742 1284 769 lta
1302 751 1349 778 per
1368 752 1508 774 recessum
1528 755 1542 774 a
1561 748 1614 776 Deo
1632 756 1745 778 mortem
1759 752 1812 779 sibi

1024 784 1144 813 Adamus
1166 788 1310 817 accersivit
1324 797 1332 817 :
1346 797 1401 818 non
1427 797 1517 820 autem
1536 801 1595 821 eam
1614 795 1682 823 Deus
1698 797 1812 826 creavit.

1024 830 1080 859 Nec
1107 837 1196 860 tamen
1225 834 1296 862 idem
1320 838 1443 871 corporis
1471 839 1623 875 animaeque
1648 841 1812 870 solutionem

1024 877 1174 911 prohibuit,
1199 886 1232 906 ne
1248 885 1390 915 peccatum
1407 889 1531 911 nostrum
1552 885 1706 914 immortale
1721 895 1814 915 serva-

1024 926 1086 948 ret:
1105 923 1217 957 pz-rinde
1240 931 1273 952 ac
1300 927 1323 953 si
1341 927 1402 961 quis
1417 935 1465 956 vas
1492 935 1639 958 testaceum
1656 931 1733 960 rimis
1752 940 1813 968 per-

1023 965 1111 996 ﬂuens
1139 968 1166 995 in
1198 969 1286 1005 ignem
1310 971 1449 1007 imponere
1468 975 1599 1011 tantisper
1611 983 1729 1010 recuset,
1746 979 1811 1008 dum

1022 1011 1108 1046 ipsius
1136 1014 1232 1042 vitium
1266 1023 1337 1044 nova
1366 1018 1475 1047 ﬁctione
1502 1025 1584 1054 atque
1611 1021 1812 1052 instauratione

1021 1059 1168 1087 sanaverit.
1186 1059 1362 1097 Nequaquam
1386 1069 1478 1093 autem
1501 1066 1571 1094 bona
1596 1067 1810 1103 simplicioribus

1020 1103 1109 1133 adhuc
1133 1107 1251 1142 animis,
1275 1114 1358 1144 atque
1383 1112 1504 1146 appetitu
1535 1114 1650 1142 avidiori
1676 1117 1809 1150 praditis.

1019 1157 1089 1184 quos
1105 1151 1140 1178 ob
1156 1152 1289 1181 incertam
1314 1160 1341 1183 et
1362 1156 1473 1185 inﬁdam
1497 1158 1525 1186 in
1538 1159 1610 1187 bono
1634 1169 1811 1196 perseveran-

1018 1196 1096 1228 tiam,
1108 1197 1255 1234 minusque
1270 1200 1374 1229 lirmam
1387 1202 1414 1230 in
1427 1204 1508 1232 unico
1523 1205 1596 1233 bono
1610 1209 1807 1243 constantiam,

1018 1242 1120 1277 proprii
1152 1246 1276 1279 corporis
1304 1255 1369 1276 cura
1394 1253 1422 1276 et
1448 1251 1603 1280 sollicitudo
1624 1253 1658 1280 ad
1687 1255 1807 1289 seipsatu

1017 1295 1147 1316 revocare
1162 1297 1194 1318 ac
1222 1293 1361 1321 retrahere
1389 1296 1470 1323 solet.
1487 1296 1575 1332 Atque
1590 1299 1672 1326 etiam
1694 1299 1809 1335 Magnus

1019 1334 1187 1363 Athanasius
1213 1337 1286 1366 hunc
1312 1339 1402 1367 locum
1430 1349 1581 1378 exponens,
1604 1346 1644 1373 sic
1667 1345 1724 1374 fere
1742 1334 1806 1377 ait:

1017 1379 1148 1411 Homines
1174 1384 1287 1411 meliora
1320 1391 1403 1421 atque
1427 1388 1621 1418 excellentiora
1648 1394 1806 1428 aspernati,

1016 1431 1099 1462 atque
1123 1435 1218 1457 eorum
1234 1432 1417 1465 cognitionem
1439 1442 1494 1469 pra:
1515 1435 1612 1464 inertia
1627 1439 1755 1471 aversati.
1772 1441 1806 1469 ad

1016 1480 1048 1500 ea
1065 1481 1126 1508 quae
1138 1476 1276 1509 propiora.
1291 1478 1358 1512 ipsis
1384 1485 1471 1513 erant,
1488 1483 1634 1515 quaerenda
1656 1484 1806 1514 studiosius

1016 1517 1209 1548 incubuerunt.
1219 1521 1419 1559 Propinquiora
1434 1533 1517 1560 porro
1530 1527 1597 1562 ipsis
1613 1535 1692 1557 erant
1702 1537 1805 1566 corpus

1016 1567 1099 1598 atque
1115 1565 1201 1600 ipsius
1217 1575 1327 1596 sensus.
1347 1569 1386 1598 Ex
1414 1578 1469 1606 quo
1485 1572 1586 1600 factum
1600 1578 1652 1607 est,
1671 1580 1700 1602 ut.
1714 1565 1806 1605 mente

928 1593 932 1595 Ἴ
951 1593 956 1595 ν
1054 1593 1061 1598 _
1125 1593 1133 1600 ι
1218 1593 1327 1596 ήημγη
1347 1593 1386 1598 η..
1415 1593 1468 1606 Ἰ..-
1485 1593 1586 1600 ww“...-
1601 1593 1652 1607 νσι,
1671 1593 1700 1602 u-
1714 1593 1803 1605 uacum

167 1597 197 1619 et
232 1593 365 1621 lubricam
404 1595 438 1622 ad
471 1596 600 1625 virtutem
628 1598 785 1629 facilitatem
798 1621 806 1635 ,
837 1602 962 1632 fraudem
977 1619 1000 1650 α
1016 1610 1050 1637 ab
1067 1611 1101 1638 iis
1117 1611 1208 1645 rebus,
1222 1621 1283 1648 quae
1300 1616 1394 1643 animo
1407 1622 1434 1644 et
1448 1617 1626 1654 intelligentia
1642 1627 1803 1656 cernuntur,

168 1639 323 1656 ἰηιι-ηιιιηῖι
353 1640 438 1656 ιίηιιςι-
453 1642 523 1656 ...ἀ-ν.
541 1651 571 1656 -.-
591 1646 716 1656 μαι-λυ
730 1655 733 1656 ν
745 1648 762 1656 ι·
821 1649 828 1656 ι

168 1639 334 1667 introduxit.
352 1640 439 1669 Mollis
452 1642 524 1670 enim
540 1651 573 1671 ac
591 1646 788 1676 misericordia:
801 1649 881 1684 plena
899 1659 961 1678 mu-

166 1684 266 1712 liebris
290 1690 387 1713 natura
404 1687 537 1722 producta
552 1695 605 1723 est,
618 1696 648 1719 ut
661 1692 695 1720 ad
712 1693 831 1723 infantes
845 1696 962 1725 libenter

166 1731 285 1759 alendos
314 1732 502 1762 misericordia
525 1735 691 1771 impellatur.
721 1739 797 1768 lianc
823 1742 907 1777 igitur
926 1743 960 1771 ad

163 1776 245 1803 hunc
260 1776 371 1804 modum
410 1779 648 1817 circumventam,
684 1776 845 1821 ipsumque
872 1788 957 1816 etiam

162 1823 303 1851 Adamum
335 1824 396 1860 ejus
422 1833 505 1861 opera
531 1829 564 1855 ad
595 1832 792 1865 degustandam
815 1834 957 1863 scientiam

162 1875 336 1906 pertractum
364 1873 438 1907 (qua!
452 1874 578 1902 acerbam
596 1883 705 1911 pcenam
723 1879 849 1912 habebat,
876 1881 959 1907 nimi-

162 1924 227 1944 rum
245 1923 389 1944 maerorem
416 1925 449 1946 ac
478 1921 607 1955 mortem)
637 1923 765 1956 paradiso
792 1925 957 1957 exturbavit,

162 1963 288 1998 pelliceis
304 1964 403 1991 tunicis
418 1964 542 1998 indutos,
561 1967 662 2000 quibus
681 1970 823 1997 crassities
837 1975 863 1998 et
880 1971 957 1998 duri-

161 2009 214 2035 tirs
235 2008 413 2043 mortalisque
441 2010 561 2038 hominis
579 2013 700 2040 conditio
715 2014 883 2048 designatur.
907 2016 957 2044 Te-

161 2054 250 2082 liuius
267 2053 338 2080 enim
364 2054 452 2088 primo
471 2062 572 2090 corpus
597 2062 655 2084 erat
672 2079 679 2091 ,
706 2064 799 2094 utpote
835 2062 954 2090 medium

162 2099 238 2126 ittlcr
252 2098 365 2126 mortale
381 2104 408 2126 et
424 2099 590 2128 immortale.
606 2105 712 2131 Actum
726 2106 836 2134 demum
858 2108 886 2134 in
898 2116 957 2135 cor-

161 2143 241 2180 poris
255 2143 433 2178 cupiditatem
460 2145 565 2181 delapsi
581 2153 654 2181 sunt,
683 2157 768 2185 seque
790 2152 878 2180 nudos
892 2161 954 2182 esse

160 2194 370 2225 cognoverunt,
400 2195 484 2226 atque
509 2193 689 2222 erubuerunt.
714 2195 800 2224 Porro
813 2199 901 2226 nudos
923 2208 953 2227 se

159 2241 360 2270 cognoverunt.
387 2244 441 2264 non
469 2242 522 2265 tam
548 2240 756 2274 avestimentis,
779 2251 861 2278 quam
878 2246 951 2280 quod

160 2281 318 2308 urvtnarum
346 2289 438 2309 rerum
468 2286 701 2319 contemplatione
727 2289 834 2323 spoliati
863 2296 953 2324 erant,

158 2333 193 2355 ac
208 2330 325 2353 mentem
352 2327 384 2353 ad
403 2329 539 2356 contraria
563 2330 753 2360 traduxerant.
769 2333 873 2370 Duplex
904 2344 951 2364 au—

160 2375 216 2396 tem
230 2374 271 2396 est
287 2371 419 2405 cognitio,
444 2373 527 2400 altera
544 2383 606 2409 qua:
617 2383 661 2404 res
678 2379 817 2412 prmcedit,
830 2388 862 2407 ac
877 2381 949 2416 diju-

157 2414 280 2441 dicatrix
296 2415 407 2448 dicitur,
425 2426 479 2452 qua
496 2420 576 2447 etiam
593 2425 658 2449 ante
675 2429 833 2459 perceptum
846 2414 947 2461 lignum

160 2459 291 2493 praeditus
309 2465 368 2487 erat
392 2462 494 2496 Adam;
510 2465 594 2493 altera
609 2475 671 2501 quat
686 2469 768 2497 rebus
783 2470 851 2505 ipsis
866 2459 947 2505 inest,

158 2508 245 2537 atque.
269 2506 357 2533 activa
388 2516 573 2544 nuncupatur,
602 2521 684 2547 quam
710 2514 856 2549 degustato
874 2517 948 2552 ligno

159 2552 276 2583 insuper
292 2551 405 2585 adeptus
424 2558 477 2580 est.
505 2556 539 2582 At
557 2564 630 2585 mors
654 2560 736 2587 etiam
754 2561 804 2594 ipsi
823 2551 946 2591 beneiicii

157 2604 243 2623 causa
259 2597 376 2631 irrogata
396 2604 449 2630 est.
474 2605 502 2627 ut
515 2609 576 2636 qua:
592 2610 735 2637 peccatum
754 2607 923 2637 interciderit
938 2619 944 2637 :

155 2650 249 2678 neque
283 2645 354 2671 cnim
388 2647 545 2681 expediebat
575 2650 713 2680 bominent
742 2655 864 2683 nondum
891 2657 945 2685 ulla

194 2721 219 2736 "
236 2720 317 2748 Rom.
331 2729 358 2749 vr
369 2742 376 2755 ,
391 2722 436 2751 23.

192 2808 234 2856 (Ξ)
246 2808 434 2856 (genitamque.
448 2813 680 2856 Ὗπρυᾏοςλοςυε
688 2818 718 2856 in
729 2826 845 2856 utroque
856 2831 948 2852 exem-

155 2844 242 2894 plari;
253 2843 456 2894 Regitixetcodex
470 2843 637 2894 habetlt—Kai

154 2879 260 2913 ἀρετὴν
280 2881 403 2920 semita;
428 2883 476 2928 sip;
504 2885 611 2921 ἀπάτην
636 2879 945 2928 ειᾶεῖτοιῄσαῗεπμᾳυὲὖῖ

155 2921 208 2940 nos
225 2916 306 2942 secuti
323 2924 430 2946 sumus.
445 2916 606 2957 Quanquth
626 2931 679 2950 non
693 2916 942 2960 ansinu’ééd'ﬁ;

1016 1662 1123 1689 aversa,
1137 1659 1243 1693 seipsos
1258 1661 1433 1691 considerare
1448 1665 1640 1700 atqueintueri
1652 1669 1804 1703 coeperint:

1015 1701 1120 1736 seipsos
1149 1711 1233 1738 porro
1260 1706 1418 1740 intuentes,
1446 1717 1601 1746 corpusque
1626 1717 1654 1740 et
1680 1701 1804 1748 corporis

1015 1753 1113 1775 aeuus
1137 1750 1344 1784 amplectentes,
1358 1758 1452 1788 atque,
1471 1761 1500 1781 ut
1523 1756 1550 1783 in
1575 1758 1693 1792 propriis
1709 1759 1802 1791 bonis,

1014 1793 1224 1829 hallucinantcs,
1242 1798 1285 1825 sui
1314 1800 1436 1834 ipsorum
1460 1803 1610 1837 cupiditate
1637 1807 1802 1839 exarserint,

1013 1846 1063 1866 sua
1080 1841 1210 1870 nimirum
1227 1843 1298 1871 bona
1312 1847 1536 1880 contemplationi
1553 1849 1580 1876 in
1597 1850 1696 1879 divinis
1719 1853 1802 1880 rebus

1013 1886 1107 1919 positae
1129 1888 1314 1922 praeferentes.
1332 1890 1371 1919 Ac
1388 1893 1501 1926 proinde
1514 1901 1576 1921 cum
1592 1903 1606 1922 a
1622 1896 1801 1932 propinquio-

1013 1932 1089 1959 ribus
1111 1932 1195 1960 rebus
1214 1935 1336 1963 animum
1357 1936 1494 1966 abducere
1508 1940 1620 1973 nollent.
1634 1948 1666 1969 eo
1683 1943 1801 1971 miseria:

1012 1978 1148 2011 provoluti
1165 1985 1238 2012 sunt,
1256 1985 1284 2008 ut
1300 1986 1327 2009 ct
1340 1984 1462 2018 corporis
1476 1985 1663 2021 voluptatibus
1678 1989 1799 2018 animam

1011 2031 1088 2051 suam
1118 2026 1332 2061 concluderent,
1352 2029 1442 2058 omnis
1469 2033 1577 2066 generis
1601 2034 1799 2069 cupiditatibus

1010 2069 1197 2102 perturbatam
1223 2075 1305 2106 atque
1331 2072 1500 2108 immersam,
1517 2080 1544 2103 et
1563 2079 1691 2111 potentia:
1704 2079 1798 2108 divino

1009 2113 1142 2142 beneﬂcio
1168 2115 1234 2150 ipsis
1263 2117 1380 2151 prinmm
1399 2127 1537 2148 concessae
1559 2123 1795 2154 obliviscerentur.

1009 2158 1135 2192 Quandiu
1148 2162 1220 2189 enirn
1232 2163 1317 2190 Adam
1329 2165 1362 2192 ad
1375 2164 1422 2192 Dei
1432 2168 1689 2202 contemplationem
1705 2177 1797 2200 mente

1007 2204 1155 2241 ferebatur,
1172 2209 1295 2244 corporis
1319 2218 1386 2238 cura
1414 2212 1490 2239 nullo
1513 2214 1594 2241 modo
1610 2217 1770 2252 tangebatur
1786 2229 1794 2249 ;

1006 2255 1034 2277 at
1063 2257 1240 2289 posteaquam
1271 2256 1390 2292 seipsum
1419 2257 1519 2286 intueri
1547 2262 1648 2296 erepit,
1674 2266 1794 2293 crassior

972 2292 992 2319 υ
1006 2296 1062 2330 jam
1079 2302 1261 2335 terrenusque
1277 2302 1364 2330 iactus
1379 2307 1431 2331 est.

1039 2342 1099 2369 Col.
1114 2343 1166 2372 526
1181 2345 1213 2372 Α.
1229 2346 1323 2373 Multis
1340 2353 1426 2375 autent
1451 2351 1526 2384 prius
1542 2353 1637 2385 modis,
1655 2360 1708 2382 etc.
1726 2356 1794 2384 (ἴοι-ο

1004 2392 1108 2422 rcptus,
1125 2390 1223 2424 inquit,
1251 2397 1294 2419 est
1324 2393 1421 2426 Adam,
1452 2396 1504 2423 hoc
1533 2402 1585 2429 est,
1614 2402 1730 2434 populus
1756 2411 1790 2431 ex

1003 2433 1100 2461 Adami
1128 2436 1212 2471 stirpe
1240 2443 1327 2470 ortus,
1353 2440 1448 2468 multis
1474 2433 1655 2478 correptionis
1689 2448 1789 2481 modis,

1004 2481 1194 2516 unusquisque
1228 2492 1277 2518 pro
1311 2486 1445 2513 scelerum
1462 2495 1575 2517 suorum
1597 2493 1705 2527 merito,
1722 2502 1790 2529 quo-

1004 2531 1062 2550 rum
1081 2525 1243 2560 principium
1266 2536 1298 2555 ac.
1314 2529 1386 2556 velut
1402 2531 1479 2560 radix
1495 2534 1582 2567 prima
1607 2525 1789 2573 transgressio

1002 2568 1064 2599 fuit,
1079 2570 1149 2598 hanc
1179 2572 1251 2598 enim
1272 2573 1329 2600 vitii
1361 2575 1481 2604 radicem
1513 2585 1606 2613 vocat,
1636 2568 1787 2613 secundum

1002 2614 1126 2644 diversas
1136 2624 1235 2646 causas
1252 2623 1280 2646 et
1295 2624 1426 2655 tempora.
1441 2622 1535 2659 Neque
1547 2627 1620 2654 enim
1636 2629 1670 2656 ob
1684 2630 1787 2658 eadem

1002 2667 1123 2696 peccata,
1133 2671 1188 2692 uno
1204 2669 1285 2700 atque
1299 2667 1394 2695 eodem
1411 2673 1542 2706 tempore,
1558 2681 1653 2702 omnes
1668 2678 1787 2713 correpti

997 2826 1044 2871 λῂν
1060 2829 1200 2873 legendum
1216 2837 1284 2873 puto
1294 2839 1404 2873 ρτοριαε
1418 2845 1535 2873 sequens
1548 2842 1660 2871 verbum
1676 2851 1783 2873 εισεποο

998 2863 1156 2915 "addidi"!
1177 2863 1237 2915 η)εὸ
1253 2863 1352 2915 μίέεμί
1371 2863 1666 2915 aliter:legiiu'rwzuiidi

996 2899 1081 2939 ξτικῴ
1096 2899 1145 2936 τὴν
1163 2902 1230 2938 πρὸς
1247 2904 1348 2941 ἀρετὴν
1366 2899 1573 2946 εὐκολίανυπρὸς
1588 2899 1689 2941 .xax‘iav
1705 2899 1782 2943 {not-

995 2940 1010 2967 η
1017 2941 1089 2960 nato.
