2027 3162
220 187 290 219 1190

926 184 1116 214 ADDENDA.

1774 185 1783 215 ι
1789 185 1842 216 200

215 249 293 273 sunt.
315 242 448 271 Cmtcrnm
472 242 571 277 quibus
597 240 685 268 modis
706 240 823 276 correpti
841 241 926 269 sunt?
943 241 1006 268 διει-
1020 245 1041 271 Λ
1056 240 1116 266 Alio
1133 244 1223 267 autem
1244 240 1303 267 loco
1315 240 1353 267 ait
1366 240 1483 276 sigillum
1502 239 1611 272 ntobilc,
1628 239 1655 267 id
1672 245 1725 273 est,
1738 241 1842 268 vivens.

216 297 302 317 mone
329 294 410 324 atque
440 288 559 322 alloquio
577 306 584 314 .
610 286 773 321 Complures
787 286 858 314 ettint
875 286 946 314 Dens
963 291 1005 314 est

219 337 370 368 allocutus;
389 335 430 363 vel
457 336 537 362 etiam
558 334 641 369 λόγῳ,
666 334 692 361 id
717 338 769 366 est,
787 334 867 360 insita
888 333 966 361 nobis
979 338 1006 361 ct

220 382 337 411 naturali
354 382 473 413 ratione;
490 381 547 414 lege
563 387 610 414 per
625 379 727 406 Mosem
742 379 929 415 promulgata;
945 387 1007 414 pro-

185 433 188 436 '
221 428 320 464 phetis,
335 428 386 455 hoc
402 431 454 459 est,
472 426 667 461 prophetarum
684 425 827 461 praeceptis
848 430 874 452 et
898 425 1007 452 iustitu«

218 475 357 507 tionibus,
380 473 530 505 beneﬂciis,
547 471 820 504 comminationibus,
843 471 940 506 plagis.
957 471 1007 498 l’cr

219 521 356 549 contraria
382 520 592 546 instruebantur
607 523 634 545 et
656 517 876 552 corripiebantur
894 526 901 543 :
916 517 1004 551 aquis,

220 573 249 595 iit
267 567 359 594 diluvii
384 571 524 601 tempore;
553 565 695 595 incendiis,
720 569 750 591 ut
772 571 834 590 cum
858 563 1007 590 Sodomita:

221 613 326 641 (mlcsli
356 613 418 647 igne
446 611 669 646 conﬂagrarunt;
687 609 773 646 signis
792 617 806 636 e
823 609 892 636 cutio
906 609 1007 640 missis,

222 664 252 685 ιιι
270 667 331 685 eum
360 658 400 685 sol
425 658 498 685 Slt'lil
516 662 637 692 tempore
665 655 767 685 Jusuc;
784 656 869 689 Signis
892 663 923 681 ex
947 661 1009 682 aere

221 711 250 732 ut
273 712 412 740 cynomyas
436 705 489 734 lue.
511 703 652 738 grandine,
672 701 852 736 palpabiltbus
879 700 1008 734 tenebris,

224 751 376 780 coturnice,
403 753 468 782 etc.;
494 747 579 782 signis
606 755 638 773 ex
662 751 753 777 terra,
773 749 802 772 ιιι
826 753 958 780 aquarum
976 754 1009 773 ex

223 802 297 831 petra
319 796 469 827 effusione;
488 794 573 829 signis
595 801 628 820 ex
646 793 725 826 ntari,
741 798 770 819 tit
786 793 869 820 maris
884 792 968 819 Rubri
982 793 1010 819 in

223 843 409 870 contittentettt
429 842 596 873 mutatione;
621 838 924 877 bominunt,Aurhium,
944 846 1011 873 gen-

224 889 291 914 tium
306 887 450 922 insperatis
460 886 667 913 mutationibus.
677 884 781 919 Quibus
793 885 920 912 ontttihus
933 886 1011 912 rebus

225 933 356 960 malitiam
385 936 536 965 conterere,
554 939 585 958 ac
606 934 639 958 de
655 931 744 958 tttedio
758 931 851 958 tollere
874 931 1011 965 satagebat

225 980 305 1007 Deus.
322 980 355 1005 At
376 986 441 1006 vero
468 978 596 1006 mortales
614 977 640 1004 in
663 977 771 1011 ﬂagitiis
799 976 1010 1011 haudquaquam

227 1026 310 1053 certis
331 1025 454 1052 terminis
468 1024 656 1052 consistebant
675 1033 682 1050 :
699 1024 745 1051 sed
762 1031 824 1050 cum
845 1031 860 1050 a
881 1024 1012 1058 principio

228 1074 384 1100 inventores
400 1072 463 1099 ntali
476 1072 658 1104 exstitissent,
670 1077 738 1098 nova
749 1070 864 1098 subinde
879 1070 1011 1097 seelcrutn

225 1127 323 1154 genera
349 1118 647 1151 comutiniscebantnr,
666 1123 749 1152 atque
777 1116 933 1152 inexplebiii
952 1124 1013 1151 pec-

224 1167 304 1194 candi
328 1167 439 1194 libidine
456 1165 614 1199 ﬂagrabant.
641 1164 781 1191 Adulteria
798 1165 869 1191 cnint
895 1169 922 1192 et
941 1163 1012 1191 furta

225 1213 327 1247 passim
356 1212 574 1249 grassabantur,
594 1219 626 1239 ac
655 1211 775 1238 ca-diltus
805 1216 830 1238 et
865 1211 1013 1239 latrociniis

225 1259 300 1285 orbis
328 1258 475 1285 universus
502 1263 637 1286 terrarunt
656 1257 790 1289 scatebat,
816 1261 898 1291 atque
923 1257 1013 1283 omnia

225 1303 260 1332 lia
273 1305 338 1334 .itia.
355 1309 409 1331 tum
427 1304 552 1338 privatim
567 1312 581 1330 a
598 1303 738 1338 quolibet,
763 1307 818 1330 tnui
834 1303 1014 1331 cntttmunitcr

226 1351 261 1376 ab
277 1350 415 1382 omnibus,
434 1350 674 1384 perpetrabantur:
687 1356 720 1376 ne
732 1348 766 1375 ah
782 1355 814 1376 eo
828 1348 937 1384 quidem
953 1355 1014 1375 sce-

227 1396 282 1423 lere
303 1401 327 1422 cl
354 1395 522 1422 exsccrando
542 1394 646 1428 furore,
659 1402 674 1422 a
691 1403 744 1429 quo
762 1397 857 1421 natura
874 1393 1013 1428 abhorret,

227 1441 426 1468 abstinebatur.
444 1440 517 1468 Fons
533 1445 623 1467 autent
651 1445 678 1467 et
705 1447 786 1467 causa
800 1447 832 1467 ac
847 1439 907 1468 linis
925 1440 1014 1467 o.nnis

227 1486 290 1512 ntali
308 1491 365 1512 erat
382 1486 517 1512 idolorum
529 1486 630 1517 cultus,
646 1490 672 1512 et
696 1489 828 1512 creaturae
844 1492 925 1518 supra
934 1483 1015 1511 Crea-

229 1536 314 1557 lozent
329 1532 460 1558 adoratio.
475 1531 627 1558 Itlololatria
643 1531 727 1563 enim,
738 1535 767 1557 ut
783 1530 860 1557 malis
876 1529 1014 1561 omnibus,

1057 285 1104 313 llfa
1120 293 1167 320 per
1183 287 1274 313 omnia
1295 287 1393 314 similis
1409 288 1500 322 imago
1514 286 1562 314 Dei
1581 287 1728 314 invisibilis
1739 287 1773 319 “,
1787 295 1843 314 non

1056 338 1164 359 mortua
1189 337 1214 359 et
1240 340 1322 360 utanu
1345 333 1480 366 confecta,
1495 335 1542 361 sed
1558 334 1630 366 viva,
1646 341 1700 360 non
1715 334 1845 361 similitu-

1056 378 1128 406 dinis
1147 378 1244 412 forma,
1258 380 1305 406 sed
1328 379 1354 406 in
1380 380 1440 413 ipsa
1467 380 1618 407 substantia
1636 380 1844 407 inunutabiiita-

1057 429 1110 452 tem
1139 432 1262 452 servans.
1294 425 1383 452 Patris
1410 426 1560 457 terminus,
1589 432 1615 452 et
1635 426 1723 457 ratio,
1752 430 1846 460 utpote

1058 469 1164 498 Patrem
1198 470 1356 498 Ostendens.
1385 469 1435 497 llic
1464 470 1498 497 al
1525 470 1675 502 hominem,
1699 478 1783 505 quem
1807 472 1842 498 ad

1059 514 1204 550 imaginem
1245 523 1323 542 suam
1358 516 1535 548 condiderat,
1566 516 1651 543 venit.
1680 515 1749 543 Nam
1780 524 1844 544 cum

1060 561 1199 588 hominem
1216 561 1250 588 ad
1261 561 1467 588 similitudinem
1481 569 1560 588 suam
1576 569 1592 588 ιι
1604 562 1738 596 principio
1752 569 1848 589 creas-

1060 610 1110 638 set,
1146 606 1272 633 euntdcm
1304 613 1401 633 rursus
1425 607 1459 633 att
1484 606 1689 640 exprimendam
1704 607 1746 633 sui
1767 607 1847 633 simi-

1060 650 1202 678 litudinem
1230 651 1347 684 reducit,
1365 659 1420 679 suae
1448 652 1574 679 videlicet
1590 657 1723 679 creaturae
1748 652 1848 679 simibs

1059 695 1117 723 cllei
1128 701 1182 723 tus.
1197 696 1381 723 Conveniebat.
1400 695 1487 726 enim,
1508 701 1536 723 ut
1561 696 1608 730 qui
1628 696 1746 730 printum
1763 696 1847 721 fluxe-

1062 747 1113 773 rat,
1130 742 1201 769 idem
1221 750 1329 776 quoque
1348 744 1506 777 listttentum
1521 749 1601 769 suum
1613 751 1628 769 a
1640 747 1752 776 peccato
1774 743 1848 769 labe-

1063 786 1195 814 factatum
1216 792 1299 822 atque
1325 787 1498 814 contractum
1510 787 1677 814 instauraret
1691 787 1780 827 lfatris
1795 792 1850 814 ter-

1062 833 1155 860 minus
1180 838 1206 860 et
1229 838 1310 860 rato.
1329 833 1399 866 Quid
1418 833 1474 860 ait?
1488 833 1559 861 Num
1574 833 1653 868 juxta
1671 834 1780 860 termini
1801 842 1847 860 ra-

1063 881 1163 908 tionettt
1181 879 1260 908 Pater
1281 880 1351 908 Filio
1371 882 1545 914 terminatur,
1561 882 1697 916 siquidem
1714 883 1850 909 terminus

1027 918 1049 945 Β
1063 927 1150 961 ipsius
1164 932 1215 960 est,
1230 928 1272 955 sic
1299 934 1328 955 ut
1350 933 1461 962 paterna
1479 933 1576 955 natura
1592 928 1654 955 Filii
1670 935 1767 955 natura
1783 937 1849 956 con-

1063 975 1138 1002 clusa
1155 983 1187 1003 ac
1197 976 1310 1004 deﬁnita
1322 977 1377 1004 sit?
1391 977 1429 1003 lla
1446 984 1530 1004 sane:
1546 977 1696 1004 dummodo
1707 977 1851 1012 sapienter

1063 1027 1096 1048 ac
1117 1021 1232 1050 candide
1261 1023 1423 1050 sententiam
1450 1024 1548 1050 ltorum
1581 1024 1726 1051 verborunt
1756 1024 1852 1050 audire

1063 1067 1200 1102 quispiam
1229 1068 1302 1096 velit.
1331 1068 1454 1096 Paterna
1481 1069 1590 1104 quidem
1612 1071 1739 1097 essentia:
1758 1070 1850 1096 nullus

1063 1113 1176 1141 omnino
1189 1119 1231 1142 est
1246 1115 1391 1148 terminus,
1405 1115 1636 1150 quemadmodum
1661 1123 1711 1143 nec
1733 1115 1850 1142 aliarum

1064 1159 1179 1187 duarum
1197 1167 1377 1195 personarum
1397 1169 1403 1187 :
1418 1166 1445 1188 at
1461 1162 1566 1196 paterni
1582 1161 1702 1188 nominis
1717 1162 1852 1188 terminus

1064 1211 1107 1233 est
1126 1205 1222 1234 Filius.
1239 1206 1374 1239 Quoniam
1391 1207 1464 1234 enim
1483 1207 1541 1235 haec
1571 1208 1683 1234 nomina
1706 1215 1739 1234 ex
1753 1215 1851 1235 eorum

1065 1260 1180 1281 numero
1195 1259 1269 1287 sunt,
1286 1261 1346 1288 quae
1368 1255 1401 1281 ad
1423 1255 1527 1290 aliquid
1545 1255 1711 1288 referuntur,
1730 1255 1853 1291 profecto

1065 1305 1125 1325 eam
1140 1303 1266 1326 naturam
1290 1300 1400 1330 habent.
1419 1306 1448 1327 ut
1467 1305 1614 1336 utruntque
1646 1301 1733 1328 altero
1758 1302 1852 1329 terrui-

1066 1348 1155 1371 netur.
1176 1345 1215 1372 Ac
1227 1345 1340 1380 proinde
1354 1345 1461 1373 Patrem
1482 1345 1567 1374 Filius
1592 1347 1736 1378 terminat,
1752 1355 1851 1382 quem-

1066 1390 1214 1418 admodum
1248 1391 1368 1418 vicissim
1395 1390 1475 1418 Pater
1491 1390 1602 1418 Filio.
1619 1391 1767 1418 Enimvero
1783 1400 1852 1427 quo-

1066 1437 1139 1464 niam
1165 1437 1236 1464 Dens
1259 1438 1413 1466 mistionem
1441 1445 1502 1465 cum
1529 1445 1612 1465 carne
1638 1446 1692 1465 non
1720 1439 1851 1472 admittit,

1065 1482 1155 1509 anima
1173 1487 1264 1510 autem
1291 1488 1319 1510 et
1340 1491 1417 1511 utens
1434 1483 1505 1511 velut
1522 1484 1549 1511 in
1567 1484 1612 1512 Dei
1626 1485 1771 1520 carnisque
1787 1494 1854 1513 con-

1067 1526 1131 1553 finio
1150 1531 1202 1558 est,
1217 1528 1308 1555 carnis
1320 1529 1442 1563 quidem,
1457 1534 1486 1556 ut
1501 1529 1658 1565 coniugata,
1673 1530 1720 1557 Dei
1748 1536 1853 1565 autent,

228 1578 251 1604 si
286 1578 417 1611 it'tttporls
457 1577 528 1605 ratio
559 1577 703 1610 habeatur,
737 1576 873 1610 posterior
899 1580 951 1607 est,
978 1575 1049 1606 itac
1068 1576 1097 1599 ut
1119 1572 1209 1607 imago
1227 1582 1234 1601 :
1251 1573 1353 1601 idcirco
1383 1582 1444 1602 eum
1474 1581 1588 1610 cognata
1605 1583 1693 1603 mente
1709 1582 1792 1612 atque
1812 1577 1855 1604 iit-

229 1627 358 1657 quantnnt
382 1623 414 1648 ad
435 1614 502 1648 'mali
532 1622 693 1656 gravitatem
727 1627 809 1655 atque
834 1621 1012 1653 atrocitatem,

230 1667 348 1702 primum
375 1666 464 1693 locum
495 1666 546 1692 sibi
582 1666 710 1694 vindicat.
743 1666 899 1694 Extremum
933 1666 1014 1694 etiam

231 1714 367 1740 malorum
390 1712 442 1739 diri
468 1717 566 1747 potest,
587 1716 616 1739 ιιι
640 1713 700 1740 linis
717 1717 744 1740 et
760 1713 897 1744 cumulus,
912 1719 938 1740 et
951 1713 1015 1753 ιωιῆ

229 1761 299 1786 ultra
334 1767 392 1786 cant
427 1760 531 1786 nulluttt
558 1760 630 1787 aliud
662 1760 753 1787 scelus
782 1759 906 1796 progtedi
933 1763 1015 1795 atque

227 1807 334 1833 extendi
350 1811 448 1840 potest.

261 1852 385 1879 (101.326
405 1852 437 1879 Α.
466 1852 529 1885 Qum
546 1853 668 1888 quoniam
681 1853 777 1887 »πα-ἰαί,
794 1859 847 1880 etc.
867 1853 1013 1886 Quoniam,

228 1897 327 1933 inquit,
347 1899 435 1932 majus
451 1898 581 1925 auxilium
604 1898 757 1933 requirebat
774 1898 892 1926 ltumana
906 1906 1013 1932 ua1uia,

229 1950 319 1978 utpote
339 1946 412 1979 gravi
435 1945 674 1980 inm-bocm'repta,
697 1945 785 1980 majus
799 1952 906 1980 quoqtte
929 1945 1015 1972 incdi-

228 1996 383 2017 cam'ntum
401 1996 428 2017 et
452 1991 583 2017 auxilium
599 1995 640 2018 est
655 1995 812 2018 consecuta.
830 1990 896 2018 lllud
923 1996 1013 2018 autem

228 2041 297 2068 erat,
314 2044 366 2062 non
381 2036 505 2070 angelus,
518 2044 572 2063 non
583 2037 676 2070 homo,
693 2037 739 2063 scd
752 2036 883 2064 Dotninus
895 2037 1016 2071 ipse,qui

229 2082 346 2108 Verbum
372 2081 481 2113 dicitur,
516 2086 545 2108 ut
580 2082 646 2109 illud
676 2083 853 2115 ostendatur,
874 2083 948 2117 quod
981 2091 1015 2109 ex

228 2134 335 2153 summa
361 2127 405 2153 illa
433 2132 522 2153 mente
546 2127 658 2161 prodiit,
676 2127 748 2162 qttod
765 2128 907 2162 impatihili
934 2129 1015 2155 ntodo

229 2173 389 2207 progenitus
408 2176 467 2205 est,
492 2174 564 2207 quod
587 2172 722 2200 Genitoris
745 2174 835 2208 imago
854 2178 905 2206 est,
927 2178 1014 2201 totum

227 2217 337 2245 Patrem
363 2218 388 2244 in
414 2218 505 2253 seipse
530 2218 690 2252 ostendens,
706 2227 738 2246 ac
754 2218 891 2255 perfectus
912 2227 961 2255 per
985 2228 1015 2247 se

228 2265 404 2296 cxsistens",
417 2264 524 2291 saeculis
543 2265 627 2299 prior,
644 2272 692 2300 per
707 2273 787 2300 quem
806 2265 890 2293 etiam
912 2267 1012 2293 sarcula

227 2310 308 2338 Pater
331 2311 404 2339 fecit.
421 2311 577 2344 Invisibilis,
591 2316 619 2339 ut
636 2312 707 2340 Deus
728 2321 734 2339 :
752 2312 835 2339 Deum
850 2313 921 2340 enim
937 2321 1011 2340 nemo

227 2358 294 2384 vidit
314 2365 431 2393 unquam
444 2356 477 2390 “,
493 2357 544 2384 hoc
570 2364 611 2385 est
635 2357 683 2385 Dei
700 2362 836 2385 naturain.
855 2358 892 2385 Ex
909 2359 1011 2394 princi-

226 2405 272 2440 pio
287 2405 449 2439 principium
462 2412 469 2430 :
481 2411 512 2431 ex
529 2404 608 2432 Patre
620 2405 705 2438 enim,
719 2405 766 2439 qui
782 2405 903 2433 omnium
920 2413 1012 2433 rerum

226 2451 390 2486 principitntt
405 2455 456 2482 est,
475 2455 503 2478 ut
521 2458 614 2478 causa.
627 2451 663 2477 At
677 2449 761 2478 Filius
774 2452 938 2487 principium
961 2457 1012 2485 est,

226 2502 258 2524 ut
277 2504 357 2523 causa
373 2497 516 2531 adiuvans.
528 2496 604 2524 Unde
615 2502 641 2524 et
649 2497 683 2524 ad
693 2496 799 2524 Patrem
811 2498 847 2524 ait
857 2497 992 2532 Propheta
1004 2507 1011 2528 :

228 2545 321 2571 Tecum
336 2544 493 2577 principium
503 2543 536 2576 δ”,
552 2547 604 2570 etc.
619 2543 656 2569 Ev
672 2543 774 2570 luntine
790 2543 880 2571 lunten
896 2551 903 2571 :
920 2543 1010 2570 lumen

225 2590 306 2617 Pater
331 2595 381 2617 est.
399 2589 468 2616 Deus
484 2590 569 2621 enim,
585 2589 691 2623 inquit,
716 2589 764 2616 lux
789 2590 868 2617 est“.
886 2589 924 2616 Ex
952 2590 1012 2624 ipso

224 2643 314 2664 autem
341 2637 429 2663 lunten
451 2641 491 2662 est
517 2635 621 2663 Filius:
638 2635 693 2670 Ego
718 2636 803 2668 enim,
824 2636 922 2671 inquit,
951 2644 1011 2662 sum

224 2685 271 2710 lux
290 2684 379 2709 mundi
393 2683 427 2708 ⁸⁷.
443 2681 516 2709 Fons
534 2683 594 2710 vita:
615 2688 641 2710 et
657 2682 879 2712 immortalitatis,
899 2686 1010 2716 propter

224 2731 431 2764 perennitatem,
447 2735 473 2756 et
490 2729 554 2764 quia
578 2736 610 2756 ex
632 2728 692 2763 ipso
709 2729 742 2756 ad
765 2737 811 2755 res
835 2736 930 2756 omnes
957 2729 1010 2755 vita

223 2776 355 2804 dimanat.
385 2775 530 2810 Archetypi
563 2775 721 2809 expressio,
751 2775 840 2802 Patris
866 2775 1009 2802 immotnnt

223 2821 354 2855 sigillum,
370 2822 421 2849 hoc
436 2825 489 2855 est,
510 2829 603 2849 verum
622 2822 789 2857 minimeque
815 2822 1008 2850 adulteratam.

257 2900 279 2916 ⁵³
297 2900 375 2931 Hebr.
395 2910 413 2934 ι,
427 2903 453 2929 5.
494 2901 515 2917 ⁵⁵
533 2900 626 2929 lJoan.
644 2910 679 2935 tv,
699 2900 739 2929 12.
779 2902 801 2919 ⁵⁵
817 2902 886 2930 Psal.
905 2910 959 2936 cxx,
975 2902 1001 2929 '5.

1067 1618 1212 1646 tellectuali
1235 1621 1325 1647 attima
1357 1620 1403 1648 Dei
1427 1626 1525 1649 natura
1552 1623 1739 1658 coniungitur,
1768 1629 1853 1659 atque

1066 1667 1142 1695 illittc
1152 1674 1215 1695 cum
1238 1676 1369 1704 corporea
1390 1671 1459 1697 tnole
1483 1669 1640 1697 societatem
1661 1671 1721 1703 init,
1744 1679 1776 1698 ac
1803 1679 1851 1706 per

1066 1713 1158 1740 omnia
1182 1714 1278 1748 plenus
1302 1719 1329 1742 et
1354 1715 1491 1750 perlectus
1514 1717 1594 1743 bouto
1608 1716 1731 1749 ellicitur,
1755 1717 1852 1745 iisdem

1065 1757 1207 1786 all‘ectibus
1217 1759 1362 1792 obnoxius,
1371 1761 1468 1794 quibus
1484 1761 1572 1788 caeteri
1585 1762 1726 1793 mortales.
1739 1769 1854 1798 excepto

1065 1810 1189 1838 peccato.
1212 1805 1313 1833 Omnes
1335 1806 1407 1833 enirn
1427 1806 1540 1834 allectus
1570 1809 1708 1835 naturales
1724 1812 1752 1835 et
1770 1816 1785 1835 a
1810 1817 1853 1836 re-

1067 1850 1250 1884 prehensione
1277 1858 1376 1879 vacuos
1402 1853 1556 1886 amplexus,
1585 1858 1726 1887 peccatum
1749 1862 1853 1888 nequa-

1066 1904 1147 1930 quam
1166 1897 1307 1931 amplcxus
1328 1902 1380 1930 est,
1410 1902 1501 1933 utpote
1521 1906 1536 1925 a
1551 1903 1648 1926 ttatura
1675 1899 1795 1926 alienum
1821 1907 1853 1928 ac

1066 1943 1285 1977 vituperandum.
1302 1944 1341 1971 Ac
1367 1944 1452 1979 ipsius
1476 1952 1586 1979 corpus,
1599 1952 1613 1971 a
1630 1945 1734 1980 Spiritu
1755 1951 1852 1973 sancto

1065 1997 1200 2023 creatutu,
1214 1990 1292 2018 Verbi
1304 1991 1471 2018 adorandum
1481 1992 1672 2019 indumentum
1684 1991 1785 2019 factum
1800 1996 1851 2021 est.

1065 2035 1154 2070 Atque
1169 2043 1201 2062 ex
1221 2034 1330 2070 Virgine
1346 2036 1417 2064 Deus
1436 2044 1499 2063 cum
1516 2043 1657 2072 assumpta
1673 2045 1756 2064 carne
1772 2043 1851 2065 natus

1065 2086 1117 2114 est,
1130 2081 1200 2108 idettt
1216 2081 1298 2114 Deus,
1316 2081 1387 2109 idem
1401 2086 1428 2109 et
1444 2082 1536 2113 homo,
1552 2087 1699 2117 utrutnque
1718 2089 1747 2109 ut
1762 2083 1850 2110 solum

1066 2125 1130 2158 (una
1143 2126 1216 2153 enim
1232 2134 1348 2160 persona
1362 2126 1488 2154 Christus
1500 2128 1550 2161 est)
1566 2135 1598 2154 ex
1614 2127 1722 2154 duabus
1742 2133 1850 2155 contra-

1065 2172 1115 2198 riis
1144 2173 1259 2204 naturis,
1285 2180 1369 2200 carne
1397 2173 1526 2200 nimirum
1555 2178 1582 2200 et
1607 2173 1716 2208 spiritu,
1734 2173 1786 2201 hoc
1800 2179 1849 2207 est,

1068 2218 1237 2246 humanitate
1263 2223 1290 2246 ct
1315 2219 1468 2252 divinitate,
1484 2227 1599 2254 quarunt
1623 2219 1727 2252 altera,
1754 2228 1850 2256 nempe

1068 2264 1204 2295 divinitas,
1219 2265 1294 2291 carni
1307 2264 1475 2292 divinitatem
1490 2265 1592 2298 attulit;
1609 2265 1705 2299 altera,
1721 2266 1849 2294 nimirum

1067 2317 1141 2342 cato,
1158 2310 1326 2337 divinitatem
1356 2311 1470 2344 accepit.
1488 2310 1529 2337 Ac
1556 2310 1606 2337 fuit
1639 2316 1695 2339 tum
1727 2319 1797 2339 nova
1826 2317 1853 2339 et

1066 2355 1186 2382 inaudita
1202 2356 1326 2388 mistura,
1339 2356 1401 2390 quia
1417 2356 1457 2383 ha:
1473 2356 1532 2383 dine
1548 2361 1650 2384 naturae
1667 2358 1752 2385 semel
1778 2357 1850 2385 inter

1065 2409 1095 2429 se
1112 2403 1194 2430 unita:
1210 2403 1386 2430 iudivisihiles
1403 2409 1495 2438 postea
1517 2410 1676 2431 manserunt
1694 2413 1701 2432 :
1716 2411 1743 2432 et
1763 2405 1851 2432 admi-

1066 2449 1151 2475 randa
1174 2450 1344 2483 temperatio,
1362 2450 1426 2485 quia
1443 2450 1515 2476 ttulla
1541 2450 1667 2478 conlusio
1682 2455 1765 2486 atque
1781 2453 1848 2478 alte-

1067 2496 1136 2522 ratio
1167 2501 1260 2522 secuta
1283 2501 1334 2523 est.
1349 2496 1455 2523 Etenim
1473 2497 1632 2532 temperatio
1655 2504 1700 2524 res
1716 2505 1773 2531 eas,
1791 2505 1851 2532 quae

1068 2545 1272 2575 temperantur,
1304 2541 1507 2575 quodamntodo
1533 2542 1669 2574 immutat,
1687 2547 1781 2578 utpote
1803 2550 1848 2570 eas

1067 2587 1181 2614 minime
1207 2594 1291 2622 puras
1309 2594 1420 2614 servans
1438 2596 1445 2615 :
1462 2595 1493 2615 ac
1507 2595 1600 2615 rursus
1617 2588 1719 2620 mistio,
1736 2597 1769 2616 ea
1791 2598 1850 2625 qua:

1068 2633 1229 2665 miscentur.
1243 2633 1312 2660 haud
1336 2633 1481 2661 admodum
1498 2634 1566 2661 unit.
1583 2634 1735 2669 Utrumque
1759 2640 1849 2662 autent

1067 2679 1175 2713 utrique
1190 2679 1348 2714 adjunctum
1362 2683 1484 2706 exactam
1497 2679 1558 2706 ﬁdei
1574 2678 1759 2714 doctrinaeque
1778 2682 1850 2708 veri-

1065 2730 1147 2753 tatem
1160 2731 1261 2753 servat.
1273 2725 1478 2760 Tcmperaturae
1493 2726 1567 2752 enini
1583 2725 1741 2753 inconlusio
1753 2727 1849 2761 adjun-

1063 2772 1304 2807 cta,misturaeque
1316 2772 1408 2799 itidem
1423 2772 1560 2805 indivisio,
1581 2772 1727 2807 perfectam
1746 2773 1848 2800 modis-

1062 2829 1115 2857 que
1123 2820 1250 2850 omnibus
1259 2821 1412 2849 absolutam
1426 2821 1486 2848 lidci
1494 2821 1644 2848 doctrinam
1658 2820 1765 2854 retinet,
1778 2826 1847 2847 utra.

1041 2902 1062 2918 ⁸⁵
1080 2901 1089 2929 ι
1105 2901 1180 2934 han,
1198 2910 1217 2935 t,
1235 2902 1260 2929 5.
1298 2902 1320 2919 ⁸⁷
1334 2902 1411 2930 Joan.
1426 2909 1484 2936 vni,
1503 2903 1545 2929 1'2.
1568 2902 1590 2919 "
1607 2901 1712 2929 Coloss.
1732 2909 1749 2934 t,
1769 2901 1812 2928 ιδ.
