2027 3162
178 213 243 246 1201

615 212 776 242 NICETAS
797 211 837 241 IN
858 208 969 240 ORAT.
991 208 1143 239 XXXVIII
1165 211 1195 240 S.
1214 209 1329 240 GREG.

1730 211 1800 245 1202

176 281 227 307 que
243 271 368 299 videlicet
393 270 587 298 naturarumin
609 270 720 296 Christo
737 268 956 297 concurrentium
973 271 994 299 Α
1011 268 1161 295 divinitatis
1189 275 1364 303 expensores,
1382 276 1413 295 ac
1435 277 1478 296 res
1499 269 1651 297 laudandus
1678 275 1704 297 et
1733 279 1800 305 pra:-

136 353 140 356 _
176 318 354 353 proprietates
367 325 432 345 suas
445 318 523 345 alteri
537 317 757 345 communicante
770 321 879 351 propter
899 323 960 350 per-

174 371 249 392 sunae
283 364 462 396 identitatem,
486 370 518 390 ac
540 367 662 389 mutuam
697 362 816 396 ipsarutn
838 360 909 388 inter
923 363 960 387 'se

175 409 385 436 inimentio-tem.
405 409 472 436 Nam
487 408 574 436 creari
591 413 618 435 et
639 408 695 434 fieri
709 428 716 441 ,
732 408 765 434 iis
785 407 958 437 conveniunt,

175 463 244 488 qua‘,
263 462 325 482 cum
355 462 408 481 non
423 459 530 486 essent,
560 454 586 480 in
610 458 699 480 ortum
728 452 858 487 producta
884 456 958 478 sunt.

174 498 245 527 Fieri
264 504 355 527 autem
372 499 471 527 dicitur
487 500 510 528 is
522 500 567 535 qui
584 504 613 526 ut
625 499 696 526 Deus
710 498 892 533 sempiternus
908 501 959 530 est,

173 550 284 581 propter
310 553 420 572 carnem
450 553 531 580 quatit
557 544 714 578 assumpsit.
733 543 870 570 Mutuatur
886 543 959 569 enim

172 591 265 619 carnis
293 591 470 626 proprietates
499 594 607 625 propter
642 597 777 617 summam
805 588 959 615 unionem:

173 637 402 672 quemadmodum
414 637 517 664 scilicet
529 636 685 662 humanitas
697 642 805 669 quoque
821 638 959 668 assumpta

173 682 246 710 Deus
258 683 367 713 dicitur,
380 683 450 717 quod
463 681 608 708 divinitatis
621 681 798 715 proprietates
809 680 859 707 sibi
871 679 960 706 vindi-

172 734 226 755 cet.
245 728 297 761 Qui
322 733 363 756 est
378 749 384 760 ,
402 729 444 758 tit:
457 727 502 762 qui
516 727 661 754 creationis
684 732 780 760 expers
804 729 863 758 est,
886 732 962 752 crea-

173 779 227 802 tur.
250 774 312 802 lliec
342 773 598 801 communicationis
630 773 716 807 ﬁgura
751 771 890 799 dicuntur.
923 771 962 798 Ac

173 826 271 847 cietera
290 820 408 853 quidetn,
426 820 487 846 licet
505 819 684 845 admiratione
706 818 798 852 digna,
815 821 903 844 tamen
928 816 961 843 de

173 866 345 893 humanitate
367 869 504 899 assumpta
526 864 701 899 intelligenda
716 868 790 890 sunt.
808 862 875 889 Nam
888 862 960 897 quod

171 917 243 943 erat,
260 915 351 938 manet
366 919 374 937 :
388 910 463 945 quod
474 918 529 937 non
540 915 610 943 erat,
622 909 778 944 assumpsit.
791 908 858 935 lllud
870 912 960 934 autem

1014 313 1102 341 claras
1118 314 1288 342 criminando
1301 315 1481 342 insectantes?
1496 315 1614 343 lloccinc
1626 317 1681 343 Deo
1692 317 1800 352 obiicis,

1013 358 1097 386 homo
1114 360 1230 394 ingrate,
1248 361 1320 395 quod
1353 365 1398 388 tua
1425 369 1506 389 causa
1536 362 1654 396 seipsum
1688 363 1798 398 dejecit,

1014 404 1097 438 quod,
1115 412 1176 431 eum
1205 406 1264 432 ovis
1292 406 1394 440 perdita
1423 414 1508 438 esses,
1521 411 1548 434 et
1569 407 1684 441 impuris
1697 409 1799 436 dieme-

1015 449 1094 477 nibus
1121 450 1147 476 in
1175 450 1291 478 collibus
1321 452 1508 485 sacrillcares,
1535 457 1560 480 te
1591 455 1800 489 conquisiveril,

1014 499 1097 529 atque
1117 495 1254 522 inventam
1272 496 1297 522 in
1316 497 1474 532 angelorum
1491 497 1614 526 ordinem
1632 500 1800 534 ascripserit,

1015 541 1087 574 quod
1105 547 1214 567 carnem
1237 548 1314 568 Suam
1339 541 1417 576 quasi
1434 542 1573 570 lucernam
1589 545 1754 577 accenderit,
1770 553 1802 572 ac

1015 585 1145 612 mundum
1167 593 1180 612 a
1196 586 1271 617 vitio,
1288 594 1342 613 non
1356 594 1436 614 secus
1451 594 1483 614 ac
1497 587 1609 615 domum
1627 590 1773 624 quamdam
1786 597 1801 617 a

1014 631 1169 665 qnisqulliis
1183 631 1364 666 sordibusque
1379 634 1543 667 repurgarit,
1560 635 1716 669 regiamque
1731 635 1802 662 ima-

1014 676 1104 710 ginem
1134 676 1214 704 fmdis
1239 676 1380 705 all'ectibus
1401 678 1550 706 involutam
1574 684 1655 715 atque
1676 681 1801 708 obrutam

1016 723 1088 749 velut
1114 723 1272 750 drachmam
1299 724 1325 750 itt
1343 729 1465 751 stercore
1487 725 1633 759 invenerit,
1648 728 1801 762 laetitiaeque

1015 769 1050 796 ob
1071 769 1228 797 drachmam
1256 770 1392 798 inventam
1419 776 1563 806 susceptae,
1580 773 1690 807 angelos
1718 775 1802 808 partl-

1015 815 1088 850 cipes
1105 815 1179 847 facit,
1196 823 1265 850 quos
1279 816 1359 843 ctiam
1376 816 1592 852 dispensationis
1608 826 1664 846 suae
1676 820 1801 846 conscios

1015 866 1096 895 atque
1131 862 1307 889 administros
1330 864 1498 898 assumpsit?
1524 863 1629 892 Etenim
1656 865 1682 892 in
1716 866 1802 900 ipsius

1015 903 1159 930 Nativitate
1185 905 1332 932 multitudo
1363 906 1483 934 caelestis
1517 907 1620 935 militia:
1645 910 1801 948 pastoribus

172 958 245 991 quod
264 957 301 984 ait
318 966 325 984 :
356 955 435 988 Eum,
453 957 498 991 qui
528 956 604 982 nullo
629 956 689 982 loco
707 954 840 982 contineri
864 959 891 981 et
902 954 960 989 capi

1013 948 1139 983 apparuit
1155 949 1322 977 laudantium
1336 950 1420 978 Deum
1435 959 1466 978 ac
1480 952 1647 980 dieenIiuin:
1667 953 1758 981 Gloria
1774 956 1801 982 iu

171 1008 290 1038 poterat,
305 1003 448 1035 contineri,
470 1001 576 1029 dilllcile
592 1006 634 1028 est
649 1009 680 1028 ac
695 1001 903 1036 perobscurum,
914 1007 964 1027 nec

172 1050 324 1084 quidquam
355 1048 429 1075 aliud
455 1048 507 1075 dici
532 1052 631 1082 potest,
647 1054 728 1082 quam
756 1045 827 1081 quod
852 1049 963 1080 propter

172 1095 371 1121 exnberantem
400 1093 509 1120 virtutis
535 1093 717 1127 potentiaeque
745 1091 962 1126 magnitudinem

170 1141 199 1167 id
216 1141 273 1167 fiat.
291 1141 341 1173 Qui
359 1140 509 1174 locupletes
528 1139 596 1166 alios
620 1138 684 1165 facit
715 1143 784 1173 eget.
803 1139 874 1165 Caro
891 1138 962 1164 enim

171 1192 321 1221 paupertas
332 1191 385 1217 est,
414 1191 507 1221 utpote
530 1185 622 1212 multis
643 1184 723 1212 rebus
738 1185 771 1211 ad
788 1185 829 1211 sui
848 1191 962 1211 conscr-

172 1233 311 1259 vationem
331 1240 399 1267 opus
414 1233 528 1258 habens.
546 1231 579 1258 At
598 1231 685 1258 deitas
700 1231 776 1258 dives
794 1234 820 1257 et
833 1230 960 1265 opulenta

171 1283 227 1310 est,
246 1278 345 1312 quippe
360 1278 460 1304 nullius
475 1277 513 1304 rei
529 1276 663 1311 indigens.
681 1276 731 1309 Qui
747 1277 843 1311 plenus
864 1280 916 1308 est,
935 1279 964 1302 ut

170 1322 258 1354 Deus,
276 1328 415 1349 vacuatur.
431 1321 548 1349 Inanitio
564 1326 664 1353 autem,
679 1329 726 1348 seu
743 1321 878 1353 vacuatio,
894 1320 964 1348 dici-

171 1373 218 1394 tur
244 1368 373 1395 demissio
391 1368 447 1399 illa,
463 1376 516 1403 qua
543 1367 671 1394 Christus
688 1367 721 1393 ad
744 1368 961 1401 integumentum

169 1413 305 1447 dignitate
323 1419 372 1438 sua
391 1413 522 1438 humilius
546 1419 606 1438 sese
631 1411 740 1445 deiecit,
759 1411 963 1445 humanamque

170 1458 291 1484 fortnam
310 1455 410 1482 induit.
424 1455 494 1487 Quid
511 1458 602 1481 autem
629 1455 681 1481 sibi
696 1454 753 1481 vult
767 1462 896 1489 magnum
910 1455 962 1481 hoc

171 1510 257 1538 atque
278 1509 409 1529 arcanum
426 1501 608 1536 mysterium?
623 1500 755 1533 Quonia.u
785 1500 868 1527 homo
889 1499 962 1527 Deus

170 1550 263 1575 lactus
277 1552 397 1579 nonest,
415 1547 517 1574 idcirco
535 1546 606 1573 Deus
628 1547 709 1572 homo
725 1545 764 1578 llt,
781 1545 894 1572 honoris
907 1545 961 1573 mei

170 1601 268 1625 causa,
289 1593 415 1619 nimirum
429 1598 459 1619 ut
475 1593 508 1619 iis
527 1592 618 1625 rebus,
635 1599 704 1627 quas
717 1592 833 1627 accepit,
850 1599 881 1620 ea
901 1600 962 1627 qua!

166 1641 260 1671 dedit,
280 1641 447 1670 instaurans,
463 1639 565 1674 peccati
591 1646 699 1673 ptenam
725 1639 844 1671 aboleat,
858 1647 891 1667 ac
913 1647 961 1674 per

167 1695 311 1715 mortuam
350 1686 545 1714 humanitatem
591 1684 794 1712 interfectorem
833 1686 959 1720 perimat.

169 1734 261 1768 filajor
279 1740 359 1766 porro
380 1731 513 1766 longeque
537 1731 725 1758 admirabilior
740 1735 783 1758 est
798 1731 961 1758 instauratio

167 1780 314 1806 creatione
332 1778 429 1812 prima.
450 1777 558 1804 Creatio
574 1777 646 1803 enim
664 1778 722 1804 solo
734 1778 817 1804 verbo
832 1777 936 1804 exstitit
952 1784 960 1803 :

168 1824 322 1852 Faciamus
338 1823 468 1849 hominem
476 1822 512 1855 “,
525 1828 592 1855 etc.,
611 1828 638 1849 at
652 1823 739 1857 ipsius
753 1822 865 1857 Opilieis
879 1829 960 1849 tnattu

167 1876 256 1905 atque
282 1877 362 1904 opera
389 1869 553 1896 instauratio
571 1868 689 1903 perfecta
709 1872 763 1900 est,
777 1875 873 1902 nempe
889 1869 961 1902 quod

167 1919 290 1952 ipsemet
315 1915 411 1950 Opifex
434 1915 516 1942 homo
534 1914 623 1941 factus
640 1915 685 1946 sit,
703 1921 735 1940 ac
748 1913 860 1940 domum
883 1921 961 1940 suam

167 1961 351 1990 exstruxerit.
376 1962 414 1988 Ac
441 1964 572 1994 praeterea
597 1964 660 1986 tunc
676 1960 709 1986 ad
723 1959 867 1994 imaginem
890 1959 962 1986 dun-

166 2014 249 2038 taxat
267 2012 334 2035 erat.
351 2007 471 2034 Primum
492 2006 566 2033 enim
589 2004 775 2039 intelligentia:
799 2012 831 2032 ac
858 2004 961 2039 princi-

167 2062 253 2092 patus
266 2053 445 2081 similitudine
461 2051 550 2087 ipsum
576 2052 682 2078 ornavit
706 2051 868 2086 (principem
887 2051 960 2078 enim

166 2101 298 2129 ninnium
314 2102 500 2126 creaturarum
516 2105 531 2124 a
546 2097 680 2132 principio
703 2098 840 2124 hominem
859 2097 961 2124 consti-

166 2147 251 2180 tuit),
269 2151 341 2172 mtnc
356 2148 445 2170 autem
462 2144 612 2171 secundum
629 2143 822 2170 substantiam.
833 2142 899 2170 Nam
913 2149 962 2177 per

165 2198 332 2228 expressam
347 2190 438 2216 carnis
452 2189 538 2224 ipsius
550 2189 753 2215 similitudinem
767 2197 827 2215 eum
843 2189 958 2215 ornavit.

165 2239 198 2266 In
230 2235 360 2264 extremis
387 2235 520 2269 siquidem
548 2235 715 2268 temporibus
749 2235 831 2260 homo
858 2234 958 2272 factu},

1014 993 1151 1021 altissimis
1160 994 1259 1026 Deo,el
1275 996 1302 1022 in
1317 1001 1387 1023 terra
1401 1005 1454 1031 pas:
1464 997 1499 1030 ",
1509 1003 1561 1025 etc.
1577 999 1616 1026 Ad
1630 999 1701 1027 hunc
1711 1001 1802 1035 itaque

1014 1039 1124 1066 modum
1142 1040 1251 1074 angelos
1268 1041 1372 1069 consilii
1388 1047 1415 1070 et
1434 1043 1644 1078 dispensationis
1660 1053 1716 1073 suae
1736 1054 1802 1074 cott-

1014 1085 1086 1113 scios
1112 1085 1186 1113 facit.
1204 1086 1322 1115 lloceine
1340 1096 1434 1117 rursus
1449 1090 1546 1125 objicis
1559 1100 1566 1118 :
1580 1091 1658 1124 Quod
1681 1091 1802 1121 Joannes

1013 1131 1134 1166 quidem,
1151 1136 1180 1159 ut
1201 1132 1312 1160 lucerna
1329 1135 1429 1162 ardens
1445 1140 1472 1163 et
1488 1136 1581 1164 lucens
1594 1138 1628 1170 ",
1644 1137 1803 1167 Prmeuiso—

1014 1184 1071 1204 rem
1085 1178 1161 1212 egit:
1178 1177 1306 1207 Christus
1324 1184 1414 1207 autem
1432 1181 1477 1208 lux
1495 1182 1635 1210 inaccessa
1655 1190 1714 1217 post
1737 1193 1800 1212 eutn

1014 1223 1149 1257 apparuit,
1181 1231 1299 1260 eumque
1327 1231 1437 1254 secutus
1459 1232 1511 1260 est,
1525 1232 1554 1256 ut
1578 1236 1670 1255 vocem
1687 1231 1800 1256 verbmn

1014 1268 1076 1302 (vox
1089 1271 1161 1296 enim
1175 1271 1254 1304 quasi
1264 1271 1378 1298 materia
1387 1276 1431 1299 est
1440 1273 1586 1306 sermonis,
1597 1281 1686 1301 sermo
1698 1280 1800 1307 autent,

1013 1313 1112 1346 forma,
1131 1323 1226 1343 vocem
1255 1316 1421 1352 informatus)
1441 1322 1471 1345 nt-
1488 1321 1643 1353 pronubum
1670 1327 1800 1354 sponsus,

1014 1360 1074 1395 pios
1098 1368 1130 1388 ac
1157 1361 1250 1389 fideles
1280 1363 1404 1390 homines
1427 1363 1479 1398 ipsi
1505 1364 1801 1398 conciliantem?Quin

1014 1406 1096 1442 igitur
1112 1407 1177 1437 illud
1200 1415 1308 1444 quoque
1331 1409 1519 1444 reprehendis,
1536 1410 1607 1444 quod
1627 1416 1653 1438 et
1670 1419 1731 1438 cum
1751 1420 1801 1446 pu-

1013 1453 1128 1480 blicanis
1143 1454 1270 1486 comedit,
1285 1454 1409 1489 iniquum
1427 1460 1563 1490 quzestum
1580 1455 1753 1488 facientibus,
1771 1462 1801 1484 ut

1013 1498 1071 1533 ipse
1098 1507 1208 1534 ιμοιιιιε
1232 1501 1347 1528 salutem
1369 1501 1478 1529 illorum
1494 1503 1650 1530 elucretnr?
1665 1504 1697 1530 At
1713 1505 1801 1530 enim-

1013 1553 1079 1572 vero
1100 1553 1132 1573 ea
1153 1554 1197 1574 res
1221 1548 1296 1574 onmi
1323 1548 1534 1582 reprehensione
1558 1554 1639 1582 caret,
1659 1550 1709 1577 nisi
1739 1551 1801 1584 quis

1014 1592 1149 1619 medicum
1162 1593 1346 1620 accusandum
1357 1598 1443 1628 putet,
1455 1595 1527 1629 quod
1542 1595 1575 1621 ad
1586 1595 1694 1622 fmtidos
1706 1597 1800 1630 tegi-oti

1014 1638 1125 1664 morbos
1141 1638 1258 1672 seipsum
1274 1638 1408 1670 demittat,
1423 1643 1453 1665 ut
1466 1646 1528 1666 eum
1545 1640 1654 1666 sanitati
1665 1641 1800 1673 restituat,

1012 1683 1069 1718 ipse
1094 1683 1202 1710 interim
1219 1683 1315 1710 morbo
1336 1691 1506 1719 nequaquam
1519 1684 1630 1713 affectus
1646 1693 1654 1713 :
1668 1690 1800 1719 autcum,

1011 1729 1058 1762 qui
1069 1729 1145 1763 juxta
1158 1729 1225 1764 legis
1236 1729 1425 1765 praascriptum
1442 1730 1469 1757 in
1484 1730 1589 1758 foveam
1605 1739 1665 1759 sese
1676 1732 1801 1766 inflectit,

1013 1780 1042 1800 ut
1058 1774 1224 1809 jumentum,
1238 1776 1310 1809 quod
1328 1776 1439 1803 homine
1461 1777 1541 1805 vilius
1553 1783 1606 1810 est,
1624 1778 1698 1805 illinc
1712 1783 1802 1806 extra-

1013 1819 1068 1852 hat,
1087 1821 1145 1854 ipse
1168 1821 1274 1847 interim
1290 1829 1323 1848 eo
1339 1822 1451 1849 minime
1468 1824 1623 1858 prolapsus.

1049 1865 1115 1892 Ibid.
1126 1861 1268 1893 ϐ.’Μίεειιε
1283 1873 1444 1901 qumemest,
1457 1873 1509 1895 etc.
1523 1868 1656 1902 Quoniam
1678 1871 1800 1898 tmnnulli

1013 1912 1173 1939 missionem
1205 1913 1318 1939 secundi
1350 1913 1456 1940 ordinis
1480 1921 1560 1945 esse,
1589 1921 1671 1950 atque
1695 1917 1718 1943 ei
1753 1918 1800 1952 qui

1012 1958 1146 1989 subesset,
1162 1957 1309 1985 con'venire
1319 1957 1388 1985 falso
1398 1959 1603 1992 existimabant,
1625 1961 1727 1989 idcirco
1737 1970 1799 1988 cum

1012 2002 1126 2030 dixisset
1139 2002 1294 2038 'l'heologus
1312 2004 1454 2032 Christum
1475 2006 1588 2033 missum
1606 2015 1677 2036 esse.
1694 2008 1799 2042 adjicit,

1013 2053 1041 2075 ut
1053 2048 1190 2076 hominem
1203 2057 1209 2076 :
1224 2050 1446 2085 quandoquidem
1459 2056 1487 2078 et
1501 2053 1602 2079 Servus
1617 2054 1643 2079 in
1658 2053 1800 2088 Scriptura

1012 2094 1102 2123 dictus
1117 2100 1167 2128 est,
1183 2099 1210 2123 et
1230 2096 1336 2123 ancilla:
1360 2096 1431 2125 illius
1441 2098 1473 2131 ".
1499 2103 1525 2126 et
1541 2107 1637 2133 agnus,
1653 2104 1680 2126 ct
1693 2100 1799 2131 ovis".

1011 2145 1094 2176 atque
1112 2142 1194 2169 etiam
1212 2142 1352 2178 fatigatos,
1375 2148 1402 2171 et
1417 2144 1490 2172 fame
1512 2153 1544 2172 ac
1567 2146 1611 2173 siti
1631 2146 1747 2173 all'lictus
1760 2147 1800 2180 “5;

1011 2188 1162 2223 laborasse,
1179 2193 1204 2216 ct
1222 2197 1324 2223 angore
1344 2191 1532 2225 correptus",
1555 2198 1637 2227 atque
1655 2193 1723 2220 adeo
1738 2201 1800 2227 pas-

1011 2242 1059 2261 sus
1075 2234 1158 2262 fuisse
1173 2234 1282 2262 dicitur.
1306 2235 1404 2263 Verum
1422 2237 1479 2264 haec
1493 2237 1595 2272 justam
1612 2244 1638 2265 ct
1656 2239 1799 2267 houestatn

165 2289 306 2312 creatura:
330 2289 385 2308 Sua:
399 2280 565 2307 assimilatus
579 2285 628 2311 est,
646 2287 761 2314 eantque
776 2279 809 2306 ad
825 2280 866 2307 sui
881 2279 959 2306 sinti-
975 2284 998 2312 ο
1012 2287 1122 2306 causam
1152 2281 1339 2315 rationemque
1361 2282 1479 2314 habent,
1507 2283 1635 2310 nimirum
1661 2285 1743 2319 quia,
1773 2291 1800 2313 et

165 2330 315 2359 litudinem
335 2326 538 2362 exprimendam
567 2325 684 2352 reduxit.
708 2325 745 2351 Ex
771 2332 826 2359 quo
853 2324 957 2359 liquido

165 2380 281 2405 constat
302 2375 353 2401 hoc
367 2372 529 2400 beneficium
548 2371 632 2406 priori
660 2371 706 2398 illo
723 2371 901 2398 excellentius
927 2378 958 2397 ac

165 2421 292 2450 divinius
305 2428 374 2447 esse.
386 2419 548 2454 Quanquam
561 2419 635 2445 enim
649 2418 776 2454 imaginis
785 2418 958 2452 participatio

165 2463 296 2492 divinant
325 2463 461 2489 hominem
489 2463 608 2489 olfecerit
632 2471 639 2489 :
667 2462 737 2489 idem
758 2467 848 2490 tamen
872 2462 958 2488 multo

166 2509 273 2538 melius
285 2507 409 2542 praestitit
419 2508 510 2534 carnis
525 2508 706 2542 participatio,
720 2515 780 2542 qua:
799 2515 853 2534 non
869 2507 957 2534 solum

165 2555 297 2584 divinum
325 2561 385 2579 ειιιιι
410 2552 536 2583 reddidit,
553 2561 648 2580 verum
673 2555 755 2581 etiam
774 2554 869 2585 Deum,
887 2560 957 2587 pro-

166 2606 234 2637 pter
250 2596 442 2633 hypostaticam
458 2597 598 2630 unionem,
614 2605 647 2625 ac
664 2599 686 2625 si
702 2599 831 2626 audacius
844 2598 957 2633 loquen-

165 2649 205 2674 du
212 2652 239 2671 m
257 2647 297 2671 est
307 2663 314 2674 ,
330 2644 475 2668 contleum.

206 2690 268 2718 Col.
295 2689 345 2716 527
369 2690 400 2714 Α.
424 2688 493 2721 Quid
514 2689 548 2714 ad
564 2689 618 2716 /I(L’L'
636 2690 710 2716 nobis
729 2690 897 2724 sycophanta:
919 2690 958 2715 di-

166 2739 248 2767 cunt,
273 2740 324 2762 etc.
343 2734 480 2760 Adversus
508 2733 564 2760 haec
584 2734 619 2760 ita
643 2734 802 2761 admiranda
828 2735 959 2769 quidnam

166 2781 295 2809 harrctiei
325 2780 415 2807 dicere
435 2779 552 2814 queant?
577 2780 730 2814 pet-acerbi;
760 2781 882 2815 inquam,
913 2782 956 2808 isti

208 2868 233 2883 δ’
247 2865 313 2893 Gen.
329 2875 348 2898 ι,
363 2865 407 2893 26.
457 2866 479 2882 ⁸⁸
492 2865 558 2893 Luc.
575 2874 603 2897 ιι,
621 2867 660 2893 Η.
717 2867 736 2883 ¹¹
748 2867 825 2894 hau.
845 2877 881 2897 vr.
896 2869 939 2895 53S.

167 2904 253 2931 Juan.
274 2910 309 2934 tv,
326 2904 352 2929 6.
391 2902 511 2929 "Marc.
533 2909 587 2935 λιν,
605 2902 638 2928 55
659 2911 736 2937 seqq.

990 2870 1011 2885 ⁵²
1025 2869 1094 2897 ῐιμειι.
1111 2878 1208 2904 Ltuv,
1229 2871 1268 2898 l6.

773 2904 794 2918 °“
807 2904 891 2930 Matth
919 2912 1013 2939 nvi“,
1036 2908 1075 2933 ιιδ.

1012 2325 1104 2356 homo,
1131 2329 1159 2351 cl;
1175 2324 1261 2353 Filius
1289 2327 1407 2354 hominis
1427 2326 1515 2356 factus
1540 2333 1592 2356 cst.
1619 2329 1708 2362 Qttarc
1730 2331 1799 2357 nihil

1011 2376 1064 2404 est,
1081 2379 1131 2399 cur
1147 2371 1189 2399 his
1202 2373 1316 2400 vocibus
1332 2374 1477 2408 quisquam
1493 2374 1656 2402 offendatur.
1679 2375 1796 2403 Verbum

1011 2419 1082 2445 enim
1103 2417 1187 2445 Filius
1203 2418 1321 2446 hominis
1338 2419 1440 2446 factum
1456 2425 1507 2451 est,
1526 2426 1555 2447 ut
1577 2421 1710 2448 mediator
1726 2422 1798 2448 exsi-

1013 2469 1086 2491 stcns
1102 2463 1148 2490 Dei
1166 2469 1247 2499 atque
1261 2464 1414 2497 hominum,
1432 2473 1492 2500 qum
1510 2465 1555 2493 Dei
1573 2471 1647 2498 sunt,
1668 2468 1756 2500 nobis,
1772 2473 1799 2495 rt

1013 2514 1072 2541 qua:
1090 2511 1183 2534 nostra
1201 2512 1275 2540 sunt,
1296 2508 1350 2535 Deo
1367 2510 1514 2536 ministret.
1536 2510 1603 2537 Cum
1628 2511 1710 2545 igitur
1726 2512 1797 2539 fame

1014 2553 1102 2586 urgeri
1119 2553 1237 2585 dicitur,
1261 2553 1393 2588 laerytnas
1416 2553 1600 2588 profundere,
1627 2555 1745 2590 fatigari,
1770 2564 1797 2585 et

1011 2598 1073 2624 Elui
1094 2598 1154 2625 Etoi
1170 2598 1298 2630 clamare,
1325 2601 1458 2626 lnnnanos
1475 2607 1506 2627 ac
1522 2605 1630 2628 nostros
1647 2601 1759 2629 allectus
1781 2612 1797 2630 ιι

1012 2644 1091 2671 ιιοὶιίε
1119 2644 1227 2678 accipit,
1247 2649 1330 2679 atque
1356 2645 1388 2672 ad
1413 2645 1521 2672 Patrem
1548 2648 1718 2681 transmittit,
1746 2657 1797 2683 pro

1012 2691 1089 2717 nobis
1108 2691 1290 2724 intercedens,
1306 2696 1336 2718 ut
1349 2692 1474 2720 videlicet
1493 2694 1520 2720 in
1537 2693 1596 2728 ipso
1614 2696 1794 2730 cxstinguan—

1011 2741 1063 2762 tur.
1080 2736 1147 2763 Cum
1162 2740 1254 2764 autem
1273 2737 1311 2764 ait
1327 2746 1333 2764 :
1348 2737 1417 2765 Data
1437 2739 1502 2765 milii
1519 2745 1557 2766 est
1576 2742 1661 2768 omnis
1674 2747 1793 2775 potestas

1010 2783 1036 2808 in
1055 2782 1116 2808 r0210
1130 2787 1154 2808 et
1174 2783 1200 2809 in
1224 2787 1294 2810 terra
1306 2784 1341 2816 ⁸⁸,
1363 2784 1480 2820 itemque
1493 2786 1565 2820 quod
1584 2787 1654 2815 Deus
1669 2796 1730 2815 eum
1750 2796 1795 2816 su-

1311 2873 1332 2888 “
1348 2873 1398 2900 lsr.
1416 2882 1476 2907 Llll,
1496 2874 1520 2903 7.
1572 2874 1594 2890 ⁸³
1607 2873 1673 2902 Luc.
1691 2882 1728 2909 tv,
1745 2875 1802 2910 ‘25;
