2027 3162
231 205 301 239 1Ξοῗὶ

938 203 1132 236 ADDENDA.

1792 200 1861 234 1204

230 260 454 299 perexaltarit",
478 261 634 297 huiusmodi
656 267 738 289 voces
756 260 801 288 Dei
819 261 950 289 beneﬁcia
975 269 1022 296 per
1037 264 1057 291 Α
1073 266 1166 290 autem
1191 261 1300 290 silentio
1321 265 1428 296 prernat
1451 265 1479 290 et
1501 264 1646 296 praetereat
1664 264 1769 296 :atque
1795 261 1860 288 illud

231 318 294 338 eum
312 310 338 337 in
363 317 412 337 nos
439 309 537 336 collata
555 308 707 336 declarant.
726 307 819 343 Neque
843 309 916 336 enim
932 307 1022 336 Verbo

232 357 383 392 quidquam
410 362 530 389 unquam
549 354 653 386 deerat,
670 359 716 382 aut
732 354 831 388 defuit,
849 362 899 383 nee
923 363 1022 383 rursus

232 400 358 429 homines
383 400 436 428 sibi
464 399 531 434 ipsis
551 399 709 427 ministrare
729 405 864 436 poterant.
893 399 955 428 liaae
974 408 1022 435 per

234 445 351 475 Verbum
370 445 449 474 nobis
469 445 659 479 conferuntur,
683 451 777 481 atque,
796 450 826 473 ut
842 447 892 482 ipsi
909 447 1021 479 donata,

232 494 311 521 nobis
336 491 542 526 impertiuntur.
564 491 671 519 Etenim
695 492 730 519 ob
746 492 818 519 hanc
831 500 941 528 quoque
953 501 1020 521 catt-

232 547 292 568 sam
309 538 508 565 humanitatem
526 538 641 572 accepit,
661 542 691 565 ut
711 545 772 573 quas
788 538 838 574 ipsi
859 539 970 571 dantur.
987 539 1021 567 ad

231 593 283 614 nos
313 584 398 612 ﬂuant
426 592 458 612 ac
486 588 688 619 pertranseaut.
722 582 809 612 Homo
839 585 911 612 enim
937 592 1021 620 purus

233 629 449 665 haudquaquam
476 629 579 657 talibus
594 629 745 664 privilegiis
768 634 883 658 ornatus
901 630 998 658 fuisset
1013 639 1021 657 :

232 683 265 702 ac
294 680 391 702 rursus
415 673 534 702 Verbum
563 675 652 702 solum
681 682 855 710 nequaquam
886 676 928 703 his
953 684 1022 710 opus

233 719 390 748 habuisset.
404 719 524 748 Proinde
538 721 619 748 nobis
635 720 681 748 Dei
696 720 781 750 Filius
794 721 958 757 conjunctus
969 727 1021 755 est.

233 774 267 795 ac
283 772 340 794 tum
353 766 433 794 nobis
447 770 609 802 potestatem
625 767 731 800 tribuit,
744 776 849 803 nosque
865 769 891 796 in
907 769 1024 798 sublime

233 812 340 840 extulit.
358 809 478 840 Verbum
497 812 569 840 enim
591 812 617 840 in
639 813 750 840 homine
765 814 912 847 exsistens,
932 814 1023 842 homi-

235 865 297 886 nem
317 858 451 886 altissime
465 858 603 889 subvexit.
619 863 702 894 atque
715 859 752 886 ita
765 858 854 888 Verbo
870 859 897 887 in
913 860 1023 889 homine

233 904 384 932 exsistente
393 908 556 939 potestatem
569 904 651 932 homo
665 905 782 940 accepit.
793 905 1021 941 Quandoquidem

236 949 328 985 igitur.
349 949 437 978 Verbo
463 957 524 978 cum
555 956 638 978 carne
662 951 821 986 conjuncta,
851 951 877 979 in
906 952 1023 981 sublime

237 997 317 1023 homo
333 999 480 1030 provectus
495 1000 546 1028 est,
563 1004 596 1023 ac
612 1000 775 1031 potestatem
791 997 906 1032 accepit,
925 998 1022 1026 merito

237 1042 294 1069 haec
314 1041 414 1074 Verbo.
437 1049 485 1077 per
500 1042 572 1077 quod
591 1042 653 1070 data
673 1047 750 1076 sunt,
767 1047 877 1078 accepta
897 1043 1022 1072 referun-

235 1090 290 1114 tur.
306 1086 341 1113 At
354 1094 419 1115 vero
434 1087 508 1115 illam
525 1095 587 1115 eum
604 1087 714 1115 homine
731 1088 872 1122 unionem,
892 1096 955 1117 eum
968 1097 1022 1124 qua

236 1133 382 1161 invisibilis
407 1137 505 1161 natura
530 1141 577 1169 per
603 1139 708 1169 partem
731 1135 865 1163 visibilem
892 1135 1022 1171 cognosci

236 1184 351 1213 poterat,
377 1180 531 1207 missionem
557 1181 720 1208 nominavit.
744 1180 838 1217 Neque
860 1181 932 1210 enim
949 1181 1022 1211 Deus

237 1226 357 1253 humano
380 1233 457 1253 more
487 1227 562 1255 locos
586 1227 702 1255 subinde
730 1233 828 1260 mutat.
855 1229 956 1264 quippe
976 1230 1022 1265 qui

235 1271 334 1298 coelum
352 1277 379 1299 et
395 1276 495 1299 terram
511 1272 642 1307 impleat:
660 1281 754 1301 verum
772 1274 891 1302 carnalis
907 1283 1024 1310 pra'sen-

236 1317 286 1349 tia.
308 1323 334 1345 et
359 1319 508 1346 submissio
533 1319 590 1351 illa,
607 1320 653 1354 qui
668 1327 702 1347 ex
718 1319 879 1356 inccrporea
896 1321 1023 1356 magniﬁ-

236 1364 323 1391 centia
350 1364 383 1392 ad
405 1365 528 1400 corporis
551 1365 682 1393 vilitatem
706 1373 767 1394 sese
793 1366 901 1401 deiecit,
929 1368 1024 1396 missio

237 1412 376 1439 notninata
393 1416 445 1439 est.
459 1412 549 1447 Atque
567 1415 597 1440 ut
617 1412 700 1440 etiam
718 1412 771 1440 hoc
787 1413 895 1446 demus,
913 1421 975 1441 eum
996 1418 1026 1442 ut

237 1455 320 1484 Deum
347 1457 462 1486 missum
486 1465 557 1492 esse,
580 1465 634 1485 non
653 1463 743 1486 tamen
764 1458 830 1486 hinc
853 1466 916 1486 eum
941 1459 1022 1487 Patre

236 1502 394 1531 inferiorem
423 1511 484 1531 esse
512 1504 659 1539 colligitur.
688 1504 755 1532 Nam
784 1510 920 1540 quatenus
952 1505 1024 1533 Patri

238 1545 336 1575 Filium
368 1548 508 1576 incantati
529 1549 642 1584 placuit,
668 1550 800 1577 hactenus
824 1558 887 1577 eum
915 1550 1025 1578 misisse

1073 308 1182 342 quidem
1199 313 1340 343 supputet,
1355 308 1430 343 quod
1450 307 1576 336 Christus
1593 314 1691 342 passus
1707 307 1753 337 sit,
1770 307 1860 341 ipsum

1074 354 1200 382 videlicet
1221 354 1388 382 imminuens
1404 364 1410 382 :
1428 354 1500 390 quod
1519 359 1610 383 autem
1625 355 1699 381 ultro
1714 357 1742 381 et
1764 358 1863 388 sponte

1073 408 1172 436 passus
1203 400 1239 429 sit
1266 402 1310 434 (ex
1343 408 1399 436 quo
1425 400 1512 435 ipsius
1545 404 1667 434 potestas
1694 399 1862 427 declaratur)

1073 454 1247 483 nequaquam
1272 446 1394 482 adjiciat.
1425 444 1588 481 Huiusmodi
1615 450 1707 473 autem
1736 447 1862 481 quaedam

1074 499 1148 520 nunc
1164 499 1275 527 quoque
1286 492 1390 526 patitur
1405 490 1491 518 Filius
1506 497 1533 518 et
1548 488 1669 518 Verbum
1686 490 1746 518 Dei.
1762 489 1830 517 Nam
1845 498 1861 518 a

1073 537 1236 565 Sabeliianis
1250 541 1281 565 ut
1296 536 1367 564 Deus
1387 536 1548 567 honoratur,
1565 540 1648 570 atque
1671 535 1861 563 confunditur.

1073 583 1114 610 illi
1126 583 1200 611 enim
1217 589 1298 610 unam
1314 582 1341 609 in
1359 581 1503 609 divinitate
1523 581 1699 609 trinominem
1716 588 1862 615 personam

1072 637 1134 657 esse
1152 629 1290 659 dicebant.
1313 628 1439 656 eumdem
1462 635 1524 655 esse
1545 627 1652 654 Patrem
1670 630 1698 654 et
1715 624 1814 652 Fil‘um
1830 633 1863 652 ac

1073 675 1205 710 Spiritum
1220 678 1346 702 sanetum
1359 678 1524 701 asserentes.
1540 673 1579 699 Ab
1589 672 1699 699 Arianis
1716 676 1820 703 autem,
1833 675 1865 698 ut

1073 728 1150 752 caro,
1173 719 1344 755 contemptui
1374 718 1490 746 habetur
1519 725 1552 746 ac
1577 722 1732 752 separatur.
1763 716 1862 743 Filium

1072 766 1145 795 enim
1163 766 1190 794 in
1212 770 1400 794 creaturarum
1415 765 1538 792 ordinem
1553 765 1719 798 redigeules.
1737 771 1751 789 a
1770 762 1862 789 Patris

1073 812 1218 850 divinitate
1239 811 1427 839 semovebant.
1446 810 1582 844 Quoniam
1604 810 1687 845 igitur
1703 809 1814 844 utrique
1835 808 1863 835 in

1074 859 1131 894 pari
1152 858 1290 893 impietate
1312 861 1468 890 versantur,
1497 857 1567 885 utris
1583 856 1695 890 gravius
1716 855 1863 887 irascetur,

1074 905 1097 933 si
1116 904 1308 939 justojudicio
1330 911 1392 932 eum
1416 903 1469 931 illis
1500 910 1580 937 agere
1607 902 1683 933 velit.
1704 901 1747 929 vel
1772 901 1864 936 potius

1075 949 1144 977 utris
1169 949 1229 984 plus
1261 948 1439 982 condonablt,
1466 948 1490 976 sl
1523 947 1635 975 lenitate
1662 951 1690 975 et
1719 945 1864 974 clementia

1075 995 1187 1023 utatur?
1202 994 1300 1022 Utrum
1315 994 1492 1026 Sabellianis,
1508 994 1555 1029 qui
1569 993 1672 1022 nefarie
1686 993 1864 1025 contrahunt,

1073 1050 1106 1070 ac
1120 1041 1228 1068 Patrem
1252 1046 1278 1068 et
1293 1040 1392 1068 Filium
1406 1044 1434 1067 et
1455 1039 1588 1075 Spiritum
1606 1045 1744 1071 sanctum,
1768 1046 1866 1073 perso-

1075 1095 1138 1116 nam
1161 1095 1244 1115 unam
1263 1086 1439 1114 trinomincm
1457 1093 1520 1114 esse
1540 1084 1728 1114 contendunt?
1747 1092 1780 1111 an
1801 1091 1867 1111 rero

1074 1135 1195 1167 Arianis,
1219 1135 1266 1169 qui
1290 1134 1373 1168 impie
1395 1132 1536 1165 scindunt,
1555 1139 1589 1159 ac
1614 1129 1713 1158 Filium
1734 1137 1749 1156 a
1773 1129 1865 1156 Puris

1074 1180 1227 1210 substantia
1252 1179 1415 1214 seiungunt?
1439 1178 1506 1206 Nam
1525 1183 1552 1206 et
1570 1177 1713 1213 oportebat
1729 1176 1864 1204 Saheilia-

1075 1235 1126 1256 nos
1143 1234 1257 1254 numero
1275 1225 1407 1257 dividere,
1424 1225 1477 1251 hoc
1500 1229 1551 1254 est.
1566 1229 1621 1250 tres
1631 1229 1763 1257 personas
1779 1220 1865 1248 couti-

1075 1274 1124 1302 teri
1139 1282 1172 1302 ae
1185 1279 1340 1305 numerare,
1353 1275 1381 1298 et
1400 1270 1518 1298 Arianos
1530 1268 1643 1297 decebat
1660 1273 1715 1295 tres
1732 1274 1865 1302 personas

1075 1326 1174 1349 natura
1199 1325 1226 1348 et
1251 1319 1394 1347 divinitate
1420 1316 1600 1352 conjungere,
1627 1321 1711 1342 unam
1738 1313 1866 1341 videlicet

1076 1368 1160 1396 trium
1182 1372 1365 1402 personarum
1392 1368 1517 1392 naturam
1545 1367 1573 1390 et
1589 1361 1760 1389 divinitatem
1780 1359 1867 1388 conli-

1076 1417 1176 1442 tentes.
1197 1410 1339 1446 lmpingis.
1360 1416 1377 1437 ο
1401 1408 1540 1442 haeretiee,
1555 1412 1637 1442 atque
1657 1407 1691 1434 ad
1715 1404 1867 1433 Salvatoris

1076 1466 1186 1488 carnem
1213 1457 1347 1486 edendis?
1362 1456 1435 1484 Idem
1456 1462 1568 1490 quoque
1585 1459 1612 1482 et
1627 1453 1731 1482 Judaei:
1753 1452 1865 1480 accidit.

1075 1503 1177 1532 Christi
1193 1502 1330 1531 divinitati
1345 1502 1424 1529 tidem
1440 1500 1577 1535 abrogasi
1588 1498 1616 1527 id
1633 1506 1699 1527 vero
1714 1505 1749 1529 ne
1760 1498 1865 1524 daemo-

1076 1557 1125 1578 nes
1140 1549 1250 1584 quidem
1269 1547 1404 1576 fecerunt.
1421 1546 1459 1574 ita
1474 1551 1502 1575 et
1517 1546 1656 1574 dantones
1670 1543 1865 1572 incredulitate

237 1594 337 1621 dicitur
354 1602 362 1627 ;
377 1597 459 1629 atque
473 1594 554 1621 etiant
573 1596 668 1622 eodem
695 1594 778 1621 modo
793 1602 849 1629 quo
866 1595 952 1622 solem
978 1603 1023 1621 ra-
1039 1607 1060 1638 ο
1077 1603 1203 1630 superas,
1228 1599 1255 1622 et
1269 1592 1379 1622 Judmos
1397 1592 1499 1628 ingenii
1520 1592 1656 1619 tarditate.
1673 1590 1740 1618 Nam
1764 1590 1867 1617 daemo-

237 1638 310 1664 tlium
326 1645 406 1665 suum
425 1638 534 1666 misisse
549 1639 678 1667 dicimus.
698 1639 825 1667 Christus
847 1640 920 1667 enim
933 1641 1025 1668 omnia

236 1691 286 1711 sua
305 1683 380 1712 Patri
398 1684 520 1717 ascribit,
537 1684 636 1719 partim
655 1689 683 1712 ut
699 1685 787 1719 ipsum
805 1689 935 1720 tanquam
951 1686 1025 1720 priu-

237 1727 340 1762 eipittm
358 1732 385 1755 et
400 1735 513 1756 causam
536 1735 614 1755 suam
630 1729 761 1763 temporis
781 1729 873 1757 omnis
886 1734 1024 1765 expertem

236 1774 352 1802 honoret
381 1776 483 1810 (neque
507 1775 579 1802 enirn
609 1774 671 1802 Filii
699 1777 869 1812 generationi
894 1777 1026 1813 temporis

236 1820 384 1855 quidquam
403 1821 556 1849 intercessit
577 1829 584 1848 :
601 1822 648 1850 sed
667 1822 750 1850 simul
777 1822 869 1854 Pater.
895 1824 977 1851 simul
999 1829 1026 1851 et

235 1864 258 1894 Γ
260 1868 345 1902 ilius),
367 1868 466 1902 partim
483 1869 564 1895 etiam
587 1876 621 1896 ne
644 1868 718 1896 Patri
736 1869 876 1897 adversari
892 1870 1023 1898 videatur.

236 1912 277 1940 0b
292 1921 352 1940 eam
382 1921 493 1942 causam
516 1921 547 1942 se
569 1914 603 1941 ab
629 1921 662 1942 eo
688 1915 802 1942 tuissum
829 1922 891 1943 esse
913 1916 1024 1944 dicitur.

237 1959 473 1992 Quemadmodum
492 1964 519 1987 et
544 1968 559 1988 a
576 1960 657 1988 Patre
684 1961 804 1989 traditus
824 1969 885 1989 esse
902 1962 1024 1989 dicitur:

237 2005 365 2032 'l'ruditua
384 2006 456 2033 enim
473 2011 527 2038 est.
553 2007 653 2042 inquit.
671 2007 717 2034 ille
737 2012 843 2042 propter
856 2014 964 2042 peccata
978 2017 1026 2036 uo-

236 2056 292 2077 atra
305 2051 338 2078 ⁸⁸.
372 2052 454 2086 Atqui
487 2052 546 2086 ipse
580 2060 691 2087 quoque
729 2053 850 2087 seipsutn
882 2054 1026 2082 tradidisse

236 2097 377 2124 srrihitur.
395 2097 440 2123 Ait
457 2098 532 2124 enim
555 2098 724 2131 Apostolus:
744 2097 856 2130 Cltrt'stt',
869 2099 915 2134 qui
931 2099 1025 2126 dilexit

236 2151 288 2174 me,
315 2147 340 2170 et
364 2142 480 2170 tradidit
506 2144 678 2177 semetipsum
707 2151 754 2178 pro
781 2152 821 2171 me
831 2144 866 2171 ”.
890 2144 991 2172 Adhaac
1010 2153 1025 2173 a

238 2188 319 2216 Patre
335 2188 369 2215 ad
387 2188 469 2215 vitam
484 2192 630 2215 revocatus
648 2195 680 2215 ac
698 2193 843 2223 susceptus
858 2188 943 2217 fuisse
956 2189 1027 2217 diei-

237 2238 293 2265 tur,
313 2237 343 2260 ut
360 2240 422 2260 cum
441 2233 480 2260 ait
500 2232 603 2260 Paulus
617 2241 624 2260 :
639 2232 710 2260 Deus
727 2239 817 2260 autem
834 2239 858 2262 et
883 2234 1026 2262 Demittunt

236 2287 253 2304 (ι
269 2278 382 2305 mortuis
397 2278 534 2311 excitavit,
551 2283 576 2305 et
595 2286 642 2304 nos
658 2278 784 2305 excitabit
796 2279 828 2308 “.
848 2279 882 2306 Et
895 2280 1002 2309 Marcus
1016 2290 1023 2308 :
1041 2273 1063 2301 D

236 2325 379 2358 Dominus,
401 2325 503 2360 inquit,
528 2330 671 2360 postquam
696 2325 763 2360 ipsis
794 2325 898 2353 locutus
925 2331 975 2358 ut.
997 2328 1024 2354 in

235 2370 330 2396 rwlum
349 2375 469 2404 receptus
494 2375 531 2397 est
546 2369 579 2396 εί.
595 2369 678 2404 Atqui
703 2377 800 2397 rursus
817 2370 950 2406 scriptum
970 2375 1023 2404 est,

235 2416 308 2450 quod
326 2417 384 2450 ipse
398 2423 428 2443 se
445 2415 616 2448 excitaverit,
631 2421 714 2450 atque
729 2416 756 2443 in
775 2417 875 2444 malum
896 2417 1026 2445 ascende—

235 2462 269 2489 rit
283 2470 291 2489 :
307 2461 408 2489 Solvite
427 2462 512 2494 enim,
533 2462 633 2496 inquit,
648 2463 696 2489 hor
716 2462 851 2498 templum,
862 2468 887 2490 et
903 2464 930 2490 in
941 2463 1026 2491 tribas

235 2508 327 2535 diebus
349 2508 471 2535 excitabo
486 2508 555 2535 illud
567 2508 600 2535 ⁶².
625 2508 656 2536 Et
673 2508 781 2537 Lucas:
797 2509 1026 2541 Quemadmodum

236 2553 340 2580 vidistis
363 2560 423 2580 eum
445 2554 631 2581 ascendentem
651 2553 680 2581 in
706 2554 800 2581 caelum
812 2555 846 2580 ".
876 2554 962 2582 Porro
979 2562 1025 2586 ea.

235 2607 298 2634 quae
321 2599 355 2627 de
382 2600 443 2635 ipso
467 2600 601 2628 humilius
623 2604 705 2635 atque
730 2600 863 2636 abiectius
886 2601 1025 2635 dicuntur,

235 2644 326 2674 Patris
341 2646 542 2682 beneplacituta
559 2647 683 2674 indicant
699 2655 706 2674 :
720 2655 782 2682 qua
795 2652 887 2675 autem
900 2647 1026 2675 sublimi-

237 2698 278 2720 ter
293 2697 320 2721 et
335 2693 492 2728 magniﬁce,
517 2692 670 2721 Salvatoris
686 2698 848 2728 potestatem
865 2693 1023 2721 ostendunt.

237 2740 271 2766 At
287 2739 433 2768 haereticus
449 2746 481 2766 ea
499 2743 542 2766 est
558 2739 642 2766 animi
658 2739 848 2774 perversitate,
865 2743 895 2766 ut.
911 2739 1025 2766 humilia

238 2785 348 2820 quidem
376 2785 460 2814 verba
483 2789 627 2813 enunieret
652 2793 685 2812 ac
711 2790 872 2819 recenseat,
898 2785 1027 2814 sublimia

276 2877 297 2890 “
311 2874 429 2910 Philipp.
449 2883 478 2906 ll.
498 2875 525 2911 9.
540 2875 564 2891 ³⁸
578 2875 658 2902 Rom.
677 2881 714 2911 Iv,
729 2874 775 2901 25.
814 2874 934 2911 f’Galat.
953 2883 982 2904 It.
996 2875 1040 2903 Ἥ).
1063 2877 1084 2893 ‘°
1101 2877 1109 2905 1
1124 2877 1187 2906 Cur.
1204 2885 1240 2911 Vl,
1264 2876 1304 2904 Η.
1343 2877 1364 2892 “
1378 2875 1460 2904 Marc.
1478 2885 1532 2910 xw,
1551 2877 1592 2905 l9.

239 2907 331 2937 “Act.
350 2918 368 2943 ι,
386 2907 428 2936 il.
468 2911 489 2926 θ’
504 2910 598 2937 Matth.
615 2918 674 2942 vttt,
690 2910 734 2938 “.79.
774 2911 795 2926 ⁸³
810 2909 889 2937 Joau.
909 2918 934 2943 v,
956 2910 996 2937 17.

1079 1649 1148 1673 nes,
1176 1648 1239 1668 cum
1269 1648 1285 1668 ι
1313 1640 1425 1668 Christo
1446 1638 1631 1674 pellerentur.
1661 1636 1746 1664 Deum
1776 1636 1866 1671 ipsum

1077 1686 1287 1714 conﬁtebantur.
1310 1683 1403 1713 Fidem
1427 1685 1500 1712 enint
1518 1684 1572 1712 illis
1594 1682 1744 1710 divinitatis
1763 1680 1866 1709 Christi

1078 1732 1214 1760 iaciebant
1225 1739 1257 1760 ea
1267 1739 1329 1766 qum
1341 1730 1525 1766 patiebantur,
1541 1728 1717 1757 imisihiliter
1729 1728 1845 1755 cruciati
1858 1736 1866 1755 :

1077 1786 1109 1806 ae
1124 1778 1237 1813 proinde
1251 1777 1380 1805 dicebant
1396 1785 1404 1804 :
1422 1776 1494 1809 Quid
1512 1776 1587 1804 nobis
1599 1780 1625 1802 et
1638 1775 1699 1807 tibi,
1715 1774 1795 1807 leui,
1810 1773 1867 1801 l'ili

1077 1823 1127 1851 Dei
1138 1823 1181 1850 “‘t
1192 1822 1278 1851 Judaei
1294 1826 1399 1855 autem.
1415 1830 1478 1850 cum
1496 1823 1586 1857 ipsum
1603 1821 1738 1849 dicentem
1760 1821 1868 1848 audiis-

1078 1875 1138 1897 sent
1153 1879 1163 1897 :
1181 1870 1260 1897 Pater
1275 1877 1348 1896 metu
1375 1877 1457 1903 usque
1486 1869 1565 1896 modo
1588 1873 1725 1903 operatur,
1759 1873 1786 1894 et
1822 1875 1867 1902 ego

1078 1915 1216 1950 operor“,
1238 1915 1265 1942 in
1289 1914 1363 1942 hunc
1385 1921 1497 1942 sensum
1520 1914 1577 1942 haec
1592 1914 1675 1941 verba
1690 1918 1866 1948 acceperunt,

1079 1967 1108 1989 ut
1125 1962 1252 1996 quoniam
1276 1960 1385 1989 Patrem
1405 1968 1487 1988 suum
1513 1961 1596 1987 Deum
1614 1967 1676 1988 esse
1702 1959 1864 1992 atIirmabat,

1079 2014 1173 2042 parem
1188 2013 1299 2042 quoque
1323 2005 1379 2034 Deo
1396 2006 1516 2041 seipsum
1536 2005 1650 2038 laceret,
1673 2013 1705 2033 ac
1721 2009 1864 2040 propterea

1079 2053 1168 2086 ipsum
1194 2052 1438 2087 persequebantur.
1466 2051 1501 2079 At
1522 2057 1549 2078 tu
1573 2058 1634 2082 nec.
1661 2049 1802 2084 utJudzei,
1819 2051 1865 2078 Dei

1078 2102 1105 2125 et
1119 2097 1179 2125 Filii
1191 2105 1252 2125 cum
1267 2097 1348 2124 Patre
1364 2097 1548 2132 aaqualitatem
1561 2096 1714 2132 intelligere
1728 2096 1769 2123 vis
1782 2105 1789 2122 :
1805 2103 1867 2129 nee,

1079 2147 1110 2169 ttt
1121 2144 1270 2177 daemones,
1291 2144 1462 2171 divinitatem
1478 2143 1615 2171 conﬁteri.
1629 2143 1766 2176 Quocirca
1780 2143 1868 2171 satius

1080 2188 1129 2215 tibi
1149 2188 1408 2217 fueratJudaeorum
1434 2189 1489 2217 ritu
1515 2190 1710 2218 circumcisum
1738 2196 1812 2222 esse,
1837 2196 1868 2217 ac

1079 2233 1211 2268 proinde,
1241 2238 1272 2262 ut
1294 2234 1353 2268 illi,
1381 2235 1565 2269 aequalitatem
1595 2235 1765 2270 intelligere,
1787 2240 1868 2270 atque

1078 2273 1231 2307 daemonum
1246 2280 1417 2315 intemperiis
1435 2280 1544 2315 agitari,
1559 2280 1788 2316 divinitatemque
1801 2289 1868 2308 cou-

1080 2325 1162 2357 titeri.
1182 2333 1265 2361 quam
1288 2326 1315 2353 in
1338 2326 1470 2360 praputio
1495 2330 1522 2354 et
1540 2326 1671 2354 incolumi
1697 2326 1866 2358 valetudine,

1077 2371 1160 2400 nullis
1174 2371 1329 2399 daemonum
1344 2371 1492 2400 insuitibus
1508 2371 1671 2406 interrupta,
1687 2375 1746 2399 tum
1758 2371 1866 2399 Judaaos

1078 2418 1205 2446 tarditate
1218 2422 1246 2445 et
1265 2417 1371 2445 inscitia
1387 2424 1529 2452 superare,
1549 2421 1606 2444 tum
1623 2416 1706 2444 etiam
1720 2424 1754 2444 eo
1770 2417 1867 2444 morbo

1078 2464 1212 2496 direxari,
1236 2468 1267 2491 ut
1290 2463 1459 2491 divinitatem
1489 2470 1582 2497 neges.
1609 2470 1625 2490 a
1647 2470 1704 2498 quo
1727 2463 1866 2490 daemones

1077 2517 1186 2545 quoque
1201 2511 1251 2546 ipsi
1267 2510 1342 2538 liberi
1357 2509 1476 2538 fuerunt.

1116 2557 1177 2585 Col.
1197 2556 1250 2585 350
1266 2556 1295 2584 Β.
1325 2558 1362 2584 At:
1376 2557 1482 2592 quidem
1501 2556 1582 2591 paulo
1600 2561 1670 2591 post,
1692 2560 1746 2584 etc.
1773 2554 1864 2588 Brevi,

1079 2602 1177 2637 inquit.
1194 2602 1314 2630 futurum
1341 2608 1394 2635 est,
1410 2607 1440 2630 ut
1462 2603 1603 2631 Christum
1625 2609 1685 2630 mea
1700 2609 1784 2630 causa
1799 2609 1865 2637 pur-

1077 2649 1135 2684 gari
1157 2649 1258 2681 videas,
1284 2656 1316 2676 ea
1342 2649 1515 2683 purgatione,
1539 2656 1622 2684 quam
1648 2647 1714 2675 mihi
1740 2648 1864 2676 adhiberi

1078 2695 1271 2728 conveniebat,
1299 2699 1394 2730 utpote
1411 2695 1531 2729 peccatis
1547 2694 1660 2723 fmdato.
1682 2693 1752 2721 Nam
1776 2694 1864 2722 nostri

1079 2741 1139 2768 vice
1161 2740 1316 2776 baptizatus
1332 2745 1384 2768 est.
1405 2739 1511 2768 Etenim
1527 2740 1651 2775 quazdam
1665 2739 1767 2768 Christi
1784 2747 1866 2767 voces

1078 2792 1103 2815 et
1114 2786 1248 2820 actiones,
1261 2794 1314 2814 non
1325 2787 1394 2822 ipsi,
1405 2787 1452 2814 sed
1466 2786 1545 2815 nobis
1556 2790 1724 2821 congruunt.
1734 2786 1865 2813 Actiones

1642 2876 1664 2892 "
1676 2874 1754 2903 Joatt.
1771 2883 1791 2903 ιι
1823 2873 1863 2903 ιο,
