2027 3162
163 211 229 243 1205

601 210 760 243 NICETAS
781 213 822 243 ΙΝ
840 214 942 243 ORAT
974 214 1127 246 XXXVIII
1149 217 1179 246 S.
1199 215 1316 246 GREG.

1715 219 1780 252 1206

160 269 280 303 quidem,
311 271 340 293 ut
366 266 519 301 haptismus
545 266 622 301 ipse;
652 275 733 296 voces
759 275 862 301 autem,
891 275 919 296 ut
936 279 943 296 :
962 274 982 302 Α
998 277 1069 303 runt,
1099 277 1123 298 et
1149 272 1337 300 ministrabant
1360 273 1383 300 ei
1396 272 1428 299 ⁷ο.
1458 272 1580 301 Morinos
1609 274 1720 308 insuper
1747 276 1780 301 ad

161 313 228 340 Deus
251 321 334 342 mons.
359 312 429 339 Deus
449 321 533 343 utens,
557 321 638 348 quare
662 321 703 341 me
724 314 944 349 dercliquisti“?

159 358 335 392 Perspicuum
360 359 433 385 enim
460 363 502 386 est
529 366 592 386 eum
621 359 673 387 sibi
696 359 809 388 allectus
835 366 946 388 nostros

157 403 305 434 asciscere,
323 408 433 438 propter
452 409 590 436 naturam,
605 412 686 439 quam
706 406 850 433 nobiseum
868 414 946 433 cxce-

159 454 204 483 pto
229 453 342 483 peccato
374 457 547 478 communem
583 450 686 479 habuit.
716 449 826 478 Videbis
858 457 943 485 ergo,

157 493 258 528 inquit,
291 494 430 522 Christum
457 495 484 522 in
516 495 596 522 nobis
627 495 806 529 baptizatum,
834 495 887 528 vel,
916 500 946 523 ut

157 541 259 567 rectius
274 540 382 575 loquar,
411 549 546 576 aquarum
565 546 690 569 naturam
715 549 747 569 ea
771 541 943 576 purgatione,

157 593 211 621 qua
229 587 289 621 ipse
305 587 446 614 hominum
472 587 602 622 opinione
626 587 806 620 lustrabatur,
823 587 946 615 sanctiﬁ-

156 638 278 666 cantem,
307 638 402 668 utpote
428 633 514 668 ipsam
533 641 643 668 quoque
661 634 802 661 hominum
827 634 946 668 peccatis

155 682 380 710 conspui-catam.
401 676 468 704 Nam
493 677 585 712 Agnus
610 677 667 710 Dei,
687 677 734 712 qui
757 683 787 705 ut
811 681 854 705 est
877 677 946 712 apud

155 721 292 749 Joannem
305 722 338 755 ",
361 728 504 757 pecczttum
528 723 622 750 mundi
647 723 728 755 tollit,
758 730 812 758 quo
837 723 946 750 tandem

157 769 241 795 modo
263 770 427 804 purgatione
454 776 523 804 opus
547 769 710 797 habuisset?
731 769 844 797 Videbis
863 769 947 796 etiam

157 814 244 841 ctelos
258 815 347 842 scindi
374 818 402 842 et
418 815 528 850 aperiri,
549 822 620 850 quos
635 815 768 848 Adamus,
788 819 815 842 et
839 815 903 846 sibi,
920 819 947 842 et

158 859 239 887 nobis
265 860 414 893 clauserat,
436 864 464 888 et
491 860 602 888 Christo
629 860 815 888 testimonium
843 860 901 887 dari
931 867 946 887 a

157 910 290 940 cognato,
315 906 366 933 hoc
391 911 444 938 est,
470 913 622 941 congenere
647 906 760 941 Spiritu.
788 906 828 933 Ex
851 906 945 933 eadem

158 951 233 978 enim
249 959 333 979 causa
351 951 438 979 Filius
461 956 489 979 et
503 952 624 986 Spiritus
637 956 750 980 sanctus
766 951 946 987 prolieiscuu-
963 945 983 972 Β

159 1002 215 1023 tur.
232 997 301 1024 Illud
322 1004 416 1025 autem
431 999 619 1025 annotandum
640 1002 684 1025 est
704 1002 849 1033 cognatum
865 997 898 1024 de
915 997 949 1024 iis

158 1051 223 1077 qua:
252 1044 374 1078 ejusdem
404 1044 565 1072 substantia:
591 1048 666 1077 sunt,
695 1050 723 1072 et
750 1044 783 1071 de
808 1044 862 1075 his,
888 1050 949 1078 quae

157 1087 297 1114 diversam
323 1088 509 1115 substantiam
535 1088 646 1120 habent,
672 1088 826 1123 praedicari.
848 1087 949 1115 Verum

158 1140 224 1160 cum
251 1133 286 1160 de
308 1133 342 1161 iis
365 1141 426 1169 quae
455 1134 608 1162 substantia
635 1131 730 1161 eadem
752 1138 826 1166 sunt,
848 1133 948 1169 agitur,

158 1179 315 1207 secundum
331 1185 458 1208 naturam
475 1181 590 1213 dicitur,
611 1185 641 1208 ut
656 1181 708 1208 hoc
723 1181 785 1208 loco
800 1189 807 1207 :
821 1181 883 1207 cuni
899 1187 950 1207 au-

158 1229 216 1251 tem
235 1226 269 1252 de
288 1226 341 1257 his,
358 1233 419 1261 quae
442 1226 596 1254 substantia
610 1226 740 1254 dilIerunt
766 1233 858 1253 sermo
873 1226 951 1253 insti-

159 1272 263 1304 tuitur,
281 1273 431 1300 secundum
450 1274 591 1304 unionem,
615 1279 645 1300 ut
660 1281 722 1300 cum
740 1273 773 1300 do
796 1280 909 1307 corpore
925 1278 952 1300 ct

159 1318 256 1346 anima
284 1320 313 1346 tit
332 1326 435 1347 sermo.
453 1319 514 1352 Quo
529 1327 611 1347 sensu
628 1319 784 1354 'l‘heologus
818 1319 844 1346 in
872 1319 951 1347 l'uue-

159 1364 203 1391 bri
230 1365 367 1397 oratione,
385 1373 468 1400 quam
486 1366 518 1393 de
540 1364 624 1393 fratre
641 1365 761 1393 Caesar-io
786 1365 890 1398 habuit,
915 1366 952 1392 ita

163 1411 288 1445 loquitur
309 1419 316 1438 :
341 1411 424 1438 Paulo
448 1415 511 1446 post
542 1413 632 1440 anima
661 1417 807 1447 cognatam
841 1419 951 1439 carnem

161 1461 306 1492 receptura
320 1461 372 1484 est.
390 1456 499 1485 Morbos
511 1464 608 1484 omnes
626 1464 658 1484 ac
673 1457 817 1492 languores
832 1466 839 1485 :
852 1457 950 1491 (Graec.

161 1504 257 1531 πᾶσαν
270 1504 349 1530 νόσον
360 1503 407 1530 καὶ
425 1503 586 1539 μαλακίαν).
599 1503 671 1531 Inter
688 1503 811 1530 morbum
822 1509 912 1530 autem
926 1507 954 1530 et

161 1549 338 1584 languorem,
353 1549 407 1577 hoc
429 1554 473 1577 est
491 1549 671 1581 discriminis,
687 1549 761 1584 quod
778 1549 891 1577 morbus
910 1553 953 1577 est

160 1592 296 1620 diuturna
321 1600 458 1627 corporeae
479 1593 652 1622 ,hahitudinis
677 1594 704 1620 in
723 1593 799 1628 pelus
822 1594 951 1626 iuversio,

162 1639 218 1666 hoc
236 1643 290 1671 est,
312 1639 459 1668 inllrmitas
473 1648 534 1675 qua:
549 1641 605 1674 jam
631 1641 774 1675 imperium
801 1641 828 1668 in
852 1641 953 1668 animal

157 1689 252 1714 tenet.
269 1684 397 1720 Languor
422 1691 513 1713 autem
535 1687 699 1722 principium
725 1687 857 1718 laxitatis,
883 1694 955 1714 mor-

155 1731 223 1760 bum
254 1731 449 1765 pramnutians.
464 1731 555 1767 Atque
573 1732 609 1759 ita
626 1733 659 1760 de
677 1739 793 1767 corpore
810 1732 954 1766 accipiun-

156 1781 215 1804 tur.
244 1775 272 1803 lu
295 1777 389 1804 anima
403 1781 506 1810 autent,
532 1777 655 1809 morbus,
671 1783 713 1805 est
727 1777 830 1812 peccati
851 1782 930 1804 actus
945 1786 952 1804 :

157 1823 284 1858 languor
300 1827 403 1854 autem,
425 1823 540 1850 rationis
557 1823 590 1851 ad
607 1823 722 1851 actualis
739 1824 842 1859 peccati
859 1830 955 1850 assen-

159 1879 225 1899 sum
250 1870 395 1897 relaxatio.
409 1869 495 1897 Porro
514 1869 640 1898 Christus
659 1871 798 1902 omnibus,
814 1870 872 1897 sive
892 1869 956 1901 hoc,

160 1917 222 1945 sive
263 1916 310 1943 illo
338 1916 422 1943 modo
450 1916 566 1948 all‘ectis,
591 1923 653 1944 cum
681 1916 870 1951 splritualiter,
898 1919 956 1942 tum

159 1962 349 1997 corporaliter
362 1963 535 1990 medebatur.
551 1962 676 1995 Quonam
692 1967 782 1989 autem
801 1962 881 1989 modo
895 1969 958 1996 pec-

159 2015 261 2037 catum
279 2015 379 2042 meum,
396 2009 448 2036 hoc
469 2013 522 2040 est,
537 2009 634 2035 Adnmi
653 2010 725 2044 (uani
746 2009 825 2043 primi
838 2008 959 2043 parentis

159 2058 312 2089 peccatum
330 2061 420 2080 meum
439 2060 499 2080 esse
521 2053 623 2086 statuo)
642 2061 734 2080 secum
752 2053 778 2080 iu
802 2060 883 2080 cruce
899 2051 959 2079 suf-

162 2099 270 2130 ﬁxerit,
295 2099 358 2127 audi
374 2107 382 2126 :
399 2099 540 2134 Praecepto
556 2099 662 2126 Domini
682 2107 852 2134 nequaquam
871 2099 960 2133 paruit

161 2147 309 2178 Adamus;
325 2150 352 2172 at
375 2148 510 2176 Christus.
539 2153 627 2173 novus
653 2145 750 2178 Adam,
773 2146 842 2172 hanc
861 2145 960 2172 veteris

163 2176 383 2221 inobedieiitiam
406 2191 528 2224 sustulit,
545 2192 677 2219 obediens
697 2191 786 2220 iactus
815 2199 900 2225 uSque
924 2192 959 2218 ad

163 2242 305 2268 mortem.
336 2243 452 2265 mortem
479 2242 570 2265 autem
601 2238 743 2270 crucis“,
774 2244 960 2272 manuumque

997 318 1078 344 vitam
1103 319 1246 352 lucemque
1274 319 1421 350 revocavit,
1451 323 1481 346 ut
1503 319 1570 346 Jairi
1596 319 1722 353 ﬁliuni",
1755 326 1783 347 ct

998 363 1084 390 viduae
1099 363 1186 391 lilium
1197 365 1230 396 ",
1249 372 1279 392 ac
1296 370 1435 400 postremo
1452 364 1585 392 Lazarum
1595 365 1627 392 ”.
1644 365 1781 398 Quemad-

997 408 1106 436 modum
1120 409 1223 437 utinam
1235 415 1260 438 tc
1273 418 1392 446 quoque,
1410 411 1516 446 inquit,
1527 412 1656 439 doctrinae
1667 413 1784 448 (itit-ique

996 456 1174 490 perversitate
1193 462 1329 485 mortuum
1354 463 1382 485 et
1403 458 1560 486 inﬁdelitate
1582 463 1736 494 correptum
1755 460 1781 486 in

997 501 1080 529 vitam
1095 502 1269 535 restituisset,
1283 508 1376 538 utpote
1390 511 1437 538 per
1451 503 1666 531 incredulitatem
1679 504 1783 532 exstin-

996 548 1088 575 ctuml
1109 550 1249 576 Dtetuones
1264 554 1394 584 praeterea
1412 549 1524 584 fugavit,
1541 557 1614 577 nunc
1629 558 1676 585 per
1694 558 1736 583 se,
1755 554 1784 577 ut

997 592 1024 620 in
1050 593 1161 628 regione
1178 593 1393 628 Gerasenorum,
1420 603 1493 622 nunc
1517 603 1565 630 per
1586 595 1736 629 discipulos
1757 601 1785 624 et

998 639 1160 673 apostolos:
1178 639 1288 667 Mittens
1310 640 1396 673 enim,
1420 640 1519 676 inquit,
1545 650 1601 673 eos,
1625 642 1697 668 dedit
1720 643 1783 676 ipsis

996 689 1154 720 potestatem
1168 686 1295 713 adversus
1307 687 1457 714 immundos
1473 688 1584 722 spiritus
1594 688 1627 716 ⁷⁸.
1642 687 1701 715 Jam
1718 696 1783 716 vero

997 730 1119 765 quinque
1140 731 1258 766 panibus
1281 735 1399 767 quatuor
1426 732 1568 760 hominum
1595 733 1678 760 millia
1705 733 1783 765 aluit,

998 777 1102 811 absque
1123 777 1285 805 mulieribus
1309 782 1337 805 et
1363 778 1468 813 pueris,
1484 778 1529 813 qui
1558 778 1580 805 si
1608 778 1641 805 ad
1663 779 1783 806 virorum

998 830 1140 850 numerum
1163 823 1358 859 adiungentur,
1384 832 1439 852 non
1465 824 1546 852 modo
1566 825 1710 857 ehiliadcs,
1737 827 1785 852 sed

997 868 1080 895 etiam
1113 869 1249 905 myriades
1280 869 1422 898 hominum
1453 870 1556 898 aluisse
1587 871 1784 906 reperietur".

999 913 1070 942 Deus
1088 913 1168 947 bone,
1187 919 1254 949 quot
1278 915 1344 942 mihi
1369 915 1438 943 festa
1460 920 1610 944 occurrunt
1635 916 1671 943 ob
1686 923 1786 943 unum-

1000 959 1129 995 quodque
1151 959 1251 988 Christi
1277 961 1456 997 mysterium?
1480 960 1509 988 In
1535 961 1634 997 quibus
1657 961 1786 989 omnibus

1001 1013 1085 1034 unum
1101 1010 1192 1041 caput,
1209 1010 1292 1041 atque
1316 1015 1388 1034 unus
1412 1014 1512 1042 scopus
1537 1010 1590 1039 est,
1611 1014 1708 1041 nempe
1726 1014 1786 1034 mea

1001 1051 1143 1085 perfectio.
1165 1050 1223 1079 Mea
1241 1051 1341 1079 etenim
1356 1059 1439 1080 causa
1461 1052 1507 1079 Dei
1534 1051 1686 1079 inearnatio
1701 1051 1787 1078 couti-

1001 1098 1051 1133 git,
1071 1098 1219 1133 omniaque
1234 1098 1321 1132 ipsius
1341 1098 1482 1133 mysteria,
1499 1101 1529 1125 ut
1545 1105 1595 1133 ego
1613 1104 1660 1132 per
1674 1095 1788 1123 manda-

1003 1148 1092 1172 torum
1110 1143 1328 1172 observationem
1349 1144 1486 1179 perlectus
1500 1144 1575 1177 liam,
1591 1151 1623 1171 ac
1638 1150 1686 1178 per
1701 1143 1789 1170 virtu-

1003 1194 1061 1218 tum
1077 1189 1272 1225 perfectionem
1287 1181 1333 1216 Dei
1348 1196 1446 1217 nomen
1464 1196 1628 1224 consequar,
1645 1187 1787 1219 nimirum,

1004 1243 1052 1271 per
1067 1236 1233 1270 baptismum
1247 1236 1434 1267 instauratus;
1452 1240 1534 1270 atque
1549 1234 1582 1261 ad
1598 1234 1676 1269 primi
1692 1232 1789 1260 Adami

1003 1282 1162 1318 dignitatem
1178 1282 1441 1316 amplitudinemque
1453 1281 1573 1313 redeam,
1588 1280 1640 1307 hoc
1652 1283 1705 1310 cst,
1717 1278 1789 1313 ejus,

1003 1328 1049 1363 qui
1076 1332 1140 1355 ante
1169 1327 1292 1354 mandati
1322 1326 1570 1361 transgressionem
1598 1329 1665 1356 erat,
1695 1331 1711 1350 a
1735 1331 1790 1358 qua

1004 1381 1100 1402 omnes
1115 1373 1196 1402 simul
1210 1380 1272 1401 cum
1292 1380 1325 1400 eo
1337 1372 1436 1408 deiecti
1455 1378 1486 1399 ac
1501 1371 1629 1398 prostrati
1646 1377 1754 1397 sumus.

1038 1464 1098 1492 Coi.
1114 1464 1166 1492 530
1189 1463 1220 1491 D.
1241 1462 1319 1490 Nunc
1339 1466 1425 1489 autent
1451 1467 1602 1496 conceptum
1616 1462 1714 1496 accipe,
1736 1463 1791 1486 etc.

1004 1509 1078 1542 Haec,
1093 1510 1193 1545 inquit,
1208 1509 1310 1538 Christi
1331 1516 1346 1536 a
1368 1508 1447 1536 nobis
1462 1512 1676 1535 commemorata
1698 1513 1792 1540 opera,

1004 1557 1250 1591 perpessioncsque
1263 1560 1356 1589 postea
1381 1554 1495 1582 videbis.
1507 1552 1586 1581 Nunc
1603 1557 1693 1579 autem
1707 1552 1794 1587 ipsius

1006 1601 1176 1629 nativitatem
1191 1601 1293 1636 accipe,
1314 1608 1346 1629 ac
1369 1607 1462 1628 coram
1483 1607 1516 1627 eo
1533 1600 1600 1627 salta
1618 1607 1625 1626 :
1643 1598 1666 1626 si
1691 1606 1745 1625 non
1765 1602 1794 1624 ut

1006 1645 1137 1678 Joannes,
1165 1651 1194 1674 at
1217 1650 1290 1674 certe
1309 1650 1340 1673 ut
1357 1645 1450 1673 David.
1470 1644 1555 1672 Porro
1579 1643 1698 1671 Joannes
1721 1641 1795 1673 Prac-

1006 1701 1102 1720 eursor
1124 1694 1239 1728 liguram
1261 1700 1357 1721 eorum
1385 1692 1465 1727 gerit,
1489 1691 1536 1726 qui
1559 1691 1593 1718 ab
1618 1689 1795 1718 incunabulis

1006 1739 1099 1766 divino
1120 1739 1283 1774 baptismate
1299 1737 1415 1773 perfusi,
1435 1742 1518 1771 atque
1535 1744 1550 1763 a
1566 1744 1653 1771 puero
1670 1735 1794 1763 sanctifi-

1007 1785 1059 1813 cati
1074 1789 1149 1818 sunt,
1167 1789 1194 1812 et
1210 1785 1243 1811 ad
1265 1788 1418 1811 extremum
1440 1790 1530 1817 usque
1545 1782 1713 1816 prolicicndo
1729 1781 1796 1809 soli—

1007 1830 1150 1857 dissimqu
1185 1828 1496 1862 constantissimamque
1524 1827 1634 1854 vii-tntis
1671 1827 1795 1857 habitum

1008 1878 1183 1904 conservant.
1196 1874 1263 1901 Nam
1281 1882 1343 1901 cum
1360 1874 1450 1900 adhuc
1464 1874 1489 1900 in
1507 1877 1629 1900 materna
1643 1872 1703 1899 alvo
1713 1876 1795 1904 esset,

1008 1922 1154 1949 Dominum
1178 1929 1259 1948 suum
1286 1920 1407 1955 agnovit.
1434 1925 1460 1947 et
1483 1927 1545 1947 cum
1572 1926 1679 1946 summa
1703 1918 1796 1948 laetitia

1009 1968 1122 1995 exsiliit.
1140 1967 1276 2002 Propheta
1302 1972 1393 1994 autem
1416 1966 1500 1993 David
1517 1973 1564 1993 eos
1588 1965 1722 1997 designat,
1749 1966 1797 2000 qui

1010 2016 1036 2042 lu
1055 2015 1151 2042 vitium
1170 2013 1302 2049 prolapsi,
1322 2020 1417 2040 rursus
1434 2020 1481 2047 per
1494 2011 1681 2047 pmuitcntinm
1699 2011 1798 2038 divinas

1010 2060 1103 2095 gratitc
1129 2059 1352 2091 exsultationem,
1376 2066 1437 2094 qum
1463 2058 1490 2085 in
1506 2058 1607 2085 virtute
1632 2060 1659 2084 et
1682 2056 1798 2084 scientia

1012 2107 1098 2142 posita
1115 2111 1167 2138 est,
1186 2106 1286 2134 anima:
1310 2105 1465 2132 restituunt.
1489 2103 1557 2131 Nam
1587 2109 1614 2130 et
1626 2102 1720 2135 David,
1736 2110 1798 2130 cum

1012 2160 1041 2180 se
1081 2151 1206 2179 adulterii
1244 2150 1381 2185 caedisque
1419 2149 1534 2177 crimine
1567 2148 1798 2179 constrinxisscl,

1013 2204 1107 2234 postea
1139 2198 1239 2226 eximia
1274 2203 1300 2225 et
1325 2196 1430 2224 ardenti
1461 2196 1561 2231 pietate
1587 2195 1670 2230 Dcnpt
1699 2195 1798 2226 coluit,

1012 2246 1090 2279 eique
1108 2244 1220 2279 placuit.
1249 2243 1371 2270 Sallabat
1397 2247 1488 2270 autem
1513 2248 1546 2268 eo
1573 2245 1716 2276 tempore,
1737 2245 1800 2267 ante

165 2285 202 2312 ad
225 2283 398 2311 interdictum
414 2284 516 2319 lignum
531 2284 732 2316 ertensiouem,
755 2291 802 2319 per
826 2292 954 2311 manuum

1017 2299 1108 2318 arcam
1132 2291 1260 2318 choreum
1288 2289 1445 2323 auspicans,
1469 2295 1530 2315 cum
1549 2292 1575 2314 et
1593 2287 1626 2314 ab
1642 2287 1802 2322 alienigenis

165 2332 195 2359 in
224 2337 307 2358 cruce
321 2331 525 2364 extensiouem;
542 2335 624 2365 atque
642 2331 707 2365 ligni
729 2330 893 2364 voluptatem
912 2337 960 2364 per

165 2377 263 2406 crucis
277 2378 399 2405 dolorem
416 2381 515 2404 cur-at:
530 2377 682 2412 eodemque
699 2377 779 2404 modo
798 2377 826 2404 iu
847 2376 960 2410 reliquis

167 2424 258 2451 rebus
274 2424 410 2451 contraria
423 2432 471 2459 per
485 2423 623 2451 contraria
639 2414 735 2451 satiata
749 2428 824 2451 sunt.
843 2422 921 2450 Iluuc
934 2426 962 2450 et

167 2469 296 2496 Joannes
309 2474 340 2496 ut
353 2477 451 2504 agnum
466 2471 587 2497 ostendit
603 2469 646 2497 his
665 2470 754 2497 verbis
768 2478 775 2496 :
793 2469 858 2496 Ecce
871 2468 961 2504 Agnus

172 2514 237 2543 Dei.
261 2513 293 2540 Et
310 2513 456 2541 Zacharias
473 2523 543 2542 unus
565 2522 596 2542 ex
613 2515 757 2542 duodecim
775 2514 915 2549 prophetis
932 2518 971 2541 ut‘

172 2561 349 2590 sacrrdotem
373 2561 479 2594 aspicit,
512 2561 625 2595 aitque:
642 2561 762 2589 Ostendit
782 2561 847 2588 mihi
872 2559 961 2587 Domi-

172 2616 228 2636 nus
241 2608 331 2634 Jesum
345 2607 505 2633 sacerdotem
517 2614 641 2641 magnum
654 2608 688 2634 ".
703 2608 790 2634 Porro
805 2614 849 2641 per
862 2613 962 2640 agnum

173 2655 348 2690 signiﬁcatur
360 2654 445 2689 ipsius
457 2661 505 2688 pro
517 2654 635 2688 peccatis
649 2654 751 2681 nostris
770 2653 943 2687 interemptio
956 2661 963 2685 ;

173 2709 226 2736 per
240 2701 409 2729 sacerdotem
427 2706 516 2728 autem
529 2700 600 2734 quod
614 2700 770 2726 voluntarie
786 2700 965 2733 interemptus

173 2749 225 2776 sit.
242 2748 300 2775 Jutn
317 2755 383 2775 vero
404 2752 466 2782 post
482 2746 647 2781 baptismum
665 2745 822 2780 angelorum
841 2745 965 2772 ministe-

176 2794 222 2821 rio
245 2795 372 2822 utebatur
390 2803 396 2821 :
414 2793 480 2820 Ecce
504 2792 584 2824 enim,
613 2792 712 2826 inquit,
736 2791 822 2826 angeli
850 2799 965 2818 arcesse-

219 2885 240 2900 “
252 2885 347 2912 Matth.
364 2892 449 2915 xxvii,
467 2883 509 2911 16.
551 2883 573 2899 ⁶⁷
586 2882 664 2910 .loau.
683 2891 701 2914 r,
719 2882 762 2908 ρο.

180 2927 242 2953 vtu,
261 2921 291 2947 -Η
310 2928 386 2955 seqq.
407 2921 427 2936 “
442 2920 508 2948 an.
524 2928 570 2953 vn,
588 2919 619 2947 l2
635 2927 710 2953 seqq.

803 2882 825 2897 "
839 2882 954 2915 Philipp.
974 2890 1001 2911 Il,
1017 2882 1043 2907 8.

753 2918 775 2933 ⁷³
790 2917 868 2944 Jouu.
889 2925 924 2950 ιιι,
947 2917 955 2942 ι
977 2924 1052 2950 seqq.

1010 2343 1170 2373 recuperata
1190 2337 1244 2364 huc
1259 2336 1379 2370 illucque
1402 2335 1485 2362 desiit
1508 2333 1692 2365 circumferri,
1717 2338 1800 2366 atque

1011 2385 1081 2421 apud
1106 2384 1235 2419 populum
1263 2389 1343 2409 suum
1371 2380 1539 2414 conquievit,
1570 2379 1800 2414 quemadmodum

1011 2431 1132 2459 secundo
1149 2430 1253 2463 [legum
1281 2427 1350 2454 libro
1372 2426 1510 2461 proditum
1529 2425 1655 2452 habetur.
1670 2423 1798 2455 Proinde,

1012 2477 1070 2505 sive
1087 2476 1113 2503 in
1126 2479 1268 2510 peremtum
1286 2473 1398 2500 minimc
1421 2471 1562 2503 incideris,
1581 2472 1638 2498 sive
1655 2471 1800 2505 prolapsus

1017 2529 1064 2557 per
1079 2518 1298 2554 resipisceutiam
1315 2517 1482 2548 surrexeris,
1506 2516 1679 2543 Nativilutem
1696 2515 1800 2542 Christi

1017 2565 1157 2597 conﬁtere,
1179 2569 1260 2599 atque
1289 2563 1321 2590 ad
1341 2562 1404 2597 ejus
1419 2562 1590 2596 praesentium
1612 2561 1730 2592 cxsulta,
1753 2567 1802 2588 nec

1017 2611 1126 2638 virtutis
1139 2614 1167 2637 et
1188 2609 1309 2637 scientia:
1334 2615 1426 2635 arcam
1458 2607 1485 2633 in
1502 2612 1527 2633 te
1545 2606 1623 2634 sitam
1645 2606 1801 2637 all'cctnum,

1017 2656 1095 2691 quasi
1109 2655 1330 2682 PLilisthteorum
1341 2652 1534 2688 quorumdam,
1546 2652 1651 2678 libidini
1663 2651 1800 2686 permitte;

1017 2709 1111 2728 verum
1128 2700 1162 2727 iis
1188 2699 1328 2734 oppressis
1355 2703 1383 2725 et
1417 2697 1588 2724 obtruncatis
1619 2697 1688 2723 hunc
1716 2696 1749 2722 ad
1777 2702 1803 2723 to

1017 2747 1113 2778 reduc,
1143 2754 1175 2773 ac
1199 2745 1362 2773 concinnam
1382 2750 1410 2771 et
1440 2744 1607 2771 modulatam
1631 2743 1805 2770 saltationem

1017 2791 1095 2819 salta.
1115 2791 1247 2819 Existimo
1263 2796 1353 2818 autent
1370 2798 1418 2825 per
1432 2789 1541 2817 Davidis
1560 2790 1733 2817 saltationem
1752 2798 1802 2816 no-

1101 2880 1122 2896 “
1138 2881 1252 2908 Zilt'ilill‘.
1271 2890 1310 2913 ιιι,
1333 2882 1354 2907 l.

1091 2916 1113 2931 7"
1125 2916 1219 2943 Matth.
1239 2925 1266 2949 ιι,
1286 2917 1308 2945 Ι,

1415 2882 1437 2896 7”
1453 2881 1546 2907 Matth.
1564 2889 1600 2910 |\',
1621 2881 1661 2907 ll.

1347 2918 1367 2932 ⁷³
1381 2915 1459 2944 Juttn.
1480 2925 1516 2948 γι,
1538 2916 1545 2942 l
1565 2925 1641 2950 seqq.

1701 2881 1720 2896 "'
1737 2880 1801 2907 Inc.
