2027 3162
246 190 256 223 1
261 188 314 224 207

953 190 1145 220 ADDENDA.

1797 191 1869 223 19.08

245 246 285 276 bis
309 247 359 283 piae
377 247 439 274 vita:
463 245 610 281 agilitatem
635 244 869 280 multiplicemque
895 243 1028 272 rationem
1046 246 1066 274 Α
1083 243 1243 278 simpliciter
1266 243 1414 278 accipiunt,
1439 246 1532 278 postea
1547 247 1638 270 autem
1668 243 1794 272 eamdem
1811 253 1871 272 tue-

245 294 393 328 designari.

280 341 340 369 Col.
355 339 409 367 550
425 337 456 365 D.
469 337 675 371 Deseriptionem
695 344 821 370 reverere,
834 341 941 372 propter
952 343 1030 371 quam

243 386 270 414 In
284 385 365 417 caelis,
384 389 435 411 etc.
449 382 579 410 Dominus
596 389 649 408 una
668 389 729 409 cum
745 386 832 409 matre
845 381 979 416 etJoseph
991 382 1031 407 in-

243 434 284 457 ter
297 435 392 457 servos
405 428 480 463 juxta
499 427 617 455 Caesaris
628 427 747 454 edictum
763 427 919 462 descriptus
933 431 984 458 est,
1001 430 1030 453 ut

243 482 292 502 nos
309 475 336 501 in
347 473 497 501 'beatorum
527 473 597 500 libro
627 473 822 501 inscribamur.
850 471 927 501 Hanc
949 473 1031 507 igitur

242 521 455 555 descriptionem
485 528 623 552 reverere,
663 528 695 548 ac
733 520 902 548 nativitatem
928 517 1030 547 Christi

243 565 392 594 lionoriliec
407 567 477 598 cole,
499 571 610 601 propter
635 574 717 602 quant
735 566 886 593 nativitatis
916 566 1031 594 vinculis

242 613 348 641 solutus
365 621 405 640 es.
423 612 571 640 Vinculum
591 617 682 640 autem
711 612 873 645 nativitatis,
890 617 932 639 est
967 619 1030 648 pcc-

241 664 333 686 catum
350 659 422 686 illius
441 666 533 686 comes
547 659 580 686 ⁷⁸.
600 657 637 686 Ex
661 658 880 693 transgressione
892 658 931 693 (il)
945 658 1029 690 enim,

241 709 268 731 et
282 704 489 731 matrimonium
529 703 681 740 profectum
708 709 768 736 est,
802 709 829 732 et
864 704 1029 739 generatio;

241 750 335 786 sicque
348 749 375 777 in
405 750 527 786 peccatis
561 750 711 778 nascimur.
740 751 774 779 At
802 750 930 778 Christus
952 756 1031 778 natus

241 800 342 822 nostrae
354 802 464 830 queque
478 795 613 823 nutiVitati
631 796 803 824 sanctitatem
833 796 966 828 attulit",
998 804 1031 824 ac

241 839 371 875 deinceps
388 840 548 868 honorabile
559 844 600 868 est
620 842 788 869 counubium
826 846 854 870 et
883 848 962 870 torus
980 843 1032 870 im-

243 885 399 914 maculatus
408 886 441 914 ⁷⁸,
464 887 550 914 Parva
571 891 661 915 autem
682 892 723 916 est
741 887 912 922 Bethichctn,
938 894 1032 925 utpote

1083 290 1170 317 moria
1186 294 1294 317 versant
1310 296 1341 316 ac
1357 289 1492 319 recolunt,
1509 293 1591 323 atque
1604 294 1735 317 accurata
1758 292 1868 318 exami-

1082 337 1193 363 natione
1216 335 1295 371 quasi
1325 335 1452 363 dentibus
1482 335 1609 362 dividunt
1622 340 1649 363 et
1661 337 1870 369 comminuunt,

1081 381 1162 417 idque
1170 389 1260 414 omne,
1270 381 1448 417 quodinutile
1463 386 1516 415 est,
1530 388 1708 418 exspuentes,
1733 384 1868 418 quidquid

1081 428 1114 455 ad
1131 435 1208 455 esum
1221 432 1314 463 aptum
1328 432 1354 455 et
1367 427 1448 456 vitale
1459 432 1512 460 est,
1530 428 1556 456 in
1570 429 1670 457 mentis
1697 430 1868 464 profundum

1081 473 1161 509 quasi
1176 474 1202 500 in
1214 478 1335 501 ventrem
1350 473 1495 509 quemdam
1508 474 1646 509 injiciunt.
1669 473 1737 502 Nam
1762 475 1873 510 puritas

1082 527 1190 555 quoque
1202 528 1250 555 per
1275 520 1488 547 ruminationem
1514 520 1686 555 designatur.
1702 520 1767 548 Sive
1782 521 1870 548 etiam

1081 566 1195 594 ethnicis:
1206 571 1233 594 et
1247 567 1360 602 impurae
1377 568 1460 601 partis
1479 575 1520 600 es,
1545 573 1626 602 atque
1637 567 1671 594 ad
1701 575 1780 595 esum
1805 568 1872 602 qui-

1081 612 1142 639 dem
1159 613 1273 645 inutilis,
1289 617 1383 648 utpote
1399 613 1533 647 proximis
1548 613 1604 640 tuis
1617 613 1731 640 minime
1747 612 1874 640 fructuo-

1081 666 1139 692 sus,
1153 659 1185 686 ad
1199 658 1332 686 sacriﬁcia
1346 663 1436 687 autem
1452 658 1698 691 minimeidoneus,
1712 663 1807 693 utpote
1816 658 1874 686 Deo

1082 711 1253 738 nequaquam
1282 709 1376 739 gratus
1402 709 1486 739 atque
1515 709 1656 740 acceptus.
1685 703 1872 732 Ethnicorum

1082 756 1163 783 porro
1173 754 1200 776 et
1215 749 1364 777 inﬁdelium
1376 754 1418 777 est
1435 750 1589 784 impuritas,
1602 754 1758 785 cacteraque
1772 751 1872 777 eodem

1082 794 1163 822 modo
1179 795 1263 828 dicta,
1281 796 1353 831 quod
1369 795 1498 823 nimirum
1515 801 1548 824 au
1564 803 1642 824 esum
1657 799 1684 823 et
1699 796 1873 823 saerilicium

1082 839 1292 876 haudquaquam
1306 842 1362 876 apti
1372 842 1439 869 sint.
1455 841 1538 869 Cibus
1557 842 1631 869 enim
1648 849 1744 869 eorum
1761 842 1809 876 qui
1826 849 1875 869 co-

1083 887 1204 917 medunt,
1222 887 1306 914 vitam
1321 887 1395 915 fovet
1416 895 1449 915 ac
1464 887 1597 915 sull'uicit.

244 940 330 967 usque
349 933 381 960 ad
402 933 542 961 Christum
563 939 657 961 natum
676 935 786 963 minima
807 935 877 962 inter
895 921 1031 971 principes
1049 921 1070 950 Β
1119 933 1186 961 ibid.
1203 933 1270 961 Cum
1287 933 1365 961 stella
1399 942 1492 961 curre:
1522 942 1581 961 cum
1605 933 1691 969 Magis
1704 933 1777 960 dona
1793 933 1874 968 οΙῘεν.

241 974 350 1005 Iudae"
368 987 375 1006 :
397 987 457 1013 qua:
469 979 578 1014 quidem
591 987 641 1007 nos
659 989 754 1008 rursus
776 981 809 1008 ad
833 987 950 1009 veterem
982 990 1031 1017 pa-

242 1023 324 1051 radisi
366 1025 569 1060 perceptionem
611 1025 833 1062 voluptatemque
880 1028 1030 1060 revocavit,

241 1067 381 1096 Christum
412 1069 539 1097 videlicet
570 1076 728 1098 nascentem
754 1071 976 1108 suscipiens,qui
997 1073 1031 1100 ad

241 1119 301 1141 eam
318 1121 369 1142 nos
386 1116 504 1144 reduxit.
522 1115 611 1152 Atque
623 1117 705 1144 etiam
723 1116 748 1144 in
764 1118 897 1153 praesepio
913 1118 1031 1147 Verbum

241 1160 406 1189 collocatum
417 1166 468 1194 est,
486 1167 516 1190 ut
530 1170 580 1191 nos
592 1163 624 1190 ad
642 1163 786 1191 brutorum
800 1165 949 1192 amentiam
965 1173 1032 1193 con-

241 1207 312 1235 versi
342 1215 514 1244 nequaquam
542 1209 600 1244 jam
631 1210 664 1238 ad
695 1211 832 1238 sordidam
851 1216 878 1239 et
903 1219 1031 1246 pecorum

242 1253 359 1281 similem
374 1256 576 1289 provolvamur,
593 1264 686 1283 verum
702 1257 852 1284 secundum
884 1257 969 1285 Dcutn
1001 1266 1033 1285 ac

242 1304 296 1325 non
312 1299 461 1328 secundum
476 1301 601 1330 turbidos
618 1302 701 1329 animi
719 1309 810 1330 motus
833 1303 924 1331 vivere
940 1304 1032 1332 disca-

242 1351 316 1375 mus,
333 1349 361 1372 et
370 1343 451 1374 Verbi
468 1348 626 1381 magisteria
640 1353 666 1375 et
680 1348 824 1383 disciplina
841 1349 951 1376 nutriri.

279 1389 338 1418 Col.
358 1391 408 1418 551
428 1391 461 1419 Δ.
490 1391 632 1427 Cognosce,
659 1397 686 1420 ut
715 1391 771 1424 bos,
800 1397 853 1420 etc.
875 1393 1034 1428 Opportune

244 1434 401 1472 Theologus
412 1438 563 1474 prophetiae
580 1438 659 1467 lsaiae
684 1440 853 1468 mentionem
884 1439 949 1467 facit
971 1447 1034 1475 pro-

245 1486 304 1515 pter
334 1483 414 1511 bruta
445 1484 597 1512 animantia
627 1489 654 1513 et
674 1485 843 1520 agnitionem
872 1485 989 1517 Christi,
1006 1491 1035 1513 et

244 1536 377 1564 praesepe.
404 1529 475 1558 Dcus
499 1531 571 1558 enim
592 1539 642 1566 per
656 1531 820 1566 Prophetam
851 1531 1033 1559 lsraeliticum

244 1573 375 1609 pupulum
397 1580 427 1602 ut
442 1575 591 1611 ingratum,
612 1581 638 1604 et
655 1577 809 1609 vecordem,
824 1577 924 1604 acriter
939 1578 1034 1612 objur-
1050 1596 1071 1626 ς

243 1629 311 1655 gans
327 1622 364 1648 ait
379 1631 386 1649 :
401 1621 530 1657 Cognovit
544 1622 590 1649 bos
602 1631 776 1657 possessorem
791 1632 878 1655 suum,
892 1629 917 1651 et
941 1625 1032 1652 asinus

243 1674 358 1702 prmepe
385 1667 486 1695 domini
511 1669 571 1701 sui,
597 1669 682 1696 Israel
707 1675 794 1697 autent
831 1678 872 1696 me
907 1679 959 1697 non
989 1678 1034 1697 co-

243 1714 376 1749 gnovit".
406 1714 513 1748 Quibus
538 1715 629 1744 verbis
663 1715 774 1744 Judteos
809 1716 892 1743 mutis
923 1724 1034 1752 quoque

245 1760 432 1789 animantibus
469 1762 668 1798 propemodum
701 1763 867 1798 stupidiores
895 1763 1035 1791 exstitisse

244 1808 293 1835 ait.
314 1808 404 1844 Atque
419 1808 547 1837 omnibus
564 1808 674 1844 quidem
692 1809 799 1844 ingrate
818 1813 845 1836 ct
863 1809 956 1844 inique
971 1816 1035 1844 erga

245 1854 329 1882 Deum
347 1856 451 1884 allectis
466 1855 524 1884 hac
541 1856 630 1883 oratio
651 1855 788 1891 congruit.
816 1855 950 1883 Cieterum
984 1855 1035 1882 hoc

247 1902 308 1929 loco
325 1903 375 1930 bos
391 1901 533 1931 iuJudaici
546 1901 651 1937 populi,
666 1902 713 1937 qui
733 1901 878 1937 legisjugo
892 1901 1036 1935 siihjectus

246 1953 323 1981 erat,
341 1948 455 1984 ﬁgurant
469 1949 619 1976 assumitur
639 1957 646 1975 :
670 1948 766 1976 asinus
787 1952 876 1974 autem
904 1947 931 1974 in
951 1946 1038 1982 genti-

245 1994 312 2023 lium
331 1995 444 2030 ﬁguram
456 2015 464 2028 ,
490 2000 547 2023 tum
563 1995 627 2030 quia
641 2003 657 2022 a
673 1994 732 2029 lege
749 1994 856 2022 alienus
877 1998 947 2023 erat.
980 1998 1036 2020 tum

245 2041 327 2068 etiam
345 2046 456 2076 propter
478 2041 662 2076 impuritatem
682 2046 710 2067 et
733 2040 899 2068 crassitiem.
930 2041 1036 2068 Etenim

245 2086 308 2118 bos,
323 2091 352 2114 ut
362 2087 395 2114 ad
412 2087 632 2121 cognoscendum
649 2086 773 2118 acutior,
789 2086 932 2114 dominum
955 2094 1035 2114 suum

247 2132 373 2167 agnoseit
390 2140 398 2159 :
412 2132 507 2159 asinus
521 2136 611 2159 autem
640 2136 671 2158 ut
682 2131 770 2158 ventri
782 2132 901 2164 deditus,
916 2139 1038 2166 praesepe

247 2178 402 2212 cognoscit.
420 2178 457 2205 Ac
473 2177 543 2211 vide,
557 2185 639 2212 quam
657 2176 734 2204 bovis
747 2181 774 2204 et
784 2176 854 2204 asini
878 2177 1037 2212 allegoriam

247 2223 352 2251 all‘erat.
381 2223 517 2256 Quoniam
541 2223 613 2250 enitn
644 2222 696 2250 bos
714 2222 817 2250 animal
833 2222 966 2250 mundum
984 2227 1037 2255 est,

1084 987 1189 1012 aurum,
1205 984 1258 1008 etc.
1273 979 1344 1008 Deus
1356 987 1514 1015 corpoream
1533 987 1612 1007 suam
1633 980 1806 1007 nativitatem
1825 987 1876 1014 per

1084 1025 1188 1052 stellam
1204 1025 1350 1061 signiﬁcari
1367 1026 1462 1053 voluit.
1475 1025 1596 1060 Equum
1615 1026 1688 1053 enim
1714 1030 1773 1053 erat
1803 1024 1877 1052 Ver-

1084 1071 1147 1099 bum
1174 1072 1283 1099 coalitus
1313 1072 1482 1099 descendens
1514 1071 1621 1099 caelesti
1648 1079 1764 1106 quoque
1791 1070 1877 1106 signo

1084 1117 1210 1145 indicari.
1221 1118 1246 1146 Is
1263 1125 1345 1153 porro
1359 1125 1421 1145 cum
1437 1118 1517 1146 stella
1534 1118 1631 1150 currit,
1646 1117 1693 1151 qui
1717 1124 1779 1144 eam
1811 1117 1878 1143 imi-

1085 1168 1169 1196 tatur,
1184 1163 1235 1191 hoc
1253 1169 1306 1196 est,
1323 1165 1370 1199 qui
1387 1163 1528 1192 Christum
1543 1163 1586 1202 iis,
1601 1171 1616 1191 a
1631 1163 1734 1198 quibus
1761 1163 1877 1198 ignora-

1085 1215 1139 1242 tur,
1167 1211 1306 1246 prtedicat,
1335 1210 1376 1238 vel
1400 1211 1482 1237 etiam
1510 1210 1557 1245 qui
1570 1210 1700 1237 virtutum
1725 1209 1880 1244 splendore

1085 1257 1176 1285 clarus
1200 1261 1228 1284 et
1254 1257 1369 1292 insignis
1392 1260 1515 1291 apparet.
1544 1256 1587 1283 vel
1611 1256 1696 1283 etiam
1718 1255 1767 1290 qui
1784 1261 1874 1289 supra

1085 1303 1177 1334 omnia
1195 1306 1303 1330 terrena
1320 1302 1416 1330 fertur.
1430 1302 1477 1330 Ille
1491 1306 1581 1330 autem
1597 1309 1711 1329 munera
1727 1308 1790 1328 cum
1819 1300 1879 1327 Ma-

1084 1349 1124 1384 gis
1138 1349 1229 1381 oﬂ'ert,
1245 1349 1292 1385 qui
1304 1349 1472 1377 oblationem
1487 1355 1584 1376 eorum
1607 1347 1790 1383 spiritualiter
1813 1347 1881 1374 imi-

1085 1400 1168 1424 tatur.
1188 1395 1255 1423 Nam
1276 1395 1311 1424 ab
1324 1395 1379 1424 illis
1405 1402 1516 1431 quoque
1536 1395 1608 1422 dona
1625 1394 1715 1422 oblata
1737 1397 1813 1421 sunt.
1832 1392 1879 1420 Si-

1085 1447 1169 1475 gnum
1197 1445 1290 1467 autem
1312 1441 1385 1475 regis
1404 1445 1446 1468 est
1469 1447 1578 1472 aurum,
1605 1440 1669 1474 quia
1702 1447 1751 1474 per
1775 1446 1879 1466 aurum

1085 1486 1186 1515 subditi
1202 1494 1292 1522 regem
1307 1486 1468 1514 muneribus
1483 1486 1616 1514 alliciunt.
1629 1485 1707 1514 Thus
1720 1494 1815 1521 perro,
1834 1485 1881 1512 di-

1086 1533 1218 1565 vinitatis,
1237 1532 1300 1567 quia
1330 1533 1410 1560 thura
1438 1532 1610 1560 Dcoadoleri
1637 1533 1749 1560 solent:
1780 1532 1880 1559 mortis

1088 1578 1216 1613 denique,
1235 1579 1356 1614 myrrha,
1374 1579 1438 1613 quia
1456 1578 1557 1606 mortui
1577 1585 1609 1606 ea
1639 1579 1824 1614 inunguatur,
1845 1585 1881 1605 ne

1088 1625 1202 1653 {ualeant
1216 1630 1264 1652 aut
1279 1629 1445 1660 putrescant.
1459 1625 1494 1652 At
1511 1629 1539 1651 tu
1567 1631 1616 1659 pro
1643 1631 1714 1652 auro
1745 1631 1879 1659 purarum

1087 1671 1223 1698 aetionu'n
1261 1674 1289 1702 et
1314 1677 1472 1698 sermonum
1506 1670 1681 1705 splendorem
1710 1669 1791 1696 otl‘er.
1824 1668 1880 1696 Pro

1088 1718 1168 1745 thure
1179 1725 1275 1752 preces
1291 1725 1298 1744 :
1317 1716 1457 1751 Din'gatur
1477 1716 1564 1748 enim,
1586 1716 1684 1750 inquit,
1703 1717 1790 1743 oratio
1820 1723 1880 1742 mea

1087 1763 1154 1790 sicut
1165 1764 1299 1790 incensum
1311 1762 1340 1789 in
1353 1767 1493 1797 conspectu
1512 1766 1558 1789 tuo
1566 1762 1599 1789 ".
1615 1761 1669 1789 Pro
1684 1761 1798 1797 myrrha
1814 1768 1881 1788 vero

1087 1808 1234 1836 atl‘ectuum
1263 1808 1470 1843 oppressionem
1503 1812 1531 1835 et
1560 1807 1785 1839 esstiuctionem,
1819 1814 1882 1841 qua:

1089 1855 1186 1882 animae
1200 1853 1381 1882 substantiam
1397 1858 1500 1886 tuetur,
1517 1861 1550 1881 ac
1562 1854 1641 1882 suavi
1665 1853 1751 1881 odore
1765 1854 1883 1888 perfun-

1089 1900 1139 1927 dit.
1155 1900 1278 1934 Quonam
1292 1907 1357 1927 vero
1372 1899 1454 1927 modo
1469 1907 1531 1926 cum
1546 1899 1703 1934 pastoribus
1717 1905 1744 1927 et
1757 1899 1882 1926 archan-

1089 1947 1156 1981 gelis
1169 1951 1252 1981 atque
1263 1946 1368 1981 angelis
1380 1945 1507 1973 laudibus
1519 1945 1602 1973 Deum
1614 1945 1776 1978 celebrabis,
1797 1951 1882 1980 atque

1091 1992 1207 2027 hymnos
1223 1991 1352 2019 concines
1366 1998 1398 2017 ac
1412 1990 1593 2025 tripudiabis?
1612 1990 1751 2018 Nimirum
1777 1991 1800 2018 si
1819 1991 1882 2018 illo-

1092 2046 1151 2065 rum
1168 2036 1390 2067 admirationetn,
1404 2034 1529 2062 all'ectum
1548 2040 1576 2062 et
1605 2035 1735 2070 gaudium
1752 2035 1881 2063 imitatus

1091 2082 1186 2110 fueris.
1206 2081 1272 2109 Nam
1286 2080 1409 2116 profecto
1429 2081 1464 2108 ob
1476 2081 1592 2108 salutem
1610 2084 1734 2108 nostram
1753 2089 1880 2116 supernae

1091 2135 1200 2164 quoque
1212 2132 1240 2154 et
1256 2128 1341 2155 beatae
1357 2130 1461 2154 mentes
1479 2127 1578 2154 festum
1595 2126 1748 2157 celebrant.
1777 2131 1807 2153 ut
1821 2133 1883 2161 quae

1092 2174 1138 2201 Dei
1156 2173 1354 2208 hominumque
1382 2179 1476 2199 amore
1500 2171 1620 2207 prmilitae
1635 2172 1701 2199 sint.
1728 2170 1883 2206 Utriusque

1092 2221 1165 2249 enim
1180 2219 1268 2247 laudis
1281 2219 1334 2246 illis
1358 2217 1547 2246 testimonium
1571 2217 1646 2245 dedit
1671 2217 1813 2249 Christus,
1842 2217 1883 2245 sic

248 2278 280 2297 ac
289 2269 356 2305 jugo
380 2269 545 2304 subjectum,
577 2274 603 2296 et
625 2269 780 2301 ruminans,
810 2273 892 2303 atque
908 2268 1035 2296 sacrificii
1055 2267 1077 2295 D
1093 2275 1140 2302 per
1152 2266 1296 2302 parabolas
1308 2265 1437 2298 loquens:
1453 2264 1560 2298 Mulier,
1569 2272 1631 2300 qua
1639 2264 1770 2292 amissam
1786 2265 1884 2291 drach-

247 2324 331 2344 causa
351 2319 487 2343 mactatur
501 2320 528 2342 et
543 2315 713 2349 comeditur;
728 2315 753 2342 in
770 2315 849 2342 asino
861 2319 952 2342 autem
972 2322 1036 2342 con-

248 2362 334 2389 trario
351 2361 431 2389 modo
449 2369 478 2389 se
496 2361 588 2388 omnia
607 2361 708 2388 habent
727 2370 734 2388 :
751 2360 904 2396 Cognosce,
936 2361 1036 2396 inquit,

248 2409 368 2442 auditor,
387 2409 514 2445 quisnam
531 2409 567 2437 sit
585 2409 607 2436 is
622 2408 668 2444 qui
687 2413 768 2436 natus
782 2414 836 2442 est,
852 2408 910 2436 sive
922 2409 971 2436 bos
996 2415 1037 2438 es.

249 2456 301 2483 hoc
326 2460 377 2488 est,
409 2462 442 2483 ex
462 2454 574 2488 Judaais,
603 2456 650 2490 qui
674 2455 821 2490 puritatem
833 2458 861 2482 et
874 2454 1037 2482 munditiem

247 2510 303 2537 pra:
317 2510 346 2530 se
358 2502 461 2534 lerunt,
477 2509 510 2529 ac
524 2501 576 2530 sub
591 2501 659 2537 legis
680 2501 745 2536 jugo
771 2505 928 2532 censentur,
953 2503 1038 2534 atque

249 2548 342 2576 idonei
362 2553 439 2582 sunt,
455 2548 502 2584 qui
517 2549 571 2576 Deo
587 2548 614 2576 in
629 2547 796 2575 sacriﬁcium
820 2546 981 2576 oderantur,
1012 2550 1039 2572 et

249 2599 351 2622 rectam
365 2594 516 2622 doctrinam
533 2594 699 2622 ruminattdo
728 2592 890 2625 coniiciunt,
918 2591 981 2626 quia
999 2591 1039 2618 vi-

249 2640 347 2668 delicet
360 2640 480 2675 primum
500 2641 611 2675 quidem
627 2639 689 2667 lidei
709 2638 873 2666 Christiania
885 2637 1038 2665 doctrinam

285 2722 308 2737 "
327 2720 399 2750 Psal.
417 2728 443 2751 ι.
456 2719 484 2748 7.
541 2719 565 2734 ⁷⁷
584 2718 684 2754 Ephes.
703 2725 734 2747 it.
754 2718 765 2744 i
783 2724 860 2754 seqq.

249 2763 310 2789 (τη,
322 2757 349 2784 2.
388 2757 410 2773 "
427 2755 494 2782 Luc.
511 2762 555 2786 xv,
571 2751 615 2781 8.’
637 2754 660 2769 ⁸³
674 2754 744 2780 l‘sal.
760 2760 840 2784 nm,
857 2751 882 2778 7.

286 2827 325 2862 (ι)
344 2824 385 2852 E1
413 2825 640 2862 transgressione.
658 2821 804 2862 Congressi
839 2820 948 2862 quidem
975 2823 1040 2846 sunt

251 2859 374 2888 Ad'aiuus
403 2865 430 2886 et
458 2861 512 2886 Eva
539 2865 600 2893 post
618 2859 749 2885 violatutn
767 2860 932 2894 pra-ceptum
957 2863 1035 2894 :non

256 2900 346 2924 tamen
364 2903 395 2923 cx
411 2896 536 2930 pra-copti
557 2894 705 2922 violatiOue
719 2893 868 2927 protectum
883 2896 924 2918 cst
942 2893 1036 2917 marri-

911 2715 934 2731 "
955 2713 1038 2741 llehr.
1062 2721 1121 2745 ltll,
1143 2713 1170 2739 4.

1094 2320 1165 2340 mam
1182 2313 1295 2344 invenit,
1312 2311 1416 2339 amicas
1429 2316 1457 2339 et
1472 2312 1578 2339 vicinas
1602 2315 1747 2342 convocat,
1765 2311 1882 2338 dicens:

1093 2358 1323 2395 Congratulamini
1353 2358 1418 2385 mihi
1429 2358 1464 2385 ".
1488 2358 1572 2393 Ergo,
1599 2362 1628 2384 ut
1646 2357 1694 2384 Dei
1708 2357 1818 2388 amica,
1833 2357 1885 2392 ipsi

1092 2406 1278 2440 gratulantur.
1304 2403 1380 2437 Quod
1396 2408 1488 2432 autem
1503 2403 1646 2431 hominum
1665 2404 1722 2430 sint
1747 2408 1884 2435 amantes,

1092 2459 1125 2478 ex
1139 2452 1172 2478 iis
1183 2450 1287 2484 angelis
1303 2449 1406 2485 liquido
1419 2453 1537 2482 constat,
1550 2456 1619 2484 quos
1638 2449 1666 2476 in
1679 2449 1753 2476 tertii
1767 2453 1793 2476 et
1816 2448 1887 2474 vice<

1093 2496 1156 2524 simi
1178 2495 1279 2524 Psalmi
1296 2496 1348 2523 line
1359 2495 1492 2523 describit
1509 2495 1606 2526 David.
1621 2495 1704 2522 simul
1720 2502 1784 2522 cum
1803 2494 1884 2522 Citri-

1093 2547 1136 2569 sto
1153 2542 1342 2573 ascendentes,
1359 2549 1391 2569 ac
1409 2542 1485 2576 prius
1515 2545 1692 2568 occurrentes
1716 2541 1752 2568 iis
1768 2541 1885 2576 angelis,

1094 2589 1140 2622 qui
1159 2588 1185 2615 in
1208 2588 1276 2615 cmlo
1290 2588 1449 2615 Davidicum
1481 2588 1545 2615 illud
1563 2587 1735 2622 imperabant
1763 2595 1770 2613 :
1797 2586 1887 2614 Attul-

1095 2636 1141 2662 lite
1158 2641 1250 2669 portas
1260 2635 1294 2667 ",
1320 2638 1373 2661 etc.
1405 2633 1473 2660 Nam
1492 2633 1542 2668 ipsi
1556 2640 1667 2668 quoque
1681 2631 1780 2659 eadem
1794 2632 1886 2658 laztitil

1227 2712 1250 2728 "
1269 2711 1365 2740 Matth.
1380 2719 1455 2743 uix,
1475 2711 1502 2738 6.
1559 2710 1582 2726 ⁸ο
1599 2710 1652 2737 lsa.
1666 2719 1685 2742 t,
1699 2709 1726 2736 3.
1767 2708 1790 2725 "
1814 2709 1888 2737 Psal.

1094 2817 1226 2847 monium.
1252 2816 1298 2843 sed
1317 2820 1380 2842 ante
1404 2813 1579 2841 violatioaem
1609 2819 1624 2838 a
1642 2811 1696 2847 Deo
1715 2811 1888 2841 institutum.

1093 2857 1122 2880 ut
1135 2860 1166 2880 ex
1182 2846 1316 2887 principio
1336 2850 1450 2878 Genesis
1468 2847 1645 2884 apertissime
1661 2846 1761 2881 liquet.
