2027 3162
139 204 204 235 1Ξο9

574 208 734 242 NICETAS
754 212 793 243 IN
815 212 926 243 ORAT.
946 210 1101 245 XXXVIII
1118 216 1148 247 S.
1168 215 1285 249 GREG.

1691 219 1759 251 1210

136 261 365 296 tliﬂundebantur,
375 268 468 300 utpote
482 273 639 302 compresso
650 273 676 297 et
691 270 828 298 exstincto
837 270 920 302 bello,
934 270 960 299 Α
1006 271 1075 300 Ibid.
1089 273 1119 301 C.
1137 273 1189 301 Per
1206 283 1294 302 omne:
1307 274 1406 302 Christi
1420 280 1511 303 aetates
1525 281 1556 303 ac
1570 276 1690 308 uirtutes.
1705 283 1759 305 etc.

136 315 188 342 quo
207 309 337 336 mertales
353 311 438 344 premi
457 312 591 341 solebant.
621 315 709 350 Atque
731 316 812 343 etiam
838 317 919 344 iidem

137 354 180 380 tlei
208 359 331 382 amantes
363 360 452 390 erant,
480 359 553 393 quod
582 368 614 388 ea
639 369 701 396 quae
719 362 789 390 Deus
803 367 918 396 amaret,

135 399 214 426 chara
229 399 368 428 haberent.
385 401 454 435 Quin
470 401 550 432 etiam
565 412 625 434 sese
646 411 742 435 mutuo
764 408 798 436 ad
826 414 920 444 portas

135 445 293 473 attollendas
309 447 530 484 inltortabantur,
547 452 676 480 nimirum
692 454 741 487 illi,
772 454 820 489 qui
841 455 921 483 Citri-

134 496 204 519 stum
220 494 412 523 ascendentem
424 498 637 532 comitabantur,
659 509 718 534 eos,
744 502 790 537 qui
820 502 847 529 in
877 511 922 530 se-

132 538 220 565 cundo
234 538 316 574 ctelo,
335 541 392 570 sive
411 543 493 570 etiam
508 545 533 571 in
550 545 723 575 ﬁrmamento
737 553 824 580 erant.
838 553 919 584 atque

135 583 171 611 illi
186 592 282 617 rursus
299 594 358 621 eos,
377 589 423 623 qnl
445 590 471 617 in
494 590 649 620 sublimiorl
677 598 702 621 et
731 594 820 629 primo
837 595 918 623 caelo.

133 628 236 658 idcirco
255 639 373 668 namque
391 634 432 663 bis
458 637 587 672 scriptum
602 644 644 667 est
659 647 666 667 :
682 628 805 668 Attollite
815 648 917 676 portas,

131 676 272 711 principes,
289 686 399 707 vestras.
411 680 449 708 Illi
465 684 575 715 etenim,
587 683 722 720 quisimul
736 695 798 715 cum
810 687 919 717 Christo

131 723 324 768 ascendebant,
343 725 539 757 incarnationis
565 730 668 760 Christi
686 734 790 762 conscii
819 741 916 768 erant;

130 766 148 794 ii
165 772 266 801 autem,
284 771 329 805 qui
346 771 373 799 in
391 772 563 803 ﬁrmamento
577 782 666 812 erant,
679 780 860 813 percunctati,
887 766 919 808 ac

131 815 261 843 certiores
276 817 351 851 facti,
368 821 494 854 quisnam
514 827 572 851 erat
589 825 635 859 qui
651 833 713 853 cum
727 833 809 855 carne
824 835 920 855 ascen-

131 860 213 894 deret,
234 865 389 900 gaudioque
402 875 511 896 summo
523 870 636 905 perfusi,
653 873 748 901 eodem
765 876 847 902 modo
873 883 919 903 su-

130 907 250 978 periores
262 912 374 946 angelos
390 913 424 940 ad
440 914 624 946 sustollendas
649 924 743 954 portas
769 921 920 950 hortaban-

143 959 182 978 ur.

143 959 182 979 ur.

163 995 222 1050 Col.
241 999 289 1050 δξι
306 1001 340 1050 Β..
359 1003 446 1032 Unum
466 1007 514 1035 hoc
531 1009 664 1038 duntaxat
679 1020 712 1039 ea:
735 1011 769 1040 iis
787 1014 918 1050 omnibus,

130 1046 184 1088 etc.
199 1041 247 1075 Ea.
266 1045 364 1082 inquit,
378 1051 480 1083 omnia,
496 1060 557 1088 qua:
569 1054 640 1083 circa
660 1058 830 1087 nativitatem
847 1041 920 1087 acci:

130 1086 390 1140 derunt,_venerare.
410 1097 446 1125 At
466 1098 579 1129 lierodis
595 1103 755 1132 sceleratam
770 1113 917 1140 puerorum

129 1136 332 1169 oppressionem
349 1141 384 1169 ob
397 1144 496 1172 aedem
517 1147 627 1181 quidem
658 1136 793 1180 detestare
808 1162 814 1180 :
835 1159 919 1183 cete-

129 1186 201 1233 rum,
226 1182 290 1218 quia
317 1192 428 1223 propter
452 1189 590 1221 Christum
622 1196 747 1233 Contigit,
780 1206 917 1230 reverere.

127 1225 302 1279 Comtaneum
331 1237 423 1261 autem
452 1236 504 1264 hoc
529 1238 631 1268 Christi
658 1225 825 1272 sac‘riﬁcium
841 1246 917 1279 dicit,

126 1277 257 1325 quoniam
275 1278 350 1325 pueri
364 1279 401 1307 illi
419 1282 512 1310 eadem
533 1291 612 1314 aetate
638 1294 725 1321 erant,
757 1299 809 1325 qua
836 1277 916 1321 Chri;

127 1322 198 1351 Slus,
216 1327 277 1348 cum
294 1320 366 1352 ferro
391 1325 503 1362 sublati,
532 1337 615 1366 atque
639 1338 703 1362 ante
718 1320 866 1366 Christum
891 1346 918 1368 et

126 1369 177 1418 pro
201 1372 235 1392 eo
262 1370 373 1418 mactati
398 1377 471 1401 sunt.
490 1373 550 1409 ipse
565 1384 648 1411 porro
681 1380 789 1410 victima
805 1384 916 1418 dicitur,

126 1415 189 1444 quia
206 1419 257 1446 pro
275 1415 356 1444 nobis
371 1425 459 1447 caesus
475 1425 517 1448 est
534 1430 542 1449 :
571 1431 640 1452 nova
667 1431 768 1461 autem,
786 1415 916 1464 quoniam

126 1462 299 1505 nequaquam
315 1461 478 1496 simpliciter
488 1466 571 1494 ltomo
587 1474 655 1503 erat,
666 1472 713 1499 sed
733 1461 815 1502 etiam
832 1474 915 1505 Deus.

125 1499 185 1554 J-am
201 1512 265 1554 vero
283 1507 317 1535 de
331 1508 417 1543 ipsius
434 1510 460 1538 in
484 1509 632 1549 Egyptum
650 1517 722 1553 fuga,
740 1523 918 1554 quemadmo-

126 1548 191 1577 dum
212 1553 376 1587 imperatum
392 1556 474 1585 fuerit
486 1548 615 1595 Joseplto,
632 1567 659 1589 ιιι
675 1548 790 1598 puerum

971 317 1023 347 Per
1051 327 1147 347 omnes
1173 324 1267 348 mtates
1296 328 1329 348 ac
1352 321 1498 355 potentias,
1525 322 1576 350 hoc
1597 327 1649 355 est,
1666 323 1758 351 divina

971 366 1046 399 signa
1066 367 1197 401 gradere,
1224 366 1315 394 omnia
1344 367 1465 401 imitans,
1478 376 1538 402 quae
1553 376 1698 403 perpessus
1719 377 1760 398 est

969 419 1003 439 ac
1021 411 1094 443 fecit,
1108 412 1135 438 in
1150 410 1279 439 omnibus
1294 412 1380 447 ipsius
1405 414 1533 441 :elatibus
1554 414 1631 441 novis
1649 423 1757 450 quoque

971 458 1005 485 ad
1018 457 1157 485 Christum
1172 457 1361 493 progressibus
1375 465 1523 494 assurgens
1540 470 1546 486 :
1564 465 1593 487 ut
1609 465 1636 487 tu
1655 468 1760 495 pioque

971 504 1122 531 secundUm
1139 503 1307 538 spiritualcm
1323 508 1428 531 attatem
1450 504 1601 535 adoleseas.
1615 513 1759 540 quousque

971 552 1003 578 ad
1021 558 1157 578 summum
1171 549 1243 577 illius
1261 551 1340 577 tinem
1357 551 1530 585 perveneris:
1550 559 1630 584 quam
1646 551 1757 585 quidem

971 600 1076 624 aetatem
1103 594 1266 623 tricenarius
1291 603 1425 623 annorum
1463 603 1595 624 numerus
1621 597 1757 632 designat,

971 647 1064 678 utpote
1077 643 1199 674 denario,
1227 649 1306 677 quem
1333 643 1465 674 continet,
1492 645 1533 669 ιιιι·
1564 643 1757 677 tnultiplicato,

971 690 1012 716 vel
1026 689 1106 716 etiam
1133 688 1307 723 perfectione,
1343 696 1405 723 quas
1441 689 1505 716 huic
1533 696 1648 716 numero
1673 688 1756 716 inest.

971 731 1077 761 Primus
1091 733 1163 760 enitn
1176 733 1305 760 denarius
1317 733 1459 760 muralium
1474 734 1606 760 virtutum
1622 738 1675 765 est,
1692 733 1760 761 alter

971 779 1212 814 speculativarum,
1230 779 1327 806 tertius
1343 776 1508 806 divinarum.
1529 780 1618 814 Atque
1637 780 1671 806 ita
1693 780 1758 814 qui-

971 826 1031 854 dem
1052 825 1216 860 accipienda:
1233 829 1296 852 sunt
1312 830 1415 853 :ctatcs.
1430 824 1481 851 Per
1502 824 1638 860 potentias
1656 829 1760 857 autem,

971 871 1104 899 miraCula
1119 878 1134 898 a
1150 871 1260 898 Christo
1273 875 1378 906 patrata
1397 871 1585 906 intelligimus.
1603 879 1665 906 quae
1676 872 1759 899 etiam

972 927 986 946 a
1002 916 1267 951 nobisspiritualitcr
1280 917 1322 944 edi
1341 917 1450 943 debent.
1468 916 1521 943 Per
1535 924 1630 944 omnes
1644 917 1693 944 has
1707 916 1760 951 igi-

974 970 1016 991 tur
1031 966 1124 991 aetates
1136 970 1167 991 ac
1184 963 1318 998 potentias
1338 963 1483 990 obambula
1496 969 1521 990 et
1545 970 1717 996 convcrsare,
1732 968 1761 990 ut

971 1012 1070 1039 Christi
1086 1010 1249 1045 discipulus.
1266 1015 1292 1037 et
1308 1010 1393 1044 ipsius
1413 1010 1513 1037 ardens
1542 1009 1695 1040 aemulator,
1713 1017 1760 1036 ve-

971 1057 1058 1092 stigiis
1071 1056 1130 1091 ejus
1144 1057 1282 1084 insistens.
1300 1055 1460 1083 Puriﬁcare.
1493 1055 1596 1082 Verum
1622 1063 1676 1089 quo
1691 1060 1760 1081 tem-

970 1112 1037 1139 pore
1055 1103 1214 1138 puriﬁcatus
1229 1105 1271 1130 est
1286 1102 1435 1129 Christus?
1452 1101 1567 1129 fortasse
1583 1109 1645 1129 cutn
1668 1101 1759 1135 bapti-

971 1152 1050 1177 zatus
1064 1152 1124 1181 est,
1143 1149 1184 1176 vcl
1201 1149 1282 1176 etiam
1301 1156 1362 1176 cum
1379 1151 1412 1176 ad
1430 1148 1502 1175 diem
1517 1148 1758 1182 quadragesrmnm

969 1193 1101 1232 pervenit,
1123 1199 1204 1230 atque
1216 1203 1246 1222 ea
1262 1201 1322 1230 qua-
1339 1195 1371 1221 ad
1394 1194 1611 1228 puriﬁcationem
1636 1194 1759 1228 require-

970 1244 1078 1274 bantur,
1096 1242 1246 1270 secundum
1261 1239 1327 1276 legis
1344 1239 1470 1268 Mosaicre
1500 1241 1689 1275 prmscriptum
1707 1239 1759 1266 ob-

969 1289 1041 1316 tulit.
1064 1287 1198 1321 Quocirca
1214 1288 1247 1314 da
1267 1287 1325 1322 ipse
1336 1292 1446 1321 quoque.
1462 1293 1573 1321 operam
1590 1289 1619 1313 ut
1635 1285 1758 1320 pnriﬁcc-

969 1336 1019 1368 ris,
1036 1335 1086 1362 hoc
1098 1339 1150 1368 est,
1169 1339 1225 1362 uta
1245 1332 1384 1361 sceleratis
1412 1333 1568 1360 actionibus
1593 1332 1757 1359 abstineas:

969 1390 1003 1410 ac
1024 1381 1122 1410 deinde
1153 1381 1195 1409 fac
1229 1377 1448 1412 circumcidaris,
1481 1379 1593 1406 vitiosas
1616 1386 1712 1405 Omnes
1732 1381 1760 1404 et

969 1428 1103 1456 obscenas
1134 1427 1325 1463 cogitationes,
1348 1433 1401 1453 non
1433 1432 1513 1452 secus
1538 1431 1569 1451 ac
1583 1423 1754 1458 superﬂuum

969 1473 1106 1509 quoddam
1120 1473 1285 1504 membrum,
1300 1473 1478 1500 detruncans.
1502 1469 1661 1506 Spiritualis
1683 1469 1757 1496 enim

969 1519 1144 1547 circumcisio
1157 1518 1223 1545 nihil
1239 1518 1311 1545 aliud
1323 1522 1364 1545 est
1381 1524 1463 1551 quam
1481 1522 1620 1551 corpureze
1631 1515 1758 1548 volupta-

970 1566 1003 1592 tis
1017 1573 1164 1599 rerumque
1180 1571 1446 1598 supervacanearum
1468 1570 1501 1589 ac
1523 1561 1634 1590 minime
1662 1567 1759 1587 neces-

128 1599 194 1646 l_|'em
210 1598 271 1646 ejus
287 1601 434 1636 acciperet,
456 1609 539 1640 atque
555 1607 580 1634 in
600 1605 748 1644 «Egyptnm
766 1613 799 1640 ad
827 1614 915 1642 vitan-
929 1613 951 1641 C
970 1612 1105 1640 sariarnm
1119 1598 1236 1646 abjectio
1251 1620 1257 1637 :
1273 1609 1365 1637 Omnis
1389 1610 1457 1636 enim
1481 1608 1613 1643 uoluptas,
1628 1615 1686 1642 qute
1711 1612 1758 1633 nec

125 1641 187 1693 «iam
208 1643 340 1693 _Herodis
364 1650 534 1683 tyrannidem
564 1641 679 1689 fugeret,
699 1665 731 1685 ac
749 1666 805 1693 quo
834 1641 916 1689 modo

126 1684 232 1718 Herode
249 1697 358 1721 mortuo
372 1702 469 1725 rursus
485 1697 511 1725 in
529 1703 628 1727 terram
641 1701 724 1730 Israel
747 1684 836 1732 r‘edire
856 1707 916 1741 jus-

126 1742 173 1783 sus
201 1738 249 1770 sit,
274 1740 392 1769 dilucide
409 1749 504 1771 narrat
517 1745 702 1775 Mattheus“.
730 1750 801 1783 Quin
834 1738 915 1780 etiam

125 1781 209 1811 Oseas
226 1785 261 1813 de
276 1786 376 1815 Christi
393 1797 426 1816 ex
437 1789 555 1827 Egypto
572 1793 658 1821 reditu
675 1781 849 1826 vaticinatur.
865 1799 917 1828 Per

125 1834 185 1856 eum
222 1831 296 1858 enim
325 1834 363 1861 ait
392 1832 486 1863 Deus:
512 1836 555 1864 Ea:
569 1835 687 1875 .IEgypto
709 1844 798 1870 vocavi
813 1843 917 1871 Filium

126 1881 211 1903 meum
220 1877 255 1904 ".
277 1878 311 1906 At
326 1879 481 1917 Theologus
498 1884 569 1912 hanc
586 1886 730 1915 historiam
757 1889 914 1919 sublimiori

126 1925 206 1948 sensu
224 1929 238 1948 a
258 1923 337 1952 nobis
354 1925 466 1962 intelligi
485 1929 552 1956 vult.
567 1929 687 1960 Herodes
701 1933 784 1967 igitur
795 1935 818 1962 si
832 1935 917 1964 intvr‘

125 1969 225 1999 pretari
242 1970 321 2003 velis,
336 1971 407 1999 idem
426 1979 507 2001 sonat
521 1977 594 2010 quod
614 1985 706 2005 crassa
728 1984 756 2007 et
778 1981 916 2015 passibilis

125 2019 157 2039 ac
173 2015 250 2042 velut
264 2016 348 2050 pellea
362 2023 471 2047 natura.
486 2020 622 2057 :Egyptus
640 2029 743 2058 autem,
758 2034 830 2054 nunc
848 2035 917 2062 prm-

124 2065 228 2088 sentem
243 2063 316 2090 hunc
331 2065 463 2093 mundum
475 2066 609 2103 designat,
622 2078 695 2099 nunc
707 2080 829 2108 carnem,
845 2083 917 2103 nunc

125 2113 280 2142 peccaturo,
295 2117 369 2138 nunc
405 2112 600 2148 ignorantiam,
618 2125 691 2145 nunc
719 2127 869 2149 aerumnam
889 2126 917 2149 et

124 2153 309 2198 alllictionem.
322 2156 380 2190 Qua
391 2160 564 2191 potissimum
581 2163 782 2198 signiﬁcatione
794 2167 845 2195 hoc
856 2167 916 2196 loco

123 2196 232 2249 Poni-ini
240 2199 329 2249 fugam
340 2203 366 2230 in
375 2203 520 2240 Egyptum
530 2196 654 2243 accipere
667 2213 808 2239 convenit:
821 2212 849 2240 Si
865 2214 917 2249 igi-

122 2247 178 2275 tur,
187 2247 285 2282 inquit,
296 2248 432 2283 Christus,
444 2251 469 2278 in
479 2252 557 2280 nobis
565 2255 704 2290 conditus,
719 2256 744 2284 id
757 2263 808 2290 est.
817 2247 915 2295 virtus,

125 2294 217 2322 tenera
235 2299 314 2322 :rtate
331 2297 377 2330 sit,
396 2303 479 2333 atque
499 2299 613 2329 aﬁ‘ectus
631 2304 750 2332 carnalis
773 2310 800 2332 et
826 2310 914 2335 terre-

124 2343 186 2371 nus,
202 2339 316 2370 Herodis
328 2343 470 2378 cujusdam
489 2346 587 2380 instar,
608 2348 681 2376 vivat
694 2356 720 2377 et
731 2351 912 2387 principatum

125 2389 225 2429 teneat,
251 2389 284 2415 ad
309 2389 483 2419 amictionem
506 2393 533 2420 in
557 2395 666 2423 actione
683 2396 774 2429 sitam.
800 2399 870 2425 velut
885 2400 912 2426 in

123 2428 283 2466 Egyptum,
308 2434 466 2470 fugiendum
493 2444 546 2467 est.
578 2440 656 2474 Quod
677 2442 699 2470 si
712 2443 832 2471 carnalis
849 2442 914 2472 aﬁ'e-

123 2481 196 2510 ctus,
211 2479 388 2512 quidivinam
406 2484 559 2514 doctrinam
582 2487 663 2516 nobis
687 2489 799 2516 insitam
828 2490 914 2518 inter-

124 2521 207 2551 ﬁcere
222 2526 344 2558 molitur,
372 2530 525 2559 exstinctus
549 2537 577 2561 et
600 2539 714 2562 enectus
739 2535 832 2566 fuerit.
857 2542 912 2564 tum

123 2574 187 2598 vero
202 2572 236 2599 ab
245 2572 362 2608 ngypIo
375 2573 591 2613 Hierosolymam
608 2581 778 2616 migrandum
794 2588 845 2616 est,
862 2583 913 2610 hoc

123 2620 163 2642 cst
171 2617 205 2645 ab
213 2626 244 2646 ea
259 2619 405 2648 atilictione
415 2630 474 2657 quae
483 2623 508 2650 in
519 2626 622 2659 agendo
634 2628 795 2662 suscipitur,
805 2629 899 2656 adeon
907 2644 915 2650 -

125 2664 329 2711 templationem
349 2669 526 2704 pergendum.
543 2671 623 2699 Actio
642 2674 715 2700 enim
739 2675 910 2710 contempla-

124 2708 206 2736 tionis
226 2711 300 2740 basis
325 2718 352 2741 et
368 2713 576 2743 fundamentum
604 2723 655 2745 est.
685 2717 823 2748 Emortuis
838 2708 910 2748 enim

125 2753 277 2797 aﬂectilius,
299 2766 531 2794 sttpervacaneum
547 2767 641 2797 postea
658 2762 741 2791 fuerit
757 2764 784 2792 in
805 2766 912 2793 actione

126 2795 274 2846 longiorem
297 2813 402 2833 moram
419 2807 537 2840 trahere,
567 2815 598 2835 ac
616 2816 672 2836 non
686 2810 720 2837 ad
740 2811 913 2846 contempla-

126 2844 225 2876 tionem
246 2851 372 2885 subvehi,
390 2853 424 2880 ad
440 2861 522 2888 quam
541 2855 614 2882 actio
630 2855 687 2890 ipsa
708 2859 822 2891 spectat.

175 2926 197 2945 ⁵⁵
209 2927 304 2958 Matth.
324 2939 353 2964 II,
377 2932 408 2960 l3
423 2940 498 2968 seqq.
539 2934 561 2950 ⁸⁵
579 2933 648 2962 Osce
664 2942 702 2968 ιι,
721 2934 748 2962 2.

787 2934 810 2951 κ
825 2935 897 2964 Psal.
916 2943 942 2968 ι,
964 2935 989 2963 7.

968 1666 1000 1685 ea:
1016 1658 1079 1689 Deo,
1099 1665 1146 1684 nec
1161 1655 1189 1684 in
1203 1656 1255 1683 [leo
1270 1656 1426 1691 suscipitur,
1440 1654 1583 1689 uoluptatis
1606 1660 1759 1679 excremen-

969 1709 1023 1730 tum
1036 1709 1085 1730 est.
1099 1703 1168 1730 Cum
1187 1706 1277 1729 autem
1293 1701 1428 1729 dixisset:
1444 1699 1659 1730 Circumcidere,
1688 1701 1759 1725 atte-

969 1749 1054 1778 xuit:
1083 1747 1179 1776 Vclum
1208 1756 1222 1776 a
1246 1747 1389 1776 nativitate
1415 1751 1587 1774 contractum
1614 1744 1756 1774 abscinde.

968 1796 1019 1823 hoc
1035 1799 1087 1825 est,
1106 1795 1207 1822 avitum
1224 1797 1376 1828 peccatum,
1392 1793 1463 1828 qttod
1481 1793 1514 1819 ad
1531 1792 1688 1818 universum
1704 1790 1757 1816 ho-

969 1843 1073 1870 minum
1085 1849 1170 1876 genus
1180 1839 1259 1867 ﬁuxlt
1272 1847 1304 1867 ac
1316 1843 1494 1874 propagatum
1509 1842 1561 1865 est.
1584 1835 1616 1863 In
1643 1836 1757 1870 pcecatts

967 1888 1051 1919 enim,
1066 1886 1165 1921 inquit,
1180 1883 1296 1918 concepit
1316 1893 1356 1911 nte
1375 1889 1459 1910 mater
1478 1892 1536 1910 mea
1551 1881 1585 1909 ⁸⁸.
1611 1881 1755 1908 Peccatum

967 1934 1039 1961 enim
1055 1932 1146 1960 statim
1163 1939 1178 1958 a
1203 1930 1360 1961 nativitate,
1387 1929 1531 1963 cujusdam
1545 1928 1627 1955 nubis
1658 1928 1756 1960 instar,

967 1979 1065 2006 animae
1089 1976 1189 2004 Iuntina
1216 1976 1345 2009 obstruit,
1358 1974 1493 2002 salutiferi
1519 1979 1610 2002 autem
1623 1972 1755 2008 baptismi

967 2026 1056 2061 gladio
1067 2033 1098 2052 ac.
1114 2023 1214 2052 viviﬁci
1226 2023 1344 2057 Spiritus
1361 2029 1427 2050 ense
1446 2025 1600 2049 truncatur.
1622 2019 1755 2047 Nonnulli

968 2081 1015 2108 per
1032 2072 1120 2100 velum
1136 2078 1151 2098 a
1168 2070 1309 2098 nativitate
1323 2073 1494 2097 contractum
1516 2068 1628 2095 vitiosas
1651 2072 1676 2094 et
1705 2065 1757 2094 fm-

967 2120 1015 2147 das
1029 2118 1209 2153 cogitationes
1229 2114 1400 2151 intelligunt,
1427 2115 1628 2151 caliginemque
1656 2114 1690 2140 ab
1720 2113 1755 2140 iis

966 2165 1094 2193 oﬁ‘usam.
1111 2163 1164 2191 Alii
1183 2163 1366 2198 ignorantiam
1384 2161 1471 2193 carni,
1489 2161 1562 2188 velut
1577 2159 1682 2187 nebula!
1695 2159 1756 2186 cui-

966 2213 1028 2239 dam
1041 2219 1072 2238 ac
1081 2210 1141 2238 velo
1151 2209 1338 2245 conjunctam.
1348 2207 1412 2236 Post
1427 2201 1494 2238 haec.
1507 2207 1533 2235 id
1543 2211 1595 2237 est.
1610 2211 1755 2242 postquam

969 2258 1132 2292 puriticatus
1157 2256 1254 2291 (ueris,
1285 2264 1300 2283 a
1325 2256 1433 2283 vitiosis
1455 2255 1559 2282 scilicet
1600 2253 1756 2280 actionibus

928 2288 955 2318 D
969 2304 1086 2338 teipsum
1103 2303 1256 2335 abstinens,
1270 2306 1297 2329 et
1313 2309 1410 2336 pravas
1436 2300 1616 2335 cogitationes
1633 2300 1754 2326 circum-

965 2350 1076 2383 cideris,
1091 2353 1149 2376 tttm
1174 2349 1284 2376 demum
1313 2348 1339 2374 in
1368 2347 1469 2381 templo
1492 2346 1569 2377 doce,
1587 2346 1638 2372 hoc
1655 2349 1708 2377 est,
1729 2344 1754 2370 in

966 2396 1086 2424 Ecclesia
1102 2395 1160 2428 Dei,
1178 2395 1295 2430 aliisque
1310 2393 1421 2421 vit-tutis
1437 2394 1599 2426 magistrum
1628 2396 1653 2417 te
1667 2389 1756 2424 prmbe

965 2446 991 2469 et
1017 2440 1250 2476 quemadmodum
1280 2439 1407 2466 Christus
1446 2436 1631 2471 negotiatores
1654 2433 1756 2467 templo

965 2485 1112 2522 expulit",
1125 2487 1158 2514 ad
1177 2486 1302 2514 eumdem
1319 2485 1429 2511 modum
1446 2488 1473 2510 tu
1494 2482 1640 2517 sacrilegos
1657 2481 1755 2508 nundi-

965 2540 1076 2562 natores
1107 2532 1187 2568 ejice,
1220 2533 1272 2560 hoc
1287 2536 1339 2562 est.
1354 2538 1400 2558 eos
1416 2530 1463 2565 qui
1486 2529 1637 2557 divinitatis
1653 2526 1748 2555 doctri-

966 2588 1029 2607 nam
1052 2580 1217 2610 adulterant,
1247 2585 1335 2612 caque
1363 2583 1518 2611 cattponum
1542 2582 1618 2601 more
1633 2575 1666 2601 ad
1681 2581 1754 2608 que-

969 2632 1042 2653 stum
1062 2625 1223 2657 abutuntur,
1240 2631 1271 2651 ac
1285 2623 1328 2651 vel
1343 2630 1421 2655 auro,
1438 2621 1479 2649 vel
1494 2621 1593 2656 gratia,
1617 2620 1659 2647 vel
1682 2619 1754 2646 utili-

967 2676 1032 2704 tate,
1052 2672 1092 2698 vel
1110 2675 1195 2702 metu,
1223 2675 1270 2696 aut
1302 2670 1354 2696 alia
1385 2667 1520 2703 ejusmodi
1544 2674 1572 2694 re
1587 2668 1753 2701 permutant.

962 2718 1040 2751 Quod
1056 2718 1078 2746 si
1108 2721 1216 2752 tempus
1231 2724 1264 2744 eo
1291 2719 1316 2743 te
1333 2721 1418 2746 vocet,
1433 2714 1569 2749 lapidibus
1583 2712 1671 2748 appeti
1689 2719 1754 2738 sus-

964 2766 1029 2796 tine,
1061 2763 1119 2792 sive
1145 2765 1232 2798 reipsa
1261 2767 1289 2789 et
1307 2762 1388 2789 tnodo
1415 2768 1558 2795 corporeo,
1587 2760 1645 2787 sive
1670 2757 1753 2785 etiam

965 2809 1112 2845 spirituali,
1127 2809 1259 2836 conviciis
1289 2809 1418 2835 nimirum
1452 2812 1535 2842 atque
1563 2803 1754 2840 ignominiosis

965 2857 1067 2888 verbis,
1081 2857 1161 2891 quasi
1183 2856 1272 2888 saxis,
1289 2855 1437 2891 appetitus.
1458 2854 1530 2882 Nihil
1551 2853 1649 2881 horum
1672 2856 1697 2879 te
1713 2854 1753 2878 at.

1027 2935 1050 2976 F7
1064 2934 1143 2966 Joan.
1160 2944 1180 2971 ι,
1201 2935 1231 2963 Η
1248 2942 1325 2970 seqq.
