2027 3162
300 163 365 196 1211

1001 161 1189 192 ΑΒΟΕΧΒᾹ.

1599 132 1617 147 l

1860 164 1928 196 1212

298 223 394 257 tinget,
411 227 504 248 verum
534 219 700 253 lapidatores
729 217 817 248 l‘allcs,
841 224 872 244 ac
889 224 938 251 per
964 216 1082 243 medium
1100 216 1279 252 Astrepitum
1312 217 1377 244 edit.
1405 216 1464 244 1am
1491 217 1584 251 spinas
1608 216 1764 253 Tlteologus
1795 219 1853 253 ipse
1882 230 1928 256 μιν

298 269 418 302 ipsorum
439 265 577 297 transibis,
600 268 692 299 utpote
712 264 780 291 deus
795 263 941 298 adoptione
965 267 993 289 et
1019 270 1082 298 gra-

299 312 334 338 tia
350 310 446 337 lactus.
465 308 508 335 Sic
525 308 597 335 enim
613 308 646 335 de
658 308 768 335 Christo
780 308 850 342 apud
863 307 996 335 Joannem
1014 308 1083 335 scri-

297 363 373 392 ptum
388 361 449 383 est:
465 355 636 383 Sustulerunt
655 355 767 390 lapides,
781 361 809 382 ut
823 356 943 390 jacercut
959 357 985 382 in
1011 364 1081 382 eunt.

294 402 372 429 Iesus
384 407 470 428 autent
482 401 618 428 abscondit
631 409 668 433 se,
682 405 760 431 atque
789 401 868 427 exivit
886 403 917 427 de
944 400 1079 434 templo“,

295 448 428 475 transiens
440 447 617 481 permedium
630 447 760 481 ipsorum.
784 445 895 473 Verbum
925 447 996 473 enim
1028 455 1079 473 non

291 499 329 520 est
357 493 506 527 alligatam,
535 494 765 528 quemadmodum
788 493 826 520 ait
854 493 955 520 Paulus
976 493 1018 524 ⁸’.
1045 493 1080 521 de

293 539 486 574 praedicatione
507 539 639 574 loquens;
671 539 738 574 quin
777 540 877 573 potius,
904 547 966 566 cum
984 539 1078 574 alliga-

293 589 349 617 tttr,
364 592 477 612 currere
503 585 589 619 ipsum
617 584 744 612 dixerim.
767 583 884 611 Verbum
915 583 987 612 enim
1007 585 1076 619 lapi-

292 631 372 658 dibus
401 639 454 658 non
481 631 636 663 couﬂcitnr,
666 631 692 658 id
728 636 780 663 est,
813 631 893 664 Deus,
922 631 962 658 vel
993 632 1076 659 etiant

291 675 353 703 ﬁdei
369 676 506 703 doctrina.
538 676 686 711 Lapidibus
717 681 809 704 autem
836 684 888 704 non
920 676 1075 710 conﬁcitur,

290 722 318 749 id
332 727 386 754 est.
403 722 571 757 pcrpessioni
587 730 757 757 nequaquam
773 723 921 750 obnoxium
948 727 1002 755 est,
1034 728 1076 750 ut-

290 771 353 802 pote
371 767 591 802 inexpugnabile.
610 767 639 794 Si
656 768 688 795 ad
705 767 837 795 Herodem
859 768 994 796 adductus
1015 768 1074 796 l’ue-

291 813 337 846 ris,
353 813 404 840 hnc
415 817 465 844 est,
492 813 526 840 ad
557 821 679 842 crassum
708 818 736 841 et
761 814 898 842 carnalem
923 814 1072 848 hominem,

289 858 331 885 vel
362 858 535 890 baut-ticum,
567 859 728 894 plerumque
760 867 794 886 ne
823 860 934 901 verbum
964 860 1072 895 quidem

289 911 371 931 unum
399 904 424 931 ei
451 905 594 940 responde,
618 904 691 932 velut
718 905 837 941 indigno,
867 906 901 933 ad
932 913 1012 941 quem
1043 907 1076 934 de

289 950 369 977 rebus
384 950 505 986 mysticis
522 955 549 978 et
571 952 754 979 sacrosanctis
784 951 935 979 orationem
960 951 1074 980 habeas.

289 995 433 1024 Silentium
448 1002 524 1024 tuum
537 997 623 1032 pluris
639 997 729 1030 faciet,
744 998 885 1033 magisque
897 999 1073 1033 reverebitur.

288 1046 318 1068 ut
334 1042 451 1070 hominis
467 1044 659 1079 disputationis
670 1045 801 1072 habendae
818 1049 923 1079 tempus
935 1045 1074 1079 cognitum

287 1087 424 1121 habentis,
448 1096 529 1124 quam
548 1090 667 1125 prolixas
694 1089 810 1117 aliorum
828 1090 976 1118 orationes.
1005 1089 1072 1118 Nam

286 1133 412 1162 Christus
427 1142 547 1170 quoque.
571 1141 598 1164 ut
624 1141 718 1164 narrat
743 1136 828 1164 Lucas
842 1137 877 1169 '°,
902 1145 917 1164 a
939 1136 1026 1165 Pilato
1040 1138 1073 1165 ad

287 1177 419 1206 llrrodem
441 1181 541 1208 tnissus
554 1185 606 1213 cst,
623 1186 650 1209 et
671 1182 847 1217 interrogavit
869 1190 931 1210 eum
954 1182 1073 1211 Herodes

285 1223 312 1250 iu
328 1225 421 1252 multis
445 1226 638 1259 sermonibus;
663 1232 690 1254 at
709 1227 766 1261 ipse
783 1227 807 1254 ei
829 1227 894 1256 nihil
922 1229 1071 1263 respondit.

286 1267 408 1296 Herodes
426 1277 508 1304 porro
524 1271 661 1298 carnalem
677 1276 705 1299 et
724 1277 829 1306 turpem
844 1272 970 1300 all'ectum
986 1273 1072 1308 signi-

283 1313 365 1341 ﬁcare
380 1320 478 1349 potest,
496 1316 554 1349 cui,
569 1324 622 1343 nou
644 1324 691 1351 per
700 1317 843 1344 verborum
860 1317 1070 1353 philosophiam,

283 1359 330 1386 sed
344 1368 391 1395 per
406 1369 449 1388 res
463 1367 489 1388 et
506 1362 637 1396 actiones,
650 1362 781 1390 obsistere
793 1363 933 1392 debemus.
950 1364 989 1393 lta
999 1365 1070 1393 enim

284 1407 370 1441 magis
391 1406 550 1435 demittetur
560 1415 591 1436 ac
602 1409 780 1437 contrahetur
788 1409 945 1444 hujnsmodi
959 1410 1071 1440 aﬂ'ectus

281 1458 363 1484 quam
381 1458 429 1486 per
441 1453 582 1480 verbosam
599 1453 807 1488 philosophiam.
824 1454 852 1482 Si
868 1454 971 1490 ﬂagello
984 1464 1071 1484 caesus

281 1495 378 1528 fueris,
395 1497 446 1525 hoc
471 1503 522 1531 est,
549 1506 660 1533 quoquo
678 1499 758 1526 modo
773 1500 932 1528 verberibus
956 1500 1070 1529 all‘ectus

1139 263 1292 298 allegoriam
1312 264 1489 298 philosophia:
1507 264 1532 290 in
1550 264 1657 290 actione
1672 265 1767 298 positae
1791 269 1925 299 asperita-

1138 313 1190 336 tem
1215 310 1409 344 interpretatus
1433 314 1486 336 est.
1516 308 1601 336 Porro
1623 310 1705 336 vestis
1730 318 1851 345 purpura
1879 321 1923 339 s--u

1136 355 1294 387 eorcinum,
1326 362 1380 389 quo
1408 354 1534 382 Chrisms
1565 354 1599 381 ab
1627 354 1785 381 illusoribns
1824 355 1924 384 Jndasis

1135 401 1244 432 tegitur,
1257 400 1404 427 acerrimas
1418 399 1646 434 gravissimasque
1659 399 1822 428 alllictioues
1841 403 1923 435 signi-

1135 445 1206 477 licnl,
1221 450 1303 480 atque
1322 444 1347 471 in
1366 450 1459 479 pertus
1471 444 1604 471 altissime
1624 449 1809 478 penetrantes,
1835 454 1922 480 quan-

1133 491 1278 525 d0quidem
1295 495 1322 518 et
1332 498 1442 517 coccum
1463 490 1538 517 color
1559 490 1669 524 quidam
1686 489 1812 517 tincturm
1829 496 1871 518 est
1897 492 1922 518 in

1133 536 1295 571 profundum
1320 541 1473 572 penetrans.
1499 536 1538 563 Ad
1563 536 1619 564 lucc
1633 535 1757 564 Christus
1788 537 1923 565 arundine

1133 583 1302 614 verberatur,
1317 587 1343 610 et
1357 590 1404 617 per
1417 582 1510 609 ludum
1529 586 1610 616 atque
1630 581 1786 609 irrisiouem
1808 583 1922 609 arundi-

1132 637 1192 656 nem
1211 629 1238 656 in
1256 629 1351 656 dextra
1377 636 1471 660 manu,
1499 628 1572 656 velut
1598 633 1735 663 sceptrum
1752 636 1767 655 a
1785 628 1922 655 carniﬁci-

1130 675 1181 702 bus
1197 675 1311 710 accepit.
1329 674 1381 702 Nec
1403 682 1468 702 vero
1482 682 1515 701 ex
1540 674 1710 701 nostratibus
1740 674 1920 700 arundinibus

1129 721 1255 756 colligere
1282 721 1374 752 debes,
1400 728 1445 748 eas
1460 720 1559 755 quibus
1577 719 1704 747 Christus
1724 719 1841 747 allectus
1868 723 1919 750 est,

1129 765 1200 793 leves
1212 769 1293 801 atque
1309 765 1432 793 inﬁrmas
1444 765 1536 800 plagas
1545 764 1695 795 exstitisse,
1708 772 1804 791 verum
1822 771 1919 799 graves

1128 817 1154 840 ct
1183 813 1298 846 validas,
1324 812 1445 840 Judaicze
1472 816 1550 839 terrae
1575 811 1723 839 arundines
1753 810 1801 837 tibi
1826 810 1919 836 animo

1128 865 1298 893 proponens,
1330 866 1445 894 quarutn
1478 858 1545 885 mira
1575 857 1615 885 vis
1641 861 1682 884 est
1713 861 1740 883 ct
1763 856 1918 883 crassitics.

1127 903 1244 932 Proinde
1269 907 1298 931 tu
1327 911 1435 940 quoque
1451 903 1594 931 arundinis
1619 903 1723 938 plagam
1742 901 1844 936 perfer.
1874 904 1919 928 aut

1127 949 1299 977 irridentium
1320 953 1402 984 atque
1430 949 1621 977 insultantium
1652 947 1794 975 hominum
1825 952 1918 982 gestus

1126 997 1241 1024 sustine.
1267 997 1382 1029 Insuper
1397 996 1523 1023 Christus
1550 1003 1598 1030 per
1615 994 1822 1023 simulationem
1840 994 1919 1028 quasi

1127 1050 1173 1070 rex
1188 1042 1319 1070 adoratus
1336 1047 1378 1070 est
1404 1042 1438 1070 ab
1452 1042 1486 1070 iis
1503 1043 1548 1076 qui
1563 1041 1704 1069 veritatem
1724 1039 1847 1067 ludibrio
1872 1040 1920 1066 ha-

1126 1087 1235 1120 hebant,
1261 1088 1312 1122 hoc
1326 1093 1377 1120 est.
1403 1087 1437 1115 ab
1449 1087 1483 1116 iis
1497 1087 1544 1122 qui
1562 1095 1618 1114 rem
1643 1092 1740 1113 natura
1761 1093 1856 1112 veram
1873 1091 1918 1119 pe!

1125 1132 1273 1160 ludibrium
1289 1133 1416 1168 agebant.
1437 1132 1564 1160 Christus
1583 1132 1655 1160 enim
1682 1139 1729 1158 rex
1749 1139 1834 1158 verus
1849 1133 1917 1157 erat.

1123 1178 1306 1212 Quamobrem
1323 1179 1381 1213 ipse
1396 1186 1505 1214 quoque
1522 1186 1629 1206 omnem
1644 1177 1735 1204 fucum
1760 1180 1788 1204 et
1803 1175 1918 1203 simula-

1124 1225 1225 1252 tionem
1242 1232 1320 1260 azquo
1343 1225 1434 1252 animo
1461 1226 1558 1252 tolera.
1585 1224 1623 1251 Ac
1648 1223 1767 1258 denique
1789 1222 1874 1248 simul
1892 1222 1918 1248 in

1123 1279 1205 1299 cruce
1231 1270 1375 1306 sulligerc,
1398 1275 1531 1306 quantum
1564 1270 1598 1297 ad
1625 1269 1731 1296 actuale
1760 1273 1916 1302 peccatum.

1123 1317 1212 1345 Simul
1225 1318 1308 1345 etiam
1333 1324 1440 1345 morere
1455 1321 1587 1352 quantum
1603 1315 1637 1343 ad
1667 1315 1741 1350 ipsos
1765 1314 1915 1341 all'cctuum

1123 1369 1223 1391 motus.
1249 1362 1336 1390 Simul
1361 1362 1441 1390 etiam
1466 1357 1580 1389 libenter
1609 1361 1772 1393 initum-are,
1803 1367 1915 1387 omnem

1122 1417 1213 1437 rerum
1244 1409 1327 1444 hujus
1352 1409 1412 1436 vita;
1436 1416 1544 1436 sensum
1570 1407 1724 1442 abjiciens:
1751 1410 1780 1432 ut
1805 1413 1858 1440 pro
1884 1413 1917 1433 eo

1122 1455 1192 1490 quod
1205 1461 1353 1489 oppressus
1365 1458 1445 1488 atque
1456 1458 1568 1481 enectus
1581 1453 1677 1484 fueris,
1692 1451 1725 1478 ad
1740 1451 1826 1478 vitam
1839 1451 1917 1478 exci-

1122 1500 1202 1533 teris;
1222 1507 1270 1534 pro
1286 1507 1318 1527 eo
1327 1500 1399 1535 quod
1417 1500 1443 1526 in
1456 1507 1566 1527 crucem
1581 1499 1704 1526 sublatus
1726 1497 1812 1525 lueris
1830 1496 1914 1531 (quod

283 1541 431 1575 (ﬂagellum
454 1543 526 1570 enirn
549 1541 684 1578 virgarum
707 1552 791 1579 genus
802 1550 853 1576 est.
865 1554 919 1580 quo
943 1546 1068 1574 Christus
1084 1555 1103 1585 α
1120 1550 1197 1581 turpe
1224 1550 1250 1573 et
1266 1545 1384 1573 infamia:
1398 1546 1458 1574 loco
1474 1544 1612 1579 habetur),
1631 1544 1745 1580 gloriam
1762 1549 1915 1577 consequa-

278 1586 418 1614 cruciatus
437 1588 501 1623 est).
522 1589 623 1623 reliqua
649 1590 731 1616 etiam
759 1591 953 1625 suppliciorum
971 1597 1068 1620 actor-

280 1635 436 1659 tncntorum
463 1641 563 1668 genera
584 1642 686 1669 quaere,
713 1636 843 1663 nimirum
872 1637 917 1670 l'el,
947 1642 1065 1671 aceturn,

280 1677 421 1710 colaphos,
434 1678 537 1713 alapas,
550 1683 601 1706 etc.
619 1679 688 1716 Ergo
705 1680 740 1708 l'el
763 1689 885 1708 amarum
903 1687 984 1718 gustu
1001 1691 1066 1719 pro-

279 1727 338 1757 pter
352 1723 417 1758 ligni
433 1729 555 1760 gustum,
569 1726 648 1760 cujus
672 1726 777 1755 fructus
797 1728 925 1755 eximiam
947 1730 1067 1757 suavita-

278 1773 333 1795 tem
361 1769 478 1796 ltabebat
494 1790 501 1802 ,
527 1775 556 1798 ut
588 1772 755 1800 contrarium
780 1774 918 1802 contrario
943 1779 1065 1803 curetur.

279 1815 430 1850 Allegorico
440 1822 530 1844 autem
544 1825 625 1845 sensu
644 1819 683 1846 vel
695 1819 748 1847 dici
761 1824 842 1854 queat
853 1820 1003 1848 voluntaria
1017 1822 1067 1857 pice

278 1866 360 1895 atque
388 1861 530 1890 laboriosae
559 1863 620 1891 vita:
638 1864 783 1897 acerbitas,
809 1868 857 1892 aut
886 1866 1065 1894 tentationum

277 1912 374 1940 pra-ter
384 1907 467 1934 animi
480 1909 644 1937 voluntatem
670 1910 866 1939 incurrentium
886 1912 1065 1941 absinthium.

277 1953 392 1978 Λεειῑιιιιι
407 1958 510 1984 autem,
532 1954 676 1981 calumuire
691 1955 781 1989 nobis,
796 1956 836 1984 vel
854 1963 869 1983 a
891 1959 1004 1991 nostris,
1023 1957 1066 1985 vel

276 1995 311 2021 ab
334 1995 429 2023 alienis
453 2002 583 2030 structas,
606 2007 667 2033 qua:
691 2000 810 2034 animum
837 2001 936 2028 acerbo
963 2002 1066 2031 doloris

277 2047 359 2067 slensu
377 2041 508 2069 alliciunt.
529 2043 633 2071 Rursus
648 2050 728 2079 sputa
740 2051 766 2072 ct
782 2046 878 2081 alapae,
896 2049 1066 2076 contumelia»,

278 2084 331 2112 illa:
351 2085 404 2113 dici
419 2093 544 2122 possunt,
559 2097 620 2124 qua:
636 2090 725 2124 palam
738 2097 885 2127 aperteque
902 2101 934 2121 ac
947 2094 1021 2121 velut
1037 2095 1064 2122 in

277 2129 372 2157 faciem
389 2131 548 2167 inlliguntur
563 2143 570 2161 :
585 2135 690 2171 colaphi
706 2143 809 2170 autetn,
832 2145 894 2174 qua:
902 2139 971 2166 ciant
984 2144 1065 2175 atque

275 2174 391 2203 obscure
410 2176 574 2206 inferuntur.
599 2180 735 2216 Cotaphus
760 2183 832 2210 enim
847 2203 854 2215 .
883 2188 925 2211 est
950 2186 1063 2213 concavi

1119 1591 1156 1618 ris
1169 1599 1176 1624 ;
1192 1598 1240 1625 pro
1253 1598 1285 1619 eo
1300 1591 1417 1626 denique
1430 1590 1503 1626 quod
1515 1591 1672 1618 inhumatus
1684 1589 1781 1620 lueris,
1795 1589 1824 1615 in
1837 1587 1916 1623 regni

1119 1638 1277 1664 societatem
1293 1637 1397 1665 venias.
1412 1637 1529 1664 Maxime
1545 1636 1617 1664 enim
1641 1635 1710 1663 inter
1727 1642 1756 1662 se
1772 1634 1914 1662 contraria

1119 1688 1193 1715 sunt,
1209 1690 1334 1718 regnare,
1352 1687 1379 1710 et
1405 1682 1525 1717 sepeliri.
1541 1681 1609 1709 Nam
1625 1682 1671 1716 qui
1694 1681 1801 1708 tumulo
1818 1681 1915 1708 condi-

1118 1733 1173 1762 tur,
1189 1733 1215 1756 et
1231 1734 1341 1763 terram,
1358 1733 1384 1757 et
1396 1728 1487 1757 omnia
1505 1733 1582 1756 terra:
1596 1728 1738 1756 commoda
1753 1727 1888 1762 relinquit
1903 1736 1911 1755 :

1117 1775 1162 1810 qui
1178 1780 1267 1802 autem
1287 1779 1391 1809 regnat,
1421 1782 1504 1810 penes
1527 1782 1590 1801 cum
1608 1774 1730 1802 omnium
1758 1781 1855 1800 rerum
1868 1773 1912 1807 jus

1120 1826 1204 1856 atque
1218 1820 1363 1855 imperium
1378 1825 1430 1848 est.
1458 1820 1582 1854 Quonam
1606 1824 1696 1847 autem
1725 1819 1809 1846 modo
1829 1819 1912 1846 simul

1117 1867 1262 1901 regnabis?
1280 1865 1363 1893 Deum
1387 1874 1512 1897 cernens.
1534 1870 1667 1900 quantum
1685 1865 1741 1892 lieri
1763 1869 1866 1899 potest,
1883 1867 1911 1890 ut

1116 1920 1178 1940 eum
1196 1920 1295 1940 cernas
1310 1916 1390 1946 atque
1408 1913 1460 1948 ipsi
1476 1913 1607 1939 ceruaris.
1624 1911 1670 1938 Vel
1685 1911 1768 1938 etiam
1793 1918 1911 1937 cernens

1119 1959 1214 1991 Deum,
1235 1963 1366 1993 quantum
1384 1957 1456 1990 licet,
1477 1958 1512 1985 ab
1527 1965 1613 1991 coque
1633 1957 1752 1984 vicissim
1768 1961 1909 1990 aspectus.

1116 2005 1202 2039 Quem
1218 2012 1291 2032 nunc
1302 2012 1411 2039 quoque
1427 2004 1499 2032 clare
1514 2011 1545 2031 ac
1557 2002 1701 2039 perspicue
1710 2002 1801 2033 nobis.
1817 2001 1909 2029 carnis

1115 2050 1225 2078 vinculo
1241 2050 1416 2082 constrictis,
1444 2049 1563 2084 pateﬁeri
1583 2053 1721 2083 optamus.
1737 2047 1775 2074 Ex
1789 2046 1906 2074 Jeremia

1116 2100 1206 2123 autem
1235 2097 1287 2124 hoc.
1304 2100 1441 2131 sumptum
1461 2101 1514 2128 est.
1528 2096 1568 2124 sic
1591 2096 1719 2130 loquente
1736 2103 1744 2121 :
1762 2095 1802 2121 Ad
1822 2094 1906 2120 humi-

1116 2140 1235 2168 liandum
1255 2143 1301 2170 sub
1331 2142 1438 2177 pedibus
1454 2143 1511 2177 ejtu
1539 2149 1628 2169 omnes
1648 2142 1747 2169 vinctos
1777 2145 1857 2167 terra
1871 2141 1905 2171 ",

1116 2187 1143 2214 in
1161 2187 1271 2214 Christo
1283 2188 1346 2215 Jcsu
1358 2188 1474 2216 Domino
1485 2193 1592 2222 nostro,
1611 2187 1655 2215 cui
1666 2187 1752 2223 gloria
1765 2187 1793 2214 in
1807 2186 1904 2215 satcula

273 2224 363 2249 tactus
381 2222 458 2257 plaga
470 2242 477 2256 ,
494 2232 555 2259 quas
575 2225 603 2253 in
621 2227 721 2254 collum
743 2228 838 2256 furtim
864 2229 1005 2266 inﬂigitur,
1031 2239 1064 2259 ac

1123 2234 1287 2262 seculorum.
1303 2234 1401 2262 Amen.

317 2297 342 2313 “
361 2297 440 2346 ioan.
458 2308 516 2333 \‘Itl,
534 2301 579 2329 59.
633 2303 656 2320 ¹¹⁹
673 2303 693 2332 ΙΙ
707 2305 777 2333 Tim.
796 2313 825 2339 ιι,
843 2306 871 2334 9.

909 2307 933 2324 "
947 2307 1012 2335 Luc.
1029 2316 1108 2343 mu,
1126 2309 1152 2342 7,
1171 2309 1200 2337 8.
1236 2309 1258 2326 ’⁸
1275 2309 1378 2338 Thren.
1398 2318 1438 2342 tu,
1458 2311 1504 2338 54.

721 2483 781 2528 ΙΝ
822 2483 1182 2531 ΟΗΑΤἹΟΝΕΜ
1221 2488 1450 2533 ΧΧΧΙΧ.

497 2653 826 2691 ΛησυΜΕΝτυΜ(ω.

307 2697 466 2734 Pattugyrica
477 2701 557 2726 alia»:
573 2706 610 2727 est
636 2703 691 2728 Ιιαιε
717 2703 815 2734 oratio,
835 2702 979 2736 superioris
994 2710 1057 2731 am-

268 2742 348 2781 tionie
374 2753 458 2771 comes
483 2751 507 2772 et
534 2752 656 2779 cognata.
670 2747 720 2774 llic
750 2754 835 2774 autem
856 2749 969 2781 primum
996 2757 1056 2775 cum

267 2789 390 2822 ethnicis,
405 2791 449 2824 qui
466 2793 591 2826 mysteria
609 2798 700 2820 nostra
715 2793 904 2828 suggillulvanl,
917 2795 1055 2829 ron/lium

302 2865 341 2899 (5)
362 2864 441 2894 Billii.

1110 2667 1163 2691 tur,
1178 2661 1294 2689 (tenebis
1310 2663 1424 2691 vicissim
1441 2664 1503 2692 illo:
1515 2665 1632 2692 atrocius
1646 2667 1813 2695 criminandi
1825 2674 1902 2703 alque

1107 2706 1235 2733 irridendi
1249 2710 1387 2736 materiam
1406 2715 1430 2737 et
1446 2717 1600 2745 argumenta
1614 2713 1739 2747 porrigit,
1759 2717 1903 2743 ostendens

1105 2758 1194 2792 eorum
1211 2753 1337 2788 dogmata
1350 2760 1374 2781 el
1387 2757 1511 2791 mysteria
1529 2758 1610 2783 multa
1625 2759 1728 2792 majore
1746 2761 1804 2786 risi.-
1818 2762 1902 2796 digna

1104 2805 1168 2829 esse,
1197 2807 1241 2826 nec
1267 2801 1409 2836 quidquam
1439 2803 1522 2836 aliud,
1548 2812 1625 2839 quant
1652 2804 1744 2832 inanes
1777 2807 1900 2842 (nimias.
