2027 3162
116 226 182 259 ιὲ13

551 219 711 252 NICETAS
733 218 773 249 ΙΝ
792 215 904 248 ORAT.
927 216 1055 248 XXXIX
1075 218 1106 248 S.
1127 216 1241 248 GREG.

1666 186 1733 250 1:214

112 281 208 310 Deinde
229 280 307 308 etiam
326 286 385 306 cum
408 277 514 304 Iuda-is
533 277 618 304 obiter
637 283 745 303 manum
767 274 891 304 can-ter“.
909 273 930 301 Α
945 287 971 308 et
985 282 1019 309 ab
1028 281 1124 309 affectu
1137 281 1239 308 carnali
1251 288 1362 315 purum,
1373 280 1482 316 Dcoque
1497 281 1622 317 dignum,
1636 283 1734 311 nobis-

111 331 225 363 lpsorum
241 333 342 361 quoque
360 324 511 351 doctrinam
527 328 619 350 nostra
643 322 718 356 longe
743 321 895 353 inferiorem

109 375 230 411 probans.
258 371 397 399 Postremo
425 371 496 398 circa
519 369 648 396 orationis
671 369 749 401 linem
772 375 830 394 eum
854 367 894 392 his

108 423 187 449 etiam
216 419 404 454 congreditur,
434 417 480 452 qui
507 423 659 451 quanquam
695 418 802 448 propter
833 412 897 447 ﬁdei

108 466 260 494 christiana
287 462 479 498 professionem
501 469 518 488 tt
546 461 646 488 nostris
676 459 793 494 partibus
825 465 896 485 stare

106 512 277 539 viderentur:
296 515 381 536 tamen
394 513 501 542 propter
515 507 577 542 ﬁdei
590 504 767 533 diversitatem
787 510 811 532 et
829 504 896 531 diei-

107 554 200 581 nitatis
214 554 357 580 sectionem
370 553 397 579 in
414 560 502 579 eorum
515 558 617 586 quoque
631 558 740 577 numero
752 554 838 580 erant,
852 549 896 584 qui

106 600 234 626 diuersam
261 607 279 625 ι
301 598 428 633 religione
447 603 539 624 nostra
565 596 715 624 doctrinam
743 597 895 623 tuebantur.

105 644 288 673 Eunomianos
301 644 359 671 dico
375 648 400 670 et
412 643 628 674 Macedonicum,
648 650 759 678 quarunt
771 642 850 669 alteri
865 642 898 668 de

108 690 179 718 Filio
192 699 224 717 ae
239 690 344 725 Spiritu
360 694 464 722 sancto,
484 690 559 717 alteri
577 690 609 717 de
627 689 729 724 Spiritu
745 689 801 715 solo
818 688 897 722 impie

104 736 263 767 sentiebant.
290 745 355 772 quos
371 737 481 771 proinde
500 736 593 764 Semi-
607 736 721 764 Ariauos
747 741 834 764 vocat.
859 736 897 763 Ac

104 783 225 817 deinceps
241 783 408 811 Nooatianos
437 792 538 819 quoque
556 784 685 819 confutet,
709 783 755 818 qui
772 788 831 818 post
851 783 898 810 ba-

106 830 233 864 plismum
249 830 338 865 lapsos
348 839 510 866 nequaquam
519 832 631 866 amplius
643 831 830 861 admittebant.
840 830 896 863 sed,

103 881 128 902 et
144 877 272 911 primam,
288 881 313 904 et
335 877 420 904 solam
437 885 492 904 esse
512 877 580 905 hanc
593 878 776 913 purgationem
796 881 898 905 statue-

103 920 178 953 bant,
192 930 253 956 quae
269 922 399 957 baptismo
412 928 593 957 comparatur.

139 965 222 993 Multi
233 967 282 994 hoc
293 967 398 1001 festum.
408 967 471 1000 quin
482 966 622 994 Lumlnum
632 968 726 1002 festum
735 969 896 1003 appellatur,

102 1011 205 1039 ideirco
222 1012 426 1047 Puriﬁcationis
445 1014 541 1048 festum
568 1022 623 1041 esse
645 1015 843 1048 existimarunt,
868 1019 897 1041 ut

101 1066 155 1085 non
172 1059 253 1086 modo
270 1059 360 1086 Nieol.
386 1059 540 1088 Selverenus
555 1065 579 1088 et
603 1060 698 1088 Daniel
713 1059 850 1088 Gretserns
870 1062 898 1088 in

104 1101 209 1138 Evang.
228 1103 261 1131 de
279 1102 401 1139 Puriﬁe.,
414 1105 460 1132 sed
479 1106 559 1132 etiam
577 1106 746 1133 doctissimus
764 1106 898 1133 Pamelius

99 1148 129 1174 in
143 1149 247 1175 Annot.
262 1149 289 1175 in
304 1149 383 1184 Cypr.
400 1155 423 1177 et
437 1149 576 1178 Gelasinus
589 1151 616 1178 in
632 1159 679 1178 suo
695 1151 897 1188 Martyrologio.

100 1193 134 1220 At
153 1203 246 1222 revera
261 1195 384 1230 baptismi
395 1195 496 1223 Christi
509 1197 604 1232 festum
620 1202 669 1229 est,
681 1198 750 1233 quod
772 1206 818 1225 vni
833 1198 898 1226 Idus

99 1237 222 1270 Junnar,
233 1245 288 1266 tam
294 1243 364 1274 apud
374 1241 488 1275 ercos,
498 1251 578 1277 quam
587 1243 658 1279 apud
669 1243 777 1271 Latinos
786 1245 901 1272 celebra-

100 1288 158 1310 tur.
176 1283 263 1319 quue
278 1286 344 1312 satis
358 1287 418 1314 hinc
431 1287 521 1322 liquet,
537 1289 607 1324 quod
621 1289 652 1316 ο.
663 1289 804 1325 Gregorius
815 1291 900 1319 iuliae

99 1333 126 1355 et
141 1330 266 1364 sequenti
278 1333 409 1365 oratione,
434 1333 466 1360 de
480 1335 667 1369 purificatione
680 1337 781 1364 nullum
793 1339 899 1366 ontnino

100 1376 212 1401 verbum
230 1375 343 1409 faciens,
372 1378 405 1405 de
427 1379 557 1414 baptismo
584 1381 716 1409 duntaxat
735 1383 801 1416 agit,
822 1388 900 1419 atque

100 1420 187 1447 etiam
212 1420 323 1449 disertis
338 1423 422 1450 verbis
439 1424 486 1450 sub
504 1425 613 1458 hujusce
636 1428 764 1455 orationis
782 1429 898 1462 initium,

99 1465 171 1492 diem
182 1466 255 1493 Imm:
265 1465 407 1495 Luminum
418 1477 466 1503 pro
478 1471 619 1506 principio,
633 1472 732 1500 Christi
741 1474 900 1508 baptismum

101 1512 226 1546 accipere
241 1513 292 1540 ait.

285 1559 424 1588 NICETES
443 1560 726 1592 COMMENTARIUS.

946 331 999 358 que
1007 324 1130 351 divinum
1144 324 1315 358 splendorem
1329 325 1466 353 conciliat.
1481 325 1636 359 Baptismus
1652 336 1734 362 porro

946 369 1092 396 Luminnm
1110 370 1220 397 nomine
1235 370 1397 405 appellatur,
1416 372 1488 404 quod
1505 377 1602 406 purget
1623 377 1650 399 et
1671 373 1735 399 illu-

946 419 1024 444 ιιι-αι.
1043 415 1104 449 Quo
1121 417 1203 444 etiam
1218 417 1257 450 llt,
1276 421 1305 444 ut
1320 417 1392 445 faces
1407 425 1440 445 eo
1464 413 1585 453 tempord
1598 419 1622 445 in
1636 419 1736 446 Ιίιλιῑιίω

947 461 1055 497 signum
1085 462 1278 490 accendamus.
1308 463 1346 490 Ac
1374 464 1538 499 principium
1569 464 1678 499 quidem
1709 470 1736 491 ct

946 514 1027 534 causa
1045 507 1127 543 hujus
1151 508 1224 540 festi,
1243 508 1395 543 baptismus
1418 509 1520 536 Christi
1543 515 1596 542 est,
1624 510 1681 544 qui,
1708 516 1738 536 ut

946 550 1066 580 Joannes
1080 553 1241 586 testatur",
1258 554 1303 581 lux
1321 562 1385 581 vera
1407 559 1475 588 erat,
1496 556 1547 583 hoc
1568 559 1618 587 est,
1632 563 1694 582 vere
1709 559 1737 582 et.

948 599 1057 634 proprie
1067 599 1125 632 lux,
1136 607 1196 635 qua:
1207 605 1286 628 nocte
1298 609 1352 627 non
1360 607 1532 634 secatur,nec
1541 601 1734 635 exstinguitur,

947 651 1008 679 qua:
1021 645 1155 672 illuminat
1171 653 1278 673 omnem
1291 646 1428 673 hominum
1444 647 1595 674 venientem
1613 647 1639 673 in
1656 655 1736 673 mun-

949 691 1025 722 dum,
1043 690 1095 717 hoc
1121 696 1174 724 εει,
1189 696 1346 718 nascentem
1365 697 1446 726 atque
1465 693 1593 720 omnibus
1613 692 1737 727 partibus

952 738 1108 765 absolutum
1133 738 1159 765 in
1188 739 1275 766 lucrm
1304 740 1481 774 prodeuntem
1505 742 1585 774 (nam
1615 741 1736 775 embrya,

949 785 1070 812 homines
1087 786 1195 820 quidem
1213 792 1287 816 sunt.
1317 793 1411 813 verum
1428 786 1560 813 incertum
1575 791 1626 818 est,
1648 790 1737 812 utrum

950 829 977 856 in
994 830 1081 857 lucem
1111 830 1252 864 prodituro
1280 831 1346 864 sint,
1365 838 1399 858 an
1426 838 1475 866 per
1493 831 1589 858 matris
1612 832 1738 858 abortum

949 876 1102 911 eruptura).
1116 876 1192 909 Quod
1213 877 1235 904 si
1261 878 1307 911 qui
1331 876 1391 904 fidei
1418 882 1445 904 et
1470 877 1597 912 baptismi
1614 881 1740 912 expertes

949 926 1121 954 manserunt,
1153 922 1204 949 hoc
1228 923 1350 957 ipsorum
1379 922 1482 950 scelere
1507 927 1534 949 et
1563 922 1741 956 perversitate

950 967 1057 1000 accidit,
1075 971 1168 1002 utpote
1182 968 1227 1002 qui
1240 968 1345 1002 seipsos
1359 967 1430 994 ultro
1443 968 1496 996 hoc
1509 967 1582 995 dono
1595 967 1738 1002 privarim.

949 1012 1025 1040 Hanc
1041 1017 1132 1040 autem
1153 1013 1206 1040 vim
1223 1018 1250 1040 et
1264 1013 1419 1040 facultatem
1433 1013 1514 1040 habet
1529 1012 1691 1047 baptisuius.
1710 1017 1740 1040 ut

949 1064 1045 1095 purget
1068 1066 1116 1086 eos
1145 1059 1191 1093 qui
1224 1059 1381 1093 expiatione
1421 1066 1452 1086 ac
1482 1059 1642 1086 lustratione
1671 1066 1740 1091 Opus

950 1105 1062 1138 habent,
1086 1108 1167 1138 atque
1192 1105 1291 1133 anima:
1307 1104 1404 1132 lumini
1430 1105 1619 1139 adjnmcntum
1635 1103 1739 1131 afferat.

948 1150 1015 1178 Nam
1028 1159 1090 1179 cum
1106 1152 1206 1178 claram
1232 1152 1304 1178 illam
1318 1156 1344 1179 et
1371 1152 1504 1180 illustrem
1521 1151 1638 1186 primum
1661 1159 1740 1178 acce-

949 1197 1097 1232 pissemus,
1113 1204 1175 1224 eam
1187 1197 1308 1232 turpium
1320 1198 1465 1225 alIectuum
1477 1198 1594 1232 caligine
1609 1199 1741 1225 obscura-

951 1243 1041 1270 vimus
1059 1247 1142 1278 atque
1158 1243 1313 1277 obruimus,
1341 1251 1440 1278 pravas
1454 1248 1482 1270 et
1511 1243 1624 1271 vitiosas
1639 1243 1743 1270 formas

951 1288 1114 1324 injicientes,
1133 1296 1166 1317 ac
1180 1289 1287 1317 divinas
1315 1290 1529 1324 pulchritudinis
1557 1290 1642 1324 ipsius
1665 1294 1743 1316 notas

951 1333 1150 1360 adulterantes.
1169 1333 1315 1367 Reliquum
1344 1338 1385 1361 est
1414 1334 1509 1369 igitur,
1539 1337 1568 1360 ut
1593 1333 1744 1360 Sulvatoris

951 1386 1045 1406 vocem
1062 1379 1192 1410 audiatis,
1206 1386 1266 1414 qua:
1277 1379 1385 1414 quidem
1401 1379 1478 1412 mihi,
1495 1384 1523 1405 et
1538 1379 1646 1414 quidem
1663 1380 1745 1407 vche-

951 1429 1057 1453 menter
1075 1426 1196 1459 insonat,
1213 1426 1261 1460 qui
1278 1425 1435 1460 hujusmodi
1454 1426 1608 1461 dogmatum
1625 1431 1652 1454 et
1664 1427 1745 1454 disci«

950 1470 1031 1504 pulus
1049 1478 1122 1503 sum,
1137 1475 1163 1498 et
1179 1470 1327 1506 magister;
1349 1476 1431 1505 atque
1447 1471 1551 1498 utinam
1568 1471 1649 1498 etiam
1668 1471 1745 1498 vobis

952 1516 1082 1543 insonet?
1094 1515 1225 1550 Quaenam
1241 1523 1308 1543 vero
1332 1521 1374 1544 est
1390 1517 1441 1544 ista
1460 1524 1528 1544 vox:
1548 1516 1603 1551 Ego
1623 1525 1681 1544 sum
1698 1516 1745 1544 lus:

952 1562 1087 1590 mundi”.
1105 1562 1239 1596 Quocirca
1264 1562 1398 1590 Davidica!
1422 1563 1480 1590 voci
1507 1563 1744 1597 obtemperantes.

137 1602 199 1631 Col.
213 1605 270 1632 335
297 1606 330 1633 Δ.
351 1606 466 1634 Rursum
480 1607 558 1636 Iesus
575 1618 657 1643 meus,
673 1616 698 1638 et
711 1619 828 1646 mnum,
844 1617 895 1641 ριο,
910 1602 933 1634 C
950 1608 1071 1636 accedite
1088 1609 1121 1635 ad
1137 1616 1211 1640 eum,
1235 1614 1265 1636 ut
1279 1617 1326 1643 per
1345 1609 1417 1636 hunc
1435 1617 1577 1637 accessum
1593 1609 1745 1636 divinitatis

100 1648 166 1678 llaec
179 1651 330 1685 particula,
344 1660 462 1686 rursum,
479 1653 549 1682 hanc
559 1655 710 1684 orationem
723 1665 784 1684 cum
797 1666 894 1693 prtecc-

100 1695 185 1722 dente
197 1696 348 1725 connectit.
364 1697 438 1726 Meus
450 1704 540 1726 autem
556 1699 635 1729 Iesus
644 1702 722 1734 dixit,
736 1703 776 1731 vel
789 1710 900 1740 propter

99 1742 330 1770 ardentissimam
343 1744 444 1772 amoris
457 1745 604 1777 flammant.
620 1747 671 1774 sibi
685 1747 723 1780 id,
738 1748 810 1783 quod
825 1757 899 1777 com-

97 1794 185 1814 mune
200 1793 261 1820 est.
281 1789 391 1824 proprie
407 1790 571 1823 attribuens,
590 1792 632 1819 vel
655 1793 737 1820 etiam
751 1794 785 1822 ob
808 1795 900 1823 carnis

92 1833 386 1869 cognationemque
408 1835 486 1863 nobis
511 1844 573 1864 cum
605 1838 714 1867 Christo
746 1840 899 1868 intercedit.

95 1880 187 1913 Atque
217 1879 253 1906 in
269 1880 319 1907 hoc
333 1886 457 1909 sanctum
480 1881 639 1917 Dionysium
670 1886 814 1914 :cnmlatus
846 1892 899 1917 est.

97 1925 140 1953 his
151 1925 256 1953 verbis
274 1931 404 1954 utentem:
417 1926 519 1956 Prmeat
535 1934 625 1956 autem
635 1931 750 1958 orationi
764 1931 901 1965 Christus,

97 1978 192 2004 meus,
210 1970 241 1999 si
265 1971 332 1999 mihi
350 1972 403 2000 hoc
421 1974 504 2001 verbo
533 1975 571 2001 uti
600 1975 640 2003 fas
663 1981 714 2004 est.
744 1976 900 2013 Mysterium

100 2021 197 2045 autem
213 2017 319 2044 Festum
332 2021 465 2050 nomlnat,
478 2020 560 2054 idque
570 2028 625 2047 non
636 2022 730 2052 semel.
742 2024 788 2051 sed
804 2024 901 2052 iterum

100 2069 134 2089 ac
150 2063 274 2098 saepius,
289 2063 418 2091 nimirum
437 2065 495 2100 ipsa
522 2074 632 2102 quoque
653 2069 761 2095 nomina
782 2077 837 2104 prie
853 2078 902 2098 vo-

99 2106 213 2143 luptate
232 2107 379 2136 identidem
403 2110 554 2139 inculcatis.
573 2112 667 2140 Solent
689 2114 762 2141 enim
777 2115 823 2150 qui
852 2115 902 2142 viri

101 2157 269 2189 cujuspiam
286 2161 378 2182 amore
391 2158 509 2190 correpti
527 2162 602 2190 sunt,
618 2162 644 2185 et
660 2157 745 2193 ipsius
763 2168 861 2188 nomen
877 2166 904 2188 et

102 2207 149 2227 res
167 2199 305 2235 praeclare
319 2204 409 2235 gestas
422 2202 518 2229 crebro
536 2207 658 2237 repetere
678 2209 760 2240 atque
782 2213 829 2233 ore
844 2214 904 2234 ver-

101 2253 168 2273 sare
187 2254 194 2272 :
213 2246 446 2279 quemadmodum
461 2252 556 2275 contra
569 2256 675 2282 eorum,
691 2251 789 2285 quibus
804 2251 901 2280 infensi

101 2295 186 2322 sunt.
202 2289 247 2317 vel
259 2290 361 2318 nullam
388 2293 552 2320 mentionem
568 2293 668 2327 facere,
686 2296 727 2322 vel
743 2296 777 2323 ah
797 2296 831 2323 iis
847 2304 903 2324 nte-

101 2336 231 2362 moriam
250 2336 453 2371 quamprimum
472 2331 619 2366 abducere.
633 2339 679 2367 Est
698 2345 788 2367 autem
805 2346 903 2368 natura

101 2382 159 2409 hoc
189 2383 354 2416 mysterium
374 2390 426 2410 non
444 2382 536 2416 fallax,
556 2384 608 2411 hoc
633 2390 684 2418 est,
701 2385 799 2413 falsum
822 2391 904 2420 atque

99 2428 138 2455 ad
166 2427 356 2462 pemiciosam
380 2429 502 2456 fraudem
521 2434 548 2456 et
575 2420 754 2465 imposluram
768 2432 905 2466 excogita-

101 2478 166 2499 tum
188 2479 197 2497 :
215 2478 265 2497 nec
281 2471 412 2506 deforme,
433 2474 458 2500 id
476 2478 529 2506 est.
557 2479 635 2510 turpe
657 2481 683 2503 et
697 2477 856 2509 obscenum,
875 2482 905 2504 ut

99 2526 135 2545 ca
152 2524 222 2551 quae
235 2516 328 2544 colunt
349 2518 461 2546 ethnici.
482 2520 521 2547 Ac
539 2521 600 2548 vide
617 2530 698 2557 quam
717 2528 778 2557 apte
792 2528 819 2550 et
834 2531 902 2550 con-

100 2567 247 2599 gruenter
261 2571 382 2591 errorem
398 2564 523 2598 fallaciae,
536 2571 563 2594 et
578 2568 764 2596 temulentiam
776 2569 905 2596 deformi-

100 2611 156 2637 tati
177 2609 367 2644 subjunxerit.
381 2610 468 2637 Grazci
487 2612 599 2645 etenim,
616 2621 647 2641 ac
665 2615 785 2648 profanae
797 2615 904 2649 religio-

101 2661 150 2682 nes
168 2653 304 2686 cultores,
329 2663 383 2682 non
399 2656 486 2683 solum
503 2664 577 2684 mero
595 2665 623 2684 se
637 2658 844 2694 ingnrgitantcs,
858 2659 904 2686 sed

101 2701 196 2728 suam
211 2705 304 2728 mente
321 2705 404 2735 atque
426 2702 519 2729 animo
536 2703 688 2736 temulenti,
712 2705 765 2732 hoc
786 2710 836 2737 est,
859 2713 906 2740 per

103 2745 271 2774 carnalium
284 2745 428 2773 affectuum
442 2747 668 2783 voluptatumque
680 2748 906 2781 dominationem,

104 2791 222 2826 turpia,
238 2791 369 2826 Apostolo
381 2797 449 2819 teste
458 2793 494 2826 ",
510 2798 592 2828 atque
609 2794 789 2829 ignominiosa
807 2794 907 2829 ﬂagitia

104 2839 287 2871 perpetrant.
313 2837 347 2864 At
366 2842 491 2865 nostrum
516 2838 675 2874 mysterium
699 2840 838 2867 excelsum
854 2846 905 2874 est,

143 2927 171 2943 "
185 2925 290 2960 Ephes.
307 2935 345 2961 vr,
361 2927 403 2955 l9.
479 2927 557 2972 Joan:
572 2936 591 2963 ι,
604 2929 630 2956 9.
667 2928 782 2967 i‘Joan.
794 2937 851 2963 nu,
869 2929 909 2956 l2.

952 1653 1038 1688 ipsius
1056 1653 1139 1681 radiis
1150 1653 1313 1686 collustrati,
1324 1654 1450 1689 baptismi
1465 1654 1638 1689 splendorem
1659 1654 1745 1688 ipsius

951 1700 1037 1735 gratia
1054 1698 1226 1734 concipiatis.
1245 1700 1277 1727 Et
1305 1700 1390 1728 facies
1419 1704 1517 1727 vestra:
1543 1708 1596 1726 non
1625 1699 1745 1727 confun-

950 1743 1061 1774 dentur,
1080 1751 1144 1771 vero
1161 1744 1264 1772 lumine
1278 1745 1455 1780 consignatae,
1469 1744 1599 1771 nimirum
1617 1744 1745 1778 baptismi

952 1790 1066 1823 lumine,
1092 1789 1136 1817 vel
1167 1788 1287 1825 Spiritus
1302 1790 1388 1817 sancti
1404 1791 1502 1825 gratia.
1521 1789 1600 1822 Quod
1627 1790 1709 1816 etiam
1729 1797 1745 1816 a

952 1835 1053 1863 Davide
1067 1840 1204 1870 sumptum
1223 1840 1265 1863 est
1290 1844 1296 1863 :
1325 1835 1468 1871 Signatum
1491 1840 1530 1862 est
1555 1835 1634 1867 enim,
1648 1836 1744 1869 inquit,

951 1889 1028 1916 super
1047 1889 1093 1908 nos
1112 1881 1199 1907 lumen
1212 1880 1299 1908 vultus
1311 1881 1361 1912 tui,
1381 1881 1491 1908 Domine
1503 1881 1537 1908 ".
1659 1915 1666 1921 .

988 1927 1054 1954 Ibid.
1067 1927 1095 1952 Β.
1109 1925 1219 1961 Tempus
1232 1927 1436 1960 regenerationis
1450 1934 1459 1953 :
1473 1927 1583 1960 desuper
1593 1927 1745 1962 gignamur,

952 1977 1004 2001 etc.
1019 1972 1164 2000 Generatio
1181 1980 1212 2000 ea
1235 1972 1346 2006 dicitur,
1362 1980 1422 2008 qute
1436 1973 1469 1999 ah
1484 1973 1641 2000 hominibus
1655 1979 1745 2000 ortum

952 2019 1050 2047 ducit:
1067 2017 1170 2046 creat'io
1192 2023 1296 2050 autem,
1320 2026 1380 2052 quae
1403 2026 1417 2045 a
1446 2017 1514 2045 Deo.
1540 2018 1637 2046 Carnis
1665 2019 1747 2053 igitur

953 2066 1171 2101 generationem,
1198 2072 1259 2099 qure
1285 2072 1346 2091 cum
1382 2063 1492 2091 interitu
1520 2069 1546 2092 et
1571 2066 1746 2099 corruptione

955 2111 1102 2148 conjuncta
1118 2115 1170 2144 est,
1188 2111 1358 2145 abjiciemcs,
1375 2110 1491 2145 tleSIIper
1504 2118 1536 2138 ac
1548 2111 1655 2138 coalitus
1669 2119 1747 2144 rege-

956 2166 1097 2186 ncremur.
1124 2157 1250 2186 Caelestis
1275 2161 1365 2183 autent
1396 2157 1534 2191 generatio
1559 2164 1589 2183 ea
1614 2161 1665 2188 est,
1687 2164 1747 2190 qua:

956 2203 1075 2238 Spiritus
1089 2203 1176 2230 sancti
1198 2209 1280 2234 opera
1295 2200 1322 2227 in
1339 2201 1475 2235 baptismo
1497 2201 1535 2227 fit.
1552 2200 1636 2227 Porro
1653 2201 1746 2234 primi-

955 2257 1022 2285 gcua
1046 2248 1091 2275 illa
1108 2247 1216 2282 generis
1247 2246 1333 2274 nostri
1360 2246 1462 2273 crcatio
1488 2246 1666 2278 instauratur,
1692 2255 1744 2273 non

955 2295 1028 2330 quod
1058 2294 1176 2329 primum
1200 2300 1215 2319 ιι
1245 2292 1298 2319 Deo
1324 2292 1393 2319 male
1416 2291 1520 2323 creati,
1554 2296 1635 2326 atque
1661 2291 1744 2318 eftieti

954 2340 1087 2368 fuerimus
1103 2359 1111 2372 ,
1130 2339 1178 2367 sed
1191 2338 1253 2373 quia
1277 2343 1336 2372 post
1356 2338 1522 2364 creationem
1540 2337 1646 2364 distorti
1665 2341 1746 2371 atque

955 2385 1088 2414 confracti
1104 2391 1214 2412 sumus.
1231 2384 1269 2409 Ac
1290 2383 1373 2409 semel
1392 2382 1501 2416 quidem
1517 2389 1564 2416 per
1580 2381 1744 2415 [nuptismum

955 2430 1145 2458 renascimur:
1165 2436 1258 2455 verum
1281 2427 1404 2461 quolibet
1429 2427 1472 2453 die
1494 2431 1555 2461 post
1580 2426 1745 2460 baptismum

957 2485 1005 2511 per
1019 2476 1160 2502 honestam
1177 2482 1208 2501 ac
1222 2473 1370 2508 perfectam
1389 2472 1448 2498 \‘ita-
1464 2472 1595 2499 rationem
1608 2473 1746 2499 instaura-

958 2528 1028 2548 mttr.
1039 2520 1152 2547 Coelitns
1164 2519 1246 2554 igitur
1257 2519 1401 2553 gignamur
1411 2525 1459 2552 per
1470 2517 1600 2550 Spiritum
1608 2523 1744 2547 sanctum.

957 2565 1189 2601 quemadmodum
1220 2563 1350 2590 Dominus
1369 2563 1425 2597 ipse
1453 2562 1478 2588 in
1503 2563 1650 2597 Evangelio
1671 2563 1747 2590 iusti-

959 2613 1021 2644 tuit,
1041 2612 1155 2639 dicens:
1175 2609 1236 2637 Nisi
1260 2609 1318 2644 quis
1345 2608 1454 2640 desuper
1478 2613 1557 2635 italus
1576 2608 1665 2642 fuerit.
1694 2616 1745 2635 non

955 2662 1038 2692 potest
1056 2656 1141 2683 videre
1155 2663 1262 2690 regnum
1280 2654 1327 2680 Dei
1337 2654 1370 2679 ³⁸.
1385 2653 1451 2680 Nam
1469 2657 1577 2680 terrena
1595 2653 1744 2688 generatio,

958 2711 1011 2739 qua
1034 2702 1183 2730 secundum
1198 2707 1309 2728 carnem
1337 2699 1485 2734 gignimur.
1511 2707 1525 2725 a
1543 2704 1615 2726 terra
1634 2703 1675 2725 cst
1690 2708 1696 2724 :
1713 2705 1746 2724 ac

960 2748 1071 2784 proinde
1096 2747 1219 2775 coelestia
1246 2745 1283 2772 illi
1313 2746 1427 2780 obsepta
1451 2749 1479 2771 rt
1505 2744 1651 2771 interclusa
1669 2749 1744 2772 sunt.

959 2795 1027 2828 Quid
1047 2794 1118 2822 cnim
1136 2798 1214 2820 terra)
1227 2799 1288 2819 cum
1314 2791 1383 2818 ctelo
1408 2798 1553 2818 commune
1568 2791 1628 2818 est?
1653 2791 1687 2818 At
1701 2798 1744 2822 ca.

961 2848 1014 2876 qua
1027 2847 1072 2875 per
1083 2839 1246 2874 baptismum
1262 2845 1275 2863 τι
1289 2836 1392 2871 Spiritu
1404 2841 1499 2863 sancto
1510 2835 1655 2872 gignimur,
1669 2835 1746 2863 facile

957 2930 979 2945 ”
991 2929 1061 2956 Psal.
1080 2935 1115 2962 tv,
1127 2928 1154 2956 'i.
1194 2928 1217 2943 '°
1234 2924 1312 2954 Joan.
1331 2933 1370 2960 LI,
1384 2925 1410 2953 3.
