2027 3162
290 179 360 231 ιὲιδ

989 192 1177 225 ADDENDA.

1840 195 1909 228 1216

288 252 369 279 nobis
384 258 517 286 supernas
528 249 635 284 apsides
650 249 789 284 ptefacit.
806 248 962 284 Theologus
982 253 1070 276 autetn
1085 252 1107 280 Α
1122 251 1253 282 oratione,
1271 258 1352 285 quam
1371 250 1427 285 jam
1444 250 1568 278 audiistis
1582 259 1589 278 :
1606 251 1692 279 multo
1714 255 1806 278 autem
1825 253 1910 279 altius

290 298 409 332 seipsum
428 303 488 323 Cllm
514 295 555 322 his
579 294 626 329 qui
649 295 853 330 regeneratione
872 303 941 329 opus
959 295 1069 327 habent,

290 342 442 377 coniungit,
459 348 511 368 non
528 341 600 375 quod
616 348 647 368 ea
663 346 766 373 careat,
777 341 822 368 sed
834 341 905 375 (ιιιοά
920 349 978 374 eos,
993 342 1070 376 quasi

289 387 397 421 prnpria
419 386 551 416 membra,
581 386 718 418 vindicet,
748 393 868 420 suOSque
891 394 952 413 esse
979 387 1070 413 ducat.

252 447 254 450 -
291 431 439 458 Pristinnm
457 432 587 467 Adamum
617 432 790 465 recipiamus,
811 432 898 466 qualis
924 437 986 458 ante
1011 439 1073 465 pro-

290 478 425 503 (ιι-1611111111
443 476 488 503 Dei
507 477 663 504 mandatum
675 482 744 509 erat,
761 485 822 504 cum
838 478 934 504 divina;
950 478 1074 511 imaginis

290 523 375 550 decus
391 531 488 557 purttm
514 522 603 550 adhuc
628 522 841 561 et_splendidttm
869 523 990 550 haberet.
1007 522 1073 550 Nam

290 567 392 595 Paulus
407 568 526 602 printum
548 568 631 594 Adam
650 568 829 602 primigenum
846 567 920 595 illttm
937 568 1073 595 hominem

293 612 432 645 nominat;
450 611 599 639 secundum
617 616 719 644 autem,
734 610 872 640 Christum
885 613 918 639 '7.
935 612 969 639 At
986 612 1075 639 Theo-

293 657 368 692 logus
390 658 514 684 eumdem
530 656 604 683 11111111
617 656 702 683 Adam
715 657 742 684 in
754 658 822 685 duos
834 657 938 689 dividit,
949 657 1074 684 nimirum

293 703 321 730 in
338 709 399 730 eum
415 703 461 737 qui
478 707 537 729 erat
556 707 616 729 ante
632 703 886 737 transgressionem,
907 707 933 729 et
952 709 1013 729 eum
1029 702 1075 736 qui

294 751 354 782 post
368 752 528 782 praeceptum
545 747 673 774 violatum
692 747 741 774 fuit
755 757 761 775 :
783 753 865 782 atque
896 755 910 775 a
926 747 1004 775 nobis
1020 748 1075 782 pri-

294 799 368 819 mum
384 794 458 820 illum
474 792 559 829 accipi
578 794 644 825 vult.
662 795 713 822 hoc
726 799 777 824 est.
795 802 869 825 eum,
886 795 931 828 qui
955 799 1017 821 ante
1031 794 1078 821 ad-

295 839 408 866 missum
420 844 556 874 peccatum
572 845 640 868 erat.
656 842 694 867 Ac
703 841 822 868 subtexit
836 850 842 867 :
857 839 895 867 Ne
908 841 933 867 in
945 848 977 867 eo
993 844 1076 872 statu,

296 893 350 919 quo
364 894 469 919 smnus,
487 894 657 920 tnaneamus,
676 887 778 922 peccati
802 886 926 914 videlicet
952 885 1078 914 sordibus

1121 296 1281 331 assurgelis,
1302 303 1363 323 eum
1390 295 1518 328 Verbum,
1546 297 1572 324 id
1601 300 1655 327 cst,
1676 296 1815 327 Christus,
1842 305 1909 324 mea:

1121 341 1253 374 Orationi,
1265 349 1346 376 quam
1362 341 1395 369 de
1407 343 1457 369 hoc
1467 341 1538 370 festo
1552 342 1695 369 habiturus
1705 349 1779 374 sum,
1794 349 1906 377 prospe-

1122 394 1182 414 rum
1200 387 1250 414 iter
1262 387 1376 414 dederit.

1157 432 1205 459 Col
1225 432 1286 460 535.
1300 432 1368 459 Ibid.
1383 431 1413 459 C.
1427 431 1516 466 Ecqua
1528 431 1590 458 talis
1599 435 1636 457 est
1648 430 1738 465 legalis
1749 436 1841 465 atque.
1853 435 1906 457 etc.

1124 477 1170 504 llis
1185 477 1274 504 verbis
1288 477 1404 504 ostendit
1413 476 1655 511 Theologusquam
1667 477 1765 510 exigua
1781 475 1886 502 Judaici
1896 489 1910 497 -

1124 531 1183 550 rtttn
1195 530 1334 550 sacr0rum
1348 529 1379 549 ac
1391 522 1611 549 ceremoniarum
1623 515 1658 548 sit
1668 522 1790 549 utilitas:
1813 529 1911 547 rursus

1123 576 1205 602 quatn
1227 568 1306 595 noxia
1323 572 1350 594 et
1365 567 1519 602 perniciosa
1541 566 1577 593 sit
1600 567 1771 594 ethnicorum
1794 566 1831 593 de
1849 565 1912 592 reli-

1123 614 1205 649 gione
1233 613 1369 646 doctrina,
1396 620 1447 640 nec
1475 617 1580 639 tantum
1607 613 1680 644 risu,
1707 611 1753 638 sed
1781 611 1912 646 lacrymis

1125 659 1254 693 luctuque
1275 658 1474 693 prosequenda.
1499 657 1611 693 Legales
1630 658 1703 685 enim
1732 657 1912 692 purgationes

1125 704 1283 732 umbratica:
1299 707 1376 731 erant
1392 705 1434 738 (ut
1449 711 1508 738 qum
1526 703 1714 738 purgationem
1741 702 1829 733 illam,
1853 709 1913 735 qua:

1125 757 1157 777 cx
1173 750 1306 784 baptismo
1322 750 1431 784 petitur,
1441 749 1645 784 praefigurarent
1659 752 1686 775 et
1700 748 1911 779 adumbrarent)

1126 803 1157 822 ac
1173 799 1281 830 propter
1296 795 1453 830 hujusmodi
1470 799 1575 821 tantum
1601 793 1776 828 pollutionem
1803 792 1914 824 ﬁebant,

1127 848 1214 876 coque
1241 841 1301 868 solo
1329 845 1449 875 tempore
1472 840 1619 874 proderant
1638 848 1646 866 :
1663 846 1694 866 ac
1713 837 1830 873 proinde
1844 837 1915 863 assi-

1128 887 1180 914 due
1194 887 1401 921 peragebantur.
1428 885 1506 918 Quod
1523 884 1631 920 quidem
1657 889 1820 918 argutnentu
1847 887 1916 913 erat,

297 931 432 964 inquinati
449 940 456 958 :
474 939 567 958 verum
583 932 616 958 ad
629 932 747 967 priOrem
764 936 864 960 statum
883 932 1036 964 redeamus,
1053 931 1079 958 id
1094 922 1115 949 Β
1130 940 1176 959 eas
1202 939 1372 966 nequaquam
1395 931 1581 958 abditissimos
1608 931 1705 957 animae
1730 929 1810 956 sinus
1837 935 1917 962 pene-

296 982 347 1009 est,
367 977 438 1011 puri,
457 981 487 1004 ut
504 982 566 1005 ante
581 979 824 1012 transgressionem
838 984 957 1008 eramus,
980 976 1080 1004 eiiicia-

299 1030 370 1049 mur.
387 1021 414 1048 Id
432 1027 522 1049 autent
538 1030 585 1057 per
602 1024 730 1058 baptismi
758 1022 988 1058 regenerationem
1006 1030 1081 1050 asse-

297 1075 423 1101 quemur.
451 1068 519 1095 Tum
540 1068 724 1103 evangelicum
749 1068 814 1095 illud
825 1067 927 1096 dictum
947 1068 1080 1102 exponit:

300 1112 334 1139 Et
357 1112 404 1139 lux
420 1114 444 1139 in
462 1113 574 1140 tenebris
589 1113 670 1145 lucet,
695 1118 718 1140 et
738 1113 850 1140 tenebrw
872 1121 930 1140 eam
945 1118 997 1139 non
1010 1119 1082 1139 cam-

298 1158 488 1192 prehenderunt
504 1159 537 1185 ”.
554 1158 653 1186 Lucem
669 1159 740 1186 enim
754 1157 891 1186 Christum
906 1161 993 1189 Vocat,
1008 1161 1083 1184 teno-

298 1205 362 1232 bras
379 1209 468 1232 autetn
490 1205 562 1232 hanc
581 1205 662 1232 vitam
681 1209 708 1232 et
731 1212 842 1231 carnem
858 1214 864 1232 :
885 1204 955 1230 illam
973 1207 1083 1238 propter

300 1257 421 1277 errorem
436 1253 463 1276 et
482 1250 738 1282 hallucinationem;
761 1249 832 1277 hanc
852 1253 960 1284 propter
982 1248 1083 1275 crassi-

300 1296 378 1322 tietn.
396 1296 466 1322 Caro
482 1296 554 1322 enim
566 1295 749 1322 crassitie‘sua
763 1298 879 1322 mentem
893 1295 992 1326 turbat,
1004 1295 1083 1329 eique

301 1341 426 1369 tenebras
444 1339 568 1367 oﬂ'undit.
584 1339 723 1367 Tenebras
732 1344 821 1367 autem
835 1339 971 1368 diabolum
990 1340 1083 1375 appel-

301 1386 378 1419 lavit,
403 1387 448 1421 qui
465 1386 573 1414 Christo
599 1387 770 1418 adversatur,
793 1390 822 1413 ut
835 1386 886 1413 luci
901 1386 1028 1413 tenebrae.
1046 1385 1084 1413 De

302 1438 357 1463 quo
375 1432 411 1458 ita
422 1431 519 1458 cecinit
537 1431 627 1458 Moses
651 1431 678 1458 in
696 1431 801 1458 cantico
818 1441 824 1458 :
845 1431 919 1459 Dixit
936 1430 1058 1459 inimicus
1074 1440 1083 1458 :

303 1475 450 1511 Persequar
474 1481 498 1504 et
524 1477 785 1512 comprehendant".
813 1476 974 1511 Quanquam
993 1482 1082 1504 autent

301 1522 443 1549 Christum
469 1527 628 1556 persecutus
651 1527 703 1554 cst,
734 1522 785 1549 hoe
814 1527 864 1554 est,
884 1522 1005 1553 tentavit,
1030 1529 1083 1548 non

1133 982 1215 1009 trarc,
1233 984 1324 1004 verum
1345 981 1516 1011 peccatorum
1533 976 1610 1010 quasi
1626 975 1798 1010 superficiem
1817 973 1917 1002 delere.

1130 1030 1162 1050 ac
1185 1029 1332 1056 corporeae
1358 1026 1462 1048 tantum
1487 1022 1560 1048 labes
1585 1021 1740 1055 abstergere
1760 1029 1767 1046 :
1798 1019 1876 1045 velut
1896 1017 1917 1044 si

1131 1069 1193 1104 quis
1207 1068 1297 1096 cibum
1313 1075 1327 1094 a
1341 1068 1399 1103 lege
1417 1067 1589 1095 interdictum
1609 1066 1755 1101 attigisset,
1779 1065 1824 1091 vel
1847 1071 1919 1090 mor-

1132 1119 1222 1145 tuum,
1246 1114 1288 1141 vel
1313 1114 1463 1149 leprosum,
1485 1113 1526 1140 vel
1548 1112 1602 1139 alio
1627 1112 1707 1139 modo
1722 1110 1918 1141 deformatum,

1133 1160 1282 1192 hircorum,
1307 1164 1335 1186 ut
1355 1159 1434 1186 docet
1447 1157 1594 1193 Apostolus
1608 1158 1629 1189 ί,
1653 1163 1680 1184 et
1695 1161 1840 1183 taurorum
1856 1162 1919 1181 san-

1133 1206 1204 1241 guis,
1225 1210 1252 1232 et
1275 1205 1345 1233 cinis
1369 1205 1459 1231 vitulte
1485 1204 1603 1238 pollutos
1617 1209 1764 1237 aspcrgens
1781 1201 1815 1228 ad
1832 1201 1920 1227 carnis

1132 1253 1276 1287 puritatem
1299 1251 1425 1286 expiabat
1445 1259 1452 1278 :
1470 1255 1596 1278 extorum
1609 1253 1718 1284 peccata
1732 1247 1843 1274 auferre
1868 1253 1919 1272 non

1132 1302 1249 1334 poterat.
1277 1298 1365 1332 Atque
1378 1297 1412 1324 ob
1429 1303 1489 1324 eam
1505 1302 1616 1323 causam
1633 1293 1766 1321 continua
1782 1295 1863 1318 erant
1879 1298 1921 1317 sa-

1135 1344 1249 1375 criticia,
1276 1341 1447 1377 singulisque
1473 1340 1551 1367 annis
1577 1345 1698 1374 persaepe
1725 1336 1919 1366 offerebantur,

1135 1393 1226 1424 utpote
1241 1395 1302 1423 quae
1318 1387 1477 1414 accedentes
1493 1384 1630 1420 perfectos
1646 1383 1760 1410 reddere
1783 1388 1841 1408 non
1862 1388 1922 1415 pos-

1136 1440 1207 1462 sent.
1234 1431 1302 1461 Nam
1320 1434 1343 1461 si
1359 1431 1515 1468 perﬁciendi
1534 1431 1586 1458 vim
1603 1429 1774 1460 habuissent,
1798 1427 1922 1460 profecto

1134 1479 1392 1509 oli‘erridesiissent,
1410 1476 1482 1512 quod
1495 1476 1540 1510 qui
1555 1473 1713 1509 huiusmodi
1735 1472 1843 1500 cultum
1872 1471 1922 1497 Dro

1135 1526 1304 1558 exhiberem,
1319 1529 1495 1559 posteaquam
1512 1522 1597 1550 semel
1611 1521 1718 1556 purgati
1732 1524 1838 1548 essent.
1854 1517 1922 1545 nulla

302 1573 392 1595 tamen
421 1568 638 1603 comprehendit,
663 1569 689 1595 id
712 1573 764 1600 est,
785 1567 863 1602 fregit
876 1575 908 1594 ac
925 1567 1085 1601 superavit;
1101 1585 1122 1612 ο
1138 1572 1193 1606 jam
1209 1567 1312 1605 peccati
1327 1568 1493 1597 conscientia
1511 1572 1688 1595 terrerentur.
1715 1565 1855 1599 Scriptum
1876 1571 1922 1589 au-

304 1621 398 1641 verum
430 1614 599 1648 impudenter
632 1613 676 1641 ille
707 1613 816 1648 quidem
850 1617 953 1647 partetn
985 1612 1086 1639 Christi

304 1659 499 1693 aspectabilem
524 1659 636 1686 adortus
658 1663 719 1686 est:
734 1663 860 1685 caeterum
877 1658 904 1685 in
927 1657 1090 1684 invisibilem

306 1704 474 1731 divinitatem
488 1703 593 1737 incidit,
608 1708 690 1738 atque
701 1710 848 1738 oppressus
863 1709 913 1731 est.
929 1701 990 1730 lizec
1001 1708 1091 1730 autem

306 1748 409 1775 idcirco
435 1747 506 1775 facta
535 1753 616 1782 sunt,
641 1753 672 1775 ut
698 1756 747 1775 nos
771 1747 873 1782 peccati
898 1748 1018 1775 tenebris
1046 1756 1093 1783 per

308 1793 474 1829 baptismum
483 1794 596 1829 abiectis
609 1794 641 1820 ad
655 1793 806 1821 divinitatis
819 1793 909 1820 lutnen
920 1794 1091 1826 aceedatnus,

307 1847 340 1867 ac
355 1839 452 1866 deinde
469 1847 516 1874 per
531 1839 653 1867 honesta:
667 1847 699 1867 ac
716 1839 852 1875 praeclara:
863 1840 923 1867 vitae
934 1847 1093 1874 progressus

308 1890 335 1913 et
361 1885 556 1920 perfectionem
583 1885 627 1913 lux
650 1893 759 1920 quoque
784 1885 903 1920 perfecta
932 1885 1092 1917 efficiamur,

309 1938 324 1958 a
342 1930 459 1965 perlecta
491 1931 551 1958 luce
566 1931 741 1966 profluentes,
770 1932 823 1958 hoc
849 1936 902 1964 est,
928 1939 942 1959 a
967 1931 1093 1967 baptismi

308 1974 406 2011 gratia.
425 1976 500 2005 lianc
511 1978 582 2004 enim
596 1978 711 2012 gratiam
728 1982 754 2004 et
771 1978 914 2005 tttilitatetn
926 1978 1094 2012 baptismatis

309 2022 369 2048 dies
385 2027 412 2049 et
437 2022 535 2049 festum
560 2023 639 2050 nobis
661 2023 801 2050 conciliat.
826 2025 914 2058 Atque
940 2024 1021 2051 etiam
1042 2023 1095 2051 alio

309 2075 393 2095 sensu
408 2069 545 2102 explicare
560 2068 632 2099 licet,
649 2069 786 2102 quomodo
802 2069 921 2103 perfecta
937 2070 982 2096 lux
994 2069 1096 2096 efﬁcia-

310 2119 395 2139 mur.
414 2114 543 2140 nimirum
571 2114 591 2140 sl
620 2121 680 2140 cum
708 2121 813 2141 summa
846 2114 890 2141 illa
917 2115 991 2145 luce,
1018 2115 1095 2142 nobis

312 2163 421 2193 propter
433 2163 553 2185 nostram
570 2158 736 2192 intelligendi
749 2158 904 2186 facultatetn
926 2159 998 2187 affini
1015 2164 1096 2195 atque

312 2208 437 2238 cognata,
458 2204 526 2230 uniti
546 2210 715 2238 prorsusque
741 2205 877 2231 commisti
901 2205 1042 2233 fuerimus.
1065 2207 1094 2234 id

312 2254 402 2276 autem
430 2249 458 2275 in
485 2249 573 2276 futura
606 2249 824 2276 remuneratione
851 2251 999 2286 continget.
1019 2251 1095 2280 Nunc

311 2294 394 2326 enim,
430 2294 550 2329 quandiu
581 2295 607 2321 in
625 2295 749 2329 praesenti
775 2296 826 2322 hac
853 2297 907 2323 vita
936 2304 1093 2331 versamur,

312 2339 404 2366 divino
434 2339 534 2366 lavacri
561 2340 691 2367 beneﬂcio
704 2340 737 2367 ad
764 2341 870 2368 unicam
888 2342 959 2368 illam
975 2342 1093 2370 divinam

313 2384 400 2412 lucem
429 2391 461 2411 ac
488 2383 570 2411 Deum
597 2385 767 2412 accedtnus.
797 2390 878 2421 atque
907 2387 1094 2420 unusquisque

314 2434 450 2462 nostrum,
481 2429 545 2457 dntn
579 2430 720 2458 salutifera
751 2439 821 2467 aqua
851 2432 979 2467 tingitur,
1009 2432 1095 2460 divini

314 2476 426 2504 luminis
441 2476 510 2504 fetus
529 2475 654 2508 edicitur,
668 2476 693 2503 id
706 2481 758 2508 est,
770 2477 907 2511 baptismi.
922 2477 954 2503 Et
968 2479 1097 2511 quoaiam

315 2529 410 2548 eorum
439 2521 486 2555 qui
503 2521 631 2556 baptismi
655 2529 724 2556 aqua
753 2521 963 2556 perfunduntur,
993 2523 1097 2550 infinita

313 2572 356 2594 cst
385 2567 540 2600 multitudo,
557 2567 659 2595 idcirco
670 2567 839 2602 γεννήματα,
863 2567 916 2594 hoc
944 2573 996 2599 est,
1028 2567 1098 2596 fetus

316 2614 414 2648 plurali
438 2621 552 2640 numero
570 2613 655 2647 dixit,
686 2622 740 2640 non
760 2619 849 2641 autem
874 2614 1009 2648 γέννημα,
1040 2614 1098 2641 sin-

313 2659 413 2694 gulari.
440 2658 615 2693 Nequeenim
642 2660 668 2685 in
687 2659 737 2686 hac
751 2660 804 2686 vita
830 2659 1020 2693 praestantibus
1045 2659 1099 2686 vir-

316 2709 373 2731 tute
387 2711 419 2731 ac
434 2704 495 2730 vitae
508 2704 688 2731 sanctimonia
699 2705 763 2731 viris
774 2711 835 2731 cum
856 2704 911 2731 Deo
924 2712 1097 2732 esseconce-

315 2749 391 2776 ditur
406 2758 413 2777 :
436 2757 526 2776 verum
542 2750 592 2777 hoc
603 2756 729 2784 tanquam
747 2751 885 2784 prmmium
901 2751 953 2778 illis
971 2751 997 2777 in
1011 2751 1097 2778 altero

316 2795 416 2825 saeculo
434 2799 598 2822 reservatur.
630 2795 815 2823 Subvehimini
832 2796 923 2831 igitur,
936 2797 1032 2832 inquit,
1049 2797 1098 2824 hac

355 2883 380 2900 "
395 2883 402 2910 l
425 2882 488 2912 Cor.
504 2891 547 2918 xv,
565 2885 608 2912 45.
646 2885 669 2902 ’⁸
683 2883 759 2912 Joan.
783 2893 801 2918 1,
817 2885 842 2912 5.

881 2886 902 2902 "
919 2884 1004 2912 Exod.
1021 2893 1063 2918 vv,
1081 2884 1107 2912 9.

1143 1621 1195 1644 tetu
1211 1614 1325 1643 habetur
1343 1615 1370 1642 in
1386 1615 1456 1641 libro
1470 1613 1650 1640 Numerorum
1664 1613 1685 1645 ¹,
1712 1611 1786 1646 quod
1812 1609 1922 1636 vitulam

1142 1662 1231 1690 rufatn
1255 1661 1457 1692 comburentes,
1483 1659 1623 1693 ipsiusque
1639 1657 1759 1685 cinerem
1777 1662 1859 1690 aqua:
1881 1656 1924 1681 ad-

1143 1708 1307 1739 tniscentes,
1334 1706 1451 1741 pollutos
1477 1704 1667 1740 aspergebant.
1696 1702 1820 1736 Itemque
1855 1699 1924 1734 quod

1143 1753 1232 1781 Moses
1248 1758 1359 1787 accepto
1381 1752 1514 1787 sanguine
1529 1756 1670 1778 taurorum
1687 1753 1714 1776 et
1736 1747 1886 1774 vitulorum
1900 1750 1924 1771 et

1144 1799 1281 1826 hircorum
1308 1805 1370 1825 cum
1397 1805 1467 1832 aqua
1494 1800 1521 1823 et
1537 1796 1598 1823 lana
1620 1794 1732 1821 coccina
1755 1797 1784 1820 et
1808 1793 1924 1827 hyssopo

1144 1845 1274 1880 populum
1291 1851 1398 1871 otunem
1417 1842 1583 1870 lustraverit.
1598 1840 1638 1868 Ac
1654 1841 1715 1867 talis
1731 1839 1843 1874 quidem
1860 1838 1926 1871 lega-

1144 1891 1177 1918 lis
1194 1890 1318 1925 purgatio
1333 1893 1400 1921 erat,
1429 1889 1457 1915 in
1482 1888 1564 1915 breve
1580 1890 1685 1920 tempus
1708 1885 1819 1920 iuvans.
1851 1888 1927 1917 atque

1145 1937 1180 1964 ita
1197 1943 1306 1963 carnem
1325 1934 1481 1969 purilicans,
1505 1937 1535 1959 ut
1562 1937 1651 1959 tamett
1666 1931 1700 1958 ad
1717 1930 1816 1957 animze
1834 1934 1928 1963 ραι-επις

1146 1983 1246 2010 tionem
1262 1980 1315 2008 vim
1332 1987 1409 2008 suam
1428 1987 1481 2006 non
1500 1977 1668 2005 extenderet.
1696 1977 1731 2004 At
1753 1980 1850 2002 nostra
1867 1981 1928 2001 eon-

1146 2027 1230 2056 trario
1254 2027 1333 2062 plane
1360 2025 1440 2053 tnodo
1466 2033 1494 2052 se
1518 2025 1608 2052 habet.
1634 2022 1723 2050 Semel
1746 2021 1819 2048 enim
1851 2019 1928 2051 facta,

1145 2074 1237 2101 omnia
1258 2073 1350 2105 simul,
1376 2077 1403 2099 et
1428 2076 1529 2102 vetera,
1548 2075 1576 2097 et
1602 2077 1682 2100 nova,
1707 2072 1734 2094 et
1750 2067 1888 2101 corporis,
1904 2069 1928 2092 et

1146 2119 1243 2146 animae
1258 2119 1324 2145 vitia
1339 2122 1446 2153 purgat.
1463 2115 1609 2143 Enimvero
1626 2115 1784 2142 Graecorum
1803 2111 1928 2147 mysteria

1146 2172 1161 2192 a
1188 2163 1359 2191 daemonibus
1385 2163 1494 2192 inventa
1523 2167 1549 2189 ct
1571 2169 1586 2188 a
1615 2159 1706 2195 pravis
1734 2166 1766 2185 ac
1793 2156 1928 2184 sceleratis

1147 2211 1244 2238 animis
1258 2210 1372 2237 conficta
1387 2213 1460 2237 sunt.
1478 2208 1583 2241 Quibus
1606 2206 1717 2241 quidem
1741 2209 1771 2231 ut
1789 2204 1871 2231 iidem
1886 2202 1928 2228 ad-

1148 2260 1296 2286 suuerent,
1322 2255 1368 2290 qui
1387 2262 1419 2282 ca
1435 2253 1571 2284 colebant.
1591 2252 1625 2278 ad
1652 2249 1845 2285 antiquissima
1864 2252 1927 2274 tem-

1149 2309 1214 2337 pora
1230 2300 1421 2336 confugiebant
1444 2308 1452 2327 :
1479 2303 1508 2326 ut
1521 2303 1610 2325 autem
1625 2303 1720 2324 eorutn
1734 2294 1927 2328 turpitudinem

1148 2345 1307 2378 effugerent.
1333 2352 1366 2371 ea
1385 2344 1536 2371 fabularum
1558 2342 1682 2369 libertate
1703 2347 1736 2366 ac
1757 2338 1869 2366 licentia
1884 2337 1928 2363 ob-

1150 2391 1285 2423 velabant,
1308 2387 1432 2416 fabulosa
1448 2396 1508 2415 esse
1523 2386 1745 2422 pronuntiantes,
1770 2389 1799 2410 et
1817 2383 1853 2410 ad
1869 2382 1928 2408 alle-

1149 2435 1253 2470 goriam
1269 2435 1471 2470 detorqueutes.
1496 2434 1585 2467 Atque
1607 2431 1743 2458 interdum
1758 2438 1802 2462 ea,
1824 2437 1886 2464 qua:
1899 2428 1928 2454 de

1150 2480 1202 2508 diis
1219 2481 1339 2515 ipsorum
1361 2483 1623 2509 commemorantur,
1645 2482 1772 2510 tanquatn
1797 2483 1863 2502 vera
1887 2481 1928 2500 su-

1149 2532 1226 2554 munt
1246 2535 1254 2553 :
1270 2525 1406 2553 interdum
1423 2525 1516 2555 etiam,
1532 2531 1593 2551 eum
1611 2529 1705 2550 eorum
1731 2521 1890 2548 obscenitas
1904 2523 1927 2545 et

1147 2571 1292 2605 spurcities
1309 2569 1374 2605 ipsis
1396 2569 1534 2603 objicitur,
1559 2567 1683 2594 fabulosa
1700 2567 1757 2592 haec
1772 2572 1835 2592 esse
1862 2565 1927 2591 alitr-

1148 2622 1233 2649 mant,
1243 2624 1292 2643 nec
1300 2624 1332 2643 eo
1341 2623 1434 2648 sensu,
1445 2623 1524 2649 quem
1537 2622 1591 2649 prie
1604 2622 1634 2642 se
1645 2613 1745 2643 ferunt,
1756 2611 1926 2646 intelligenda

1149 2670 1220 2695 esse,
1236 2662 1282 2688 sed
1297 2661 1440 2697 mysticum
1462 2660 1606 2694 quemdam
1624 2667 1656 2686 ac
1677 2658 1850 2686 reconditum
1874 2664 1928 2684 sen-

1152 2714 1211 2734 sum
1227 2706 1337 2733 habcrc.
1359 2705 1481 2739 Exempli
1498 2712 1577 2732 causa
1591 2711 1597 2730 :
1624 2703 1652 2730 Si
1676 2703 1742 2737 ipsis
1759 2701 1926 2737 proferat-tus

1151 2751 1309 2784 Saturnum,
1335 2759 1413 2786 quem
1435 2758 1484 2784 pro
1499 2751 1549 2777 deo
1565 2750 1667 2781 colunt,
1696 2748 1766 2775 ﬁlios
1793 2754 1860 2774 suos
1883 2746 1927 2773 de-

1150 2803 1272 2829 vorasse,
1283 2797 1360 2823 aittnt
1375 2795 1450 2822 aliud
1465 2795 1592 2829 quiddam
1611 2801 1680 2825 esse,
1697 2792 1769 2826 quod
1785 2792 1827 2819 his
1843 2791 1926 2818 verbis

1164 2884 1171 2900 ¹
1191 2883 1271 2912 Hebr.
1288 2892 1316 2916 x,
1331 2883 1346 2911 1
1363 2891 1439 2918 seqq.
1471 2887 1480 2902 '
1497 2884 1576 2912 Num.
1592 2891 1642 2914 xu,
1660 2882 1676 2908 *2
1691 2890 1766 2915 seqq.
