2027 3162
130 181 188 214 1237

570 182 732 216 NlCETAS
753 182 794 213 IN
814 182 927 214 ΟΒΑΤ.
947 183 1072 213 XXXIX
1093 184 1123 213 S.
1144 182 1260 213 GREG.

1660 187 1728 222 1⁷218

125 242 276 276 signiﬁcetur
294 249 301 268 :
318 240 439 276 Tempus
465 242 556 275 enim',
587 242 732 277 inquiunt,
759 240 891 276 quidquid
908 240 1099 273 Ademratis,
1129 241 1273 268 inciderat.
1302 240 1337 268 At
1369 241 1493 270 tibicines
1510 242 1630 277 ‘quidam
1657 246 1733 275 tibiis

123 287 290 322 progenucrit,
314 295 411 315 rursus
438 289 585 316 consumit.
609 287 689 322 Atqui
713 287 894 314 conveniebat

123 339 175 364 eos,
192 331 213 359 si
236 332 345 366 quidem
370 333 427 360 ha‘e
446 341 508 361 vera
531 334 698 367 existimant,
722 340 894 368 nequaquam

123 377 232 404 fabulosa
256 384 288 404 ea
305 377 396 405 dicere
415 386 422 405 :
439 378 480 405 sin
498 384 588 406 autem
611 379 679 406 falsa
705 384 731 406 et
754 385 895 406 commcn-

123 422 186 454 titia,
201 429 369 457 nequaquam
387 424 526 456 admirari,
543 432 630 459 neque
644 425 677 451 de
691 431 745 452 una
759 429 785 451 et
800 424 894 452 eadem

122 476 148 495 rc
164 467 317 495 aﬂirmative
334 476 367 495 ac
388 469 513 504 negative
535 471 721 505 pronuntiare,
745 470 898 497 contraria-

121 521 169 549 que
191 521 299 542 censere
318 523 324 541 :
344 522 398 542 non
422 523 501 543 secus
527 524 559 543 ac
582 517 604 543 si
630 516 657 543 in
681 523 839 551 puerorum,
855 515 896 542 Vri

121 560 195 587 etiam
210 561 367 587 vecordium
384 561 526 588 hominum
545 566 617 589 eaetu
635 562 771 594 luderent,
791 569 822 590 ac
843 569 896 589 non

122 606 253 633 nobiscum
279 606 352 633 serio
378 607 559 641 disputareut,
587 609 638 636 hoc
664 613 716 640 est,
744 616 806 636 cum
831 609 898 636 viris

118 651 214 685 judicio
227 652 358 684 prmditis,
376 657 403 679 et
421 652 500 679 Verbi
518 660 550 680 ac
577 661 649 681 verte
673 655 823 688 sapientiae.
848 655 899 682 hoc

119 700 166 728 est,
177 695 288 729 Christi,
305 697 458 725 cultoribus
476 707 483 725 :
503 699 609 726 tametsi
625 700 767 733 profanam
784 705 810 727 et
823 699 899 727 fabu-

119 743 200 770 losam
213 743 396 778 eloquentiam
417 750 444 772 et
460 745 606 772 verborum
630 745 792 779 elegantiam
809 753 900 781 asper-

119 795 220 820 nemur,
234 796 297 823 quae
310 796 411 824 spurca
428 795 456 818 et
470 790 579 818 sordida
596 795 638 818 est
662 791 840 824 nominanda,
859 796 900 818 nt-

121 837 178 867 pote
209 840 252 861 res
286 839 378 869 turpes
408 838 436 863 et
463 835 598 864 obscenas
627 843 725 864 ornare
751 844 784 864 ac
810 837 901 865 verbis

117 877 210 906 eﬂ'erre
223 879 404 908 contendens.

150 924 206 952 Col.
219 925 271 953 5'68
284 926 316 954 It.
339 926 401 953 Non
417 927 472 954 hazc
484 927 558 955 Jovis
576 933 669 963 partus
681 934 706 957 et
719 930 803 965 furta,
815 930 900 963 illius,
917 910 938 938 Β

115 971 233 1006 inquam,
249 971 427 1005 Cretensium,
452 977 506 1001 etc.
541 974 677 1002 Saturnus
703 975 778 1003 Jovis
813 981 899 1011 pater,

116 1024 186 1049 cum,
213 1022 243 1045 ut
266 1017 353 1045 Graeci
380 1018 545 1053 fabulantur,
562 1021 703 1049 oraculum
739 1022 900 1057 accepisset,

115 1063 173 1091 f0re
198 1069 228 1091 ut
243 1065 277 1092 ab
293 1073 348 1092 uno
372 1065 489 1093 filiorum
507 1074 619 1094 suorum
639 1075 721 1103 regno
743 1069 900 1103 pelleretur,

115 1116 206 1137 mares
231 1117 337 1142 omnes,
365 1112 411 1145 qui
438 1112 489 1146 ipsi
516 1113 717 1146 nascebantur,
742 1114 900 1142 devorabat.

113 1153 188 1182 Rhea
207 1155 302 1190 igitur,
320 1163 382 1183 cum
400 1155 494 1184 Jovem
517 1158 677 1192 peperisset,
705 1158 764 1193 ejus
782 1159 901 1193 pulchri-

113 1199 208 1226 tudine
224 1204 253 1226 et
275 1200 367 1228 vultus
382 1201 515 1235 elegantia
541 1207 674 1236 permota,
692 1203 786 1230 furtim
811 1205 904 1232 subla-

110 1248 169 1272 tum
199 1245 227 1271 in
253 1245 361 1273 Cretam
386 1247 488 1279 emisit.
513 1248 593 1283 eique
615 1249 740 1282 Curetes,
765 1251 902 1279 dmmones

110 1291 259 1324 quosdam,
286 1291 420 1325 adiunxit,
444 1293 492 1328 qui
511 1301 620 1328 gravem
638 1302 736 1323 sonum
761 1301 842 1331 atque
859 1305 903 1324 ar-

110 1342 223 1362 morum
253 1337 386 1378 crepitum
404 1338 566 1372 excitarent,
593 1348 626 1367 ac
650 1341 801 1376 tripudium
825 1343 902 1375 illud,

109 1381 182 1416 quod
198 1381 392 1416 Pyrrhichium
406 1384 516 1416 dicitur,
542 1387 639 1414 armati
664 1394 787 1422 agerent,
810 1393 839 1414 ut
860 1396 903 1414 ar-

111 1434 222 1454 morum
258 1428 372 1462 strepitu
407 1437 517 1463 gravem
552 1431 664 1460 infantis
701 1433 747 1461 Dei
782 1435 901 1468 vagitum

108 1476 278 1507 vastumque
292 1480 389 1501 sonum
409 1478 498 1509 tegere
515 1483 626 1510 possent
642 1486 650 1504 τ
668 1486 702 1505 ne
722 1478 792 1506 forte
806 1481 902 1508 Satur-

109 1525 176 1549 nus,
193 1525 210 1545 e
225 1518 299 1546 ccelo
312 1520 430 1554 vagitum
448 1521 573 1554 audiens,
593 1523 681 1558 ipsum
696 1532 805 1560 quoque
819 1526 902 1553 devo-

946 286 1088 319 lndebaut,
1114 286 1221 313 animos
1247 286 1352 313 illorum
1367 294 1382 313 a
1397 286 1498 315 doloris
1513 296 1594 317 sensu
1610 297 1736 319 averten-

946 333 997 360 tes.
1012 335 1093 365 atque
1109 330 1141 357 ad
1160 330 1348 365 perferendam
1365 332 1547 360 exsectionem
1560 334 1734 365 inflamman-

946 379 998 402 tcs.
1015 375 1121 408 Quibus
1133 381 1225 410 postea
1247 376 1293 403 alii
1309 377 1444 404 medicam
1471 385 1581 406 manum
1608 382 1735 410 admove-

946 421 1021 452 bantI
1048 421 1232 456 Corybantum
1250 426 1356 456 gestum
1377 421 1529 456 imitantes,
1552 425 1666 459 perinde
1682 430 1736 454 scis

946 468 1008 495 licet
1024 475 1055 495 ac
1071 468 1093 495 si
1112 468 1214 495 Rheam
1229 468 1315 502 ipsam
1329 469 1550 498 consolarentur.
1565 471 1735 506 Corybantes

946 517 1049 545 autem,
1074 521 1160 547 genus
1182 519 1247 542 sunt
1263 515 1428 548 dirmonum,
1446 517 1485 543 vel
1501 516 1667 544 furiosorum
1684 518 1736 545 ho-

948 561 1063 592 minum,
1087 560 1170 587 Rheae
1194 560 1436 593 subservientium,
1460 569 1529 596 quos
1549 563 1670 598 Cnbyros
1687 571 1736 590 vo-

948 610 1020 632 cant.
1046 604 1131 632 Porro
1157 610 1270 632 matrem
1292 606 1361 632 hanc
1383 606 1495 633 deorum
1524 608 1575 634 etsi
1606 615 1659 635 non
1678 616 1738 636 om-

950 653 1036 683 nium.
1061 656 1087 678 at
1106 655 1181 679 certe
1194 651 1269 678 Jovis
1285 651 1465 687 fratrumque,
1481 653 1567 688 ipsius
1583 659 1667 688 poeta:
1681 659 1737 681 tra-

949 698 1027 730 dunt,
1044 698 1274 732 quemadmodum
1290 702 1317 724 et
1329 702 1434 732 patrem
1447 699 1560 725 deorum
1576 699 1735 728 Saturnum.

950 743 989 770 Ac
1008 743 1130 778 Phryges
1144 747 1234 774 erant,
1252 744 1298 778 qui
1322 744 1478 778 hnjnsmodi
1497 744 1601 780 flagitia
1615 746 1641 772 in
1657 739 1739 774 Rhea:

951 789 1081 816 honorem
1100 789 1277 823 peragebant,
1302 793 1383 824 atque
1401 789 1481 817 iidem
1504 790 1694 823 initiabantur.
1711 791 1738 818 id

951 839 1002 867 est.
1018 835 1183 862 exsectionis
1198 835 1321 862 cruciatu
1340 835 1536 863 adiciebantur.

987 881 1054 908 lbid.
1080 880 1136 908 Nec
1159 880 1247 915 puella
1271 881 1390 915 quadam
1405 882 1476 915 apud
1488 890 1536 909 nos
1561 883 1673 917 rapitur,
1685 887 1738 911 etc.

953 926 1090 959 Cererem,
1116 934 1198 954 unam
1214 934 1247 954 ex
1265 927 1385 961 antiquis
1406 928 1521 957 deabus.
1544 927 1738 963 Proserpinam

953 973 1090 1008 peperisse
1104 973 1219 1007 ﬁngunt,
1234 980 1315 1006 quam
1332 972 1422 1006 Pluto,
1446 973 1502 1000 sive
1514 973 1613 1004 Orcus.
1639 974 1738 1008 rapuit.

952 1018 986 1045 At
1001 1023 1098 1051 mater,
1120 1025 1179 1044 eam
1196 1018 1325 1045 omnibus
1343 1018 1370 1045 in
1387 1018 1455 1046 locis
1470 1018 1647 1053 conquirens,
1669 1019 1738 1057 apud

954 1063 1107 1091 Eleusinem
1132 1062 1158 1089 in
1172 1063 1283 1090 C'eleum
1299 1071 1331 1090 ac
1357 1064 1552 1098 Triptolemum
1577 1064 1681 1095 incidit,
1706 1064 1741 1093 ab

952 1109 1040 1144 iisque
1054 1109 1088 1136 de
1105 1108 1165 1136 lilia
1190 1114 1268 1144 raptu
1292 1110 1392 1136 certior
1408 1109 1487 1141 facta.
1503 1109 1583 1137 finem
1597 1115 1739 1145 pertotum

953 1156 1046 1183 orbem
1071 1155 1185 1190 vagandi
1210 1154 1294 1187 fecit,
1323 1156 1444 1190 ipsisque
1469 1155 1551 1183 tritici
1579 1163 1612 1183 ac
1645 1156 1739 1183 hordei

953 1201 1068 1235 semina,
1083 1201 1205 1228 nondum
1228 1205 1291 1229 ante
1307 1201 1332 1228 id
1350 1206 1456 1236 tempus
1472 1202 1539 1232 visa,
1567 1202 1640 1228 dono
1656 1202 1741 1234 dedit,

953 1250 1035 1280 atque
1059 1246 1194 1273 alatorum
1221 1246 1370 1273 draconum
1388 1253 1499 1273 currum
1522 1249 1599 1279 utcx
1619 1246 1741 1278 sublimi,

953 1291 1024 1318 sicut
1039 1296 1125 1326 poetae
1141 1290 1309 1324 fabulantur,
1334 1298 1384 1325 per
1406 1291 1560 1318 universam
1582 1294 1682 1317 terram
1698 1298 1744 1318 se.

954 1336 1028 1363 mina
1062 1340 1229 1370 spargerent.
1255 1335 1310 1363 Hos
1328 1336 1396 1363 duos
1416 1336 1569 1370 petulanter
1583 1340 1663 1370 atque
1679 1335 1742 1362 libi-

954 1382 1050 1410 dinose
1072 1381 1157 1410 Ceres
1181 1382 1317 1414 adhibuit,
1342 1389 1374 1409 ac
1395 1381 1519 1416 quaedam
1544 1382 1572 1409 in
1598 1389 1646 1409 eos
1669 1381 1742 1414 fecit,

953 1428 1077 1462 quaedam
1106 1428 1189 1455 etiam
1217 1428 1337 1456 vicissim
1365 1428 1400 1455 ab
1423 1428 1457 1455 iis
1478 1435 1556 1462 passa
1578 1433 1629 1455 est.
1654 1428 1743 1462 Atque

954 1474 1012 1502 haec
1036 1475 1128 1502 omnia
1157 1475 1222 1509 ipsis
1244 1482 1293 1509 per
1317 1482 1397 1502 unam
1423 1479 1529 1502 noctem
1553 1475 1581 1502 in
1605 1474 1742 1506 Eleusine,

953 1528 1014 1555 quae
1035 1521 1132 1547 Atticae
1157 1521 1232 1548 locus
1258 1525 1316 1553 est,
1345 1521 1505 1548 celebranda
1532 1520 1639 1547 tradidit
1657 1529 1664 1547 :
1680 1528 1742 1548 nam

107 1567 196 1590 raret.
222 1562 355 1597 Lapidem
372 1570 462 1594 autem
486 1566 577 1595 fasciis
593 1568 743 1597 involutum
760 1571 815 1598 nati
841 1571 900 1599 loco

953 1573 985 1593 ex
1009 1573 1040 1593 ea
1069 1567 1136 1593 urbe
1160 1567 1215 1593 nati
1240 1570 1329 1593 erant.
1364 1565 1400 1592 Ea
1422 1566 1514 1600 igitur,
1532 1574 1593 1601 qua:
1618 1567 1652 1593 ab
1675 1566 1743 1599 ipsis

107 1608 211 1636 marito
225 1608 414 1638 devorandum
429 1612 550 1647 reliquit.
560 1613 645 1646 Quem
660 1623 721 1642 cum
734 1616 900 1650 devorasset,

103 1660 152 1680 eos
184 1661 317 1689 quoque,
349 1663 419 1691 quos
447 1658 525 1692 prius
552 1659 741 1695 absorpserat,
771 1663 900 1691 evomuit.

104 1698 245 1726 Cit-terum
261 1699 386 1728 historia
398 1701 535 1735 proditum
551 1709 594 1731 est
605 1704 678 1732 hunc
689 1705 783 1733 Jovem
798 1707 902 1741 praesti-

101 1744 240 1778 giatorem
263 1750 292 1772 et
304 1746 451 1774 scelestum
467 1748 605 1777 hominem
621 1750 715 1784 fuisse,
728 1751 901 1780 Cretensium

103 1793 260 1824 tyrannum
281 1800 288 1818 :
309 1793 378 1826 apud
392 1799 460 1828 quos
476 1794 550 1822 illius
567 1803 675 1830 quoque
693 1804 900 1826 monumentum

100 1836 280 1869 ostenditur,
310 1838 513 1867 discrucientur
538 1841 602 1869 licet
625 1846 707 1877 atque
727 1843 902 1872 otiendanlur

99 1879 152 1908 hac
166 1882 312 1913 oratione.
339 1883 384 1917 qui
410 1884 482 1912 inter
497 1885 622 1914 ethnicos
652 1888 806 1916 eruditione
831 1897 901 1923 prai-

102 1931 193 1959 atant,
220 1933 309 1961 atque
328 1927 469 1957 historiam
482 1930 552 1959 banc
568 1931 703 1965 rejiciant.
724 1933 800 1966 Quos
819 1934 901 1961 etiam

97 1970 202 1998 irridet
226 1971 397 2007 Theologus,
424 1975 515 2008 utqui
540 1975 711 2010 ineptissime
736 1982 902 2011 nugarentur

94 2015 199 2045 Jovem
228 2017 308 2052 (quia
335 2018 361 2045 in
388 2025 421 2045 eo
444 2019 536 2047 divina
559 2021 679 2054 potentia
697 2022 779 2056 erat),
799 2029 902 2057 nequa-

95 2069 184 2096 quam
201 2071 357 2098 puerorum
374 2071 449 2091 more
465 2065 528 2092 eaili
544 2073 610 2094 voce
623 2067 749 2102 vagiisse,
773 2068 820 2095 sed
835 2069 901 2096 hor-

93 2108 210 2136 rillcum
242 2109 392 2143 quemdam
418 2109 549 2143 eiulatum
573 2112 703 2144 edidisse,
729 2117 810 2148 atque
831 2113 900 2141 adeo

92 2160 225 2188 vastum,
247 2159 277 2181 ut
294 2155 326 2181 ad
344 2154 443 2182 ccelum
462 2164 549 2191 usque
570 2163 735 2192 permeat-et.
758 2159 798 2186 Ac
815 2164 900 2193 poetae

89 2200 215 2233 quidem
249 2200 366 2233 lapidem
395 2209 444 2235 pro
466 2201 533 2230 Jove.
558 2211 572 2230 a
599 2203 718 2231 Saturno
738 2204 898 2232 devoratum

955 1615 1035 1638 noctu
1049 1611 1258 1638 celebrabantur
1278 1615 1360 1646 atque
1384 1611 1591 1645 peragebantur.
1614 1618 1641 1638 ιιι
1658 1616 1739 1639 nocte

954 1656 1047 1691 digna,
1074 1656 1194 1684 interdiu
1222 1663 1441 1684 commemorare
1466 1664 1509 1683 me
1537 1658 1630 1692 pudet,
1661 1661 1743 1691 atque

954 1708 986 1727 ex
1014 1701 1185 1735 turpitudine
1215 1701 1376 1736 mysterium
1406 1701 1611 1736 quodammodo
1641 1702 1742 1736 facere,

954 1746 1084 1773 nimirum
1096 1746 1140 1773 die
1157 1746 1226 1774 festo
1241 1746 1401 1773 memoriam
1415 1753 1511 1774 eorum
1528 1747 1661 1774 faciendo.
1674 1747 1742 1775 Nota

953 1796 1018 1820 sunt
1034 1792 1093 1819 hate
1104 1791 1205 1819 Graecae
1220 1791 1423 1826 superstitionis
1436 1791 1634 1826 hierophantis,
1647 1792 1673 1818 id
1690 1797 1742 1824 eat,

953 1836 1109 1863 divinorum
1133 1837 1307 1863 oraculorum
1331 1835 1503 1863 antistitibus
1525 1840 1607 1870 atque
1622 1836 1742 1865 doctori-

954 1880 1015 1912 bus,
1040 1881 1142 1915 quihus
1161 1880 1311 1908 inaiolabili
1341 1881 1397 1916 iege
1416 1881 1590 1909 interdictum
1614 1887 1684 1915 erat,
1708 1889 1743 1909 no

953 1925 1011 1953 lucc
1025 1930 1109 1960 atque
1122 1925 1281 1960 hujnsmodi
1299 1926 1429 1961 mysteria
1446 1927 1517 1961 apud
1542 1934 1600 1959 eos,
1627 1927 1674 1961 qui
1700 1928 1742 1955 his

952 1972 1039 2000 sacris
1055 1972 1166 1999 minime
1181 1971 1280 1999 initiati
1296 1976 1398 2004 essent,
1425 1973 1594 2008 evulgarcnt.
1618 1973 1656 2000 Ac
1679 1981 1741 2008 pro-

952 2019 1023 2047 fecto
1042 2019 1151 2047 silentio
1168 2027 1277 2055 quoque
1297 2020 1378 2056 digna
1404 2024 1484 2048 erant
1509 2025 1619 2056 propter
1644 2020 1742 2048 imma-

951 2072 1013 2092 nem
1024 2065 1062 2093 rei
1077 2065 1284 2093 obsoenitatem.

987 2111 1054 2139 Ibid.
1068 2111 1100 2139 C.
1128 2111 1185 2138 Nec
1205 2111 1326 2139 Bacchus
1347 2112 1401 2139 hac
1423 2116 1515 2139 nostra
1531 2111 1670 2146 mysteria,
1688 2115 1741 2138 etc.

950 2157 1066 2192 Jupiter,
1081 2165 1143 2184 cum
1161 2157 1269 2185 Semele
1286 2157 1380 2184 Cadmi
1394 2157 1586 2184 Thebanorum
1602 2158 1671 2191 regis
1688 2157 1742 2184 lilia

951 2211 1127 2237 congressus,
1155 2204 1295 2237 gravidam
1318 2211 1377 2230 eam
1403 2203 1532 2231 reddidit.
1557 2201 1629 2229 Juno
1651 2207 1742 2229 autent

91 2244 184 2272 fuisse
200 2250 332 2272 narrant.
357 2246 392 2273 At
417 2247 564 2282 Gregorius
587 2247 692 2280 Jovem,
717 2254 745 2277 ut
770 2250 897 2285 lapidem,
915 2253 937 2280 D
953 2248 1039 2283 ipsius
1057 2256 1137 2281 uxor,
1163 2249 1298 2283 zelotypia
1322 2249 1436 2283 percita,
1460 2248 1494 2275 ad
1519 2248 1644 2274 Semelen
1666 2256 1745 2275 acce-

87 2297 103 2316 a
121 2290 262 2317 Saturno
280 2291 440 2318 devoratum
453 2300 515 2320 esse
532 2293 579 2320 ait.
600 2293 637 2320 Ex
655 2301 710 2328 quo
725 2295 899 2329 perspicuum

87 2340 132 2363 est
161 2343 235 2363 eum
278 2344 330 2365 non
360 2337 393 2365 ad
422 2338 459 2365 rei
487 2343 571 2372 gestae
610 2338 710 2366 famam
737 2340 901 2374 respexisse,

86 2388 196 2408 verum
231 2381 268 2408 ad
306 2382 415 2409 Saturni
444 2384 612 2418 opinionem.
648 2384 725 2412 Jovis
754 2386 844 2416 enim,
873 2390 902 2412 nt

85 2425 185 2453 Cra-ci
217 2427 334 2459 insuper
363 2429 511 2463 ﬁngebant,
536 2430 606 2458 adeo
633 2431 709 2458 firma
740 2435 767 2459 et
789 2432 901 2459 robusta

82 2477 151 2503 erat
178 2477 304 2504 natura,
323 2478 351 2500 ut
366 2482 427 2500 cum
453 2477 503 2503 hoc
527 2477 699 2511 exploratum
725 2477 836 2505 haberet
853 2478 902 2504 Sa-

83 2522 212 2549 turnus,
237 2524 273 2543 ac
286 2517 416 2545 devorato
427 2519 514 2553 lapide
529 2523 700 2549 renitentiam
717 2522 902 2556 duritiemque

84 2565 233 2595 sentiret,
252 2570 286 2590 eo
298 2564 384 2598 magis
396 2572 554 2599 persuasum
570 2568 692 2598 haberet.
704 2577 733 2596 se
742 2568 836 2596 Jovem
850 2569 899 2596 de-

82 2615 350 2645 vorasse,propter
360 2616 463 2638 natum
474 2612 670 2646 ﬁrmitatem,et
681 2615 777 2647 robur,
788 2622 899 2649 pessum

80 2661 211 2684 euntem
218 2676 227 2683 .
237 2655 382 2692 Jovcmigit
389 2665 420 2685 ur
427 2663 456 2685 ut
464 2658 744 2694 lapidemldevoratum
752 2667 812 2687 esse
818 2659 904 2686 Theo.

80 2701 175 2736 logus
196 2701 287 2733 dixit,
302 2702 334 2728 ad
352 2703 507 2730 devorantis
522 2703 676 2738 opinionem
695 2704 855 2739 respiciens.

123 2748 208 2775 lbitl.
230 2746 267 2773 Β.
293 2747 350 2774 Nec
372 2748 517 2783 Phrygum.
535 2755 589 2779 etc.
626 2750 656 2777 ln
678 2749 795 2785 Phrygia
821 2749 903 2778 Rhea).

81 2793 260 2820 delubrum
278 2798 346 2826 erat,
365 2794 391 2820 in
407 2802 462 2828 quo
481 2793 601 2829 Phryges
617 2794 719 2822 festum
734 2796 903 2824 celebrantes

79 2837 219 2874 genitali
251 2839 375 2865 membro
398 2839 603 2873 excidebantur,
629 2840 794 2868 calamitatis
819 2841 905 2878 ipsius

80 2885 231 2920 speciem
252 2885 446 2920 exprimentes,
462 2886 487 2912 in
503 2893 582 2921 quam
599 2886 653 2918 illal
675 2886 738 2914 filiis
752 2894 766 2913 a
783 2885 904 2913 Saturno

953 2293 1031 2324 dens,
1049 2301 1109 2320 eam
1131 2293 1306 2320 vehementer
1322 2293 1452 2327 opinione
1468 2292 1526 2320 falli
1544 2293 1592 2325 ait,
1609 2293 1631 2320 si
1647 2292 1742 2320 Jovem

951 2346 1012 2366 esse
1027 2339 1176 2369 existimet,
1202 2340 1249 2373 qui
1273 2346 1336 2365 cum
1361 2346 1394 2366 eo
1410 2339 1496 2373 stupri
1514 2339 1740 2365 consuetudian

953 2384 1062 2414 haheat,
1088 2383 1195 2411 mortali
1220 2383 1348 2418 quopiam
1376 2390 1437 2411 cum
1461 2391 1492 2412 ea
1515 2383 1710 2417 congreiliI-ntc
1731 2392 1739 2411 :

954 2430 1062 2464 ipsique
1079 2430 1215 2463 persuasit
1233 2434 1272 2462 ut,
1296 2430 1318 2456 si
1350 2429 1498 2464 perieulum
1520 2429 1610 2456 facere
1632 2436 1664 2455 ac
1686 2436 1737 2456 co~

953 2482 1087 2509 gnoscere
1105 2475 1195 2506 vellet,
1209 2483 1273 2501 mnn
1288 2482 1350 2501 vere
1367 2474 1471 2509 Jupiter
1488 2479 1570 2508 esset,
1585 2474 1619 2502 ab
1642 2482 1673 2501 eo
1696 2482 1744 2510 pe-

953 2518 1031 2552 te'ret,
1060 2525 1089 2548 ut
1114 2528 1176 2547 cum
1201 2521 1305 2554 fulgore
1329 2527 1361 2547 ac
1377 2521 1495 2546 tonitruo
1509 2527 1565 2546 rem
1582 2527 1675 2547 secum
1691 2521 1741 2547 ha-

954 2565 1038 2596 bcrct,
1051 2564 1280 2599 quemadmodum
1295 2568 1395 2591 etcum
1408 2563 1516 2590 Junone
1527 2563 1616 2590 facere
1630 2564 1740 2592 soleret.

955 2612 983 2639 ld
1001 2612 1083 2646 igitur
1096 2619 1157 2638 cum
1182 2610 1289 2638 Semele
1306 2609 1440 2644 petiisset,
1453 2608 1558 2644 Jupiter
1584 2617 1646 2636 cum
1673 2610 1743 2636 toni-

956 2663 1029 2689 truo,
1055 2661 1084 2683 ιιι
1099 2660 1140 2683 est
1154 2657 1180 2683 in
1202 2655 1312 2688 fabulis,
1330 2655 1363 2682 ad
1380 2662 1439 2681 eam
1459 2654 1541 2688 venit,
1564 2658 1645 2689 atque
1658 2654 1742 2682 invito

956 2703 1047 2729 animo
1072 2709 1131 2728 eam
1158 2701 1353 2731 concremavit,
1379 2700 1554 2734 dissectoque
1572 2700 1632 2734 ejus
1648 2705 1742 2727 ventre

955 2748 1038 2775 fetum
1055 2748 1145 2774 adhuc
1171 2747 1264 2774 rudem
1281 2746 1386 2779 eduxit,
1403 2745 1553 2780 femorique
1575 2753 1636 2778 suo,
1661 2753 1741 2780 quem

957 2794 1100 2825 inciderat,
1127 2793 1268 2828 imposuit,
1298 2798 1457 2828 partemque
1484 2792 1598 2818 incisam
1622 2791 1741 2823 consuit,

957 2845 1039 2874 atque
1066 2839 1180 2872 expletis
1209 2839 1400 2874 praegnationis
1424 2837 1519 2864 diebus
1542 2835 1670 2863 infantem
1696 2843 1745 2862 ex—

958 2887 1028 2919 tulit,
1046 2885 1256 2921 Dionysiuuique
1273 2885 1431 2914 nominavit.
1446 2884 1536 2919 Itaque
1555 2884 1663 2911 Graecos
1677 2891 1741 2918 sug-
