2027 3162
304 170 374 202 1219

301 271 436 302 brantur,
470 276 641 304 nequaquam
667 268 700 295 iis
728 268 827 294 similia
856 273 939 300 sunt,
971 275 1033 302 qua:
1057 267 1091 294 (le

303 316 407 343 Baccho
423 315 493 349 apml
506 315 619 348 gentiles
634 318 896 345 commemorantur,
913 313 959 347 qui
973 313 1084 348 quidem

301 360 411 387 scmirir
425 364 494 390 erat,
521 362 616 392 utpote
632 365 706 384 nunc
718 365 750 384 ea
767 365 828 392 quas
844 359 954 392 propria
969 358 1090 384 \‘Il‘OI'Illll

301 411 374 436 sunt,
405 404 518 434 faciens.
546 411 620 430 nuttc
641 403 722 429 etiam
752 403 869 437 patiens,
896 410 958 437 qua:
980 401 1090 430 feminis

301 450 480 476 conveniunt.
500 447 554 475 Nec
573 447 661 475 femur
680 447 757 475 Iovis
771 448 938 482 parturiens,
953 455 985 474 ac
1019 455 1089 482 prae-

304 497 443 531 gnantiutu
470 504 546 523 more
572 495 731 531 Dionysium
746 501 867 531 gestans,
887 496 977 523 adhuc
995 496 1089 522 rudem

301 541 387 569 fetum
412 542 588 569 exsistentem
619 549 627 568 :
654 542 884 577 quemadmodum
910 545 988 568 antea
1016 540 1090 568 10vis

300 593 381 622 caput
400 588 482 614 alium
500 588 645 622 quemdam
679 588 764 614 fetum
786 587 962 622 parturierat.
986 587 1088 614 Mitter-

300 642 362 661 vam
380 635 452 661 enim
469 634 561 662 ferunt
576 642 608 662 ex
631 633 705 661 Iovis
720 634 810 669 capite
833 635 981 661 intersecto
997 638 1087 661 natant

301 687 371 708 esse.
397 679 483 707 Porro
505 680 579 707 circa
605 680 763 715 Dionysium
789 680 898 715 quidam
919 680 983 707 vino
998 679 1089 707 obruti

301 730 328 752 et
355 725 446 752 furore
472 726 592 760 correpti
617 726 732 753 choreas
749 726 875 761 agebant,
900 733 933 753 ac
944 726 1088 753 militarem

301 771 499 804 expeditiottem
527 771 650 798 obibant.
675 771 711 797 At
736 770 858 798 Thebani
881 773 1030 806 praesertim
1049 771 1090 805 ip-

307 824 368 843 sum
394 816 528 848 «olebant,
552 817 701 843 tonitruum
716 824 826 851 quoque
839 816 906 843 illud
923 816 1088 852 venerationi

301 862 441 894 habentes,
467 869 522 896 quo
538 862 643 889 Semele
662 862 742 896 hujus
760 867 847 889 mater
862 862 1086 897 eonﬂagraverat.

344 908 403 934 Col.
412 908 464 935 558
474 908 505 935 C.
516 907 573 934 Nec
584 909 743 940 meretricia,
754 913 806 936 ctc.
818 908 1028 944 Finguntpoette
1036 909 1071 937 Ea
1082 925 1087 928 -

300 958 408 980 turnum
417 954 547 981 adversus
555 953 658 981 Caelum
669 959 771 989 mtrem
780 955 935 988 rebellasse,
945 961 1089 990 partesque

298 999 386 1034 ipsius
406 999 546 1034 pudendas
571 999 718 1031 excidisse,
746 1004 829 1034 atque
855 999 882 1027 in
908 1008 985 1028 mare
1000 1001 1089 1035 proje-

296 1046 390 1079 eissc,
421 1046 592 1081 fructumque
622 1046 732 1073 obsceni
764 1046 837 1073 illitts
867 1047 980 1074 membri
1007 1053 1089 1081 atque

299 1091 466 1118 i-xseet'mnis
491 1089 622 1118 Venerem
646 1091 794 1118 exstitisse.
825 1092 913 1125 Atque
936 1091 987 1118 hoc
1008 1093 1089 1118 modo

299 1137 358 1171 ipsa
384 1137 500 1171 turpiter
531 1137 670 1172 progenita
700 1141 753 1165 est.
783 1135 944 1172 Rursusque
975 1137 1089 1172 turpiter

299 1182 450 1208 honoratur
474 1188 525 1216 per
552 1181 702 1215 ﬂagitiosus
725 1182 885 1210 concubitus
904 1187 985 1217 atque
1006 1190 1089 1210 exse—

297 1226 401 1253 cranda
422 1228 561 1262 mysteria.
584 1226 644 1254 Iam
668 1234 733 1253 vero
752 1234 813 1254 cum
831 1227 954 1255 Bacchus
970 1228 1004 1255 ad
1018 1228 1087 1255 infe-

298 1279 345 1299 ros
370 1273 536 1300 descendere
561 1278 682 1308 cuperet,
710 1274 816 1308 iterque
842 1273 990 1308 ignoraret,
1020 1275 1086 1303 ado-

299 1317 406 1344 lescens
420 1318 531 1352 quidam
546 1317 716 1355 Prosymnns
733 1319 844 1346 nomine
860 1319 912 1346 hac
932 1320 1088 1347 conditione

299 1363 370 1390 viam
384 1365 409 1391 ei
421 1364 606 1391 indicaturum
620 1372 650 1392 se
665 1365 803 1400 pollicitus
816 1369 868 1397 est,
883 1365 906 1392 si
920 1371 970 1400 pro
981 1366 1087 1395 itineris

296 1410 506 1437 commonstrati
531 1410 654 1444 prtemio,
681 1410 807 1444 corporis
833 1410 875 1437 sui
901 1411 1008 1445 copiam
1036 1411 1086 1446 ipsi

299 1455 411 1483 faceret.
445 1455 494 1482 llle
527 1463 591 1483 vero
616 1463 646 1483 se
669 1463 770 1490 corpus
792 1463 872 1483 suum
888 1457 921 1483 ad
945 1457 1085 1484 lihidirtem

298 1501 351 1536 ipsi
376 1503 574 1536 permissurum
606 1502 718 1537 recepit,
744 1503 766 1530 si
794 1503 829 1529 ab
854 1502 948 1531 inferis
974 1503 1085 1531 rediret.

299 1547 437 1575 Iterersus
460 1548 542 1582 igitur
566 1555 626 1575 eum
655 1547 834 1582 Prosymnum
858 1555 911 1575 non
937 1548 1085 1576 invenisset

298 1592 433 1628 (extremo
446 1594 518 1620 enim
533 1594 596 1620 vitae
608 1593 653 1620 die
672 1593 831 1627 perfunctus
848 1594 917 1626 erat)
939 1593 1085 1621 ficulneutn

299 1647 406 1666 ramttttt
438 1639 559 1666 excisqu
595 1638 622 1666 in
654 1639 780 1674 genitalis
811 1639 926 1666 membri
965 1639 1084 1669 formam

298 1685 410 1720 eﬂ‘tngit,
438 1693 470 1713 ac
495 1692 573 1712 ramo
591 1685 701 1713 insidet.
718 1684 754 1712 Ita
768 1685 895 1720 promissi
914 1686 994 1713 tidem
1011 1694 1086 1714 mor-

299 1737 345 1759 tuo
367 1736 486 1766 praestat.
507 1731 537 1759 Iu
563 1731 644 1766 hujus
659 1731 751 1766 ﬂagitii
776 1737 980 1759 monumentum
998 1732 1085 1761 Phalli

298 1786 345 1814 per
360 1778 441 1805 urbes
456 1777 586 1812 Dionysio
600 1777 787 1811 erigebantur.
813 1777 900 1804 I’Italli
917 1783 1006 1804 autem
1022 1782 1087 1806 sunt.

297 1824 430 1859 genitales
444 1828 545 1859 partes,
569 1831 631 1859 quae
651 1824 733 1850 etiam
749 1823 814 1858 ipsze
828 1823 972 1859 Ithyphalli
988 1824 1086 1852 dicun-

297 1876 350 1903 tur,
364 1872 436 1906 quod
453 1877 534 1898 rectae
546 1878 579 1898 ac
591 1870 684 1906 rigida:
700 1871 854 1897 tendantur.

333 1917 393 1946 Col.
410 1917 518 1945 559.A.
547 1916 604 1944 Nec
627 1917 778 1944 Taurorum
804 1918 907 1953 feritas,
931 1922 984 1945 etc.
1015 1917 1084 1944 Cum

276 1963 383 1991 Ἧι·ωοὶ
399 1962 510 1997 Trojam
538 1962 646 1990 infestis
673 1963 757 1990 armis
784 1967 926 1998 peterent,
950 1968 1032 1998 atque.
1056 1963 1084 1990 in

297 2009 413 2040 Aulide,
445 2008 491 2042 qui
519 2008 629 2035 Bieotite
652 2008 726 2034 locus
763 2012 822 2040 est,
861 2015 924 2035 cuin
957 2009 1085 2035 omnibus

297 2054 384 2087 copiis
401 2054 508 2081 collecti
533 2059 635 2085 essent,
661 2057 734 2080 tanta
761 2053 906 2087 navigandi
936 2054 1086 2081 incommo-

298 2100 368 2126 ditas
384 2107 398 2126 a
417 2099 502 2125 Diana
519 2099 641 2125 immissa
666 2103 719 2131 est,
737 2103 766 2125 ut
787 2099 877 2126 omnis
893 2106 987 2125 eorum
1006 2107 1085 2126 exer-

297 2146 369 2173 citus
384 2145 440 2172 illic
456 2145 634 2172 detineretur.
655 2143 728 2171 Ilanc
742 2148 833 2171 autem
857 2145 892 2171 ob
907 2152 1018 2172 causam
1044 2145 1084 2172 ira

297 2197 430 2218 succensa
452 2193 522 2222 erat,
539 2189 613 2224 quod
627 2189 825 2224 Agamemnon,
851 2197 914 2217 cum
930 2198 1040 2218 cervum
1056 2191 1082 2218 in

1009 165 1200 196 ADDENDA.

302 227 401 262 gillaus
418 225 583 259 Theologus,
612 223 650 251 ait
667 231 674 251 :
690 223 744 256 Ea,
773 230 835 258 qnte
857 222 928 258 apud
945 229 994 249 nos
1018 223 1089 249 cele-
1104 226 1125 252 Α
1141 222 1313 248 divertcbant
1324 240 1332 253 ,
1363 220 1518 256 jugulahat.

1867 164 1932 197 19.9.!)

1562 220 1604 249 AL
1628 228 1695 248 vero
1725 221 1931 255 Lacedil‘ﬂlmlll.

1142 266 1232 292 Dianae
1258 266 1388 297 cultores,
1415 265 1442 292 in
1468 265 1554 300 ipsius
1580 266 1712 292 honorem
1734 265 1835 293 festum
1864 267 1932 294 cole.

1140 311 1268 343 brahant,
1297 310 1324 337 itt
1350 317 1405 345 quo
1431 311 1622 338 adolescentes
1645 311 1809 339 verberibus
1835 319 1931 347 θοι-ρης

1141 357 1360 391 proscindentes,
1379 364 1453 383 aram
1469 364 1568 384 cruore
1584 356 1799 391 profumlebant,
1824 359 1930 386 virtutis

1140 409 1198 429 sua:
1213 403 1464 436 ntagnitudinisque
1495 403 1579 429 animi
1602 402 1741 437 specimen
1764 404 1930 435 exhibentes,

1139 454 1172 474 ac
1185 447 1346 475 vulneribus
1371 447 1540 482 perferendis
1568 448 1676 482 seipsos
1706 448 1929 482 assuefacientes,

1141 497 1171 520 ut
1186 493 1290 520 scilicet
1305 493 1416 520 vulnera
1435 494 1461 520 in
1486 493 1564 520 bellis
1579 499 1689 528 accepta
1712 498 1929 521 contemnerent.

1139 536 1229 572 Atque
1253 545 1313 564 eam
1342 537 1499 572 huiusmodi
1526 538 1600 565 cultu
1629 539 1880 573 pruseqnebantur,
1904 543 1931 566 ut

1140 581 1302 610 fortitudine
1318 587 1503 616 przestantem,
1530 590 1581 610 nec
1606 590 1620 610 a
1648 583 1784 618 Cupidine
1811 592 1929 619 unquam

1140 627 1254 656 fractam
1272 636 1305 656 ac
1330 635 1500 665 superatam.
1526 628 1558 656 Ili
1585 637 1676 664 porro,
1703 639 1767 657 cum
1783 633 1890 659 cateris
1906 632 1930 659 in

1140 674 1222 701 rebus
1250 674 1335 701 animi
1361 675 1458 701 robore
1484 680 1655 709 praestarent,
1680 682 1712 702 ac
1729 676 1800 702 tuira
1815 677 1929 710 quadam

1140 719 1283 746 tolerantia
1297 720 1404 746 labores
1420 724 1447 746 et
1464 719 1597 746 militares
1613 727 1751 746 aerumnas
1764 719 1930 755 perferrent,

1139 764 1167 792 in
1185 766 1237 792 hoc
1252 771 1309 792 uno
1322 765 1548 800 magnanimitate
1561 773 1610 792 sua
1624 764 1759 800 ﬂagitiose
1775 766 1929 798 utebantur,

1140 810 1212 845 quod
1237 810 1340 838 frustra
1366 818 1428 838 sese
1456 811 1584 842 invicem.
1610 811 1688 845 quasi
1712 811 1819 843 hostes,
1843 812 1930 847 ﬂagris

1140 856 1359 888 conscinderent,
1381 864 1414 884 ac
1426 864 1473 891 per
1498 857 1656 891 ltujusmodi
1682 864 1726 885 res
1748 864 1859 893 gratum
1879 858 1929 885 Deo

1142 902 1244 929 cultum
1261 909 1322 942 sese
1339 902 1469 930 exhibere
1488 903 1687 931 arbitrarentur
1706 912 1714 930 :
1731 911 1794 931 cum
1821 904 1893 932 lenis
1905 910 1929 932 et

1139 948 1260 976 clemens
1288 949 1324 976 sit
1350 956 1432 976 verus
1448 948 1531 981 Deus,
1559 956 1610 976 nec
1635 956 1737 977 cruore
1763 950 1928 978 delectetur.

1138 994 1227 1029 Atque
1256 995 1337 1022 etiarn
1369 995 1439 1022 citra
1469 1001 1578 1022 omnem
1605 995 1802 1023 verecundiam
1832 1003 1929 1031 corpus

1138 1041 1310 1076 detegebant,
1339 1041 1545 1076 impudentique
1575 1042 1725 1076 petulanua
1755 1042 1929 1070 nudabantnr

1139 1084 1278 1121 Spartani,
1306 1086 1402 1121 sicque
1428 1085 1455 1112 in
1482 1086 1604 1113 omnium
1632 1087 1718 1114 oculis
1746 1087 1929 1116 caedebantur.

1138 1133 1221 1167 Atqui
1234 1133 1295 1160 talis
1312 1132 1463 1159 denudatio
1475 1139 1572 1168 parum
1583 1133 1682 1160 decora
1697 1137 1724 1160 et
1742 1133 1864 1161 honesta
1879 1135 1929 1161 vir-

1138 1180 1193 1215 gini
1207 1180 1292 1207 videri
1303 1184 1403 1214 posset.
1414 1180 1549 1213 Quocirca
1563 1181 1586 1208 si
1596 1180 1707 1207 Dianam
1721 1180 1759 1207 illi
1775 1181 1802 1207 in
1816 1182 1927 1208 dearum

1138 1233 1252 1253 numero
1269 1226 1413 1257 habebant,
1444 1234 1476 1253 ac
1491 1226 1604 1260 proinde
1620 1226 1709 1253 lenem
1734 1227 1929 1262 hominumque

1138 1276 1276 1299 amantem
1300 1271 1506 1304 existimabant,
1535 1279 1656 1307 quonam
1675 1272 1759 1299 modo
1787 1274 1927 1308 sanguinis

1137 1316 1296 1352 profusione
1322 1325 1382 1345 eam
1402 1317 1544 1352 delectari,
1565 1325 1598 1345 ac
1626 1318 1677 1346 rite
1694 1318 1747 1345 coli
1775 1319 1929 1353 putabant?

1138 1363 1243 1391 Rursus
1258 1364 1281 1391 si
1305 1364 1438 1399 virginem
1452 1371 1514 1391 esse
1527 1363 1685 1397 credebant,
1709 1371 1759 1391 cur
1784 1365 1928 1392 obscenis-

1138 1409 1207 1436 sime
1222 1408 1455 1437 denudabantur?
1478 1408 1546 1436 Nam
1566 1409 1649 1436 iidem
1671 1414 1698 1437 et
1721 1410 1866 1437 mollitiem
1881 1411 1929 1437 bo-

1139 1455 1199 1481 nori
1232 1455 1401 1486 habuerunt,
1431 1454 1558 1490 Syssitia,
1585 1455 1638 1483 hoc
1663 1459 1716 1487 est.
1739 1456 1852 1490 publica
1866 1464 1929 1483 con-

1138 1501 1209 1527 vivia
1235 1501 1422 1533 celebrantes,
1452 1501 1480 1528 in
1505 1501 1606 1535 quibus
1632 1500 1713 1528 fredis
1741 1502 1927 1536 voluptatibus

1140 1545 1297 1579 utebantur,
1343 1546 1486 1580 turpiaque
1515 1545 1631 1580 ﬂagitia,
1660 1551 1689 1573 et
1726 1545 1876 1579 faciebant,
1902 1551 1927 1574 et

1138 1594 1333 1628 patiebantur,
1374 1601 1578 1630 puerorumque
1617 1601 1697 1621 amor
1723 1594 1796 1628 apud
1826 1602 1876 1622 eos
1902 1596 1925 1621 in

1138 1647 1247 1667 summo
1262 1640 1350 1675 pretio
1375 1644 1402 1667 et
1417 1640 1656 1667 commendatione
1675 1645 1734 1668 erat
1751 1649 1759 1667 :
1779 1646 1805 1667 et
1822 1642 1927 1668 caloris

1138 1686 1165 1713 in
1182 1686 1266 1714 rebus
1281 1686 1404 1714 audaciae
1416 1685 1534 1722 insignis
1548 1691 1708 1722 argumenta
1732 1686 1850 1720 dabant,
1874 1688 1926 1715 sic-

1137 1739 1191 1766 que
1218 1731 1246 1758 in
1281 1731 1437 1759 contrarios
1462 1732 1576 1759 allectus
1602 1731 1770 1760 incidebant.
1806 1733 1926 1760 Audaci:

1136 1778 1208 1806 enim
1221 1783 1248 1806 et
1263 1778 1390 1805 mollities
1410 1785 1442 1805 ex
1461 1778 1595 1805 diametro
1609 1778 1679 1805 inter
1697 1786 1727 1806 se
1746 1784 1880 1814 pugnant.

1172 1824 1239 1851 Ibid.
1260 1823 1325 1850 lam
1352 1823 1458 1859 Pelopia
1484 1824 1700 1856 dilaniationem,
1718 1829 1773 1852 etc.
1795 1825 1925 1853 Tantalus

1136 1869 1213 1898 .Iovis
1233 1870 1305 1897 ﬁlius
1320 1870 1387 1898 deos
1401 1870 1539 1905 quondam
1563 1870 1680 1905 hospitio
1701 1871 1846 1906 accepisse
1861 1871 1927 1899 dici-

1137 1922 1190 1950 tur,
1208 1916 1350 1952 liliumque
1365 1916 1493 1950 Pelopem
1511 1920 1659 1943 mactatum
1675 1923 1707 1943 ac
1720 1915 1837 1943 ferventi
1858 1924 1925 1951 aqua

1136 1966 1244 1988 coctum
1269 1961 1337 1996 ipsis
1361 1961 1544 1996 apposuisse:
1565 1967 1617 1988 eos
1634 1966 1737 1993 autem,
1755 1969 1860 1989 norum
1877 1962 1925 1990 lto-

1136 2007 1293 2042 spitalitatis
1314 2015 1400 2043 genus
1427 2007 1598 2039 admiratos,
1621 2007 1748 2042 Pelopem
1778 2009 1813 2036 ad
1845 2009 1925 2036 vitam

1136 2062 1280 2082 revocasse
1297 2064 1303 2082 :
1319 2059 1346 2082 et
1367 2054 1432 2089 quia
1449 2054 1506 2081 sola
1523 2053 1606 2081 Ceres
1626 2054 1733 2081 humeri
1752 2060 1857 2090 partem
1873 2063 1925 2082 co-

1136 2103 1268 2134 meilerat,
1301 2105 1406 2136 partem
1428 2101 1504 2128 illam
1528 2107 1639 2127 exesam
1666 2100 1817 2128 eburneam
1847 2110 1926 2136 repo-

1136 2147 1237 2180 suisse,
1254 2153 1336 2181 atque
1361 2147 1398 2173 ita
1415 2145 1559 2181 l’el0pidas
1573 2146 1608 2173 ab
1624 2153 1656 2173 eo
1673 2147 1807 2174 oriundos
1830 2148 1924 2175 hume-

1136 2200 1197 2219 rum
1213 2192 1364 2219 cburneum
1384 2192 1494 2218 habere.
1511 2190 1574 2218 Tria
1593 2191 1675 2226 igitur
1695 2191 1746 2218 hoc
1761 2192 1822 2219 loco
1840 2191 1926 2219 Theo-

297 2237 442 2263 venatione
467 2236 520 2263 telo
547 2235 720 2266 confecisset,
733 2236 840 2271 gloriari
860 2244 943 2264 ausus
969 2241 1022 2268 est,
1050 2245 1084 2264 ne
1099 2234 1123 2262 ι)
1139 2239 1216 2273 logus
1232 2237 1358 2272 suggillat
1380 2243 1407 2264 et
1432 2237 1590 2269 insectatur,
1613 2236 1727 2264 deorum
1758 2237 1872 2270 famem,
1899 2243 1927 2265 ut

298 2282 383 2317 ipsam
399 2282 507 2317 quidem
532 2282 642 2309 Dianam
669 2282 726 2316 pari
744 2282 903 2309 dexteritate
918 2284 1000 2309 telum
1017 2283 1086 2311 mis-

298 2336 390 2355 suram
406 2328 501 2356 fuisse.
529 2327 598 2355 Cum
620 2332 710 2355 autem
727 2327 910 2356 invaleseente
926 2333 1086 2363 tempestate

297 2375 440 2402 oraculum
477 2374 679 2406 consulerent,
716 2380 884 2409 causamque
925 2374 1006 2409 hujus
1046 2375 1084 2402 rei

298 2422 525 2453 sciscitarentur,
559 2427 722 2454 responsum
755 2420 910 2454 accipiunt,
943 2428 1084 2455 nunquam

299 2467 363 2493 ntali
383 2466 463 2500 hujus
487 2465 566 2492 linem
592 2465 806 2500 exspectandum
832 2473 905 2498 esse,
935 2466 986 2493 nisi
1013 2466 1086 2502 Aga-

300 2520 427 2540 menttton
447 2512 507 2539 lilia:
520 2519 576 2539 suae
591 2511 664 2538 caede
679 2510 793 2538 Dianam
812 2511 941 2545 placaret.
970 2498 1086 2540 Persua-

299 2566 348 2586 sus
376 2558 457 2591 igitur
487 2558 675 2592 Agamemnon
699 2557 782 2583 tiliam
808 2564 886 2583 suam
918 2556 1084 2592 Iphigeniam

299 2603 391 2631 Dianm
415 2604 586 2630 mactandam
610 2602 694 2629 sistit.
719 2601 802 2629 Diana
828 2607 919 2629 autem
940 2603 1083 2637 virginem,

300 2651 374 2677 necis
393 2650 512 2684 periculo
529 2653 660 2683 ereptam,
684 2648 716 2675 ad
747 2647 853 2674 Tauros
866 2648 958 2675 emisit
988 2648 1083 2683 (Tauri

300 2703 390 2724 autem
415 2696 442 2723 in
460 2695 566 2722 Boreali
591 2701 667 2729 parte
689 2699 716 2721 et
742 2692 867 2729 Scythica
887 2694 1019 2726 habitant,
1040 2695 1083 2722 ubi

301 2742 392 2769 Diana:
416 2741 558 2768 delubrum
586 2741 649 2775 est),
665 2748 697 2767 ac
718 2746 766 2775 pro
793 2739 898 2774 virgine
919 2746 1028 2766 cervum
1051 2740 1084 2767 ad

300 2789 400 2816 eandem
417 2787 568 2814 substituit.
584 2787 624 2812 Ad
641 2786 714 2813 hunc
729 2786 810 2820 igitur
822 2787 931 2812 modum
947 2784 1082 2820 Ipltigettia

301 2835 371 2868 apud
387 2833 590 2868 Tauroscythas
612 2832 740 2859 sacerdos
767 2832 856 2858 Diana:
880 2832 1005 2859 instituta
1029 2836 1082 2865 est,

301 2886 380 2912 ιιιιμιρ
405 2885 499 2904 omnes
523 2878 642 2907 Graecos.
665 2877 711 2910 qui
726 2877 922 2911 peregrinando
933 2877 966 2904 ad
979 2884 1009 2904 ca
1024 2877 1030 2904 l
1044 2885 1083 2905 sca

1138 2284 1189 2311 diis
1201 2284 1356 2318 indignam;
1371 2283 1478 2310 Tantali
1494 2283 1718 2315 hospitalitatem,
1734 2287 1766 2310 ut
1779 2283 1924 2310 immanem

1137 2335 1163 2358 et
1177 2330 1333 2362 crudelem;
1348 2330 1460 2356 deorum
1477 2328 1700 2363 approbationem
1724 2332 1808 2362 atque
1826 2329 1926 2356 admis-

1139 2376 1255 2408 sionem,
1273 2381 1303 2403 ut
1327 2375 1538 2402 inhumanitatis
1555 2374 1675 2408 plenam,
1702 2379 1797 2409 utpote
1812 2377 1860 2410 qui
1877 2376 1922 2402 bu-

1134 2422 1254 2458 jusrnodi
1270 2421 1359 2455 epulis
1378 2421 1494 2447 libenter
1507 2422 1710 2454 exciperentur.

1172 2467 1239 2495 Ibid.
1261 2467 1319 2500 Quo
1340 2467 1402 2493 item
1423 2465 1481 2493 loco
1503 2465 1635 2492 horrenda
1656 2470 1681 2492 et
1706 2465 1855 2500 caliginosa
1874 2465 1926 2493 Πε-

1136 2519 1202 2540 calte
1229 2518 1353 2549 spectra,
1380 2515 1432 2538 ete.
1462 2511 1580 2537 Hectcn
1603 2509 1714 2544 quidant
1740 2510 1837 2537 lunam
1865 2517 1926 2537 esse

1137 2559 1214 2586 aiunt
1231 2566 1238 2585 :
1254 2557 1377 2584 nonnulli
1390 2556 1470 2582 aliain
1494 2555 1572 2582 deam
1586 2560 1668 2582 noctu
1690 2555 1926 2585 obambulantem,

1136 2604 1244 2631 leonum
1259 2610 1341 2630 cttrru
1354 2607 1469 2633 vectam,
1486 2608 1517 2628 ac
1529 2600 1703 2634 serpentibus
1718 2604 1746 2626 et
1757 2600 1926 2627 draconibus

1137 2650 1257 2684 undique
1271 2649 1402 2681 cinctam,
1419 2651 1503 2682 atque
1514 2647 1666 2673 horrendas
1680 2645 1817 2679 quasdam
1834 2652 1926 2672 rerutn

1136 2694 1241 2728 species
1254 2692 1438 2728 obiicientem,
1459 2698 1557 2726 nempe
1583 2690 1709 2717 homines
1727 2690 1866 2725 quosdam
1885 2690 1929 2716 in-

1136 2740 1235 2768 usitata
1262 2738 1450 2774 magnitudine
1469 2737 1558 2772 capita
1587 2737 1737 2764 draconum
1766 2736 1926 2764 habentes:

1135 2787 1203 2814 adeo
1217 2790 1247 2813 ut
1262 2784 1415 2820 permultos
1436 2783 1533 2811 harqu
1548 2790 1639 2810 rerum
1654 2786 1769 2816 aspectu
1786 2787 1927 2816 perterre-

1135 2832 1222 2860 factos
1242 2832 1269 2858 in
1286 2831 1407 2858 furorem
1430 2834 1513 2864 atque
1538 2829 1674 2856 insaniam
1699 2832 1771 2862 agat.
1798 2826 1927 2862 Tropho-

1135 2880 1197 2906 nius
1211 2883 1301 2906 autem
1318 2883 1403 2912 vates,
1420 2877 1515 2912 gloriae
1539 2875 1686 2911 cupiditate
1700 2874 1842 2907 incensus,
1861 2881 1924 2902 cum
