2027 3162
135 214 198 245 1221

587 215 745 248 NICETAS
765 218 804 249 IN
825 219 934 250 ORAT.
958 219 1081 250 XXXIX
1101 221 1131 250 S.
1153 221 1267 251 GREG.

1681 227 1752 262 1222

137 268 180 294 Ilei
196 266 351 301 opinionem
378 267 449 302 apud
469 268 592 297 homines
607 271 659 298 sibi
684 272 812 307 colligere
834 280 917 308 cupe-
929 276 952 306 Α
969 273 1085 302 fortasse
1100 275 1241 302 hominum
1257 284 1347 305 mores
1360 276 1512 313 designant,
1527 282 1627 311 stultos
1637 285 1749 319 quidem

135 317 184 342 ret.
199 313 226 339 itt
240 313 446 341 subterraneam
459 316 604 349 quamdam
621 325 732 351 specum
747 326 777 346 se
794 319 914 352 inclusit,

135 359 225 393 ibique
242 358 324 385 vitam
345 359 437 387 finiit:
454 366 483 387 ut
505 367 680 396 posteaquam
710 364 835 393 inventus
861 373 914 393 ttott

133 408 215 436 esset,
230 403 258 430 in
273 404 371 431 oculum
385 405 512 440 abreptus
525 411 679 441 putaretur.
697 408 807 437 Daemon
824 415 914 437 autern

134 449 241 482 quitiam
258 457 369 482 specum
385 451 535 485 ingressus.
552 458 633 488 atque
656 454 682 481 itt
701 462 732 481 ea
747 455 914 484 domicilium

133 492 185 519 sibi
201 494 381 527 constituens,
398 496 522 524 homines
543 496 662 531 fallebat,
680 498 865 534 Tropltonium
885 509 916 529 se

133 546 192 565 esse
206 540 343 567 mentiens
359 550 366 568 :
383 545 465 576 atque
476 543 586 570 oracula
603 544 708 572 edebat.
729 546 805 573 Unde
819 548 913 581 etiam,

132 584 178 618 qui
194 584 221 610 in
238 585 448 614 subterraneum
465 588 531 615 illttd
555 594 662 617 antrum
681 598 710 617 se
724 593 913 625 coniciebant,

132 630 262 656 nonnulla
281 631 390 665 quidem
404 633 514 659 oracula
535 633 688 662 referebant
704 645 710 662 :
724 642 915 665 caeterum-re-

132 675 206 708 liquo
223 677 297 703 omni
311 677 372 704 vita:
386 681 506 712 tempore
517 679 610 706 tristes
626 682 830 714 permanebant,
846 683 911 717 quia

132 728 147 747 a
165 720 291 748 daemone
317 722 392 749 illusi
414 723 532 751 fuerant.
551 724 611 752 iam
628 732 699 759 ,νει-ο
727 728 754 754 itt
780 726 913 756 Dodontca

131 765 241 791 civitate
254 773 373 800 quercus
387 772 446 795 erat
463 768 538 795 mirae
554 771 724 804 proceritatis
748 779 779 798 ac
793 773 915 806 pulchri-

132 810 244 842 tudinis,
262 818 343 845 quam
363 812 468 840 daemon
491 814 656 847 inhabitans.
673 818 809 851 garrulam
825 818 914 846 fatidi-

130 862 247 889 camque
266 857 406 885 reddebat.
424 858 452 886 Itt
464 859 573 894 Delphis
593 866 693 896 autem,
710 862 821 891 Graecia:
834 867 912 897 urbe.

129 900 272 934 Apolloms
292 903 421 937 templum
437 909 507 937 erat,
525 912 559 932 ac
577 907 662 941 tripes
686 915 778 936 tenens
793 910 912 945 ph=alam

129 946 289 979 maximam,
303 955 420 983 eamque
431 956 534 977 amcam
549 957 673 986 portans,
690 953 717 980 in
731 956 810 991 cujus
825 956 912 984 medio

130 989 238 1017 cochlea
255 999 330 1018 aenea
348 988 461 1026 pertusa‘
475 1000 565 1021 erecta
589 1002 658 1028 erat,
677 1005 710 1025 ex
725 988 778 1034 qua
801 1002 912 1028 oracula

128 1033 289 1063 edebantur.
305 1036 342 1064 Ea
360 1045 441 1072 porro
453 1040 622 1075 σοφίσματα,
640 1042 666 1069 id
679 1033 913 1080 est,rimposturtts

128 1084 213 1113 atque
230 1082 393 1117 prtestigias,
410 1083 564 1120 Theologus
580 1088 696 1121 vocavit,
713 1094 806 1124 utpote
820 1092 911 1120 dubiis

128 1127 210 1157 atque
226 1124 338 1153 incertis
365 1129 503 1161 responsis
520 1129 644 1158 homines
660 1132 778 1161 fallentia
792 1140 820 1162 et
832 1136 911 1164 delu-

127 1168 229 1195 dentia.
251 1169 388 1200 Castalius
404 1173 523 1208 denique
547 1175 609 1203 fons
633 1182 676 1205 est
704 1178 730 1205 in
753 1180 909 1217 Antiochia,

129 1214 177 1247 qui
194 1221 256 1242 cum
270 1216 388 1245 stridore
409 1222 492 1253 atque
503 1220 605 1255 impetu
620 1228 647 1250 et
664 1223 728 1251 ﬂatu
747 1225 856 1260 labitur,
877 1214 910 1256 es

125 1266 181 1293 quo
198 1261 245 1294 qui
262 1261 402 1295 bibebant,
419 1264 442 1291 si
464 1266 607 1300 strepitum
627 1269 788 1303 audiissent,
808 1271 910 1300 datnto-

126 1303 170 1330 nis
183 1303 275 1332 atiiatu
291 1305 381 1334 futura
399 1310 591 1342 praedicebant.
608 1311 672 1341 [late
685 1320 777 1343 autem
799 1319 910 1346 oracula

127 1348 160 1375 de
184 1350 325 1378 nonnullis
349 1352 458 1386 quidem
486 1355 548 1384 aliis
573 1357 655 1386 rebus
683 1361 827 1388 vaticinari
852 1364 908 1391 visa

126 1398 192 1420 sunt
208 1402 214 1420 :
231 1402 323 1422 verum
341 1398 392 1424 hoc
418 1407 502 1427 unttm
518 1401 555 1437 (6)
568 1404 714 1436 praedicere
739 1414 792 1434 non
811 1413 909 1442 potue-

125 1443 199 1471 runt,
219 1440 276 1467 fore
301 1446 331 1468 ut
350 1442 452 1471 Christi
479 1448 606 1481 potentia:
626 1450 763 1484 cederent,
782 1440 864 1488 atque
880 1455 907 1482 in

122 1491 283 1519 perpetuum
301 1487 421 1515 silerent.

158 1530 219 1557 Cui.
242 1531 305 1558 559.
328 1532 358 1559 Β.
396 1533 450 1561 Nec
478 1535 615 1571 Magorum
642 1547 686 1567 tm
717 1543 904 1578 sacriﬁcandi,

123 1581 202 1609 atque
218 1583 252 1602 ea:
274 1578 451 1613 rietimarttm,
469 1586 524 1609 etc.
549 1583 616 1619 Magi
634 1592 732 1621 genere
747 1587 816 1616 Medi
830 1596 904 1618 sunt.

123 1619 155 1646 ili
174 1622 306 1649 animalia
325 1629 475 1654 mactantes
499 1619 670 1663 excidebant,
689 1637 771 1668 atque
794 1643 825 1663 ex
838 1636 906 1671 jeci-

120 1667 196 1693 noris
231 1667 327 1700 libris,
367 1669 507 1705 ipsiusque
534 1675 674 1707 sanguinis
709 1667 851 1712 eruptione
879 1684 906 1708 et

119 1710 221 1743 forma,
245 1712 397 1741 futururutu
419 1717 604 1750 conjecturam
624 1710 768 1750 faciebant:
787 1725 904 1754 Chaidei

120 1763 212 1784 autent
241 1760 393 1795 astrologia:
418 1769 527 1796 operam
554 1765 667 1799 dabant,
696 1772 776 1803 atque
802 1770 829 1798 itt
854 1772 906 1801 hac

119 1808 177 1830 arte
193 1809 302 1839 tempus
318 1807 494 1842 studiumque
518 1811 667 1846 ponebattt,
682 1820 743 1848 quae
763 1815 790 1842 in
811 1817 906 1845 obser-

118 1850 219 1876 vandis
238 1850 379 1878 hominum
402 1853 538 1882 natalibus
553 1862 686 1891 versatur,
701 1865 784 1895 atque
809 1863 904 1891 eodem

119 1899 193 1921 tnutu
211 1902 268 1928 quo
291 1896 392 1929 sidera,
412 1905 563 1935 eorumque
578 1902 679 1936 figurat,
702 1905 784 1932 vitam
809 1913 904 1935 eorum

117 1940 163 1973 qtti
188 1945 350 1973 nascuntur,
368 1944 432 1970 cicri
459 1950 578 1973 astruit:
594 1953 676 1982 atque
693 1955 820 1983 eventus,
833 1961 904 1986 quos

118 1984 247 2012 homines
271 1988 460 2022 experiuntur,
486 1995 625 2019 astrorum
641 1996 861 2026 eonnexionibus
873 2006 904 2026 ae

117 2030 183 2057 situi
212 2032 389 2064 respondere.
415 2033 505 2068 Atque
531 2043 591 2063 eam
615 2044 699 2066 artem
726 2041 900 2078 profitentur,

116 2075 175 2108 qui,
190 2083 242 2102 nec
256 2077 321 2110 quid
350 2077 400 2112 ipsi
419 2079 484 2111 sint,
503 2086 551 2108 aut
566 2081 592 2108 itt
619 2089 756 2118 posterum
771 2087 842 2115 diem
859 2075 903 2117 fu;

117 2121 170 2147 turi
196 2121 264 2152 sint,
279 2128 449 2156 cotttpertum
466 2125 576 2154 habent.
591 2127 666 2161 Quos
683 2131 764 2159 etiam
784 2133 902 2163 irridens

116 2163 211 2194 Isaias.
231 2165 329 2201 inquit,
352 2166 439 2201 Stent,
463 2178 495 2196 at:
515 2179 615 2199 seruent
638 2179 662 2201 te
683 2177 806 2212 astrologi
821 2180 902 2208 cati:

114 2211 159 2244 qui
174 2210 263 2236 sidera
275 2213 449 2247 prospiciunt,
466 2219 614 2245 renuntient
627 2220 675 2246 tibi
686 2210 812 2256 quidnam
823 2233 902 2260 super

116 2260 140 2280 te
152 2260 262 2281 t'enlttru
267 2265 291 2282 nt
310 2258 344 2284 sit
355 2259 375 2284 ³.

151 2300 221 2328 Ibid.
245 2301 300 2329 Nec
325 2303 456 2332 Thracum
469 2309 545 2342 orgia
563 2309 619 2337 lucc
642 2317 714 2345 sunt,
734 2321 750 2340 α
765 2316 857 2349 quibus
876 2323 901 2345 et

114 2346 281 2380 religionem,
310 2354 364 2377 etc.
393 2350 478 2379 Primi
503 2353 624 2384 Thraces
650 2346 808 2393 religionem
837 2370 901 2397 erga

114 2391 180 2418 deos
200 2391 360 2422 invenerunt
373 2404 379 2422 :
398 2397 468 2425 unde
482 2404 508 2426 et
523 2400 669 2435 θρησκεία,
686 2391 776 2439 idest,
794 2391 899 2443 religio,

114 2443 130 2461 a
159 2435 311 2465 Thracibus
338 2448 437 2479 nomen
465 2444 551 2472 duxit.
569 2445 654 2474 Porro
681 2450 767 2485 orgia.
795 2452 821 2479 id
844 2435 900 2485 2n.

117 2481 249 2515 mysteria
273 2488 302 2509 et
323 2492 401 2513 sacra
419 2495 450 2515 ae
467 2488 534 2518 festa
549 2491 676 2527 Orpheus
692 2481 759 2530 ipsis
774 2498 894 2533 tradidit,

114 2533 199 2559 quem
219 2526 296 2554 aiunt
309 2531 419 2558 musicae
435 2537 493 2561 arte
509 2536 670 2566 instructum
687 2547 713 2568 et
730 2543 832 2570 cithara
852 2552 897 2572 ca-

116 2575 238 2603 nentem,
257 2577 313 2599 tum
331 2581 374 2601 res
389 2576 478 2604 anima
494 2586 618 2609 carentes
635 2585 823 2620 permulsisse,
838 2593 896 2617 tum

115 2615 255 2645 furentum
276 2619 424 2648 bestiarum
446 2624 549 2652 rabiem
576 2615 773 2664 consopivisse.
791 2632 820 2660 Itt
842 2641 897 2670 quo

151 2696 162 2710 ³
177 2694 227 2724 lsa.
245 2705 329 2731 turn,
346 2699 390 2726 12.

155 2774 317 2824 Verum.
336 2779 384 2824 tu»:
399 2788 490 2809 unum.
508 2782 540 2810 Ι).
555 2783 736 2824 iiieronymus
761 2796 900 2824 exponens

116 2809 175 2835 hace
198 2813 277 2857 vetita
309 2811 383 2854 Isaia:
402 2809 543 2857 eatp._xtt_;:
556 2809 692 2848 Nuntié’nt

115 2849 197 2893 inulti.
219 2855 227 2871 ι
244 2848 443 2893 [ΣιζΙ-,Ἣίιξίιιξίιξ
458 2853 627 2893 deVCAitristo
648 2848 895 2893 -ιιίιιὶίηῦοίιιξίῆιιῖ

115 2878 261 2911 prtediccre
273 2883 283 2909 '.'
299 2878 365 2910 nihil
375 2878 417 2913 'de
426 2878 566 2921 'aposto'lis
575 2878 639 2924 Ejus

919 1606 941 1636 ϐ

966 324 992 346 et
1006 320 1144 351 vecordes.
1161 328 1210 354 per
1225 329 1267 354 ea,
1289 330 1349 357 quae
1363 324 1453 351 anima
1468 331 1571 359 carent,
1589 329 1749 363 significan-

966 367 1006 391 trs
1022 374 1028 392 :
1047 373 1092 399 per
1109 365 1181 394 feras
1197 372 1298 399 autent,
1315 369 1440 396 crudeles
1454 369 1579 399 homines
1596 373 1749 410 intelligen-

967 415 1006 436 tcs
1031 418 1123 446 :quos
1150 419 1246 440 Omnes
1272 415 1386 442 canendi
1411 421 1469 442 arto
1494 419 1668 451 pertrahebat
1695 421 1749 449 0r-

966 455 1062 489 pheus,
1080 462 1108 484 ut
1124 457 1210 485 Cra-ei
1224 458 1339 494 ﬁngunt.

1001 501 1067 530 Ibid.
1094 502 1147 529 Nec
1172 503 1276 530 "Utrm
1302 505 1407 539 justum
1433 507 1558 535 adversus
1585 517 1628 536 eos
1646 511 1748 544 suppli-

965 553 1046 578 ttum,
1066 548 1122 582 qui,
1141 553 1193 576 etc.
1225 548 1350 576 Mithram
1373 552 1496 578 nonnulli
1522 554 1606 580 solent
1628 561 1689 581 esse
1704 556 1746 582 di-

964 595 1038 618 cunt.
1058 591 1126 618 Iiuic
1140 593 1208 620 festa
1225 594 1434 628 peragebantur,
1449 603 1480 623 ac
1502 599 1651 631 praesertim
1674 601 1744 634 apud

964 634 1115 663 Citaldzcos.
1131 637 1171 664 illi
1196 643 1298 672 autem,
1321 640 1366 674 qui
1390 641 1473 675 hujus
1490 642 1580 670 sacris
1604 644 1745 672 intbuendi

963 685 1050 713 erant,
1078 690 1126 717 per
1156 683 1299 712 duodecim
1323 686 1517 721 suppliciorum
1542 697 1640 723 genera
1663 690 1746 718 duee-

965 725 1076 758 bantur,
1095 735 1190 763 nempe
1206 737 1253 764 per
1267 729 1377 764 famem,
1396 740 1445 767 per
1463 733 1564 768 ignem,
1580 743 1629 770 per
1646 735 1742 771 frigus,

964 778 1012 805 per
1031 772 1156 806 verbera,
1177 774 1300 810 aliosque
1317 777 1398 812 huius
1419 780 1526 814 generis
1547 782 1682 810 cruciatus
1698 784 1744 818 ju-

964 822 1034 844 stam
1063 823 1153 847 autent
1184 821 1340 856 huiusmodi
1367 831 1474 859 penum
1491 826 1559 854 dixit
1577 827 1742 865 Tlteologns,

964 865 1036 896 quod
1056 864 1098 892 his
1124 867 1265 902 suppliciis
1289 870 1387 897 merito
1412 871 1593 906 aﬂiccrenlttr,
1616 876 1661 910 qui
1682 864 1744 904 tali-

966 910 1017 939 bus
1045 912 1128 939 rebus
1152 913 1231 940 lldem
1257 915 1397 949 haberent,
1416 922 1445 944 ut
1466 919 1616 947 mercedem
1643 923 1744 951 erroris

965 956 999 983 ab
1014 956 1092 991 ipsis,
1110 965 1226 992 quorum
1241 960 1326 987 cultui
1340 968 1369 988 se
1385 963 1564 998 addixissent,
1579 967 1742 1002 acriperent,

962 1002 1027 1029 dum
1044 1005 1079 1031 ob
1100 1005 1154 1032 illis
1170 1005 1206 1032 ita
1225 1007 1460 1036 exeruciarentur.

1000 1047 1068 1076 ibid.
1089 1048 1145 1076 Nec
1164 1049 1288 1083 Osiridis.
1312 1056 1365 1081 etc.
1387 1053 1472 1081 Osiris
1482 1059 1509 1082 ct
1522 1053 1643 1091 Typhus,
1662 1063 1688 1085 ut
1701 1058 1743 1085 fa-

963 1093 1091 1121 bulantur
1108 1094 1238 1131 lEgyptii,
1262 1099 1392 1125 contrarii
1414 1099 1485 1127 inter
1513 1108 1543 1129 se
1556 1102 1593 1129 dii
1616 1108 1690 1134 sunt.
1711 1112 1742 1132 ac

963 1138 1076 1174 Typltus
1092 1140 1228 1168 Osiridem
1252 1142 1406 1179 discerpsit.
1424 1144 1452 1172 In
1479 1146 1557 1181 cujus
1579 1148 1743 1178 calamitatis

963 1185 1121 1213 memoriam
1145 1186 1264 1223 Egyptii
1280 1188 1379 1217 festum
1400 1197 1561 1227 pet-agentes
1581 1194 1684 1229 seipsos
1701 1195 1742 1222 la-

961 1234 1077 1262 eet-ant,
1103 1235 1185 1265 atque
1209 1232 1321 1261 honoris
1336 1235 1422 1269 ipsius
1441 1243 1524 1265 causa
1548 1238 1575 1265 itt
1589 1239 1661 1266 luctu
1683 1248 1742 1268 ver-

960 1279 1066 1303 santur.
1082 1275 1198 1305 Osiridis
1213 1283 1303 1306 autem
1324 1280 1448 1314 historia,
1466 1290 1513 1310 seu
1527 1285 1619 1318 potius
1637 1284 1739 1320 fabula,

961 1320 1022 1348 talis
1031 1325 1083 1348 est.
1100 1321 1219 1357 Jupiter,
1230 1324 1345 1360 virginis
1358 1326 1514 1361 cuiusdam,
1528 1329 1606 1358 Isidis
1618 1332 1739 1364 nomine,

959 1373 1020 1400 quae
1034 1370 1060 1392 et
1075 1365 1122 1394 luo
1140 1367 1251 1401 dicitur,
1276 1376 1369 1397 amore
1390 1375 1497 1404 captus,
1520 1380 1579 1400 eam
1597 1374 1623 1400 in
1643 1374 1739 1402 bovem

959 1412 1091 1445 mutavit,
1122 1420 1157 1440 ne
1182 1414 1246 1448 quid
1278 1414 1435 1450 huiusmodi
1464 1416 1537 1446 Juno
1569 1420 1739 1449 rescisceret.

958 1454 1060 1483 Verum
1078 1457 1123 1484 illa
1143 1465 1174 1485 re
1195 1465 1345 1493 comperta,
1362 1465 1389 1488 et
1406 1462 1538 1498 zelotypia
1560 1464 1738 1497 inﬂammata,

958 1506 1071 1530 t‘estrutn
1089 1504 1186 1538 puclla:
1212 1505 1335 1538 immisit.
1359 1515 1414 1541 quo
1437 1509 1537 1542 percita
1565 1517 1611 1545 per
1629 1518 1737 1538 omnem

957 1550 1057 1574 terram
1083 1555 1239 1584 vagaretur.
1261 1550 1322 1578 iam
1350 1552 1518 1582 Mendesium
1541 1555 1649 1592 (Egypti
1672 1557 1740 1584 urbs

957 1596 1010 1625 est,
1027 1593 1054 1620 in
1075 1602 1129 1630 qua
1145 1596 1239 1624 hircus
1252 1604 1302 1631 pro
1318 1598 1370 1625 deo
1386 1599 1547 1633 habebatur,
1562 1609 1595 1629 ac
1608 1595 1738 1629 Mendesii

957 1637 1059 1673 hircos,
1078 1645 1108 1667 ut
1123 1641 1201 1673 deos.
1216 1643 1360 1678 plusquam
1376 1644 1481 1680 seipsos
1500 1647 1674 1680 verebantur,
1692 1652 1740 1676 aut

956 1683 983 1710 in
1000 1691 1096 1713 eorum
1109 1686 1240 1715 honorem
1252 1688 1320 1717 festa
1333 1691 1516 1719 celebrabant.
1536 1693 1656 1720 Vttqum
1672 1701 1738 1721 vero

956 1728 1110 1765 Memphita:
1135 1739 1244 1761 sutnma
1275 1735 1406 1770 religione
1439 1737 1589 1771 colebant,
1621 1747 1740 1774 eumque

955 1775 1037 1809 Apim
1065 1779 1271 1813 nuncupabant,
1295 1787 1328 1808 ac
1350 1783 1483 1817 praesepio
1499 1783 1636 1811 inclusum
1654 1785 1739 1812 habe-

956 1820 1031 1854 bant,
1048 1821 1211 1858 publiroqne
1239 1825 1382 1853 hominum
1400 1832 1539 1855 conventu
1563 1829 1696 1857 sacrificia
1712 1829 1738 1858 ei

955 1865 1115 1894 oiierebant.
1134 1867 1218 1903 Signa
1235 1876 1325 1897 autem
1340 1873 1464 1906 quatiam
1481 1881 1496 1900 a
1508 1874 1615 1901 caeteris
1630 1876 1738 1903 diversa

954 1910 1021 1945 Apis
1038 1911 1165 1946 habebat,
1189 1919 1246 1941 tum
1262 1916 1334 1943 circa
1356 1918 1483 1951 caudam,
1510 1923 1566 1946 tum
1593 1921 1665 1948 circa
1684 1921 1736 1948 litt-

955 1963 1035 1990 guam
1053 1965 1061 1983 :
1077 1964 1108 1984 ac
1125 1958 1148 1985 si
1169 1959 1232 1993 quis
1246 1960 1381 1994 ejusmodi
1399 1962 1469 1990 inter
1484 1969 1606 1993 armenta
1622 1974 1740 2001 conspe-

954 2006 1015 2029 ctus
1033 2002 1141 2035 fuisset,
1158 2004 1302 2033 confestim
1317 2007 1350 2034 ad
1366 2015 1474 2036 sacrum
1487 2017 1609 2046 praesepe
1622 2013 1656 2040 ab
1669 2013 1739 2047 ipsis

954 2048 1154 2076 assumebatur.

989 2091 1058 2120 Ibid.
1078 2094 1108 2121 C.
1142 2095 1197 2123 Nec
1225 2104 1316 2125 omnes
1349 2100 1369 2126 ii
1394 2101 1525 2136 honores,
1552 2108 1606 2133 etc.
1627 2105 1736 2134 Gradus

953 2137 1062 2170 quidam
1091 2139 1188 2174 lapidei
1216 2144 1285 2171 scite
1321 2147 1455 2180 exsculpti
1484 2149 1556 2176 circa
1581 2148 1634 2177 Nili
1664 2153 1734 2179 ostia

952 2188 1045 2215 erant,
1066 2185 1112 2219 qui
1127 2186 1235 2221 πήχεις,
1254 2188 1280 2216 id
1296 2194 1348 2222 est,
1367 2192 1458 2226 cubiti,
1477 2195 1664 2223 nominantur.
1679 2197 1734 2225 llos

952 2228 1132 2258 observabant
1147 2231 1279 2268 Egyptii,
1292 2243 1347 2270 quo
1361 2241 1482 2272 tempore
1495 2241 1592 2269 fluvius
1611 2244 1734 2270 exunda-

919 2270 940 2297 D
955 2273 1001 2299 bat
1015 2281 1023 2301 :
1040 2281 1073 2301 ac
1089 2276 1222 2310 siquidem
1241 2280 1275 2306 ad
1293 2281 1365 2309 hunc
1378 2270 1425 2310 aut
1445 2284 1519 2313 illum
1535 2287 1646 2321 gradum
1663 2297 1734 2323 aqua

950 2326 1079 2353 provecta
1104 2321 1213 2355 fuisset,
1238 2332 1288 2360 pro
1316 2334 1448 2357 ascensus
1478 2333 1582 2360 ratione
1603 2336 1734 2362 ubertatis

951 2363 1059 2398 frugum
1081 2366 1271 2400 conjecturam
1289 2371 1440 2401 faciebant.
1464 2375 1558 2411 Itaque
1583 2385 1732 2412 proventus

951 2408 1108 2439 felicitatem
1133 2414 1235 2442 cubitis
1266 2418 1368 2450 metiri,
1398 2420 1450 2448 hoc
1479 2408 1531 2454 esi,
1558 2408 1671 2452 delinire
1704 2431 1732 2452 et

952 2458 1100 2490 mstimare,
1118 2460 1290 2489 videbantur.
1305 2463 1375 2491 Sunt
1389 2470 1478 2493 tamen
1493 2469 1539 2502 qui
1556 2468 1658 2501 dicunt,
1677 2479 1731 2499 nun

951 2502 1052 2536 gradus
1073 2505 1205 2538 quosdam
1225 2514 1297 2540 esse,
1321 2517 1416 2537 verum
1446 2513 1613 2547 columnam,
1635 2516 1731 2551 inqua

950 2547 1002 2575 itoc
1033 2551 1155 2584 tempore
1184 2552 1292 2581 cubitus
1319 2557 1467 2585 metiuntur
1496 2559 1635 2595 Egyptii,
1659 2547 1729 2596 aqua

951 2592 984 2618 ad
1008 2592 1081 2620 hunc
1111 2599 1158 2622 aut
1187 2596 1263 2624 illum
1300 2601 1421 2629 cubztum
1447 2592 1632 2634 “crescente.
1659 2592 1729 2634 Olim

950 2643 1042 2665 autent
1059 2638 1149 2667 Nilum
1172 2642 1322 2673 honoribus
1341 2646 1502 2682 allicientes,
1522 2658 1554 2678 ac
1578 2651 1729 2680 fertilitatis

953 2800 978 2822 et
1000 2799 1145 2841 abolitione
1160 2801 1344 2841 templorum?
1359 2804 1387 2832 Si
1402 2813 1467 2841 ergo
1486 2814 1564 2835 Itum
1588 2809 1727 2840 interitum

946 2838 1156 2875 tto-utpotuerunt
1174 2837 1332 2875 pratdicere,
1346 2837 1485 2874 quomodo
1499 2844 1586 2871 aliena
1602 2844 1644 2872 vel
1656 2837 1726 2875 maia

946 2867 987 2893 vel
1001 2868 1071 2894 bona
1084 2867 1221 2903 potucfint
1235 2867 1382 2902 nuntiare?
1398 2886 1407 2902 ι
