2027 3162
269 188 339 223 12°23

971 181 1161 213 ADDEN'DA.

1828 177 1899 212 1224

266 249 407 272 auctorem
443 249 505 271 eum
536 245 733 277 agnoscentes,
768 239 819 275 ipsi
850 243 979 273 tanquam
1009 238 1059 265 deo
1072 241 1096 272 Α
1110 244 1188 264 error
1203 236 1238 263 ab
1253 242 1286 263 eo
1311 239 1435 271 tempore
1458 239 1598 271 grassatus
1623 238 1677 268 est,
1690 242 1746 270 quo
1760 234 1902 262 dzeniones

267 289 367 318 festum
393 288 571 324 spurcissima
604 291 632 314 et
656 286 823 314 exsecranda
846 285 957 312 libidine
972 283 1057 311 .celc-

268 335 394 363 orabant.
422 333 488 360 Illud
505 333 578 360 enim
601 332 819 368 praetermittam,
844 330 916 365 quod
937 334 964 356 et
980 329 1056 356 vilis-

268 381 337 406 siina
363 386 472 413 quoque
500 378 666 407 auimalcula
691 382 719 405 et
740 377 844 411 reptilia
870 376 1007 406 colebant,
1028 379 1056 402 et

268 424 333 452 feles
353 430 379 451 et
401 424 537 458 scorpios,
564 429 591 451 et
610 428 761 458 serpentes,
787 429 900 456 suaeque
923 429 986 455 erga
1013 428 1056 447 res

267 474 360 503 turpes
399 473 427 496 et
460 469 595 497 obscenas
622 468 816 499 liberalitatis,
847 467 1055 500 ambitiosaique

266 514 463 541 muniﬁcentia:
477 516 618 550 specimen
635 515 766 541 edebam.
789 513 829 542 Ac
848 512 975 548 privatim
994 511 1056 546 qui-

266 558 327 585 dem
356 558 506 592 unicuique
532 558 630 585 liorum
659 558 757 585 festum
790 558 945 584 institutum
979 561 1053 586 erat,

267 604 415 631 infelicitas
431 611 522 632 autem
536 605 695 640 perditaque
711 604 829 632 amentia
845 604 967 630 omnium
980 609 1056 630 com-

267 649 358 676 munis
372 653 441 676 erat.
463 650 503 676 Ad
520 657 602 677 unum
621 649 694 676 enim
724 649 874 684 impietatis
898 655 1010 682 scopum
1029 652 1057 675 et

266 695 367 721 diaboli
387 695 490 722 cultum
511 695 604 722 omnia
620 695 819 722 referebantur.

303 739 363 767 Col.
378 739 431 766 542
444 740 476 766 Α.
499 740 571 768 Adeo
583 745 623 771 ut.
636 741 766 775 siquidem
787 740 894 767 omnino
908 747 951 767 eos
964 740 1056 774 impie-

265 790 322 813 .tate
343 785 499 820 caitstriugi,
525 791 578 813 etc.
613 785 684 813 Sunt
712 786 758 820 qui
787 785 956 820 Theologum
983 786 1057 814 inse-

267 835 376 858 clentur
392 850 400 863 ,
430 831 546 865 primum
573 832 646 865 quod
670 831 771 859 dixerit
795 840 801 858 :
830 830 968 866 Impietate
990 838 1056 859 con-

268 875 365 910 stringi
382 876 538 910 oportebat,
553 876 650 904 deinde
663 877 736 911 quod
753 877 879 904 cordatus
896 876 968 903 viros
981 880 1054 903 tanta

268 922 409 956 impietate
434 922 569 950 devinctis
587 922 741 950 hominibus
760 923 796 949 nil
813 922 886 950 aliud
907 922 1053 956 imprecari

267 969 366 997 debere
388 968 499 1001 dixerit,
523 976 605 1003 quam
625 973 654 996 ut
671 976 715 996 res
738 968 897 1003 huiusmodi
922 972 1055 1003 perpetuo

266 1019 444 1042 venerentur.
473 1014 574 1042 Contra
607 1015 697 1048 enini,
727 1015 878 1050 inquiunt,
905 1022 955 1050 pro
988 1015 1055 1050 ipsis

266 1060 399 1087 orandum
414 1059 515 1091 fuerat,
533 1064 561 1087 ut
575 1060 722 1094 impietatis
739 1060 848 1087 vinculo
867 1060 1053 1087 solverentur.

268 1105 321 1132 Sed
338 1108 395 1133 time
417 1106 500 1133 stulta
515 1110 544 1133 et
568 1105 671 1141 inepta.
695 1105 763 1133 Illud
789 1110 880 1133 autem
897 1105 1054 1137 sciendum,

269 1151 322 1179 hoc
342 1152 466 1184 verbum,
494 1152 647 1187 Oportebat,
680 1151 827 1187 aliquando
849 1151 920 1178 idem
946 1151 1054 1186 signiti-

268 1205 341 1229 (mre,
358 1200 430 1232 quod
455 1199 532 1226 decet
552 1202 580 1225 et
605 1198 735 1225 convenit
754 1207 761 1225 :
778 1197 928 1232 aliquando
946 1205 997 1232 pro
1022 1204 1056 1225 eo

267 1244 339 1276 quod
363 1245 523 1272 necessario
547 1243 588 1276 lit,
614 1243 713 1279 accipi,
739 1248 769 1271 ut
789 1245 841 1271 hoc
865 1244 937 1273 loco.
963 1243 1056 1279 Siqui-

266 1288 339 1320 dem,
367 1288 466 1323 inquit,
484 1290 603 1316 omnino.
615 1288 738 1317 futurum
756 1293 826 1321 erat,
854 1294 884 1316 ut
907 1289 991 1316 animi
1008 1291 1056 1317 de—

267 1334 416 1362 stinatione
429 1334 571 1369 liberaque
585 1335 726 1362 voluntate
750 1335 776 1362 in
805 1335 973 1371 impietatem
990 1343 1056 1371 pro-

267 1380 451 1412 rolverentur,
473 1387 504 1407 ac
521 1379 687 1413 simulacris,
704 1387 764 1416 qua:
775 1388 907 1408 manuum
921 1382 1057 1409 humana-

267 1434 327 1454 rum
350 1433 432 1461 opera
460 1431 535 1459 sunt,
564 1428 688 1462 artisque
714 1426 917 1460 meditationes,
946 1427 1056 1456 divinos

267 1473 385 1500 honores
412 1473 575 1505 tribuerent,
604 1473 776 1508 sapientibus
799 1478 827 1501 et
852 1475 973 1502 cordatis
989 1474 1056 1501 viris

265 1519 416 1553 optandum
433 1523 503 1550 erat,
520 1525 548 1546 ut
572 1519 609 1546 illi
628 1527 670 1546 res
694 1520 763 1546 adeo
779 1519 846 1547 viles
873 1524 984 1554 tamque
1006 1520 1056 1546 ob-

265 1571 364 1591 scenas
399 1569 428 1591 et
458 1565 587 1592 ridiculae
620 1564 751 1596 colerent,
783 1572 839 1599 quo
867 1564 997 1591 nimirum
1022 1572 1054 1591 ex

266 1610 425 1644 hujusmodi
440 1617 531 1637 rerum
549 1610 625 1638 cultu
645 1614 672 1637 et
686 1610 846 1637 adoratione
863 1611 959 1645 majori
975 1612 1054 1644 igno-

266 1656 349 1683 minia
373 1655 555 1685 allicerentur.
584 1656 750 1692 Quanquam
779 1656 853 1685 enim
877 1664 974 1684 omnes
1000 1664 1055 1684 uno

265 1710 358 1729 errore
389 1702 543 1730 concordes
572 1703 739 1730 exstiterunt
766 1710 774 1730 :
798 1706 888 1730 tamen
917 1702 963 1729 alii
993 1703 1055 1731 aliis

265 1752 342 1778 tanto
364 1749 533 1784 stupidiores
560 1749 662 1777 inventi
687 1753 763 1781 sunt,
781 1753 887 1784 quanto
902 1748 1001 1776 viliora
1027 1753 1055 1776 et

265 1795 429 1823 obsceiiiora
457 1795 510 1823 sibi
524 1796 636 1824 numina
649 1795 798 1823 ﬁnxerunt.
811 1796 956 1823 Enimvero
967 1794 1055 1824 Maxi-

265 1848 327 1868 inus
342 1849 375 1868 ex
399 1840 544 1876 cujusdam
571 1842 647 1869 senis
664 1841 764 1876 insigni
792 1847 885 1868 rerum
899 1840 1053 1867 divinarum

264 1887 419 1922 cognitione
451 1888 556 1922 praediti
594 1888 730 1915 sententia
759 1888 830 1915 hanc
869 1887 1053 1921 objectionem

265 1933 381 1964 IIIIIIL'IIS,
400 1933 562 1968 Gregorium
581 1934 618 1960 ait
635 1934 751 1968 gentiles
768 1938 871 1961 temere
884 1933 911 1960 in
929 1941 1053 1960 errorem

265 1979 428 2012 provolutus
452 1985 620 2012 cernentem,
638 1979 720 2014 idque
736 1986 808 2014 aegre
830 1983 856 2006 et
879 1978 1055 2013 impatienter

264 2024 408 2055 ferentem,
421 2024 670 2052 counniscrationis
681 2024 772 2058 potius
787 2030 869 2058 quam
884 2023 940 2050 odii
953 2023 1052 2050 aii‘cctu

265 2068 322 2094 haec
337 2068 460 2094 dixisse:
479 2073 508 2094 ut
537 2069 643 2095 scilicet
671 2068 721 2100 illi,
747 2075 763 2094 a
792 2067 935 2102 religionis
961 2067 1053 2094 numi-

265 2120 386 2147 nuinque
401 2121 514 2140 suorum
531 2113 655 2141 foeditate
668 2118 696 2141 et
712 2113 915 2140 abominatione
932 2112 966 2138 ad
985 2119 1055 2139 verae

266 2158 376 2192 pietatis
391 2158 496 2185 cultum
514 2166 542 2186 se
555 2158 700 2191 referrent,
717 2158 895 2185 deridendam
909 2157 1053 2185 numinum

264 2211 377 2230 suorum
409 2204 606 2238 turpitudinem
634 2204 698 2231 hinc
723 2203 921 2238 perspicientes
942 2212 949 2230 :
971 2208 1054 2238 atque

1109 289 1159 309 nos
1182 281 1321 316 paradiso.
1349 290 1381 309 ac
1398 282 1471 317 ligno
1491 281 1562 314 vitis,
1584 281 1658 316 quod
1683 281 1764 308 nobis
1790 280 1900 315 priemii

1106 329 1166 356 loco
1192 328 1361 363 propositum
1389 332 1459 360 erat,
1485 327 1680 354 exturbaruut.
1708 326 1904 353 Exturbarunt

1106 378 1197 401 autem
1214 382 1262 408 per
1286 374 1407 401 scientia;
1421 374 1537 408 lignum,
1553 378 1677 407 tempore
1698 373 1813 399 minime
1831 379 1902 399 con-

1106 426 1173 453 gruo
1201 423 1359 453 perceptum
1384 427 1392 446 :
1414 419 1486 453 quod
1508 418 1620 452 quidem
1643 418 1790 445 exercendi
1819 417 1902 444 liberi

1106 463 1214 490 arbitrii
1243 471 1328 491 causa
1356 464 1437 491 nobis
1465 465 1560 492 datmu
1594 464 1696 492 fuerat.
1717 463 1789 491 Hinc
1815 470 1902 498 porro

1106 509 1239 543 dejectos,
1266 514 1296 537 ut
1316 509 1481 538 inﬁrmiores
1494 511 1563 545 jam,
1586 515 1669 545 atque
1682 510 1714 537 ad
1736 517 1903 544 expugnan-

1108 556 1171 582 dum
1186 554 1337 588 faciliOres,
1358 556 1550 590 sententiaque
1571 556 1664 584 divina
1690 556 1902 587 condemnatos,

1107 601 1230 636 populati
1245 606 1320 634 sunt,
1333 603 1405 636 quod
1421 602 1547 629 videlicet
1563 610 1577 629 e
1592 602 1676 636 prioii
1693 606 1766 629 statu
1781 600 1904 628 excidis-

1107 655 1210 680 semus,
1239 655 1272 675 ac
1301 648 1434 676 mortales
1458 652 1485 674 et
1505 648 1651 682 passibiles
1666 647 1730 675 facti
1759 654 1901 674 essrmus.

1107 693 1176 720 Nam
1206 701 1268 720 cum
1287 693 1326 720 illi
1351 701 1400 721 sua
1427 698 1526 728 sponte
1558 694 1592 720 ad
1619 694 1751 720 invidiam
1777 692 1903 727 prolapsi

1107 743 1209 771 essent,
1226 738 1312 766 livore
1327 739 1457 767 adversus
1478 746 1529 766 nos
1542 744 1717 770 exarserunt,
1734 746 1790 765 non
1806 739 1899 765 solum

1107 784 1143 811 ob
1176 788 1336 819 praesentem
1369 784 1468 812 divina:
1493 785 1622 820 imaginis
1652 785 1807 817 honorem,
1851 784 1900 811 sed

1107 830 1189 858 etiam
1213 831 1250 858 ob
1268 830 1389 858 futuram
1417 831 1556 866 gloriam:
1574 838 1625 858 nec
1650 830 1723 858 ferre
1749 834 1901 865 potuerunt

1108 875 1222 910 gloriam
1245 883 1260 902 a
1276 883 1316 906 se,
1343 878 1395 903 hoc
1417 880 1469 908 est,
1487 883 1502 903 a
1520 876 1617 910 primis
1644 877 1763 905 naturis.
1780 876 1814 902 ad
1837 882 1901 905 nos,

1106 928 1122 948 c
1138 925 1209 948 terra
1235 921 1261 948 in
1286 921 1386 948 ctelum
1406 921 1484 948 evelli
1506 922 1657 956 cupientes,
1685 922 1814 956 migrare.
1836 921 1902 947 lIa-c

1107 974 1191 995 causa
1221 972 1279 1000 est,
1309 974 1359 995 cur
1384 967 1624 1002 persecutionibus
1654 967 1681 994 in
1720 975 1770 994 nos
1803 967 1902 994 sariat

1106 1013 1244 1044 diabolus,
1259 1013 1361 1041 invidia
1384 1014 1501 1041 scilicet.
1519 1014 1552 1041 Et
1569 1015 1711 1049 quoniam,
1725 1015 1805 1049 juxta
1825 1017 1901 1048 Apo-

1107 1059 1209 1088 stolum
1221 1059 1243 1092 ⁸,
1263 1067 1316 1086 non
1331 1059 1509 1094 probavimus
1532 1068 1583 1087 nec
1608 1060 1746 1088 voluimus
1762 1060 1810 1087 Dei
1828 1068 1901 1095 pra:-

1107 1111 1185 1140 cepto
1215 1105 1359 1133 audientes
1389 1113 1473 1139 esse,
1509 1106 1612 1134 erroris
1648 1106 1769 1133 libertati
1804 1106 1900 1133 traditi

1107 1158 1215 1182 sumus,
1233 1151 1286 1178 hoc
1306 1155 1358 1183 est,
1374 1151 1500 1187 permisit
1521 1151 1593 1179 Deus
1617 1156 1647 1178 ut
1669 1152 1696 1178 in
1711 1159 1836 1179 errorem
1859 1152 1901 1178 Ia—

1108 1196 1244 1228 beremur,
1264 1204 1296 1224 ac
1309 1203 1358 1230 per
1376 1197 1450 1224 hunc
1469 1197 1612 1228 honorem,
1629 1205 1712 1232 quem
1739 1198 1902 1224 simulacris

1108 1242 1274 1275 habuimus,
1299 1243 1350 1277 ipsi
1375 1243 1630 1271 delionestaremur.
1658 1234 1732 1272 Deus
1758 1244 1836 1270 enim
1864 1243 1900 1270 ob

1108 1289 1157 1315 has
1174 1293 1230 1316 tres
1249 1296 1348 1317 causas
1363 1297 1413 1316 nos
1430 1289 1544 1322 creavit,
1570 1294 1601 1317 ut
1621 1290 1758 1317 bonorum
1782 1297 1900 1324 operum

1108 1334 1199 1361 studio
1214 1333 1417 1367 incumbamus,
1451 1339 1481 1361 ut
1502 1335 1537 1362 ad
1554 1335 1669 1369 gloriam
1694 1334 1782 1369 ipsius
1799 1335 1901 1366 simus,

1109 1384 1139 1407 ut
1163 1387 1224 1407 eum
1248 1387 1298 1415 pro
1316 1380 1421 1408 viribus
1446 1380 1597 1408 imitemur.
1620 1381 1655 1408 At
1676 1388 1727 1408 nos
1751 1381 1902 1408 aﬂ'ectuum

1108 1427 1230 1454 omnium
1246 1434 1294 1453 arx
1311 1431 1338 1454 et
1358 1426 1529 1454 domicilium
1547 1427 1611 1454 facti
1629 1435 1726 1455 smnus
1747 1436 1754 1454 :
1769 1429 1818 1462 qui
1836 1428 1902 1462 qui-

1107 1473 1169 1500 dem
1192 1473 1285 1500 anima
1310 1473 1428 1500 exedunt
1456 1477 1484 1500 et
1508 1473 1678 1506 coniiciunt,
1703 1481 1756 1500 non
1786 1474 1900 1508 quidem

1109 1517 1196 1551 ipsius
1211 1518 1405 1552 substantiam,
1424 1525 1519 1545 verum
1544 1519 1706 1546 substantiae
1724 1525 1900 1548 ornamenta.

1109 1562 1202 1597 Neque
1218 1563 1269 1590 hoc
1292 1565 1382 1590 solum
1407 1571 1489 1599 grave
1504 1570 1558 1596 est,
1582 1564 1629 1591 sed
1652 1564 1726 1599 quod
1746 1564 1902 1598 flagitiosus

1108 1616 1218 1643 quoque
1248 1608 1314 1636 deos
1340 1613 1367 1637 et
1393 1609 1555 1637 libidinosos
1583 1610 1756 1643 invexiinu‘s,
1785 1609 1900 1645 ﬂagitiis

1107 1656 1323 1689 patrocinantes,
1347 1659 1429 1690 atque
1457 1656 1490 1682 ad
1512 1663 1542 1682 ea
1561 1656 1745 1691 impellentes.
1774 1655 1814 1682 Ex
1843 1663 1901 1691 quo

1106 1699 1234 1731 edicitur,
1250 1705 1280 1728 ut
1292 1705 1433 1735 peccatum
1447 1708 1500 1728 non
1518 1701 1599 1728 modo
1616 1709 1669 1728 non
1684 1701 1900 1735 condemnetur,

1107 1753 1202 1773 verum
1219 1747 1342 1775 divinum
1358 1747 1440 1774 etiam
1462 1752 1619 1779 censeatur,
1637 1749 1712 1775 velut
1727 1749 1775 1776 Dei
1800 1750 1875 1776 actio
1891 1756 1899 1776 :

1107 1792 1237 1819 nimirum
1255 1793 1289 1820 iis
1308 1793 1356 1827 qui
1372 1798 1496 1827 peccant,
1511 1794 1700 1822 excusationis
1714 1795 1900 1822 defensionis!

1106 1845 1160 1873 que
1176 1845 1259 1865 eausa
1282 1838 1315 1865 ad
1340 1838 1417 1871 deos,
1445 1847 1517 1875 quos
1541 1841 1645 1873 colunt,
1666 1840 1899 1876 perfugietttibus,

1105 1889 1189 1919 atque
1205 1883 1406 1913 aﬂirmautibus
1429 1893 1488 1916 eos,
1502 1893 1564 1912 cum
1585 1887 1653 1914 tales
1669 1886 1735 1920 sint,
1758 1888 1804 1914 tali
1826 1895 1902 1923 quo-

1106 1937 1161 1965 que
1177 1930 1268 1958 cultus
1283 1935 1364 1965 atque
1384 1931 1554 1958 adorationis
1566 1939 1665 1967 genere
1682 1933 1825 1961 delectari.

1143 1976 1211 2004 Ibid.
1238 1977 1269 2004 D.
1301 1977 1335 2003 At
1365 1985 1424 2004 vero
1445 1979 1664 2013 quemadmodum
1689 1981 1763 2007 nobis
1800 1982 1900 2017 beneﬁ-

1105 2023 1156 2055 cio,
1173 2029 1225 2050 etc.
1255 2025 1344 2057 Atque
1367 2023 1435 2055 haec,
1459 2024 1557 2061 inquit,
1585 2025 1688 2054 ethnici
1717 2027 1898 2055 deblaterent.

1105 2068 1188 2096 Nobis
1205 2073 1307 2100 autem,
1332 2070 1560 2104 quemadmodum
1576 2071 1707 2098 divinitus
1728 2073 1824 2100 datum
1842 2079 1894 2104 est.

1107 2119 1136 2140 ut
1161 2115 1385 2148 superstitiosum
1410 2122 1531 2142 errorem
1559 2116 1722 2151 fugerimus,
1743 2119 1791 2152 qui
1815 2120 1898 2149 edicit

1106 2164 1136 2186 ut
1151 2160 1290 2187 dumones
1308 2160 1455 2187 timeantur
1467 2166 1550 2197 atque
1577 2162 1757 2196 honoreutur,
1770 2172 1803 2192 ac
1823 2166 1896 2193 veri-

1107 2207 1188 2231 tatem
1213 2211 1422 2239 cognoscamus,
1447 2212 1485 2239 et,
1513 2206 1584 2241 qttod
1608 2206 1709 2235 Paulus
1731 2209 1769 2235 ait
1788 2210 1811 2242 ³,
1843 2209 1896 2237 Deo

265 2251 347 2276 etiam
376 2255 405 2277 ut
433 2250 457 2277 si
484 2251 530 2285 qui
562 2250 619 2278 lucc
648 2251 799 2282 audirent,
831 2249 859 2276 in
895 2250 1052 2285 pestiferam
1070 2250 1169 2285 Dvivo
1183 2254 1211 2277 et
1224 2258 1301 2283 vero,
1318 2258 1371 2278 non
1395 2257 1484 2280 autem
1509 2254 1626 2281 mortuis
1644 2253 1761 2289 falsique
1777 2256 1896 2283 nominis

263 2303 357 2323 eorum
373 2296 528 2331 opinionem
545 2296 658 2323 minime
674 2295 913 2331 pertraherentur.

298 2342 367 2369 Ibid.
388 2342 419 2369 B.
442 2342 527 2378 Atque
545 2342 602 2370 lucc
616 2341 721 2377 quidem
736 2341 833 2368 ludant
851 2342 973 2378 gentiles,
999 2347 1053 2370 etc.

264 2389 324 2421 tlis,
339 2389 440 2424 inquit,
456 2388 596 2424 ﬁgmentis
613 2389 751 2416 ducantur
766 2389 891 2424 gentiles,
916 2396 931 2416 a
947 2389 1055 2416 daemo-

265 2435 345 2462 nibus
359 2435 386 2461 in
405 2435 476 2462 hanc
492 2434 638 2462 amentiam
653 2435 801 2470 provoluti,
820 2435 867 2469 qui
881 2434 992 2469 quidem
1007 2434 1053 2461 Dei

264 2481 397 2508 honorem
411 2481 444 2508 ad
459 2489 488 2508 se
506 2480 657 2508 transferre
681 2481 834 2516 cupientes,
850 2481 918 2507 alios
933 2480 960 2507 io
983 2480 1052 2507 alias

264 2532 356 2563 turpes
379 2533 405 2555 et
432 2528 574 2555 indecoras
601 2528 635 2555 de
662 2527 718 2554 Deo
741 2527 892 2554 sententias
917 2526 1053 2554 distraxe-

264 2578 338 2600 runt.
363 2573 430 2600 Ahis
452 2574 525 2601 enim
548 2577 755 2608 persuaserunt,
785 2577 812 2599 ut
832 2580 880 2607 pro
898 2572 953 2599 Deo
975 2572 1052 2599 volu-

263 2625 363 2654 ptatein
387 2620 528 2652 haberent,
551 2620 612 2647 aliis
641 2624 668 2646 ut
695 2618 925 2651 fortunam,aliis
949 2624 979 2645 ut
995 2618 1053 2645 rie-

263 2671 366 2698 menta,
383 2666 444 2693 aliis
460 2671 489 2692 ut
505 2666 708 2693 contentionem
725 2669 752 2692 ct
768 2664 928 2696 amicitiam,
944 2663 1005 2690 aliis
1022 2668 1052 2690 ut

263 2711 389 2738 caelestes
406 2716 433 2737 et
443 2718 541 2738 aereos
555 2717 588 2737 ac
602 2714 747 2738 terrestres
758 2709 824 2737 deos
839 2709 1051 2741 arbitrarentur,

265 2756 324 2782 aliis
340 2761 368 2783 ut
382 2756 544 2793 animantia,
569 2756 632 2783 aliis
649 2760 678 2782 ut
698 2755 809 2789 stirpes,
837 2754 899 2782 aliis
926 2759 956 2781 ut
978 2754 1052 2782 aliud

264 2802 404 2837 quidpiam
421 2803 523 2830 divinis
544 2802 696 2829 honoribus
721 2800 870 2828 alﬁccrent.
896 2801 946 2828 Hic
962 2804 1052 2828 autem

300 2895 310 2912 δ
323 2894 400 2921 Itoni.
418 2903 437 2928 i,
453 2896 487 2923 28
505 2902 581 2929 seqq.
633 2895 643 2910 '
664 2894 673 2921 l
688 2893 783 2921 Thess.
803 2902 821 2926 ι,
839 2895 864 2921 9.

1104 2295 1158 2322 diis
1174 2295 1336 2328 serviamus,
1353 2304 1386 2324 ac
1403 2305 1485 2332 supra
1502 2305 1610 2325 omnem
1629 2305 1785 2327 creaturam
1801 2308 1894 2328 assur-

1104 2347 1201 2374 gamus
1221 2340 1300 2375 (nulli
1326 2341 1430 2368 scilicet
1445 2342 1483 2369 rei
1505 2347 1602 2370 creata:
1622 2343 1775 2372 divinitatis
1798 2352 1895 2373 nomen

1106 2385 1261 2420 tribuendo)
1280 2393 1311 2414 ac
1333 2392 1463 2420 praeterea
1487 2388 1621 2415 mundum
1639 2397 1749 2416 omnem
1764 2391 1893 2417 sensilem

1107 2432 1222 2466 tempori
1239 2433 1438 2467 subiacentem,
1450 2437 1533 2468 atque
1551 2434 1619 2461 adeo
1634 2435 1833 2467 intellectilem,
1850 2437 1893 2473 qui

1104 2478 1199 2512 prima:
1213 2478 1324 2505 motioni
1347 2480 1451 2512 subest,
1477 2480 1676 2508 transiliamus.
1699 2481 1770 2508 Deus
1795 2483 1895 2518 quippe

1105 2529 1180 2550 motu
1202 2532 1262 2551 sese
1281 2524 1314 2551 ad
1339 2532 1429 2551 rerum
1448 2528 1667 2560 procreationem
1684 2531 1711 2554 et
1730 2526 1892 2557 fabricatio-

1104 2577 1166 2596 nem
1185 2570 1306 2607 agitavit.
1323 2570 1362 2597 Ac
1371 2571 1459 2604 primo
1484 2572 1592 2606 quidem
1611 2573 1696 2607 ipsius
1711 2579 1787 2600 motu
1805 2574 1893 2609 angeli

1103 2617 1236 2650 procreati
1254 2622 1328 2648 sunt,
1344 2622 1437 2651 utpote
1454 2623 1516 2645 autc
1531 2623 1639 2653 tempus
1656 2620 1758 2646 conditi
1777 2629 1785 2646 :
1805 2628 1894 2655 quan-

1103 2663 1249 2696 doquidein
1270 2668 1331 2690 ante
1346 2663 1447 2690 ccelum
1463 2669 1490 2690 et
1506 2665 1578 2691 diem
1592 2673 1625 2692 ac
1639 2666 1736 2697 solem,
1756 2667 1804 2700 qui
1823 2671 1895 2693 tem-

1102 2715 1154 2742 pus
1170 2708 1325 2741 constituit,
1341 2709 1429 2743 angeli
1443 2710 1527 2736 creati
1542 2715 1608 2737 sunt
1625 2720 1632 2739 :
1649 2711 1771 2738 secundo
1788 2718 1892 2743 autem,

1104 2754 1148 2781 hic
1163 2754 1280 2782 mundus
1305 2755 1352 2789 qui
1373 2760 1485 2790 aspectu
1501 2757 1628 2784 sentitur.
1655 2756 1893 2790 Quemadmodum

1104 2800 1186 2835 igitur
1206 2801 1283 2829 nobis
1300 2801 1393 2829 datum
1412 2807 1454 2829 est
1475 2807 1502 2830 ut
1529 2803 1663 2831 idolorum
1680 2803 1755 2831 cultu
1771 2803 1892 2838 liberati,
