  <div class='ocr_page' id='page_1' title='image "/cluster/home/n/w/nwhite01/storage/ocr_20150623/127/njp.32101077773040/728.png"; bbox 0 0 2027 3162; ppageno 0'>
   <div class='ocr_carea' id='block_1_1' title="bbox 193 181 247 212">
    <p class='ocr_par' dir='ltr' id='par_1_1' title="bbox 193 181 247 212">
     <span class='ocr_line' id='line_1_1' title="bbox 193 181 247 212; baseline -0.037 0"><span class='ocrx_word' id='word_1_1' title='bbox 193 181 247 212; x_wconf 67' lang='lat'><strong>225</strong></span> 
     </span>
    </p>
   </div>
   <div class='ocr_carea' id='block_1_2' title="bbox 636 175 988 206">
    <p class='ocr_par' dir='ltr' id='par_1_2' title="bbox 636 175 988 206">
     <span class='ocr_line' id='line_1_2' title="bbox 636 175 988 206; baseline 0 0"><span class='ocrx_word' id='word_1_2' title='bbox 636 176 795 206; x_wconf 84' lang='lat' dir='ltr'><strong>NICETAS</strong></span> <span class='ocrx_word' id='word_1_3' title='bbox 816 176 856 206; x_wconf 61' lang='lat' dir='ltr'>IN</span> <span class='ocrx_word' id='word_1_4' title='bbox 877 175 988 206; x_wconf 70' lang='lat' dir='ltr'><strong>ORAT.</strong></span> 
     </span>
    </p>
   </div>
   <div class='ocr_carea' id='block_1_3' title="bbox 1009 175 1803 211">
    <p class='ocr_par' dir='ltr' id='par_1_3' title="bbox 1009 175 1803 211">
     <span class='ocr_line' id='line_1_3' title="bbox 1009 175 1803 211; baseline 0.008 -6"><span class='ocrx_word' id='word_1_5' title='bbox 1009 175 1132 205; x_wconf 69' lang='lat' dir='ltr'><strong>XXXIX</strong></span> <span class='ocrx_word' id='word_1_6' title='bbox 1154 175 1182 205; x_wconf 86' lang='lat' dir='ltr'><strong>S.</strong></span> <span class='ocrx_word' id='word_1_7' title='bbox 1207 176 1322 206; x_wconf 77' lang='lat' dir='ltr'><strong>GREG.</strong></span> <span class='ocrx_word' id='word_1_8' title='bbox 1735 179 1803 211; x_wconf 70' lang='lat'><strong>12°26</strong></span> 
     </span>
    </p>
   </div>
   <div class='ocr_carea' id='block_1_4' title="bbox 177 230 1804 268">
    <p class='ocr_par' dir='ltr' id='par_1_4' title="bbox 177 230 1804 268">
     <span class='ocr_line' id='line_1_4' title="bbox 177 230 1804 268; baseline -0.001 -7"><span class='ocrx_word' id='word_1_9' title='bbox 177 236 270 266; x_wconf 76' lang='lat' dir='ltr'><strong>licutn,</strong></span> <span class='ocrx_word' id='word_1_10' title='bbox 294 233 339 268; x_wconf 84' lang='lat' dir='ltr'><strong>qui</strong></span> <span class='ocrx_word' id='word_1_11' title='bbox 368 232 441 259; x_wconf 91' lang='lat' dir='ltr'><strong>omni</strong></span> <span class='ocrx_word' id='word_1_12' title='bbox 465 236 604 264; x_wconf 84' lang='lat' dir='ltr'><strong>creatura,</strong></span> <span class='ocrx_word' id='word_1_13' title='bbox 618 235 671 257; x_wconf 89' lang='lat' dir='ltr'><strong>tam</strong></span> <span class='ocrx_word' id='word_1_14' title='bbox 693 230 863 266; x_wconf 85' lang='lat' dir='ltr'><strong>aspectabili,</strong></span> <span class='ocrx_word' id='word_1_15' title='bbox 881 238 962 264; x_wconf 88' lang='lat' dir='ltr'><strong>quam</strong></span> <span class='ocrx_word' id='word_1_16' title='bbox 977 235 1001 263; x_wconf 74' lang='grc' dir='ltr'><strong>Α</strong></span> <span class='ocrx_word' id='word_1_17' title='bbox 1015 231 1159 264; x_wconf 81' lang='lat' dir='ltr'><strong>riﬁcalam,</strong></span> <span class='ocrx_word' id='word_1_18' title='bbox 1182 235 1379 261; x_wconf 83' lang='lat' dir='ltr'><strong>ltmtterttnlque</strong></span> <span class='ocrx_word' id='word_1_19' title='bbox 1396 231 1431 256; x_wconf 85' lang='lat' dir='ltr'><strong>ad</strong></span> <span class='ocrx_word' id='word_1_20' title='bbox 1457 239 1516 258; x_wconf 84' lang='lat' dir='ltr'><strong>eum</strong></span> <span class='ocrx_word' id='word_1_21' title='bbox 1540 232 1672 259; x_wconf 69' lang='lat' dir='ltr'><strong>accedere.</strong></span> <span class='ocrx_word' id='word_1_22' title='bbox 1699 232 1804 260; x_wconf 81' lang='lat' dir='ltr'><strong>Idcirco</strong></span> 
     </span>
    </p>
   </div>
   <div class='ocr_carea' id='block_1_5' title="bbox 176 277 961 312">
    <p class='ocr_par' dir='ltr' id='par_1_5' title="bbox 176 277 961 312">
     <span class='ocr_line' id='line_1_5' title="bbox 176 277 961 312; baseline -0.009 -4"><span class='ocrx_word' id='word_1_23' title='bbox 176 279 324 308; x_wconf 75' lang='lat' dir='ltr'><strong>intellectili</strong></span> <span class='ocrx_word' id='word_1_24' title='bbox 343 283 368 305; x_wconf 90' lang='lat' dir='ltr'><strong>ct</strong></span> <span class='ocrx_word' id='word_1_25' title='bbox 381 277 515 312; x_wconf 78' lang='lat' dir='ltr'><strong>spirituali</strong></span> <span class='ocrx_word' id='word_1_26' title='bbox 534 277 658 311; x_wconf 84' lang='lat' dir='ltr'><strong>superior</strong></span> <span class='ocrx_word' id='word_1_27' title='bbox 673 281 725 308; x_wconf 84' lang='lat' dir='ltr'><strong>est,</strong></span> <span class='ocrx_word' id='word_1_28' title='bbox 742 283 940 311; x_wconf 74' lang='lat' dir='ltr'><strong>cognoscamus</strong></span> <span class='ocrx_word' id='word_1_29' title='bbox 955 284 961 301; x_wconf 73' lang='grc' dir='ltr'>ε</span> 
     </span>
    </p>
   </div>
   <div class='ocr_carea' id='block_1_6' title="bbox 175 321 960 358">
    <p class='ocr_par' dir='ltr' id='par_1_6' title="bbox 175 321 960 358">
     <span class='ocr_line' id='line_1_6' title="bbox 175 321 960 358; baseline -0.006 -5"><span class='ocrx_word' id='word_1_30' title='bbox 175 327 214 353; x_wconf 65' lang='lat' dir='ltr'><strong>sit:</strong></span> <span class='ocrx_word' id='word_1_31' title='bbox 241 325 322 352; x_wconf 83' lang='lat' dir='ltr'><strong>etiam</strong></span> <span class='ocrx_word' id='word_1_32' title='bbox 340 324 386 350; x_wconf 87' lang='lat' dir='ltr'><strong>Dei</strong></span> <span class='ocrx_word' id='word_1_33' title='bbox 404 323 532 358; x_wconf 75' lang='lat' dir='ltr'><strong>mysteria</strong></span> <span class='ocrx_word' id='word_1_34' title='bbox 558 321 741 357; x_wconf 82' lang='lat' dir='ltr'><strong>intelligamus</strong></span> <span class='ocrx_word' id='word_1_35' title='bbox 757 326 784 348; x_wconf 89' lang='lat' dir='ltr'><strong>et</strong></span> <span class='ocrx_word' id='word_1_36' title='bbox 803 322 960 354; x_wconf 78' lang='lat' dir='ltr'><strong>doceamus,</strong></span> 
     </span>
    </p>
   </div>
   <div class='ocr_carea' id='block_1_7' title="bbox 175 368 962 406">
    <p class='ocr_par' dir='ltr' id='par_1_7' title="bbox 175 368 962 406">
     <span class='ocr_line' id='line_1_7' title="bbox 175 368 962 406; baseline -0.006 -7"><span class='ocrx_word' id='word_1_37' title='bbox 175 379 206 399; x_wconf 82' lang='lat' dir='ltr'><strong>ac</strong></span> <span class='ocrx_word' id='word_1_38' title='bbox 221 373 298 406; x_wconf 67' lang='lat' dir='ltr'><strong>juxta</strong></span> <span class='ocrx_word' id='word_1_39' title='bbox 319 370 476 397; x_wconf 87' lang='lat' dir='ltr'><strong>Salomonis</strong></span> <span class='ocrx_word' id='word_1_40' title='bbox 493 370 565 404; x_wconf 68' lang='lat' dir='ltr'><strong>leges</strong></span> <span class='ocrx_word' id='word_1_41' title='bbox 583 374 609 396; x_wconf 89' lang='lat' dir='ltr'><strong>et</strong></span> <span class='ocrx_word' id='word_1_42' title='bbox 637 373 769 403; x_wconf 58' lang='lat' dir='ltr'><strong>pracepta</strong></span> <span class='ocrx_word' id='word_1_43' title='bbox 787 368 962 402; x_wconf 83' lang='lat' dir='ltr'><strong>philosophe-</strong></span> 
     </span>
    </p>
   </div>
   <div class='ocr_carea' id='block_1_8' title="bbox 174 413 957 449">
    <p class='ocr_par' dir='ltr' id='par_1_8' title="bbox 174 413 957 449">
     <span class='ocr_line' id='line_1_8' title="bbox 174 413 957 449; baseline -0.006 -6"><span class='ocrx_word' id='word_1_44' title='bbox 174 426 243 444; x_wconf 88' lang='lat' dir='ltr'><strong>mur.</strong></span> <span class='ocrx_word' id='word_1_45' title='bbox 273 416 407 449; x_wconf 80' lang='lat' dir='ltr'><strong>Quoniam</strong></span> <span class='ocrx_word' id='word_1_46' title='bbox 428 415 500 442; x_wconf 85' lang='lat' dir='ltr'><strong>enim</strong></span> <span class='ocrx_word' id='word_1_47' title='bbox 518 415 544 440; x_wconf 90' lang='lat' dir='ltr'><strong>in</strong></span> <span class='ocrx_word' id='word_1_48' title='bbox 561 414 707 448; x_wconf 82' lang='lat' dir='ltr'><strong>malignam</strong></span> <span class='ocrx_word' id='word_1_49' title='bbox 719 414 837 440; x_wconf 83' lang='lat' dir='ltr'><strong>animum</strong></span> <span class='ocrx_word' id='word_1_50' title='bbox 855 421 905 439; x_wconf 86' lang='lat' dir='ltr'><strong>non</strong></span> <span class='ocrx_word' id='word_1_51' title='bbox 918 413 957 438; x_wconf 88' lang='lat' dir='ltr'><strong>in-</strong></span> 
     </span>
    </p>
   </div>
   <div class='ocr_carea' id='block_1_9' title="bbox 170 458 959 496">
    <p class='ocr_par' dir='ltr' id='par_1_9' title="bbox 170 458 959 496">
     <span class='ocr_line' id='line_1_9' title="bbox 170 458 959 496; baseline -0.008 -7"><span class='ocrx_word' id='word_1_52' title='bbox 170 463 250 490; x_wconf 81' lang='lat' dir='ltr'><strong>trabit</strong></span> <span class='ocrx_word' id='word_1_53' title='bbox 271 462 403 496; x_wconf 68' lang='lat' dir='ltr'><strong>sapientia</strong></span> <span class='ocrx_word' id='word_1_54' title='bbox 416 461 426 476; x_wconf 84' lang='grc'><strong><em>⁶</em></strong></span> <span class='ocrx_word' id='word_1_55' title='bbox 442 481 450 494; x_wconf 83' lang='grc'>,</span> <span class='ocrx_word' id='word_1_56' title='bbox 470 461 574 488; x_wconf 87' lang='lat' dir='ltr'><strong>idcirco</strong></span> <span class='ocrx_word' id='word_1_57' title='bbox 586 461 695 487; x_wconf 86' lang='lat' dir='ltr'><strong>animos</strong></span> <span class='ocrx_word' id='word_1_58' title='bbox 710 466 816 491; x_wconf 88' lang='lat' dir='ltr'><strong>eorum,</strong></span> <span class='ocrx_word' id='word_1_59' title='bbox 832 458 877 493; x_wconf 86' lang='lat' dir='ltr'><strong>qui</strong></span> <span class='ocrx_word' id='word_1_60' title='bbox 898 465 959 484; x_wconf 93' lang='lat' dir='ltr'><strong>cum</strong></span> 
     </span>
    </p>
   </div>
   <div class='ocr_carea' id='block_1_10' title="bbox 171 504 959 541">
    <p class='ocr_par' dir='ltr' id='par_1_10' title="bbox 171 504 959 541">
     <span class='ocr_line' id='line_1_10' title="bbox 171 504 959 541; baseline -0.004 -8"><span class='ocrx_word' id='word_1_61' title='bbox 171 507 304 541; x_wconf 88' lang='lat' dir='ltr'><strong>sapientia</strong></span> <span class='ocrx_word' id='word_1_62' title='bbox 338 506 562 533; x_wconf 76' lang='lat' dir='ltr'><strong>consuetudinem</strong></span> <span class='ocrx_word' id='word_1_63' title='bbox 587 504 705 531; x_wconf 86' lang='lat' dir='ltr'><strong>habituri</strong></span> <span class='ocrx_word' id='word_1_64' title='bbox 734 508 808 536; x_wconf 80' lang='lat' dir='ltr'><strong>sunt,</strong></span> <span class='ocrx_word' id='word_1_65' title='bbox 840 504 959 538; x_wconf 87' lang='lat' dir='ltr'><strong>pritnum</strong></span> 
     </span>
    </p>
   </div>
   <div class='ocr_carea' id='block_1_11' title="bbox 172 549 960 587">
    <p class='ocr_par' dir='ltr' id='par_1_11' title="bbox 172 549 960 587">
     <span class='ocr_line' id='line_1_11' title="bbox 172 549 960 587; baseline -0.005 -8"><span class='ocrx_word' id='word_1_66' title='bbox 172 561 218 587; x_wconf 88' lang='lat' dir='ltr'><strong>per</strong></span> <span class='ocrx_word' id='word_1_67' title='bbox 246 553 368 579; x_wconf 91' lang='lat' dir='ltr'><strong>divinum</strong></span> <span class='ocrx_word' id='word_1_68' title='bbox 396 552 522 578; x_wconf 89' lang='lat' dir='ltr'><strong>timorem</strong></span> <span class='ocrx_word' id='word_1_69' title='bbox 546 555 662 585; x_wconf 79' lang='lat' dir='ltr'><strong>purgat,</strong></span> <span class='ocrx_word' id='word_1_70' title='bbox 682 550 725 577; x_wconf 89' lang='lat' dir='ltr'><strong>his</strong></span> <span class='ocrx_word' id='word_1_71' title='bbox 745 549 834 576; x_wconf 87' lang='lat' dir='ltr'><strong>verbis</strong></span> <span class='ocrx_word' id='word_1_72' title='bbox 852 558 859 576; x_wconf 88' lang='lat'><strong>:</strong></span> <span class='ocrx_word' id='word_1_73' title='bbox 879 550 960 576; x_wconf 86' lang='lat' dir='ltr'><strong>Prin-</strong></span> 
     </span>
    </p>
   </div>
   <div class='ocr_carea' id='block_1_12' title="bbox 168 595 958 633">
    <p class='ocr_par' dir='ltr' id='par_1_12' title="bbox 168 595 958 633">
     <span class='ocr_line' id='line_1_12' title="bbox 168 595 958 633; baseline -0.004 -8"><span class='ocrx_word' id='word_1_74' title='bbox 168 599 274 633; x_wconf 89' lang='lat' dir='ltr'><strong>cipium</strong></span> <span class='ocrx_word' id='word_1_75' title='bbox 294 597 447 632; x_wconf 69' lang='lat' dir='ltr'><strong>sapientiae,</strong></span> <span class='ocrx_word' id='word_1_76' title='bbox 476 597 573 631; x_wconf 79' lang='lat' dir='ltr'><strong>collige</strong></span> <span class='ocrx_word' id='word_1_77' title='bbox 599 596 773 630; x_wconf 85' lang='lat' dir='ltr'><strong>sapientiam,</strong></span> <span class='ocrx_word' id='word_1_78' title='bbox 794 595 847 622; x_wconf 88' lang='lat' dir='ltr'><strong>hoc</strong></span> <span class='ocrx_word' id='word_1_79' title='bbox 862 601 914 629; x_wconf 87' lang='lat' dir='ltr'><strong>est,</strong></span> <span class='ocrx_word' id='word_1_80' title='bbox 932 595 958 622; x_wconf 89' lang='lat' dir='ltr'><strong>in</strong></span> 
     </span>
    </p>
   </div>
   <div class='ocr_carea' id='block_1_13' title="bbox 169 641 959 679">
    <p class='ocr_par' dir='ltr' id='par_1_13' title="bbox 169 641 959 679">
     <span class='ocr_line' id='line_1_13' title="bbox 169 641 959 679; baseline -0.004 -8"><span class='ocrx_word' id='word_1_81' title='bbox 169 644 308 679; x_wconf 85' lang='lat' dir='ltr'><strong>principio</strong></span> <span class='ocrx_word' id='word_1_82' title='bbox 350 643 491 677; x_wconf 77' lang='lat' dir='ltr'><strong>sapientia:</strong></span> <span class='ocrx_word' id='word_1_83' title='bbox 512 663 518 674; x_wconf 88' lang='lat'><strong>,</strong></span> <span class='ocrx_word' id='word_1_84' title='bbox 545 642 570 668; x_wconf 89' lang='lat' dir='ltr'><strong>id</strong></span> <span class='ocrx_word' id='word_1_85' title='bbox 588 645 652 674; x_wconf 76' lang='lat' dir='ltr'><strong>est,</strong></span> <span class='ocrx_word' id='word_1_86' title='bbox 684 642 711 668; x_wconf 93' lang='lat' dir='ltr'><strong>in</strong></span> <span class='ocrx_word' id='word_1_87' title='bbox 743 642 840 669; x_wconf 86' lang='lat' dir='ltr'><strong>timore</strong></span> <span class='ocrx_word' id='word_1_88' title='bbox 867 641 959 669; x_wconf 84' lang='lat' dir='ltr'><strong>ditino</strong></span> 
     </span>
    </p>
   </div>
   <div class='ocr_carea' id='block_1_14' title="bbox 168 687 957 724">
    <p class='ocr_par' dir='ltr' id='par_1_14' title="bbox 168 687 957 724">
     <span class='ocr_line' id='line_1_14' title="bbox 168 687 957 724; baseline -0.004 -8"><span class='ocrx_word' id='word_1_89' title='bbox 168 689 332 724; x_wconf 74' lang='lat' dir='ltr'><strong>sapientiam</strong></span> <span class='ocrx_word' id='word_1_90' title='bbox 349 689 396 716; x_wconf 84' lang='lat' dir='ltr'><strong>tibi</strong></span> <span class='ocrx_word' id='word_1_91' title='bbox 418 696 557 723; x_wconf 88' lang='lat' dir='ltr'><strong>compara.</strong></span> <span class='ocrx_word' id='word_1_92' title='bbox 588 687 621 715; x_wconf 93' lang='lat' dir='ltr'><strong>Ut</strong></span> <span class='ocrx_word' id='word_1_93' title='bbox 644 688 716 716; x_wconf 88' lang='lat' dir='ltr'><strong>enim</strong></span> <span class='ocrx_word' id='word_1_94' title='bbox 739 688 957 721; x_wconf 82' lang='lat' dir='ltr'><strong>fundamentum,</strong></span> 
     </span>
    </p>
   </div>
   <div class='ocr_carea' id='block_1_15' title="bbox 170 734 960 769">
    <p class='ocr_par' dir='ltr' id='par_1_15' title="bbox 170 734 960 769">
     <span class='ocr_line' id='line_1_15' title="bbox 170 734 960 769; baseline -0.001 -7"><span class='ocrx_word' id='word_1_95' title='bbox 170 737 268 762; x_wconf 86' lang='lat' dir='ltr'><strong>domus</strong></span> <span class='ocrx_word' id='word_1_96' title='bbox 297 734 460 769; x_wconf 86' lang='lat' dir='ltr'><strong>principium</strong></span> <span class='ocrx_word' id='word_1_97' title='bbox 493 739 547 767; x_wconf 84' lang='lat' dir='ltr'><strong>est,</strong></span> <span class='ocrx_word' id='word_1_98' title='bbox 579 739 606 761; x_wconf 86' lang='lat' dir='ltr'><strong>et</strong></span> <span class='ocrx_word' id='word_1_99' title='bbox 634 735 722 766; x_wconf 84' lang='lat' dir='ltr'><strong>navis,</strong></span> <span class='ocrx_word' id='word_1_100' title='bbox 756 735 850 762; x_wconf 80' lang='lat' dir='ltr'><strong>carina</strong></span> <span class='ocrx_word' id='word_1_101' title='bbox 885 743 892 760; x_wconf 92' lang='lat'><strong>:</strong></span> <span class='ocrx_word' id='word_1_102' title='bbox 919 735 960 762; x_wconf 88' lang='lat' dir='ltr'><strong>sic</strong></span> 
     </span>
    </p>
   </div>
   <div class='ocr_carea' id='block_1_16' title="bbox 169 780 959 816">
    <p class='ocr_par' dir='ltr' id='par_1_16' title="bbox 169 780 959 816">
     <span class='ocr_line' id='line_1_16' title="bbox 169 780 959 816; baseline 0.001 -9"><span class='ocrx_word' id='word_1_103' title='bbox 169 781 269 812; x_wconf 88' lang='lat' dir='ltr'><strong>etiam,</strong></span> <span class='ocrx_word' id='word_1_104' title='bbox 286 780 361 815; x_wconf 79' lang='lat' dir='ltr'><strong>juxta</strong></span> <span class='ocrx_word' id='word_1_105' title='bbox 386 780 496 807; x_wconf 87' lang='lat' dir='ltr'><strong>Davidis</strong></span> <span class='ocrx_word' id='word_1_106' title='bbox 522 780 706 813; x_wconf 79' lang='lat' dir='ltr'><strong>sententiam,</strong></span> <span class='ocrx_word' id='word_1_107' title='bbox 732 781 890 816; x_wconf 80' lang='lat' dir='ltr'><strong>principium</strong></span> <span class='ocrx_word' id='word_1_108' title='bbox 914 789 959 808; x_wconf 74' lang='lat' dir='ltr'><strong>sa-</strong></span> 
     </span>
    </p>
   </div>
   <div class='ocr_carea' id='block_1_17' title="bbox 169 826 959 861">
    <p class='ocr_par' dir='ltr' id='par_1_17' title="bbox 169 826 959 861">
     <span class='ocr_line' id='line_1_17' title="bbox 169 826 959 861; baseline 0 -7"><span class='ocrx_word' id='word_1_109' title='bbox 169 827 287 858; x_wconf 69' lang='lat' dir='ltr'><strong>uientiw,</strong></span> <span class='ocrx_word' id='word_1_110' title='bbox 314 828 393 853; x_wconf 86' lang='lat' dir='ltr'><strong>timor</strong></span> <span class='ocrx_word' id='word_1_111' title='bbox 409 826 516 853; x_wconf 82' lang='lat' dir='ltr'><strong>Domini</strong></span> <span class='ocrx_word' id='word_1_112' title='bbox 536 827 559 853; x_wconf 92' lang='lat'><strong>&quot;.</strong></span> <span class='ocrx_word' id='word_1_113' title='bbox 586 826 676 853; x_wconf 88' lang='lat' dir='ltr'><strong>Pietas</strong></span> <span class='ocrx_word' id='word_1_114' title='bbox 698 827 771 853; x_wconf 88' lang='lat' dir='ltr'><strong>enim</strong></span> <span class='ocrx_word' id='word_1_115' title='bbox 796 834 829 854; x_wconf 88' lang='lat' dir='ltr'><strong>ac</strong></span> <span class='ocrx_word' id='word_1_116' title='bbox 849 827 959 861; x_wconf 81' lang='lat' dir='ltr'><strong>religio-</strong></span> 
     </span>
    </p>
   </div>
   <div class='ocr_carea' id='block_1_18' title="bbox 170 872 956 905">
    <p class='ocr_par' dir='ltr' id='par_1_18' title="bbox 170 872 956 905">
     <span class='ocr_line' id='line_1_18' title="bbox 170 872 956 905; baseline 0 -6"><span class='ocrx_word' id='word_1_117' title='bbox 170 880 215 899; x_wconf 76' lang='lat' dir='ltr'><strong>sus</strong></span> <span class='ocrx_word' id='word_1_118' title='bbox 231 873 313 899; x_wconf 86' lang='lat' dir='ltr'><strong>timor</strong></span> <span class='ocrx_word' id='word_1_119' title='bbox 328 872 360 899; x_wconf 87' lang='lat' dir='ltr'><strong>ad</strong></span> <span class='ocrx_word' id='word_1_120' title='bbox 379 879 510 900; x_wconf 85' lang='lat' dir='ltr'><strong>numeros</strong></span> <span class='ocrx_word' id='word_1_121' title='bbox 525 879 622 900; x_wconf 87' lang='lat' dir='ltr'><strong>omnes</strong></span> <span class='ocrx_word' id='word_1_122' title='bbox 641 872 752 900; x_wconf 83' lang='lat' dir='ltr'><strong>virtutis</strong></span> <span class='ocrx_word' id='word_1_123' title='bbox 766 872 956 905; x_wconf 86' lang='lat' dir='ltr'><strong>absolvendos,</strong></span> 
     </span>
    </p>
   </div>
   <div class='ocr_carea' id='block_1_19' title="bbox 167 918 468 946">
    <p class='ocr_par' dir='ltr' id='par_1_19' title="bbox 167 918 468 946">
     <span class='ocr_line' id='line_1_19' title="bbox 167 918 468 946; baseline -0.003 0"><span class='ocrx_word' id='word_1_124' title='bbox 167 919 252 946; x_wconf 66' lang='lat' dir='ltr'><strong>scalae</strong></span> <span class='ocrx_word' id='word_1_125' title='bbox 276 918 364 945; x_wconf 89' lang='lat' dir='ltr'><strong>instar</strong></span> <span class='ocrx_word' id='word_1_126' title='bbox 390 923 431 945; x_wconf 82' lang='lat' dir='ltr'><strong>est</strong></span> <span class='ocrx_word' id='word_1_127' title='bbox 461 927 468 945; x_wconf 93' lang='lat'><strong>:</strong></span> 
     </span>
    </p>
   </div>
   <div class='ocr_carea' id='block_1_20' title="bbox 169 964 958 999">
    <p class='ocr_par' dir='ltr' id='par_1_20' title="bbox 169 964 958 999">
     <span class='ocr_line' id='line_1_20' title="bbox 169 964 958 999; baseline 0.001 -8"><span class='ocrx_word' id='word_1_128' title='bbox 169 965 299 991; x_wconf 84' lang='lat' dir='ltr'><strong>vitiorum</strong></span> <span class='ocrx_word' id='word_1_129' title='bbox 327 964 489 999; x_wconf 73' lang='lat' dir='ltr'><strong>contagione</strong></span> <span class='ocrx_word' id='word_1_130' title='bbox 517 965 699 999; x_wconf 85' lang='lat' dir='ltr'><strong>sordibusque</strong></span> <span class='ocrx_word' id='word_1_131' title='bbox 726 965 844 997; x_wconf 79' lang='lat' dir='ltr'><strong>lustret,</strong></span> <span class='ocrx_word' id='word_1_132' title='bbox 876 969 958 999; x_wconf 70' lang='lat' dir='ltr'><strong>atque</strong></span> 
     </span>
    </p>
   </div>
   <div class='ocr_carea' id='block_1_21' title="bbox 168 1009 958 1045">
    <p class='ocr_par' dir='ltr' id='par_1_21' title="bbox 168 1009 958 1045">
     <span class='ocr_line' id='line_1_21' title="bbox 168 1009 958 1045; baseline -0.001 -9"><span class='ocrx_word' id='word_1_133' title='bbox 168 1010 326 1044; x_wconf 74' lang='lat' dir='ltr'><strong>ubicunque</strong></span> <span class='ocrx_word' id='word_1_134' title='bbox 364 1009 532 1036; x_wconf 88' lang='lat' dir='ltr'><strong>domicilium</strong></span> <span class='ocrx_word' id='word_1_135' title='bbox 575 1010 724 1045; x_wconf 90' lang='lat' dir='ltr'><strong>sedetnque</strong></span> <span class='ocrx_word' id='word_1_136' title='bbox 759 1010 880 1040; x_wconf 87' lang='lat' dir='ltr'><strong>habeat,</strong></span> <span class='ocrx_word' id='word_1_137' title='bbox 908 1009 958 1035; x_wconf 84' lang='lat' dir='ltr'><strong>im-</strong></span> 
     </span>
    </p>
   </div>
   <div class='ocr_carea' id='block_1_22' title="bbox 166 1054 960 1090">
    <p class='ocr_par' dir='ltr' id='par_1_22' title="bbox 166 1054 960 1090">
     <span class='ocr_line' id='line_1_22' title="bbox 166 1054 960 1090; baseline -0.001 -8"><span class='ocrx_word' id='word_1_138' title='bbox 166 1055 270 1089; x_wconf 77' lang='lat' dir='ltr'><strong>probas</strong></span> <span class='ocrx_word' id='word_1_139' title='bbox 285 1062 380 1082; x_wconf 87' lang='lat' dir='ltr'><strong>omnes</strong></span> <span class='ocrx_word' id='word_1_140' title='bbox 404 1060 428 1081; x_wconf 94' lang='lat' dir='ltr'><strong>et</strong></span> <span class='ocrx_word' id='word_1_141' title='bbox 450 1055 597 1089; x_wconf 79' lang='lat' dir='ltr'><strong>ﬂagitiosas</strong></span> <span class='ocrx_word' id='word_1_142' title='bbox 619 1056 742 1083; x_wconf 77' lang='lat' dir='ltr'><strong>actiones</strong></span> <span class='ocrx_word' id='word_1_143' title='bbox 752 1056 778 1082; x_wconf 94' lang='lat' dir='ltr'><strong>in</strong></span> <span class='ocrx_word' id='word_1_144' title='bbox 790 1054 880 1090; x_wconf 82' lang='lat' dir='ltr'><strong>fugam</strong></span> <span class='ocrx_word' id='word_1_145' title='bbox 899 1062 960 1081; x_wconf 87' lang='lat' dir='ltr'><strong>ver-</strong></span> 
     </span>
    </p>
   </div>
   <div class='ocr_carea' id='block_1_23' title="bbox 166 1100 956 1135">
    <p class='ocr_par' dir='ltr' id='par_1_23' title="bbox 166 1100 956 1135">
     <span class='ocr_line' id='line_1_23' title="bbox 166 1100 956 1135; baseline 0 -9"><span class='ocrx_word' id='word_1_146' title='bbox 166 1105 217 1127; x_wconf 80' lang='lat' dir='ltr'><strong>tat.</strong></span> <span class='ocrx_word' id='word_1_147' title='bbox 251 1100 386 1133; x_wconf 82' lang='lat' dir='ltr'><strong>Quoniam</strong></span> <span class='ocrx_word' id='word_1_148' title='bbox 422 1101 505 1135; x_wconf 83' lang='lat' dir='ltr'><strong>igitur</strong></span> <span class='ocrx_word' id='word_1_149' title='bbox 535 1101 755 1129; x_wconf 84' lang='lat' dir='ltr'><strong>rudimentarius</strong></span> <span class='ocrx_word' id='word_1_150' title='bbox 785 1106 827 1128; x_wconf 85' lang='lat' dir='ltr'><strong>est</strong></span> <span class='ocrx_word' id='word_1_151' title='bbox 853 1101 956 1133; x_wconf 69' lang='lat' dir='ltr'><strong>timur,</strong></span> 
     </span>
    </p>
   </div>
   <div class='ocr_carea' id='block_1_24' title="bbox 166 1147 956 1182">
    <p class='ocr_par' dir='ltr' id='par_1_24' title="bbox 166 1147 956 1182">
     <span class='ocr_line' id='line_1_24' title="bbox 166 1147 956 1182; baseline 0.001 -11"><span class='ocrx_word' id='word_1_152' title='bbox 166 1148 243 1174; x_wconf 77' lang='lat' dir='ltr'><strong>velut</strong></span> <span class='ocrx_word' id='word_1_153' title='bbox 273 1148 371 1181; x_wconf 84' lang='lat' dir='ltr'><strong>puerili</strong></span> <span class='ocrx_word' id='word_1_154' title='bbox 399 1148 516 1182; x_wconf 87' lang='lat' dir='ltr'><strong>quadam</strong></span> <span class='ocrx_word' id='word_1_155' title='bbox 550 1147 725 1175; x_wconf 75' lang='lat' dir='ltr'><strong>institutione</strong></span> <span class='ocrx_word' id='word_1_156' title='bbox 750 1155 802 1175; x_wconf 85' lang='lat' dir='ltr'><strong>nos</strong></span> <span class='ocrx_word' id='word_1_157' title='bbox 829 1147 863 1174; x_wconf 87' lang='lat' dir='ltr'><strong>ad</strong></span> <span class='ocrx_word' id='word_1_158' title='bbox 897 1154 956 1174; x_wconf 70' lang='lat' dir='ltr'><strong>eam</strong></span> 
     </span>
    </p>
   </div>
   <div class='ocr_carea' id='block_1_25' title="bbox 166 1192 955 1228">
    <p class='ocr_par' dir='ltr' id='par_1_25' title="bbox 166 1192 955 1228">
     <span class='ocr_line' id='line_1_25' title="bbox 166 1192 955 1228; baseline 0.003 -10"><span class='ocrx_word' id='word_1_159' title='bbox 166 1192 309 1224; x_wconf 80' lang='lat' dir='ltr'><strong>virtutem,</strong></span> <span class='ocrx_word' id='word_1_160' title='bbox 337 1201 397 1228; x_wconf 63' lang='lat' dir='ltr'><strong>quae</strong></span> <span class='ocrx_word' id='word_1_161' title='bbox 425 1193 450 1219; x_wconf 93' lang='lat' dir='ltr'><strong>in</strong></span> <span class='ocrx_word' id='word_1_162' title='bbox 475 1193 583 1220; x_wconf 81' lang='lat' dir='ltr'><strong>actione</strong></span> <span class='ocrx_word' id='word_1_163' title='bbox 607 1199 743 1225; x_wconf 76' lang='lat' dir='ltr'><strong>versatur,</strong></span> <span class='ocrx_word' id='word_1_164' title='bbox 770 1193 955 1225; x_wconf 79' lang='lat' dir='ltr'><strong>introducens,</strong></span> 
     </span>
    </p>
   </div>
   <div class='ocr_carea' id='block_1_26' title="bbox 165 1238 953 1273">
    <p class='ocr_par' dir='ltr' id='par_1_26' title="bbox 165 1238 953 1273">
     <span class='ocr_line' id='line_1_26' title="bbox 165 1238 953 1273; baseline 0.001 -8"><span class='ocrx_word' id='word_1_165' title='bbox 165 1239 256 1265; x_wconf 75' lang='lat' dir='ltr'><strong>activa</strong></span> <span class='ocrx_word' id='word_1_166' title='bbox 281 1242 371 1264; x_wconf 82' lang='lat' dir='ltr'><strong>autem</strong></span> <span class='ocrx_word' id='word_1_167' title='bbox 398 1238 484 1265; x_wconf 81' lang='lat' dir='ltr'><strong>virtus</strong></span> <span class='ocrx_word' id='word_1_168' title='bbox 512 1239 749 1273; x_wconf 79' lang='lat' dir='ltr'><strong>contemplationis</strong></span> <span class='ocrx_word' id='word_1_169' title='bbox 777 1239 849 1266; x_wconf 87' lang='lat' dir='ltr'><strong>scala</strong></span> <span class='ocrx_word' id='word_1_170' title='bbox 877 1243 919 1266; x_wconf 89' lang='lat' dir='ltr'><strong>est</strong></span> <span class='ocrx_word' id='word_1_171' title='bbox 947 1247 953 1265; x_wconf 86' lang='lat'><strong>:</strong></span> 
     </span>
    </p>
   </div>
   <div class='ocr_carea' id='block_1_27' title="bbox 164 1283 957 1320">
    <p class='ocr_par' dir='ltr' id='par_1_27' title="bbox 164 1283 957 1320">
     <span class='ocr_line' id='line_1_27' title="bbox 164 1283 957 1320; baseline 0.001 -11"><span class='ocrx_word' id='word_1_172' title='bbox 164 1283 258 1310; x_wconf 82' lang='lat' dir='ltr'><strong>danda</strong></span> <span class='ocrx_word' id='word_1_173' title='bbox 285 1284 363 1310; x_wconf 86' lang='lat' dir='ltr'><strong>nobis</strong></span> <span class='ocrx_word' id='word_1_174' title='bbox 392 1288 434 1310; x_wconf 88' lang='lat' dir='ltr'><strong>est</strong></span> <span class='ocrx_word' id='word_1_175' title='bbox 451 1291 544 1318; x_wconf 84' lang='lat' dir='ltr'><strong>opera,</strong></span> <span class='ocrx_word' id='word_1_176' title='bbox 569 1289 598 1311; x_wconf 91' lang='lat' dir='ltr'><strong>ut</strong></span> <span class='ocrx_word' id='word_1_177' title='bbox 623 1290 694 1312; x_wconf 84' lang='lat' dir='ltr'><strong>recte</strong></span> <span class='ocrx_word' id='word_1_178' title='bbox 723 1289 750 1312; x_wconf 91' lang='lat' dir='ltr'><strong>et</strong></span> <span class='ocrx_word' id='word_1_179' title='bbox 776 1289 957 1320; x_wconf 76' lang='lat' dir='ltr'><strong>congruenter</strong></span> 
     </span>
    </p>
   </div>
   <div class='ocr_carea' id='block_1_28' title="bbox 165 1329 956 1365">
    <p class='ocr_par' dir='ltr' id='par_1_28' title="bbox 165 1329 956 1365">
     <span class='ocr_line' id='line_1_28' title="bbox 165 1329 956 1365; baseline 0 -9"><span class='ocrx_word' id='word_1_180' title='bbox 165 1329 202 1357; x_wconf 83' lang='lat' dir='ltr'><strong>iis</strong></span> <span class='ocrx_word' id='word_1_181' title='bbox 227 1334 339 1356; x_wconf 93' lang='lat' dir='ltr'><strong>utamur</strong></span> <span class='ocrx_word' id='word_1_182' title='bbox 356 1349 364 1362; x_wconf 88' lang='lat'><strong>,</strong></span> <span class='ocrx_word' id='word_1_183' title='bbox 398 1330 549 1365; x_wconf 89' lang='lat' dir='ltr'><strong>ordineque</strong></span> <span class='ocrx_word' id='word_1_184' title='bbox 575 1331 805 1365; x_wconf 76' lang='lat' dir='ltr'><strong>progrediamur,</strong></span> <span class='ocrx_word' id='word_1_185' title='bbox 839 1335 920 1365; x_wconf 84' lang='lat' dir='ltr'><strong>atque</strong></span> <span class='ocrx_word' id='word_1_186' title='bbox 941 1337 956 1356; x_wconf 88' lang='lat' dir='ltr'><strong>a</strong></span> 
     </span>
    </p>
   </div>
   <div class='ocr_carea' id='block_1_29' title="bbox 164 1374 957 1411">
    <p class='ocr_par' dir='ltr' id='par_1_29' title="bbox 164 1374 957 1411">
     <span class='ocr_line' id='line_1_29' title="bbox 164 1374 957 1411; baseline 0 -10"><span class='ocrx_word' id='word_1_187' title='bbox 164 1374 268 1402; x_wconf 82' lang='lat' dir='ltr'><strong>timore</strong></span> <span class='ocrx_word' id='word_1_188' title='bbox 291 1375 381 1402; x_wconf 74' lang='lat' dir='ltr'><strong>exorsi</strong></span> <span class='ocrx_word' id='word_1_189' title='bbox 399 1395 406 1408; x_wconf 85' lang='lat'><strong>,</strong></span> <span class='ocrx_word' id='word_1_190' title='bbox 426 1376 453 1402; x_wconf 91' lang='lat' dir='ltr'><strong>in</strong></span> <span class='ocrx_word' id='word_1_191' title='bbox 477 1376 718 1410; x_wconf 79' lang='lat' dir='ltr'><strong>contemplationis</strong></span> <span class='ocrx_word' id='word_1_192' title='bbox 733 1376 872 1411; x_wconf 70' lang='lat' dir='ltr'><strong>fastigium</strong></span> <span class='ocrx_word' id='word_1_193' title='bbox 892 1375 957 1402; x_wconf 89' lang='lat' dir='ltr'><strong>sub-</strong></span> 
     </span>
    </p>
   </div>
   <div class='ocr_carea' id='block_1_30' title="bbox 164 1419 955 1454">
    <p class='ocr_par' dir='ltr' id='par_1_30' title="bbox 164 1419 955 1454">
     <span class='ocr_line' id='line_1_30' title="bbox 164 1419 955 1454; baseline 0 -8"><span class='ocrx_word' id='word_1_194' title='bbox 164 1420 313 1446; x_wconf 82' lang='lat' dir='ltr'><strong>vehantur.</strong></span> <span class='ocrx_word' id='word_1_195' title='bbox 333 1419 400 1446; x_wconf 68' lang='lat' dir='ltr'><strong>Nam</strong></span> <span class='ocrx_word' id='word_1_196' title='bbox 429 1420 645 1454; x_wconf 80' lang='lat' dir='ltr'><strong>contemplatio,</strong></span> <span class='ocrx_word' id='word_1_197' title='bbox 672 1420 724 1447; x_wconf 92' lang='lat' dir='ltr'><strong>nisi</strong></span> <span class='ocrx_word' id='word_1_198' title='bbox 750 1421 856 1447; x_wconf 84' lang='lat' dir='ltr'><strong>timoris</strong></span> <span class='ocrx_word' id='word_1_199' title='bbox 871 1420 955 1447; x_wconf 76' lang='lat' dir='ltr'><strong>divini</strong></span> 
     </span>
    </p>
   </div>
   <div class='ocr_carea' id='block_1_31' title="bbox 163 1465 958 1500">
    <p class='ocr_par' dir='ltr' id='par_1_31' title="bbox 163 1465 958 1500">
     <span class='ocr_line' id='line_1_31' title="bbox 163 1465 958 1500; baseline 0.003 -10"><span class='ocrx_word' id='word_1_200' title='bbox 163 1465 246 1491; x_wconf 74' lang='lat' dir='ltr'><strong>freno</strong></span> <span class='ocrx_word' id='word_1_201' title='bbox 269 1468 440 1496; x_wconf 76' lang='lat' dir='ltr'><strong>coercentur,</strong></span> <span class='ocrx_word' id='word_1_202' title='bbox 470 1465 496 1491; x_wconf 93' lang='lat' dir='ltr'><strong>iu</strong></span> <span class='ocrx_word' id='word_1_203' title='bbox 523 1465 700 1500; x_wconf 74' lang='lat' dir='ltr'><strong>blasphemia:</strong></span> <span class='ocrx_word' id='word_1_204' title='bbox 727 1473 837 1500; x_wconf 87' lang='lat' dir='ltr'><strong>quoque</strong></span> <span class='ocrx_word' id='word_1_205' title='bbox 860 1465 958 1492; x_wconf 79' lang='lat' dir='ltr'><strong>fortas-</strong></span> 
     </span>
    </p>
   </div>
   <div class='ocr_carea' id='block_1_32' title="bbox 164 1510 955 1546">
    <p class='ocr_par' dir='ltr' id='par_1_32' title="bbox 164 1510 955 1546">
     <span class='ocr_line' id='line_1_32' title="bbox 164 1510 955 1546; baseline 0.001 -9"><span class='ocrx_word' id='word_1_206' title='bbox 164 1511 204 1537; x_wconf 88' lang='lat' dir='ltr'><strong>sis</strong></span> <span class='ocrx_word' id='word_1_207' title='bbox 221 1514 249 1537; x_wconf 86' lang='lat' dir='ltr'><strong>et</strong></span> <span class='ocrx_word' id='word_1_208' title='bbox 266 1510 413 1545; x_wconf 82' lang='lat' dir='ltr'><strong>impietatis</strong></span> <span class='ocrx_word' id='word_1_209' title='bbox 431 1511 579 1545; x_wconf 69' lang='lat' dir='ltr'><strong>praecipitia</strong></span> <span class='ocrx_word' id='word_1_210' title='bbox 597 1519 646 1538; x_wconf 89' lang='lat' dir='ltr'><strong>nos</strong></span> <span class='ocrx_word' id='word_1_211' title='bbox 668 1511 804 1545; x_wconf 86' lang='lat' dir='ltr'><strong>impulerit</strong></span> <span class='ocrx_word' id='word_1_212' title='bbox 829 1519 860 1538; x_wconf 90' lang='lat' dir='ltr'><strong>ac</strong></span> <span class='ocrx_word' id='word_1_213' title='bbox 882 1512 955 1546; x_wconf 86' lang='lat' dir='ltr'><strong>deje-</strong></span> 
     </span>
    </p>
   </div>
   <div class='ocr_carea' id='block_1_33' title="bbox 163 1554 954 1591">
    <p class='ocr_par' dir='ltr' id='par_1_33' title="bbox 163 1554 954 1591">
     <span class='ocr_line' id='line_1_33' title="bbox 163 1554 954 1591; baseline 0.001 -9"><span class='ocrx_word' id='word_1_214' title='bbox 163 1555 247 1583; x_wconf 84' lang='lat' dir='ltr'><strong>cerit.</strong></span> <span class='ocrx_word' id='word_1_215' title='bbox 264 1556 303 1582; x_wconf 77' lang='lat' dir='ltr'><strong>Ac</strong></span> <span class='ocrx_word' id='word_1_216' title='bbox 320 1555 381 1582; x_wconf 84' lang='lat' dir='ltr'><strong>vide</strong></span> <span class='ocrx_word' id='word_1_217' title='bbox 399 1557 513 1587; x_wconf 87' lang='lat' dir='ltr'><strong>scalam.</strong></span> <span class='ocrx_word' id='word_1_218' title='bbox 533 1564 580 1590; x_wconf 86' lang='lat' dir='ltr'><strong>per</strong></span> <span class='ocrx_word' id='word_1_219' title='bbox 603 1564 685 1591; x_wconf 84' lang='lat' dir='ltr'><strong>quam</strong></span> <span class='ocrx_word' id='word_1_220' title='bbox 701 1556 733 1583; x_wconf 85' lang='lat' dir='ltr'><strong>ad</strong></span> <span class='ocrx_word' id='word_1_221' title='bbox 759 1554 954 1591; x_wconf 80' lang='lat' dir='ltr'><strong>perfectionem</strong></span> 
     </span>
    </p>
   </div>
   <div class='ocr_carea' id='block_1_34' title="bbox 163 1601 955 1636">
    <p class='ocr_par' dir='ltr' id='par_1_34' title="bbox 163 1601 955 1636">
     <span class='ocr_line' id='line_1_34' title="bbox 163 1601 955 1636; baseline 0.001 -8"><span class='ocrx_word' id='word_1_222' title='bbox 163 1601 246 1628; x_wconf 83' lang='lat' dir='ltr'><strong>nobis</strong></span> <span class='ocrx_word' id='word_1_223' title='bbox 270 1608 400 1628; x_wconf 81' lang='lat' dir='ltr'><strong>ascensus</strong></span> <span class='ocrx_word' id='word_1_224' title='bbox 427 1605 510 1636; x_wconf 88' lang='lat' dir='ltr'><strong>patet.</strong></span> <span class='ocrx_word' id='word_1_225' title='bbox 536 1601 587 1629; x_wconf 86' lang='lat' dir='ltr'><strong>Ubi</strong></span> <span class='ocrx_word' id='word_1_226' title='bbox 618 1602 689 1628; x_wconf 87' lang='lat' dir='ltr'><strong>enim</strong></span> <span class='ocrx_word' id='word_1_227' title='bbox 719 1603 802 1629; x_wconf 90' lang='lat' dir='ltr'><strong>tintor</strong></span> <span class='ocrx_word' id='word_1_228' title='bbox 824 1607 875 1634; x_wconf 85' lang='lat' dir='ltr'><strong>est,</strong></span> <span class='ocrx_word' id='word_1_229' title='bbox 901 1603 955 1629; x_wconf 85' lang='lat' dir='ltr'><strong>illtc</strong></span> 
     </span>
    </p>
   </div>
   <div class='ocr_carea' id='block_1_35' title="bbox 161 1647 956 1682">
    <p class='ocr_par' dir='ltr' id='par_1_35' title="bbox 161 1647 956 1682">
     <span class='ocr_line' id='line_1_35' title="bbox 161 1647 956 1682; baseline 0.003 -10"><span class='ocrx_word' id='word_1_230' title='bbox 161 1654 276 1682; x_wconf 82' lang='lat' dir='ltr'><strong>quoque</strong></span> <span class='ocrx_word' id='word_1_231' title='bbox 298 1647 488 1673; x_wconf 87' lang='lat' dir='ltr'><strong>mandatorum</strong></span> <span class='ocrx_word' id='word_1_232' title='bbox 505 1647 672 1674; x_wconf 81' lang='lat' dir='ltr'><strong>observatio.</strong></span> <span class='ocrx_word' id='word_1_233' title='bbox 695 1647 748 1674; x_wconf 89' lang='lat' dir='ltr'><strong>Ubi</strong></span> <span class='ocrx_word' id='word_1_234' title='bbox 765 1653 855 1675; x_wconf 88' lang='lat' dir='ltr'><strong>autem</strong></span> <span class='ocrx_word' id='word_1_235' title='bbox 877 1656 956 1675; x_wconf 86' lang='lat' dir='ltr'><strong>matt-</strong></span> 
     </span>
    </p>
   </div>
   <div class='ocr_carea' id='block_1_36' title="bbox 159 1693 954 1729">
    <p class='ocr_par' dir='ltr' id='par_1_36' title="bbox 159 1693 954 1729">
     <span class='ocr_line' id='line_1_36' title="bbox 159 1693 954 1729; baseline 0.001 -9"><span class='ocrx_word' id='word_1_236' title='bbox 159 1693 293 1720; x_wconf 84' lang='lat' dir='ltr'><strong>datorum</strong></span> <span class='ocrx_word' id='word_1_237' title='bbox 311 1693 466 1720; x_wconf 86' lang='lat' dir='ltr'><strong>observatio</strong></span> <span class='ocrx_word' id='word_1_238' title='bbox 480 1712 488 1724; x_wconf 90' lang='lat'><strong>,</strong></span> <span class='ocrx_word' id='word_1_239' title='bbox 515 1693 555 1719; x_wconf 89' lang='lat' dir='ltr'><strong>ibi</strong></span> <span class='ocrx_word' id='word_1_240' title='bbox 578 1693 668 1720; x_wconf 88' lang='lat' dir='ltr'><strong>carnis</strong></span> <span class='ocrx_word' id='word_1_241' title='bbox 683 1701 791 1728; x_wconf 90' lang='lat' dir='ltr'><strong>quoque</strong></span> <span class='ocrx_word' id='word_1_242' title='bbox 806 1695 928 1729; x_wconf 78' lang='lat' dir='ltr'><strong>purgatio</strong></span> <span class='ocrx_word' id='word_1_243' title='bbox 948 1703 954 1721; x_wconf 91' lang='lat'><strong>:</strong></span> 
     </span>
    </p>
   </div>
   <div class='ocr_carea' id='block_1_37' title="bbox 162 1738 955 1773">
    <p class='ocr_par' dir='ltr' id='par_1_37' title="bbox 162 1738 955 1773">
     <span class='ocr_line' id='line_1_37' title="bbox 162 1738 955 1773; baseline 0.004 -10"><span class='ocrx_word' id='word_1_244' title='bbox 162 1746 226 1772; x_wconf 71' lang='lat' dir='ltr'><strong>qua:</strong></span> <span class='ocrx_word' id='word_1_245' title='bbox 243 1738 354 1771; x_wconf 85' lang='lat' dir='ltr'><strong>quidem</strong></span> <span class='ocrx_word' id='word_1_246' title='bbox 367 1745 431 1764; x_wconf 87' lang='lat' dir='ltr'><strong>caro</strong></span> <span class='ocrx_word' id='word_1_247' title='bbox 445 1738 496 1765; x_wconf 89' lang='lat' dir='ltr'><strong>ltoe</strong></span> <span class='ocrx_word' id='word_1_248' title='bbox 515 1743 556 1766; x_wconf 82' lang='lat' dir='ltr'><strong>est</strong></span> <span class='ocrx_word' id='word_1_249' title='bbox 576 1740 684 1772; x_wconf 69' lang='lat' dir='ltr'><strong>animm,</strong></span> <span class='ocrx_word' id='word_1_250' title='bbox 700 1739 772 1773; x_wconf 90' lang='lat' dir='ltr'><strong>quod</strong></span> <span class='ocrx_word' id='word_1_251' title='bbox 790 1740 840 1765; x_wconf 87' lang='lat' dir='ltr'><strong>soli</strong></span> <span class='ocrx_word' id='word_1_252' title='bbox 859 1740 955 1771; x_wconf 81' lang='lat' dir='ltr'><strong>nubes,</strong></span> 
     </span>
    </p>
   </div>
   <div class='ocr_carea' id='block_1_38' title="bbox 163 1783 955 1820">
    <p class='ocr_par' dir='ltr' id='par_1_38' title="bbox 163 1783 955 1820">
     <span class='ocr_line' id='line_1_38' title="bbox 163 1783 955 1820; baseline 0.001 -10"><span class='ocrx_word' id='word_1_253' title='bbox 163 1783 290 1811; x_wconf 83' lang='lat' dir='ltr'><strong>tenebris</strong></span> <span class='ocrx_word' id='word_1_254' title='bbox 314 1784 419 1810; x_wconf 82' lang='lat' dir='ltr'><strong>scilicet</strong></span> <span class='ocrx_word' id='word_1_255' title='bbox 441 1791 499 1810; x_wconf 85' lang='lat' dir='ltr'><strong>eam</strong></span> <span class='ocrx_word' id='word_1_256' title='bbox 526 1784 666 1812; x_wconf 89' lang='lat' dir='ltr'><strong>obducens</strong></span> <span class='ocrx_word' id='word_1_257' title='bbox 686 1790 770 1820; x_wconf 89' lang='lat' dir='ltr'><strong>atqtte</strong></span> <span class='ocrx_word' id='word_1_258' title='bbox 792 1785 955 1817; x_wconf 69' lang='lat' dir='ltr'><strong>obseurans,</strong></span> 
     </span>
    </p>
   </div>
   <div class='ocr_carea' id='block_1_39' title="bbox 163 1829 954 1865">
    <p class='ocr_par' dir='ltr' id='par_1_39' title="bbox 163 1829 954 1865">
     <span class='ocr_line' id='line_1_39' title="bbox 163 1829 954 1865; baseline -0.003 -7"><span class='ocrx_word' id='word_1_259' title='bbox 163 1838 216 1858; x_wconf 87' lang='lat' dir='ltr'><strong>nec</strong></span> <span class='ocrx_word' id='word_1_260' title='bbox 234 1829 321 1857; x_wconf 83' lang='lat' dir='ltr'><strong>divini</strong></span> <span class='ocrx_word' id='word_1_261' title='bbox 346 1829 414 1856; x_wconf 85' lang='lat' dir='ltr'><strong>radii</strong></span> <span class='ocrx_word' id='word_1_262' title='bbox 437 1830 610 1864; x_wconf 80' lang='lat' dir='ltr'><strong>splendorem</strong></span> <span class='ocrx_word' id='word_1_263' title='bbox 632 1839 698 1865; x_wconf 88' lang='lat' dir='ltr'><strong>pttre</strong></span> <span class='ocrx_word' id='word_1_264' title='bbox 724 1831 825 1858; x_wconf 87' lang='lat' dir='ltr'><strong>intueri</strong></span> <span class='ocrx_word' id='word_1_265' title='bbox 850 1832 954 1858; x_wconf 86' lang='lat' dir='ltr'><strong>sinens.</strong></span> 
     </span>
    </p>
   </div>
   <div class='ocr_carea' id='block_1_40' title="bbox 160 1875 957 1911">
    <p class='ocr_par' dir='ltr' id='par_1_40' title="bbox 160 1875 957 1911">
     <span class='ocr_line' id='line_1_40' title="bbox 160 1875 957 1911; baseline 0 -9"><span class='ocrx_word' id='word_1_266' title='bbox 160 1875 251 1902; x_wconf 79' lang='lat' dir='ltr'><strong>Porro</strong></span> <span class='ocrx_word' id='word_1_267' title='bbox 269 1875 313 1901; x_wconf 90' lang='lat' dir='ltr'><strong>tthi</strong></span> <span class='ocrx_word' id='word_1_268' title='bbox 335 1876 434 1902; x_wconf 68' lang='lat' dir='ltr'><strong>eniture</strong></span> <span class='ocrx_word' id='word_1_269' title='bbox 450 1877 586 1910; x_wconf 69' lang='lat' dir='ltr'><strong>purgatio,</strong></span> <span class='ocrx_word' id='word_1_270' title='bbox 611 1884 671 1911; x_wconf 74' lang='lat' dir='ltr'><strong>qua-</strong></span> <span class='ocrx_word' id='word_1_271' title='bbox 686 1877 831 1904; x_wconf 89' lang='lat' dir='ltr'><strong>virlutibus</strong></span> <span class='ocrx_word' id='word_1_272' title='bbox 847 1884 957 1910; x_wconf 87' lang='lat' dir='ltr'><strong>compa-</strong></span> 
     </span>
    </p>
   </div>
   <div class='ocr_carea' id='block_1_41' title="bbox 160 1921 955 1957">
    <p class='ocr_par' dir='ltr' id='par_1_41' title="bbox 160 1921 955 1957">
     <span class='ocr_line' id='line_1_41' title="bbox 160 1921 955 1957; baseline 0.001 -9"><span class='ocrx_word' id='word_1_273' title='bbox 160 1926 252 1951; x_wconf 81' lang='lat' dir='ltr'><strong>ratur.</strong></span> <span class='ocrx_word' id='word_1_274' title='bbox 280 1921 334 1948; x_wconf 91' lang='lat' dir='ltr'><strong>illic</strong></span> <span class='ocrx_word' id='word_1_275' title='bbox 356 1922 437 1948; x_wconf 86' lang='lat' dir='ltr'><strong>etiam</strong></span> <span class='ocrx_word' id='word_1_276' title='bbox 469 1922 587 1949; x_wconf 77' lang='lat' dir='ltr'><strong>scientiae</strong></span> <span class='ocrx_word' id='word_1_277' title='bbox 609 1923 781 1955; x_wconf 87' lang='lat' dir='ltr'><strong>illuminatio,</strong></span> <span class='ocrx_word' id='word_1_278' title='bbox 798 1928 858 1957; x_wconf 87' lang='lat' dir='ltr'><strong>post</strong></span> <span class='ocrx_word' id='word_1_279' title='bbox 884 1923 955 1957; x_wconf 87' lang='lat' dir='ltr'><strong>piam</strong></span> 
     </span>
    </p>
   </div>
   <div class='ocr_carea' id='block_1_42' title="bbox 160 1969 955 2003">
    <p class='ocr_par' dir='ltr' id='par_1_42' title="bbox 160 1969 955 2003">
     <span class='ocr_line' id='line_1_42' title="bbox 160 1969 955 2003; baseline 0.001 -8"><span class='ocrx_word' id='word_1_280' title='bbox 160 1969 396 2003; x_wconf 74' lang='lat' dir='ltr'><strong>sempiternorum</strong></span> <span class='ocrx_word' id='word_1_281' title='bbox 431 1976 522 1995; x_wconf 85' lang='lat' dir='ltr'><strong>rerum</strong></span> <span class='ocrx_word' id='word_1_282' title='bbox 550 1969 771 2002; x_wconf 71' lang='lat' dir='ltr'><strong>disquisitionem</strong></span> <span class='ocrx_word' id='word_1_283' title='bbox 795 1969 894 2001; x_wconf 84' lang='lat' dir='ltr'><strong>elucet,</strong></span> <span class='ocrx_word' id='word_1_284' title='bbox 922 1970 955 1996; x_wconf 87' lang='lat' dir='ltr'><strong>ad</strong></span> 
     </span>
    </p>
   </div>
   <div class='ocr_carea' id='block_1_43' title="bbox 160 2014 957 2050">
    <p class='ocr_par' dir='ltr' id='par_1_43' title="bbox 160 2014 957 2050">
     <span class='ocr_line' id='line_1_43' title="bbox 160 2014 957 2050; baseline 0.003 -10"><span class='ocrx_word' id='word_1_285' title='bbox 160 2015 209 2042; x_wconf 87' lang='lat' dir='ltr'><strong>Dei</strong></span> <span class='ocrx_word' id='word_1_286' title='bbox 226 2014 411 2049; x_wconf 59' lang='lat' dir='ltr'><strong>cognitionem</strong></span> <span class='ocrx_word' id='word_1_287' title='bbox 434 2014 554 2040; x_wconf 88' lang='lat' dir='ltr'><strong>animam</strong></span> <span class='ocrx_word' id='word_1_288' title='bbox 578 2014 708 2046; x_wconf 79' lang='lat' dir='ltr'><strong>evehens,</strong></span> <span class='ocrx_word' id='word_1_289' title='bbox 726 2014 867 2050; x_wconf 84' lang='lat' dir='ltr'><strong>ipsiusque</strong></span> <span class='ocrx_word' id='word_1_290' title='bbox 883 2015 957 2042; x_wconf 79' lang='lat' dir='ltr'><strong>desi-</strong></span> 
     </span>
    </p>
   </div>
   <div class='ocr_carea' id='block_1_44' title="bbox 159 2060 955 2095">
    <p class='ocr_par' dir='ltr' id='par_1_44' title="bbox 159 2060 955 2095">
     <span class='ocr_line' id='line_1_44' title="bbox 159 2060 955 2095; baseline 0.001 -8"><span class='ocrx_word' id='word_1_291' title='bbox 159 2061 272 2087; x_wconf 83' lang='lat' dir='ltr'><strong>derium</strong></span> <span class='ocrx_word' id='word_1_292' title='bbox 298 2060 335 2086; x_wconf 84' lang='lat' dir='ltr'><strong>rei</strong></span> <span class='ocrx_word' id='word_1_293' title='bbox 363 2060 486 2086; x_wconf 88' lang='lat' dir='ltr'><strong>omniuut</strong></span> <span class='ocrx_word' id='word_1_294' title='bbox 515 2067 622 2086; x_wconf 82' lang='lat' dir='ltr'><strong>summe</strong></span> <span class='ocrx_word' id='word_1_295' title='bbox 651 2061 808 2094; x_wconf 63' lang='lat' dir='ltr'><strong>expetenda:</strong></span> <span class='ocrx_word' id='word_1_296' title='bbox 833 2061 955 2095; x_wconf 80' lang='lat' dir='ltr'><strong>aﬂigeus,</strong></span> 
     </span>
    </p>
   </div>
   <div class='ocr_carea' id='block_1_45' title="bbox 161 2105 955 2140">
    <p class='ocr_par' dir='ltr' id='par_1_45' title="bbox 161 2105 955 2140">
     <span class='ocr_line' id='line_1_45' title="bbox 161 2105 955 2140; baseline 0 -6"><span class='ocrx_word' id='word_1_297' title='bbox 161 2108 217 2134; x_wconf 88' lang='lat' dir='ltr'><strong>hoc</strong></span> <span class='ocrx_word' id='word_1_298' title='bbox 251 2110 304 2137; x_wconf 86' lang='lat' dir='ltr'><strong>est,</strong></span> <span class='ocrx_word' id='word_1_299' title='bbox 332 2105 397 2138; x_wconf 85' lang='lat' dir='ltr'><strong>Deo,</strong></span> <span class='ocrx_word' id='word_1_300' title='bbox 429 2105 475 2140; x_wconf 90' lang='lat' dir='ltr'><strong>qui</strong></span> <span class='ocrx_word' id='word_1_301' title='bbox 502 2110 528 2132; x_wconf 93' lang='lat' dir='ltr'><strong>et</strong></span> <span class='ocrx_word' id='word_1_302' title='bbox 558 2106 584 2132; x_wconf 92' lang='lat' dir='ltr'><strong>in</strong></span> <span class='ocrx_word' id='word_1_303' title='bbox 618 2107 745 2134; x_wconf 85' lang='lat' dir='ltr'><strong>maximis</strong></span> <span class='ocrx_word' id='word_1_304' title='bbox 766 2112 820 2139; x_wconf 87' lang='lat' dir='ltr'><strong>est,</strong></span> <span class='ocrx_word' id='word_1_305' title='bbox 846 2107 872 2134; x_wconf 88' lang='lat' dir='ltr'><strong>id</strong></span> <span class='ocrx_word' id='word_1_306' title='bbox 903 2113 955 2140; x_wconf 91' lang='lat' dir='ltr'><strong>est,</strong></span> 
     </span>
    </p>
   </div>
   <div class='ocr_carea' id='block_1_46' title="bbox 160 2151 958 2187">
    <p class='ocr_par' dir='ltr' id='par_1_46' title="bbox 160 2151 958 2187">
     <span class='ocr_line' id='line_1_46' title="bbox 160 2151 958 2187; baseline 0.001 -8"><span class='ocrx_word' id='word_1_307' title='bbox 160 2153 188 2179; x_wconf 75' lang='grc' dir='ltr'><strong>ιιι</strong></span> <span class='ocrx_word' id='word_1_308' title='bbox 211 2151 302 2178; x_wconf 83' lang='lat' dir='ltr'><strong>triltus</strong></span> <span class='ocrx_word' id='word_1_309' title='bbox 318 2151 453 2185; x_wconf 74' lang='lat' dir='ltr'><strong>personis,</strong></span> <span class='ocrx_word' id='word_1_310' title='bbox 468 2156 495 2178; x_wconf 91' lang='lat' dir='ltr'><strong>et</strong></span> <span class='ocrx_word' id='word_1_311' title='bbox 511 2151 537 2178; x_wconf 91' lang='lat' dir='ltr'><strong>in</strong></span> <span class='ocrx_word' id='word_1_312' title='bbox 555 2152 685 2185; x_wconf 86' lang='lat' dir='ltr'><strong>maximo,</strong></span> <span class='ocrx_word' id='word_1_313' title='bbox 701 2159 810 2187; x_wconf 89' lang='lat' dir='ltr'><strong>propter</strong></span> <span class='ocrx_word' id='word_1_314' title='bbox 830 2153 958 2180; x_wconf 85' lang='lat' dir='ltr'><strong>substan-</strong></span> 
     </span>
    </p>
   </div>
   <div class='ocr_carea' id='block_1_47' title="bbox 161 2196 954 2232">
    <p class='ocr_par' dir='ltr' id='par_1_47' title="bbox 161 2196 954 2232">
     <span class='ocr_line' id='line_1_47' title="bbox 161 2196 954 2232; baseline 0.001 -8"><span class='ocrx_word' id='word_1_315' title='bbox 161 2198 209 2225; x_wconf 65' lang='lat' dir='ltr'><strong>tim</strong></span> <span class='ocrx_word' id='word_1_316' title='bbox 227 2200 257 2223; x_wconf 83' lang='lat' dir='ltr'><strong>et</strong></span> <span class='ocrx_word' id='word_1_317' title='bbox 281 2196 431 2222; x_wconf 80' lang='lat' dir='ltr'><strong>divinitatis</strong></span> <span class='ocrx_word' id='word_1_318' title='bbox 457 2196 599 2227; x_wconf 87' lang='lat' dir='ltr'><strong>unitatem,</strong></span> <span class='ocrx_word' id='word_1_319' title='bbox 621 2202 647 2223; x_wconf 86' lang='lat' dir='ltr'><strong>et</strong></span> <span class='ocrx_word' id='word_1_320' title='bbox 676 2198 861 2232; x_wconf 74' lang='lat' dir='ltr'><strong>magnitudine</strong></span> <span class='ocrx_word' id='word_1_321' title='bbox 881 2199 954 2225; x_wconf 90' lang='lat' dir='ltr'><strong>omtti</strong></span> 
     </span>
    </p>
   </div>
   <div class='ocr_carea' id='block_1_48' title="bbox 1013 277 1803 314">
    <p class='ocr_par' dir='ltr' id='par_1_48' title="bbox 1013 277 1803 314">
     <span class='ocr_line' id='line_1_48' title="bbox 1013 277 1803 314; baseline 0.006 -11"><span class='ocrx_word' id='word_1_322' title='bbox 1013 285 1027 303; x_wconf 85' lang='grc' dir='ltr'><em>υ</em></span> <span class='ocrx_word' id='word_1_323' title='bbox 1038 277 1142 303; x_wconf 73' lang='grc' dir='ltr'><strong>Ἰαιηὶηε</strong></span> <span class='ocrx_word' id='word_1_324' title='bbox 1164 277 1258 304; x_wconf 75' lang='lat' dir='ltr'><strong>faciem</strong></span> <span class='ocrx_word' id='word_1_325' title='bbox 1284 285 1361 304; x_wconf 86' lang='lat' dir='ltr'><strong>suam</strong></span> <span class='ocrx_word' id='word_1_326' title='bbox 1378 277 1500 309; x_wconf 78' lang='lat' dir='ltr'><strong>obduxit,</strong></span> <span class='ocrx_word' id='word_1_327' title='bbox 1524 283 1601 313; x_wconf 86' lang='lat' dir='ltr'><strong>atque</strong></span> <span class='ocrx_word' id='word_1_328' title='bbox 1615 280 1654 306; x_wconf 88' lang='lat' dir='ltr'><strong>ita</strong></span> <span class='ocrx_word' id='word_1_329' title='bbox 1667 288 1724 307; x_wconf 84' lang='lat' dir='ltr'><strong>cum</strong></span> <span class='ocrx_word' id='word_1_330' title='bbox 1741 281 1803 314; x_wconf 75' lang='lat' dir='ltr'><strong>ipsis</strong></span> 
     </span>
    </p>
   </div>
   <div class='ocr_carea' id='block_1_49' title="bbox 1013 323 1803 360">
    <p class='ocr_par' dir='ltr' id='par_1_49' title="bbox 1013 323 1803 360">
     <span class='ocr_line' id='line_1_49' title="bbox 1013 323 1803 360; baseline 0.005 -10"><span class='ocrx_word' id='word_1_331' title='bbox 1013 323 1171 350; x_wconf 77' lang='lat' dir='ltr'><strong>versabatur</strong></span> <span class='ocrx_word' id='word_1_332' title='bbox 1197 324 1220 350; x_wconf 79' lang='lat'><strong>’.</strong></span> <span class='ocrx_word' id='word_1_333' title='bbox 1259 323 1496 356; x_wconf 80' lang='lat' dir='ltr'><strong>Quemadmodum</strong></span> <span class='ocrx_word' id='word_1_334' title='bbox 1533 325 1616 360; x_wconf 81' lang='lat' dir='ltr'><strong>igitur</strong></span> <span class='ocrx_word' id='word_1_335' title='bbox 1651 326 1803 359; x_wconf 67' lang='lat' dir='ltr'><strong>Israelitte,</strong></span> 
     </span>
    </p>
   </div>
   <div class='ocr_carea' id='block_1_50' title="bbox 1013 368 1798 404">
    <p class='ocr_par' dir='ltr' id='par_1_50' title="bbox 1013 368 1798 404">
     <span class='ocr_line' id='line_1_50' title="bbox 1013 368 1798 404; baseline 0.006 -10"><span class='ocrx_word' id='word_1_336' title='bbox 1013 369 1139 402; x_wconf 84' lang='lat' dir='ltr'><strong>quamvis</strong></span> <span class='ocrx_word' id='word_1_337' title='bbox 1165 368 1248 396; x_wconf 82' lang='lat' dir='ltr'><strong>Mosis</strong></span> <span class='ocrx_word' id='word_1_338' title='bbox 1273 370 1378 396; x_wconf 86' lang='lat' dir='ltr'><strong>vultum</strong></span> <span class='ocrx_word' id='word_1_339' title='bbox 1406 377 1519 397; x_wconf 86' lang='lat' dir='ltr'><strong>cernere</strong></span> <span class='ocrx_word' id='word_1_340' title='bbox 1547 376 1688 404; x_wconf 85' lang='lat' dir='ltr'><strong>cuperent,</strong></span> <span class='ocrx_word' id='word_1_341' title='bbox 1706 377 1798 399; x_wconf 88' lang='lat' dir='ltr'><strong>tamen</strong></span> 
     </span>
    </p>
   </div>
   <div class='ocr_carea' id='block_1_51' title="bbox 1012 414 1803 452">
    <p class='ocr_par' dir='ltr' id='par_1_51' title="bbox 1012 414 1803 452">
     <span class='ocr_line' id='line_1_51' title="bbox 1012 414 1803 452; baseline 0.005 -12"><span class='ocrx_word' id='word_1_342' title='bbox 1012 419 1122 448; x_wconf 89' lang='lat' dir='ltr'><strong>propter</strong></span> <span class='ocrx_word' id='word_1_343' title='bbox 1136 414 1289 449; x_wconf 76' lang='lat' dir='ltr'><strong>splendoris</strong></span> <span class='ocrx_word' id='word_1_344' title='bbox 1297 415 1390 443; x_wconf 87' lang='lat' dir='ltr'><strong>radios</strong></span> <span class='ocrx_word' id='word_1_345' title='bbox 1406 423 1438 442; x_wconf 81' lang='lat' dir='ltr'><strong>ex</strong></span> <span class='ocrx_word' id='word_1_346' title='bbox 1454 424 1486 444; x_wconf 86' lang='lat' dir='ltr'><strong>eo</strong></span> <span class='ocrx_word' id='word_1_347' title='bbox 1503 421 1658 450; x_wconf 84' lang='lat' dir='ltr'><strong>manantes,</strong></span> <span class='ocrx_word' id='word_1_348' title='bbox 1669 424 1803 452; x_wconf 80' lang='lat' dir='ltr'><strong>suamque</strong></span> 
     </span>
    </p>
   </div>
   <div class='ocr_carea' id='block_1_52' title="bbox 1012 460 1802 497">
    <p class='ocr_par' dir='ltr' id='par_1_52' title="bbox 1012 460 1802 497">
     <span class='ocr_line' id='line_1_52' title="bbox 1012 460 1802 497; baseline 0.006 -12"><span class='ocrx_word' id='word_1_349' title='bbox 1012 460 1209 492; x_wconf 89' lang='lat' dir='ltr'><strong>inlirmitatetn,</strong></span> <span class='ocrx_word' id='word_1_350' title='bbox 1236 467 1298 487; x_wconf 84' lang='lat' dir='ltr'><strong>eum</strong></span> <span class='ocrx_word' id='word_1_351' title='bbox 1322 461 1422 488; x_wconf 87' lang='lat' dir='ltr'><strong>intueri</strong></span> <span class='ocrx_word' id='word_1_352' title='bbox 1439 469 1492 488; x_wconf 91' lang='lat' dir='ltr'><strong>non</strong></span> <span class='ocrx_word' id='word_1_353' title='bbox 1508 467 1636 497; x_wconf 85' lang='lat' dir='ltr'><strong>poterant</strong></span> <span class='ocrx_word' id='word_1_354' title='bbox 1652 472 1659 490; x_wconf 90' lang='lat'>:</span> <span class='ocrx_word' id='word_1_355' title='bbox 1679 464 1712 490; x_wconf 88' lang='lat' dir='ltr'><strong>ad</strong></span> <span class='ocrx_word' id='word_1_356' title='bbox 1729 463 1802 490; x_wconf 89' lang='lat' dir='ltr'><strong>hunc</strong></span> 
     </span>
    </p>
   </div>
   <div class='ocr_carea' id='block_1_53' title="bbox 1012 507 1799 543">
    <p class='ocr_par' dir='ltr' id='par_1_53' title="bbox 1012 507 1799 543">
     <span class='ocr_line' id='line_1_53' title="bbox 1012 507 1799 543; baseline 0.003 -11"><span class='ocrx_word' id='word_1_357' title='bbox 1012 513 1119 541; x_wconf 88' lang='lat' dir='ltr'><strong>quoque</strong></span> <span class='ocrx_word' id='word_1_358' title='bbox 1145 507 1256 533; x_wconf 87' lang='lat' dir='ltr'><strong>modum</strong></span> <span class='ocrx_word' id='word_1_359' title='bbox 1285 508 1441 542; x_wconf 91' lang='lat' dir='ltr'><strong>quicunqtte</strong></span> <span class='ocrx_word' id='word_1_360' title='bbox 1468 515 1500 534; x_wconf 79' lang='lat' dir='ltr'><strong>ex</strong></span> <span class='ocrx_word' id='word_1_361' title='bbox 1520 508 1598 536; x_wconf 90' lang='lat' dir='ltr'><strong>nobis</strong></span> <span class='ocrx_word' id='word_1_362' title='bbox 1618 516 1667 543; x_wconf 89' lang='lat' dir='ltr'><strong>per</strong></span> <span class='ocrx_word' id='word_1_363' title='bbox 1691 516 1799 535; x_wconf 81' lang='lat' dir='ltr'><strong>mentm</strong></span> 
     </span>
    </p>
   </div>
   <div class='ocr_carea' id='block_1_54' title="bbox 1011 551 1802 587">
    <p class='ocr_par' dir='ltr' id='par_1_54' title="bbox 1011 551 1802 587">
     <span class='ocr_line' id='line_1_54' title="bbox 1011 551 1802 587; baseline 0.004 -11"><span class='ocrx_word' id='word_1_364' title='bbox 1011 551 1174 584; x_wconf 85' lang='lat' dir='ltr'><strong>probitatem</strong></span> <span class='ocrx_word' id='word_1_365' title='bbox 1191 552 1370 586; x_wconf 79' lang='lat' dir='ltr'><strong>egregiasque</strong></span> <span class='ocrx_word' id='word_1_366' title='bbox 1386 552 1510 580; x_wconf 87' lang='lat' dir='ltr'><strong>actiones</strong></span> <span class='ocrx_word' id='word_1_367' title='bbox 1534 553 1643 580; x_wconf 87' lang='lat' dir='ltr'><strong>animos</strong></span> <span class='ocrx_word' id='word_1_368' title='bbox 1668 559 1721 579; x_wconf 92' lang='lat' dir='ltr'><strong>non</strong></span> <span class='ocrx_word' id='word_1_369' title='bbox 1740 561 1802 587; x_wconf 83' lang='lat' dir='ltr'><strong>per-</strong></span> 
     </span>
    </p>
   </div>
   <div class='ocr_carea' id='block_1_55' title="bbox 1011 598 1800 634">
    <p class='ocr_par' dir='ltr' id='par_1_55' title="bbox 1011 598 1800 634">
     <span class='ocr_line' id='line_1_55' title="bbox 1011 598 1800 634; baseline 0.004 -10"><span class='ocrx_word' id='word_1_370' title='bbox 1011 599 1165 633; x_wconf 80' lang='lat' dir='ltr'><strong>purgarint.</strong></span> <span class='ocrx_word' id='word_1_371' title='bbox 1181 606 1243 626; x_wconf 88' lang='lat' dir='ltr'><strong>cum</strong></span> <span class='ocrx_word' id='word_1_372' title='bbox 1268 598 1323 626; x_wconf 83' lang='lat' dir='ltr'><strong>De‘o</strong></span> <span class='ocrx_word' id='word_1_373' title='bbox 1350 604 1377 626; x_wconf 90' lang='lat' dir='ltr'><strong>et</strong></span> <span class='ocrx_word' id='word_1_374' title='bbox 1391 600 1528 634; x_wconf 81' lang='lat' dir='ltr'><strong>theologia</strong></span> <span class='ocrx_word' id='word_1_375' title='bbox 1549 600 1648 627; x_wconf 80' lang='lat' dir='ltr'><strong>frustra</strong></span> <span class='ocrx_word' id='word_1_376' title='bbox 1664 607 1800 627; x_wconf 83' lang='lat' dir='ltr'><strong>commer-</strong></span> 
     </span>
    </p>
   </div>
   <div class='ocr_carea' id='block_1_56' title="bbox 1010 643 1799 674">
    <p class='ocr_par' dir='ltr' id='par_1_56' title="bbox 1010 643 1799 674">
     <span class='ocr_line' id='line_1_56' title="bbox 1010 643 1799 674; baseline 0.004 -4"><span class='ocrx_word' id='word_1_377' title='bbox 1010 643 1084 670; x_wconf 89' lang='lat' dir='ltr'><strong>cium</strong></span> <span class='ocrx_word' id='word_1_378' title='bbox 1113 644 1213 670; x_wconf 85' lang='lat' dir='ltr'><strong>habere</strong></span> <span class='ocrx_word' id='word_1_379' title='bbox 1240 644 1423 671; x_wconf 84' lang='lat' dir='ltr'><strong>conabuntur.</strong></span> <span class='ocrx_word' id='word_1_380' title='bbox 1456 644 1562 672; x_wconf 80' lang='lat' dir='ltr'><strong>Rursus</strong></span> <span class='ocrx_word' id='word_1_381' title='bbox 1590 645 1622 672; x_wconf 90' lang='lat' dir='ltr'><strong>de</strong></span> <span class='ocrx_word' id='word_1_382' title='bbox 1649 645 1747 672; x_wconf 84' lang='lat' dir='ltr'><strong>illanue</strong></span> <span class='ocrx_word' id='word_1_383' title='bbox 1773 646 1799 674; x_wconf 91' lang='lat' dir='ltr'><strong>in</strong></span> 
     </span>
    </p>
   </div>
   <div class='ocr_carea' id='block_1_57' title="bbox 1011 686 1797 723">
    <p class='ocr_par' dir='ltr' id='par_1_57' title="bbox 1011 686 1797 723">
     <span class='ocr_line' id='line_1_57' title="bbox 1011 686 1797 723; baseline 0.004 -9"><span class='ocrx_word' id='word_1_384' title='bbox 1011 688 1079 715; x_wconf 89' lang='lat' dir='ltr'><strong>libro</strong></span> <span class='ocrx_word' id='word_1_385' title='bbox 1095 686 1223 715; x_wconf 87' lang='lat' dir='ltr'><strong>Judicum</strong></span> <span class='ocrx_word' id='word_1_386' title='bbox 1240 688 1297 715; x_wconf 64' lang='lat' dir='ltr'><strong>haec</strong></span> <span class='ocrx_word' id='word_1_387' title='bbox 1311 689 1450 716; x_wconf 67' lang='lat' dir='ltr'><strong>memoriae</strong></span> <span class='ocrx_word' id='word_1_388' title='bbox 1466 690 1574 723; x_wconf 86' lang='lat' dir='ltr'><strong>prodita</strong></span> <span class='ocrx_word' id='word_1_389' title='bbox 1591 694 1656 718; x_wconf 86' lang='lat' dir='ltr'><strong>sunt</strong></span> <span class='ocrx_word' id='word_1_390' title='bbox 1672 691 1706 723; x_wconf 80' lang='lat'><strong>”,</strong></span> <span class='ocrx_word' id='word_1_391' title='bbox 1723 698 1797 722; x_wconf 83' lang='lat' dir='ltr'><strong>eum,</strong></span> 
     </span>
    </p>
   </div>
   <div class='ocr_carea' id='block_1_58' title="bbox 1010 734 1798 770">
    <p class='ocr_par' dir='ltr' id='par_1_58' title="bbox 1010 734 1798 770">
     <span class='ocr_line' id='line_1_58' title="bbox 1010 734 1798 770; baseline 0.001 -9"><span class='ocrx_word' id='word_1_392' title='bbox 1010 742 1073 761; x_wconf 89' lang='lat' dir='ltr'><strong>cum</strong></span> <span class='ocrx_word' id='word_1_393' title='bbox 1095 734 1201 762; x_wconf 84' lang='lat' dir='ltr'><strong>lsraelis</strong></span> <span class='ocrx_word' id='word_1_394' title='bbox 1224 735 1305 769; x_wconf 83' lang='lat' dir='ltr'><strong>judex</strong></span> <span class='ocrx_word' id='word_1_395' title='bbox 1330 739 1427 767; x_wconf 86' lang='lat' dir='ltr'><strong>esset,</strong></span> <span class='ocrx_word' id='word_1_396' title='bbox 1452 735 1688 770; x_wconf 83' lang='lat' dir='ltr'><strong>humanitatisque</strong></span> <span class='ocrx_word' id='word_1_397' title='bbox 1712 736 1798 763; x_wconf 81' lang='lat' dir='ltr'><strong>cilicia</strong></span> 
     </span>
    </p>
   </div>
   <div class='ocr_carea' id='block_1_59' title="bbox 1009 778 1799 814">
    <p class='ocr_par' dir='ltr' id='par_1_59' title="bbox 1009 778 1799 814">
     <span class='ocr_line' id='line_1_59' title="bbox 1009 778 1799 814; baseline 0 -9"><span class='ocrx_word' id='word_1_398' title='bbox 1009 786 1071 813; x_wconf 80' lang='lat' dir='ltr'><strong>erga</strong></span> <span class='ocrx_word' id='word_1_399' title='bbox 1110 778 1231 812; x_wconf 81' lang='lat' dir='ltr'><strong>hospites</strong></span> <span class='ocrx_word' id='word_1_400' title='bbox 1258 778 1380 806; x_wconf 84' lang='lat' dir='ltr'><strong>studiose</strong></span> <span class='ocrx_word' id='word_1_401' title='bbox 1416 779 1537 811; x_wconf 85' lang='lat' dir='ltr'><strong>coleret,</strong></span> <span class='ocrx_word' id='word_1_402' title='bbox 1567 779 1799 814; x_wconf 79' lang='lat' dir='ltr'><strong>augelum.quasi</strong></span> 
     </span>
    </p>
   </div>
   <div class='ocr_carea' id='block_1_60' title="bbox 1010 825 1800 860">
    <p class='ocr_par' dir='ltr' id='par_1_60' title="bbox 1010 825 1800 860">
     <span class='ocr_line' id='line_1_60' title="bbox 1010 825 1800 860; baseline 0.003 -10"><span class='ocrx_word' id='word_1_403' title='bbox 1010 831 1093 851; x_wconf 89' lang='lat' dir='ltr'><strong>unum</strong></span> <span class='ocrx_word' id='word_1_404' title='bbox 1109 825 1265 859; x_wconf 82' lang='lat' dir='ltr'><strong>quempiam</strong></span> <span class='ocrx_word' id='word_1_405' title='bbox 1287 832 1303 852; x_wconf 90' lang='lat' dir='ltr'><strong>e</strong></span> <span class='ocrx_word' id='word_1_406' title='bbox 1321 825 1399 859; x_wconf 81' lang='lat' dir='ltr'><strong>plebe</strong></span> <span class='ocrx_word' id='word_1_407' title='bbox 1417 825 1537 859; x_wconf 86' lang='lat' dir='ltr'><strong>hospitio</strong></span> <span class='ocrx_word' id='word_1_408' title='bbox 1554 825 1707 860; x_wconf 76' lang='lat' dir='ltr'><strong>excepisse.</strong></span> <span class='ocrx_word' id='word_1_409' title='bbox 1721 832 1800 852; x_wconf 92' lang='lat' dir='ltr'><strong>cum-</strong></span> 
     </span>
    </p>
   </div>
   <div class='ocr_carea' id='block_1_61' title="bbox 1009 870 1798 906">
    <p class='ocr_par' dir='ltr' id='par_1_61' title="bbox 1009 870 1798 906">
     <span class='ocr_line' id='line_1_61' title="bbox 1009 870 1798 906; baseline 0 -9"><span class='ocrx_word' id='word_1_410' title='bbox 1009 877 1063 905; x_wconf 87' lang='lat' dir='ltr'><strong>que</strong></span> <span class='ocrx_word' id='word_1_411' title='bbox 1087 870 1157 905; x_wconf 83' lang='lat' dir='ltr'><strong>ignis</strong></span> <span class='ocrx_word' id='word_1_412' title='bbox 1179 878 1194 897; x_wconf 86' lang='lat' dir='ltr'><strong>e</strong></span> <span class='ocrx_word' id='word_1_413' title='bbox 1219 875 1295 905; x_wconf 87' lang='lat' dir='ltr'><strong>petra</strong></span> <span class='ocrx_word' id='word_1_414' title='bbox 1323 875 1349 898; x_wconf 89' lang='lat' dir='ltr'><strong>et</strong></span> <span class='ocrx_word' id='word_1_415' title='bbox 1375 878 1470 898; x_wconf 86' lang='lat' dir='ltr'><strong>mensa</strong></span> <span class='ocrx_word' id='word_1_416' title='bbox 1496 872 1617 898; x_wconf 77' lang='lat' dir='ltr'><strong>emicans</strong></span> <span class='ocrx_word' id='word_1_417' title='bbox 1632 871 1708 898; x_wconf 83' lang='lat' dir='ltr'><strong>cibos</strong></span> <span class='ocrx_word' id='word_1_418' title='bbox 1729 871 1798 906; x_wconf 89' lang='lat' dir='ltr'><strong>ipsis</strong></span> 
     </span>
    </p>
   </div>
   <div class='ocr_carea' id='block_1_62' title="bbox 495 915 1799 953">
    <p class='ocr_par' dir='ltr' id='par_1_62' title="bbox 495 915 1799 953">
     <span class='ocr_line' id='line_1_62' title="bbox 495 915 1799 953; baseline 0 -8"><span class='ocrx_word' id='word_1_419' title='bbox 495 923 588 953; x_wconf 87' lang='lat' dir='ltr'><strong>utpote</strong></span> <span class='ocrx_word' id='word_1_420' title='bbox 613 918 658 953; x_wconf 86' lang='lat' dir='ltr'><strong>qui</strong></span> <span class='ocrx_word' id='word_1_421' title='bbox 683 919 793 945; x_wconf 89' lang='lat' dir='ltr'><strong>anintos</strong></span> <span class='ocrx_word' id='word_1_422' title='bbox 813 923 925 946; x_wconf 80' lang='lat' dir='ltr'><strong>nostros</strong></span> <span class='ocrx_word' id='word_1_423' title='bbox 943 926 957 945; x_wconf 87' lang='lat' dir='ltr'><strong>a</strong></span> <span class='ocrx_word' id='word_1_424' title='bbox 976 915 995 941; x_wconf 83' lang='grc' dir='ltr'>Β</span> <span class='ocrx_word' id='word_1_425' title='bbox 1010 917 1150 951; x_wconf 87' lang='lat' dir='ltr'><strong>appositos</strong></span> <span class='ocrx_word' id='word_1_426' title='bbox 1166 916 1339 950; x_wconf 84' lang='lat' dir='ltr'><strong>devorasset,</strong></span> <span class='ocrx_word' id='word_1_427' title='bbox 1363 921 1444 951; x_wconf 86' lang='lat' dir='ltr'><strong>atque</strong></span> <span class='ocrx_word' id='word_1_428' title='bbox 1471 917 1585 951; x_wconf 78' lang='lat' dir='ltr'><strong>angelus</strong></span> <span class='ocrx_word' id='word_1_429' title='bbox 1608 923 1623 942; x_wconf 76' lang='grc' dir='ltr'><strong>ιι</strong></span> <span class='ocrx_word' id='word_1_430' title='bbox 1648 920 1799 950; x_wconf 73' lang='lat' dir='ltr'><strong>conspectu</strong></span> 
     </span>
    </p>
   </div>
   <div class='ocr_carea' id='block_1_63' title="bbox 1010 961 1798 996">
    <p class='ocr_par' dir='ltr' id='par_1_63' title="bbox 1010 961 1798 996">
     <span class='ocr_line' id='line_1_63' title="bbox 1010 961 1798 996; baseline -0.001 -7"><span class='ocrx_word' id='word_1_431' title='bbox 1010 963 1096 996; x_wconf 84' lang='lat' dir='ltr'><strong>ipsius</strong></span> <span class='ocrx_word' id='word_1_432' title='bbox 1111 970 1140 989; x_wconf 87' lang='lat' dir='ltr'><strong>se</strong></span> <span class='ocrx_word' id='word_1_433' title='bbox 1155 961 1341 994; x_wconf 80' lang='lat' dir='ltr'><strong>subduxisset,</strong></span> <span class='ocrx_word' id='word_1_434' title='bbox 1363 962 1390 988; x_wconf 94' lang='lat' dir='ltr'><strong>in</strong></span> <span class='ocrx_word' id='word_1_435' title='bbox 1414 970 1473 989; x_wconf 85' lang='lat' dir='ltr'><strong>eam</strong></span> <span class='ocrx_word' id='word_1_436' title='bbox 1501 962 1658 996; x_wconf 88' lang='lat' dir='ltr'><strong>opinionem</strong></span> <span class='ocrx_word' id='word_1_437' title='bbox 1677 962 1798 994; x_wconf 83' lang='lat' dir='ltr'><strong>venisse,</strong></span> 
     </span>
    </p>
   </div>
   <div class='ocr_carea' id='block_1_64' title="bbox 1009 1007 1800 1041">
    <p class='ocr_par' dir='ltr' id='par_1_64' title="bbox 1009 1007 1800 1041">
     <span class='ocr_line' id='line_1_64' title="bbox 1009 1007 1800 1041; baseline -0.001 -7"><span class='ocrx_word' id='word_1_438' title='bbox 1009 1012 1038 1034; x_wconf 89' lang='lat' dir='ltr'><strong>ttt</strong></span> <span class='ocrx_word' id='word_1_439' title='bbox 1057 1007 1140 1034; x_wconf 79' lang='lat' dir='ltr'><strong>Deum</strong></span> <span class='ocrx_word' id='word_1_440' title='bbox 1164 1015 1179 1033; x_wconf 85' lang='lat' dir='ltr'><strong>a</strong></span> <span class='ocrx_word' id='word_1_441' title='bbox 1192 1015 1221 1034; x_wconf 89' lang='lat' dir='ltr'><strong>se</strong></span> <span class='ocrx_word' id='word_1_442' title='bbox 1238 1008 1326 1034; x_wconf 88' lang='lat' dir='ltr'><strong>visum</strong></span> <span class='ocrx_word' id='word_1_443' title='bbox 1351 1014 1412 1034; x_wconf 81' lang='lat' dir='ltr'><strong>esse</strong></span> <span class='ocrx_word' id='word_1_444' title='bbox 1430 1007 1613 1040; x_wconf 79' lang='lat' dir='ltr'><strong>existiumret,</strong></span> <span class='ocrx_word' id='word_1_445' title='bbox 1631 1013 1800 1041; x_wconf 79' lang='lat' dir='ltr'><strong>uxoremque</strong></span> 
     </span>
    </p>
   </div>
   <div class='ocr_carea' id='block_1_65' title="bbox 1009 1052 1797 1086">
    <p class='ocr_par' dir='ltr' id='par_1_65' title="bbox 1009 1052 1797 1086">
     <span class='ocr_line' id='line_1_65' title="bbox 1009 1052 1797 1086; baseline -0.001 -6"><span class='ocrx_word' id='word_1_446' title='bbox 1009 1054 1045 1080; x_wconf 85' lang='lat' dir='ltr'><strong>ita</strong></span> <span class='ocrx_word' id='word_1_447' title='bbox 1061 1053 1207 1080; x_wconf 87' lang='lat' dir='ltr'><strong>allocutum</strong></span> <span class='ocrx_word' id='word_1_448' title='bbox 1224 1053 1451 1085; x_wconf 75' lang='lat' dir='ltr'><strong>essezPerimus,</strong></span> <span class='ocrx_word' id='word_1_449' title='bbox 1474 1061 1553 1086; x_wconf 68' lang='lat' dir='ltr'><strong>uxor,</strong></span> <span class='ocrx_word' id='word_1_450' title='bbox 1571 1052 1653 1079; x_wconf 87' lang='lat' dir='ltr'><strong>Deum</strong></span> <span class='ocrx_word' id='word_1_451' title='bbox 1673 1052 1797 1079; x_wconf 71' lang='lat' dir='ltr'><strong>uidimus.</strong></span> 
     </span>
    </p>
   </div>
   <div class='ocr_carea' id='block_1_66' title="bbox 1009 1098 1796 1134">
    <p class='ocr_par' dir='ltr' id='par_1_66' title="bbox 1009 1098 1796 1134">
     <span class='ocr_line' id='line_1_66' title="bbox 1009 1098 1796 1134; baseline -0.001 -8"><span class='ocrx_word' id='word_1_452' title='bbox 1009 1099 1242 1133; x_wconf 79' lang='lat' dir='ltr'><strong>Quemadmodum</strong></span> <span class='ocrx_word' id='word_1_453' title='bbox 1270 1099 1355 1134; x_wconf 72' lang='lat' dir='ltr'><strong>igitur</strong></span> <span class='ocrx_word' id='word_1_454' title='bbox 1378 1099 1486 1131; x_wconf 87' lang='lat' dir='ltr'><strong>Manue,</strong></span> <span class='ocrx_word' id='word_1_455' title='bbox 1518 1098 1678 1133; x_wconf 85' lang='lat' dir='ltr'><strong>Sampsonis</strong></span> <span class='ocrx_word' id='word_1_456' title='bbox 1707 1103 1796 1134; x_wconf 88' lang='lat' dir='ltr'><strong>pater.</strong></span> 
     </span>
    </p>
   </div>
   <div class='ocr_carea' id='block_1_67' title="bbox 1009 1145 1791 1177">
    <p class='ocr_par' dir='ltr' id='par_1_67' title="bbox 1009 1145 1791 1177">
     <span class='ocr_line' id='line_1_67' title="bbox 1009 1145 1791 1177; baseline -0.001 -5"><span class='ocrx_word' id='word_1_457' title='bbox 1009 1145 1094 1174; x_wconf 89' lang='lat' dir='ltr'><strong>Deum</strong></span> <span class='ocrx_word' id='word_1_458' title='bbox 1112 1146 1204 1173; x_wconf 86' lang='lat' dir='ltr'><strong>videre</strong></span> <span class='ocrx_word' id='word_1_459' title='bbox 1220 1146 1271 1173; x_wconf 87' lang='lat' dir='ltr'><strong>sibi</strong></span> <span class='ocrx_word' id='word_1_460' title='bbox 1288 1145 1364 1172; x_wconf 88' lang='lat' dir='ltr'><strong>visus</strong></span> <span class='ocrx_word' id='word_1_461' title='bbox 1379 1149 1432 1177; x_wconf 88' lang='lat' dir='ltr'><strong>est,</strong></span> <span class='ocrx_word' id='word_1_462' title='bbox 1450 1153 1511 1173; x_wconf 90' lang='lat' dir='ltr'><strong>cum</strong></span> <span class='ocrx_word' id='word_1_463' title='bbox 1537 1149 1627 1172; x_wconf 87' lang='lat' dir='ltr'><strong>tamen</strong></span> <span class='ocrx_word' id='word_1_464' title='bbox 1648 1152 1701 1172; x_wconf 94' lang='lat' dir='ltr'><strong>non</strong></span> <span class='ocrx_word' id='word_1_465' title='bbox 1718 1145 1791 1172; x_wconf 82' lang='lat' dir='ltr'><strong>vids-</strong></span> 
     </span>
    </p>
   </div>
   <div class='ocr_carea' id='block_1_68' title="bbox 1009 1191 1796 1227">
    <p class='ocr_par' dir='ltr' id='par_1_68' title="bbox 1009 1191 1796 1227">
     <span class='ocr_line' id='line_1_68' title="bbox 1009 1191 1796 1227; baseline 0 -9"><span class='ocrx_word' id='word_1_466' title='bbox 1009 1193 1043 1218; x_wconf 89' lang='lat' dir='ltr'><strong>rit</strong></span> <span class='ocrx_word' id='word_1_467' title='bbox 1068 1201 1075 1219; x_wconf 90' lang='lat'><strong>:</strong></span> <span class='ocrx_word' id='word_1_468' title='bbox 1097 1193 1133 1219; x_wconf 80' lang='lat' dir='ltr'><strong>ita</strong></span> <span class='ocrx_word' id='word_1_469' title='bbox 1157 1191 1201 1226; x_wconf 88' lang='lat' dir='ltr'><strong>qtti</strong></span> <span class='ocrx_word' id='word_1_470' title='bbox 1219 1192 1325 1227; x_wconf 79' lang='lat' dir='ltr'><strong>purgati</strong></span> <span class='ocrx_word' id='word_1_471' title='bbox 1342 1199 1394 1218; x_wconf 91' lang='lat' dir='ltr'><strong>tton</strong></span> <span class='ocrx_word' id='word_1_472' title='bbox 1421 1192 1532 1223; x_wconf 80' lang='lat' dir='ltr'><strong>fuerint,</strong></span> <span class='ocrx_word' id='word_1_473' title='bbox 1547 1191 1711 1226; x_wconf 76' lang='lat' dir='ltr'><strong>theologiam</strong></span> <span class='ocrx_word' id='word_1_474' title='bbox 1732 1191 1796 1225; x_wconf 86' lang='lat' dir='ltr'><strong>qui-</strong></span> 
     </span>
    </p>
   </div>
   <div class='ocr_carea' id='block_1_69' title="bbox 1009 1236 1796 1271">
    <p class='ocr_par' dir='ltr' id='par_1_69' title="bbox 1009 1236 1796 1271">
     <span class='ocr_line' id='line_1_69' title="bbox 1009 1236 1796 1271; baseline -0.004 -8"><span class='ocrx_word' id='word_1_475' title='bbox 1009 1237 1080 1269; x_wconf 77' lang='lat' dir='ltr'><strong>dem,</strong></span> <span class='ocrx_word' id='word_1_476' title='bbox 1107 1236 1158 1264; x_wconf 88' lang='lat' dir='ltr'><strong>ltoc</strong></span> <span class='ocrx_word' id='word_1_477' title='bbox 1182 1241 1243 1268; x_wconf 88' lang='lat' dir='ltr'><strong>est,</strong></span> <span class='ocrx_word' id='word_1_478' title='bbox 1274 1236 1427 1263; x_wconf 79' lang='lat' dir='ltr'><strong>divinitatis</strong></span> <span class='ocrx_word' id='word_1_479' title='bbox 1453 1236 1652 1271; x_wconf 85' lang='lat' dir='ltr'><strong>cognitionem,</strong></span> <span class='ocrx_word' id='word_1_480' title='bbox 1678 1236 1796 1270; x_wconf 82' lang='lat' dir='ltr'><strong>imagine</strong></span> 
     </span>
    </p>
   </div>
   <div class='ocr_carea' id='block_1_70' title="bbox 1008 1281 1797 1317">
    <p class='ocr_par' dir='ltr' id='par_1_70' title="bbox 1008 1281 1797 1317">
     <span class='ocr_line' id='line_1_70' title="bbox 1008 1281 1797 1317; baseline -0.001 -8"><span class='ocrx_word' id='word_1_481' title='bbox 1008 1283 1171 1317; x_wconf 85' lang='lat' dir='ltr'><strong>concipient,</strong></span> <span class='ocrx_word' id='word_1_482' title='bbox 1184 1282 1270 1316; x_wconf 89' lang='lat' dir='ltr'><strong>ipsam</strong></span> <span class='ocrx_word' id='word_1_483' title='bbox 1285 1287 1374 1308; x_wconf 87' lang='lat' dir='ltr'><strong>tanteu</strong></span> <span class='ocrx_word' id='word_1_484' title='bbox 1393 1289 1447 1308; x_wconf 90' lang='lat' dir='ltr'><strong>non</strong></span> <span class='ocrx_word' id='word_1_485' title='bbox 1465 1282 1596 1308; x_wconf 85' lang='lat' dir='ltr'><strong>videbunt</strong></span> <span class='ocrx_word' id='word_1_486' title='bbox 1612 1290 1619 1308; x_wconf 88' lang='lat'><strong>:</strong></span> <span class='ocrx_word' id='word_1_487' title='bbox 1636 1282 1690 1307; x_wconf 90' lang='lat' dir='ltr'><strong>imo</strong></span> <span class='ocrx_word' id='word_1_488' title='bbox 1706 1281 1797 1314; x_wconf 72' lang='lat' dir='ltr'><strong>potius</strong></span> 
     </span>
    </p>
   </div>
   <div class='ocr_carea' id='block_1_71' title="bbox 1009 1325 1798 1362">
    <p class='ocr_par' dir='ltr' id='par_1_71' title="bbox 1009 1325 1798 1362">
     <span class='ocr_line' id='line_1_71' title="bbox 1009 1325 1798 1362; baseline -0.004 -7"><span class='ocrx_word' id='word_1_489' title='bbox 1009 1329 1186 1356; x_wconf 79' lang='lat' dir='ltr'><strong>simulacrum</strong></span> <span class='ocrx_word' id='word_1_490' title='bbox 1214 1328 1353 1362; x_wconf 87' lang='lat' dir='ltr'><strong>quoddam</strong></span> <span class='ocrx_word' id='word_1_491' title='bbox 1383 1328 1470 1362; x_wconf 88' lang='lat' dir='ltr'><strong>ipsius</strong></span> <span class='ocrx_word' id='word_1_492' title='bbox 1495 1327 1634 1354; x_wconf 84' lang='lat' dir='ltr'><strong>intuentes</strong></span> <span class='ocrx_word' id='word_1_493' title='bbox 1651 1333 1684 1353; x_wconf 89' lang='lat' dir='ltr'><strong>ac</strong></span> <span class='ocrx_word' id='word_1_494' title='bbox 1707 1325 1798 1360; x_wconf 86' lang='lat' dir='ltr'><strong>perci-</strong></span> 
     </span>
    </p>
   </div>
   <div class='ocr_carea' id='block_1_72' title="bbox 1009 1369 1795 1409">
    <p class='ocr_par' dir='ltr' id='par_1_72' title="bbox 1009 1369 1795 1409">
     <span class='ocr_line' id='line_1_72' title="bbox 1009 1369 1795 1409; baseline -0.003 -9"><span class='ocrx_word' id='word_1_495' title='bbox 1009 1375 1113 1409; x_wconf 82' lang='lat' dir='ltr'><strong>pientes</strong></span> <span class='ocrx_word' id='word_1_496' title='bbox 1133 1374 1226 1401; x_wconf 89' lang='lat' dir='ltr'><strong>anituo</strong></span> <span class='ocrx_word' id='word_1_497' title='bbox 1251 1373 1436 1408; x_wconf 85' lang='lat' dir='ltr'><strong>trepidabunt,</strong></span> <span class='ocrx_word' id='word_1_498' title='bbox 1464 1380 1496 1400; x_wconf 85' lang='lat' dir='ltr'><strong>ac</strong></span> <span class='ocrx_word' id='word_1_499' title='bbox 1515 1372 1607 1399; x_wconf 87' lang='lat' dir='ltr'><strong>dicent</strong></span> <span class='ocrx_word' id='word_1_500' title='bbox 1623 1381 1630 1399; x_wconf 89' lang='lat'>:</span> <span class='ocrx_word' id='word_1_501' title='bbox 1648 1369 1795 1403; x_wconf 83' lang='lat' dir='ltr'><strong>Periimus.</strong></span> 
     </span>
    </p>
   </div>
   <div class='ocr_carea' id='block_1_73' title="bbox 1009 1419 1794 1456">
    <p class='ocr_par' dir='ltr' id='par_1_73' title="bbox 1009 1419 1794 1456">
     <span class='ocr_line' id='line_1_73' title="bbox 1009 1419 1794 1456; baseline -0.003 -10"><span class='ocrx_word' id='word_1_502' title='bbox 1009 1421 1080 1456; x_wconf 89' lang='lat' dir='ltr'><strong>quod</strong></span> <span class='ocrx_word' id='word_1_503' title='bbox 1096 1421 1223 1449; x_wconf 85' lang='lat' dir='ltr'><strong>videlicet</strong></span> <span class='ocrx_word' id='word_1_504' title='bbox 1239 1429 1273 1448; x_wconf 88' lang='lat' dir='ltr'><strong>ne</strong></span> <span class='ocrx_word' id='word_1_505' title='bbox 1297 1421 1442 1448; x_wconf 89' lang='lat' dir='ltr'><strong>obscuram</strong></span> <span class='ocrx_word' id='word_1_506' title='bbox 1462 1420 1572 1455; x_wconf 89' lang='lat' dir='ltr'><strong>quidem</strong></span> <span class='ocrx_word' id='word_1_507' title='bbox 1589 1419 1663 1446; x_wconf 91' lang='lat' dir='ltr'><strong>illius</strong></span> <span class='ocrx_word' id='word_1_508' title='bbox 1679 1419 1794 1445; x_wconf 81' lang='lat' dir='ltr'><strong>formam</strong></span> 
     </span>
    </p>
   </div>
   <div class='ocr_carea' id='block_1_74' title="bbox 1009 1463 1797 1502">
    <p class='ocr_par' dir='ltr' id='par_1_74' title="bbox 1009 1463 1797 1502">
     <span class='ocr_line' id='line_1_74' title="bbox 1009 1463 1797 1502; baseline -0.005 -8"><span class='ocrx_word' id='word_1_509' title='bbox 1009 1468 1149 1495; x_wconf 86' lang='lat' dir='ltr'><strong>sustinere</strong></span> <span class='ocrx_word' id='word_1_510' title='bbox 1167 1472 1279 1502; x_wconf 84' lang='lat' dir='ltr'><strong>queant.</strong></span> <span class='ocrx_word' id='word_1_511' title='bbox 1299 1467 1340 1494; x_wconf 84' lang='lat' dir='ltr'><strong>Ad</strong></span> <span class='ocrx_word' id='word_1_512' title='bbox 1368 1467 1425 1494; x_wconf 78' lang='lat' dir='ltr'><strong>haec</strong></span> <span class='ocrx_word' id='word_1_513' title='bbox 1440 1466 1672 1501; x_wconf 87' lang='lat' dir='ltr'><strong>quemadmodum</strong></span> <span class='ocrx_word' id='word_1_514' title='bbox 1698 1463 1797 1491; x_wconf 84' lang='lat' dir='ltr'><strong>Petrus</strong></span> 
     </span>
    </p>
   </div>
   <div class='ocr_carea' id='block_1_75' title="bbox 1009 1509 1796 1547">
    <p class='ocr_par' dir='ltr' id='par_1_75' title="bbox 1009 1509 1796 1547">
     <span class='ocr_line' id='line_1_75' title="bbox 1009 1509 1796 1547; baseline -0.004 -8"><span class='ocrx_word' id='word_1_515' title='bbox 1009 1513 1062 1539; x_wconf 85' lang='lat' dir='ltr'><strong>vim</strong></span> <span class='ocrx_word' id='word_1_516' title='bbox 1087 1513 1291 1547; x_wconf 79' lang='lat' dir='ltr'><strong>cﬂicaciamque</strong></span> <span class='ocrx_word' id='word_1_517' title='bbox 1312 1513 1461 1540; x_wconf 84' lang='lat' dir='ltr'><strong>divinitatis</strong></span> <span class='ocrx_word' id='word_1_518' title='bbox 1482 1520 1534 1539; x_wconf 89' lang='lat' dir='ltr'><strong>non</strong></span> <span class='ocrx_word' id='word_1_519' title='bbox 1552 1512 1652 1544; x_wconf 79' lang='lat' dir='ltr'><strong>ferens,</strong></span> <span class='ocrx_word' id='word_1_520' title='bbox 1674 1509 1767 1537; x_wconf 68' lang='lat' dir='ltr'><strong>Iesum</strong></span> <span class='ocrx_word' id='word_1_521' title='bbox 1780 1517 1796 1537; x_wconf 82' lang='lat' dir='ltr'><strong>a</strong></span> 
     </span>
    </p>
   </div>
   <div class='ocr_carea' id='block_1_76' title="bbox 1010 1557 1795 1593">
    <p class='ocr_par' dir='ltr' id='par_1_76' title="bbox 1010 1557 1795 1593">
     <span class='ocr_line' id='line_1_76' title="bbox 1010 1557 1795 1593; baseline -0.003 -8"><span class='ocrx_word' id='word_1_522' title='bbox 1010 1559 1116 1593; x_wconf 79' lang='lat' dir='ltr'><strong>navigio</strong></span> <span class='ocrx_word' id='word_1_523' title='bbox 1142 1559 1263 1591; x_wconf 87' lang='lat' dir='ltr'><strong>arcebat,</strong></span> <span class='ocrx_word' id='word_1_524' title='bbox 1288 1564 1317 1585; x_wconf 90' lang='lat' dir='ltr'><strong>ut</strong></span> <span class='ocrx_word' id='word_1_525' title='bbox 1334 1564 1425 1586; x_wconf 90' lang='lat' dir='ltr'><strong>narrat</strong></span> <span class='ocrx_word' id='word_1_526' title='bbox 1448 1559 1613 1593; x_wconf 78' lang='lat' dir='ltr'><strong>evangelista</strong></span> <span class='ocrx_word' id='word_1_527' title='bbox 1630 1558 1649 1573; x_wconf 90' lang='lat'>“</span> <span class='ocrx_word' id='word_1_528' title='bbox 1669 1566 1675 1584; x_wconf 88' lang='lat'>:</span> <span class='ocrx_word' id='word_1_529' title='bbox 1696 1557 1733 1584; x_wconf 83' lang='lat' dir='ltr'><strong>ita</strong></span> <span class='ocrx_word' id='word_1_530' title='bbox 1750 1557 1795 1591; x_wconf 87' lang='lat' dir='ltr'><strong>qui</strong></span> 
     </span>
    </p>
   </div>
   <div class='ocr_carea' id='block_1_77' title="bbox 1008 1603 1797 1640">
    <p class='ocr_par' dir='ltr' id='par_1_77' title="bbox 1008 1603 1797 1640">
     <span class='ocr_line' id='line_1_77' title="bbox 1008 1603 1797 1640; baseline -0.004 -8"><span class='ocrx_word' id='word_1_531' title='bbox 1008 1606 1100 1633; x_wconf 87' lang='lat' dir='ltr'><strong>auiuto</strong></span> <span class='ocrx_word' id='word_1_532' title='bbox 1128 1606 1248 1632; x_wconf 90' lang='lat' dir='ltr'><strong>nondum</strong></span> <span class='ocrx_word' id='word_1_533' title='bbox 1277 1610 1393 1640; x_wconf 77' lang='lat' dir='ltr'><strong>purgato</strong></span> <span class='ocrx_word' id='word_1_534' title='bbox 1421 1604 1587 1638; x_wconf 78' lang='lat' dir='ltr'><strong>theologiam</strong></span> <span class='ocrx_word' id='word_1_535' title='bbox 1622 1603 1753 1637; x_wconf 81' lang='lat' dir='ltr'><strong>suscipit.</strong></span> <span class='ocrx_word' id='word_1_536' title='bbox 1780 1609 1797 1629; x_wconf 78' lang='lat' dir='ltr'><strong>a</strong></span> 
     </span>
    </p>
   </div>
   <div class='ocr_carea' id='block_1_78' title="bbox 1009 1648 1796 1684">
    <p class='ocr_par' dir='ltr' id='par_1_78' title="bbox 1009 1648 1796 1684">
     <span class='ocr_line' id='line_1_78' title="bbox 1009 1648 1796 1684; baseline -0.005 -6"><span class='ocrx_word' id='word_1_537' title='bbox 1009 1656 1098 1678; x_wconf 83' lang='lat' dir='ltr'><strong>mente</strong></span> <span class='ocrx_word' id='word_1_538' title='bbox 1113 1659 1163 1678; x_wconf 88' lang='lat' dir='ltr'><strong>sua</strong></span> <span class='ocrx_word' id='word_1_539' title='bbox 1183 1659 1243 1678; x_wconf 85' lang='lat' dir='ltr'><strong>eam</strong></span> <span class='ocrx_word' id='word_1_540' title='bbox 1269 1651 1408 1682; x_wconf 88' lang='lat' dir='ltr'><strong>amolitur,</strong></span> <span class='ocrx_word' id='word_1_541' title='bbox 1435 1651 1488 1676; x_wconf 83' lang='lat' dir='ltr'><strong>vim</strong></span> <span class='ocrx_word' id='word_1_542' title='bbox 1506 1650 1590 1684; x_wconf 84' lang='lat' dir='ltr'><strong>ipsius</strong></span> <span class='ocrx_word' id='word_1_543' title='bbox 1615 1657 1667 1676; x_wconf 86' lang='lat' dir='ltr'><strong>non</strong></span> <span class='ocrx_word' id='word_1_544' title='bbox 1696 1648 1796 1677; x_wconf 80' lang='lat' dir='ltr'><strong>ferens,</strong></span> 
     </span>
    </p>
   </div>
   <div class='ocr_carea' id='block_1_79' title="bbox 1008 1695 1796 1731">
    <p class='ocr_par' dir='ltr' id='par_1_79' title="bbox 1008 1695 1796 1731">
     <span class='ocr_line' id='line_1_79' title="bbox 1008 1695 1796 1731; baseline -0.003 -9"><span class='ocrx_word' id='word_1_545' title='bbox 1008 1697 1244 1730; x_wconf 81' lang='lat' dir='ltr'><strong>Quemadmodum</strong></span> <span class='ocrx_word' id='word_1_546' title='bbox 1272 1697 1384 1731; x_wconf 89' lang='lat' dir='ltr'><strong>insuper</strong></span> <span class='ocrx_word' id='word_1_547' title='bbox 1401 1696 1513 1725; x_wconf 86' lang='lat' dir='ltr'><strong>Paulus.</strong></span> <span class='ocrx_word' id='word_1_548' title='bbox 1532 1700 1561 1722; x_wconf 87' lang='grc' dir='ltr'><strong>ιιι</strong></span> <span class='ocrx_word' id='word_1_549' title='bbox 1585 1695 1673 1722; x_wconf 81' lang='lat' dir='ltr'><strong>Lucas</strong></span> <span class='ocrx_word' id='word_1_550' title='bbox 1689 1695 1715 1721; x_wconf 93' lang='lat' dir='ltr'><strong>iu</strong></span> <span class='ocrx_word' id='word_1_551' title='bbox 1732 1701 1796 1728; x_wconf 87' lang='lat' dir='ltr'><strong>apo-</strong></span> 
     </span>
    </p>
   </div>
   <div class='ocr_carea' id='block_1_80' title="bbox 1007 1740 1795 1776">
    <p class='ocr_par' dir='ltr' id='par_1_80' title="bbox 1007 1740 1795 1776">
     <span class='ocr_line' id='line_1_80' title="bbox 1007 1740 1795 1776; baseline -0.004 -7"><span class='ocrx_word' id='word_1_552' title='bbox 1007 1743 1138 1769; x_wconf 88' lang='lat' dir='ltr'><strong>stolorttttt</strong></span> <span class='ocrx_word' id='word_1_553' title='bbox 1156 1743 1229 1770; x_wconf 86' lang='lat' dir='ltr'><strong>Actis</strong></span> <span class='ocrx_word' id='word_1_554' title='bbox 1247 1748 1340 1769; x_wconf 87' lang='lat' dir='ltr'><strong>narrat</strong></span> <span class='ocrx_word' id='word_1_555' title='bbox 1356 1743 1390 1774; x_wconf 83' lang='lat'><strong>”,</strong></span> <span class='ocrx_word' id='word_1_556' title='bbox 1410 1750 1471 1769; x_wconf 89' lang='lat' dir='ltr'><strong>cum</strong></span> <span class='ocrx_word' id='word_1_557' title='bbox 1489 1742 1609 1776; x_wconf 85' lang='lat' dir='ltr'><strong>acceptis</strong></span> <span class='ocrx_word' id='word_1_558' title='bbox 1627 1749 1640 1767; x_wconf 84' lang='lat' dir='ltr'><strong>a</strong></span> <span class='ocrx_word' id='word_1_559' title='bbox 1657 1740 1795 1775; x_wconf 81' lang='lat' dir='ltr'><strong>pontiﬁci-</strong></span> 
     </span>
    </p>
   </div>
   <div class='ocr_carea' id='block_1_81' title="bbox 1007 1786 1795 1823">
    <p class='ocr_par' dir='ltr' id='par_1_81' title="bbox 1007 1786 1795 1823">
     <span class='ocr_line' id='line_1_81' title="bbox 1007 1786 1795 1823; baseline -0.004 -8"><span class='ocrx_word' id='word_1_560' title='bbox 1007 1788 1059 1815; x_wconf 86' lang='lat' dir='ltr'><strong>bus</strong></span> <span class='ocrx_word' id='word_1_561' title='bbox 1084 1787 1179 1814; x_wconf 87' lang='lat' dir='ltr'><strong>litteris</strong></span> <span class='ocrx_word' id='word_1_562' title='bbox 1204 1787 1392 1823; x_wconf 84' lang='lat' dir='ltr'><strong>Hierosolyma</strong></span> <span class='ocrx_word' id='word_1_563' title='bbox 1418 1788 1581 1814; x_wconf 85' lang='lat' dir='ltr'><strong>Damascum</strong></span> <span class='ocrx_word' id='word_1_564' title='bbox 1606 1786 1795 1817; x_wconf 86' lang='lat' dir='ltr'><strong>contenderet,</strong></span> 
     </span>
    </p>
   </div>
   <div class='ocr_carea' id='block_1_82' title="bbox 1009 1832 1796 1869">
    <p class='ocr_par' dir='ltr' id='par_1_82' title="bbox 1009 1832 1796 1869">
     <span class='ocr_line' id='line_1_82' title="bbox 1009 1832 1796 1869; baseline -0.005 -8"><span class='ocrx_word' id='word_1_565' title='bbox 1009 1839 1039 1861; x_wconf 91' lang='lat' dir='ltr'><strong>ut</strong></span> <span class='ocrx_word' id='word_1_566' title='bbox 1063 1834 1236 1862; x_wconf 81' lang='lat' dir='ltr'><strong>Christianos</strong></span> <span class='ocrx_word' id='word_1_567' title='bbox 1263 1838 1476 1869; x_wconf 87' lang='lat' dir='ltr'><strong>persequeretur</strong></span> <span class='ocrx_word' id='word_1_568' title='bbox 1503 1837 1584 1866; x_wconf 88' lang='lat' dir='ltr'><strong>atque</strong></span> <span class='ocrx_word' id='word_1_569' title='bbox 1612 1832 1796 1866; x_wconf 88' lang='lat' dir='ltr'><strong>opprimeret,</strong></span> 
     </span>
    </p>
   </div>
   <div class='ocr_carea' id='block_1_83' title="bbox 1008 1878 1796 1916">
    <p class='ocr_par' dir='ltr' id='par_1_83' title="bbox 1008 1878 1796 1916">
     <span class='ocr_line' id='line_1_83' title="bbox 1008 1878 1796 1916; baseline -0.004 -9"><span class='ocrx_word' id='word_1_570' title='bbox 1008 1881 1089 1908; x_wconf 88' lang='lat' dir='ltr'><strong>simul</strong></span> <span class='ocrx_word' id='word_1_571' title='bbox 1105 1885 1186 1916; x_wconf 86' lang='lat' dir='ltr'><strong>atque</strong></span> <span class='ocrx_word' id='word_1_572' title='bbox 1203 1881 1252 1915; x_wconf 91' lang='lat' dir='ltr'><strong>ipsi</strong></span> <span class='ocrx_word' id='word_1_573' title='bbox 1272 1882 1323 1907; x_wconf 85' lang='lat' dir='ltr'><strong>iter</strong></span> <span class='ocrx_word' id='word_1_574' title='bbox 1339 1880 1448 1907; x_wconf 82' lang='lat' dir='ltr'><strong>facienti</strong></span> <span class='ocrx_word' id='word_1_575' title='bbox 1464 1879 1580 1914; x_wconf 75' lang='lat' dir='ltr'><strong>exiguus</strong></span> <span class='ocrx_word' id='word_1_576' title='bbox 1605 1878 1718 1910; x_wconf 86' lang='lat' dir='ltr'><strong>Christi,</strong></span> <span class='ocrx_word' id='word_1_577' title='bbox 1738 1878 1796 1905; x_wconf 84' lang='lat' dir='ltr'><strong>veri</strong></span> 
     </span>
    </p>
   </div>
   <div class='ocr_carea' id='block_1_84' title="bbox 1008 1925 1798 1960">
    <p class='ocr_par' dir='ltr' id='par_1_84' title="bbox 1008 1925 1798 1960">
     <span class='ocr_line' id='line_1_84' title="bbox 1008 1925 1798 1960; baseline -0.003 -7"><span class='ocrx_word' id='word_1_578' title='bbox 1008 1927 1130 1958; x_wconf 83' lang='lat' dir='ltr'><strong>luminis,</strong></span> <span class='ocrx_word' id='word_1_579' title='bbox 1148 1927 1241 1953; x_wconf 84' lang='lat' dir='ltr'><strong>radius</strong></span> <span class='ocrx_word' id='word_1_580' title='bbox 1262 1926 1387 1960; x_wconf 82' lang='lat' dir='ltr'><strong>ohjeetus</strong></span> <span class='ocrx_word' id='word_1_581' title='bbox 1401 1930 1453 1958; x_wconf 68' lang='lat' dir='ltr'><strong>est,</strong></span> <span class='ocrx_word' id='word_1_582' title='bbox 1473 1926 1566 1952; x_wconf 85' lang='lat' dir='ltr'><strong>statim</strong></span> <span class='ocrx_word' id='word_1_583' title='bbox 1591 1930 1701 1959; x_wconf 80' lang='lat' dir='ltr'><strong>aspectu</strong></span> <span class='ocrx_word' id='word_1_584' title='bbox 1716 1925 1798 1951; x_wconf 88' lang='lat' dir='ltr'><strong>orba-</strong></span> 
     </span>
    </p>
   </div>
   <div class='ocr_carea' id='block_1_85' title="bbox 1008 1969 1796 2007">
    <p class='ocr_par' dir='ltr' id='par_1_85' title="bbox 1008 1969 1796 2007">
     <span class='ocr_line' id='line_1_85' title="bbox 1008 1969 1796 2007; baseline -0.004 -8"><span class='ocrx_word' id='word_1_585' title='bbox 1008 1979 1052 1999; x_wconf 85' lang='lat' dir='ltr'><strong>tus</strong></span> <span class='ocrx_word' id='word_1_586' title='bbox 1063 1976 1113 2004; x_wconf 87' lang='lat' dir='ltr'><strong>est,</strong></span> <span class='ocrx_word' id='word_1_587' title='bbox 1131 1972 1202 2007; x_wconf 90' lang='lat' dir='ltr'><strong>quod</strong></span> <span class='ocrx_word' id='word_1_588' title='bbox 1217 1979 1231 1998; x_wconf 91' lang='lat' dir='ltr'><strong>a</strong></span> <span class='ocrx_word' id='word_1_589' title='bbox 1246 1969 1445 2006; x_wconf 87' lang='lat' dir='ltr'><strong>persecutionis</strong></span> <span class='ocrx_word' id='word_1_590' title='bbox 1463 1971 1570 2006; x_wconf 80' lang='lat' dir='ltr'><strong>piaculo</strong></span> <span class='ocrx_word' id='word_1_591' title='bbox 1583 1971 1716 1998; x_wconf 89' lang='lat' dir='ltr'><strong>lustratus</strong></span> <span class='ocrx_word' id='word_1_592' title='bbox 1733 1974 1796 1997; x_wconf 84' lang='lat' dir='ltr'><strong>ante</strong></span> 
     </span>
    </p>
   </div>
   <div class='ocr_carea' id='block_1_86' title="bbox 1009 2017 1797 2053">
    <p class='ocr_par' dir='ltr' id='par_1_86' title="bbox 1009 2017 1797 2053">
     <span class='ocr_line' id='line_1_86' title="bbox 1009 2017 1797 2053; baseline -0.001 -9"><span class='ocrx_word' id='word_1_593' title='bbox 1009 2026 1063 2045; x_wconf 91' lang='lat' dir='ltr'><strong>non</strong></span> <span class='ocrx_word' id='word_1_594' title='bbox 1085 2017 1193 2050; x_wconf 79' lang='lat' dir='ltr'><strong>fuisset,</strong></span> <span class='ocrx_word' id='word_1_595' title='bbox 1212 2025 1293 2053; x_wconf 89' lang='lat' dir='ltr'><strong>quam</strong></span> <span class='ocrx_word' id='word_1_596' title='bbox 1322 2025 1384 2044; x_wconf 89' lang='lat' dir='ltr'><strong>cum</strong></span> <span class='ocrx_word' id='word_1_597' title='bbox 1400 2025 1444 2049; x_wconf 91' lang='lat' dir='ltr'><strong>eo,</strong></span> <span class='ocrx_word' id='word_1_598' title='bbox 1472 2025 1550 2052; x_wconf 88' lang='lat' dir='ltr'><strong>quetn</strong></span> <span class='ocrx_word' id='word_1_599' title='bbox 1569 2017 1797 2052; x_wconf 85' lang='lat' dir='ltr'><strong>persequebatur,</strong></span> 
     </span>
    </p>
   </div>
   <div class='ocr_carea' id='block_1_87' title="bbox 1009 2062 1798 2100">
    <p class='ocr_par' dir='ltr' id='par_1_87' title="bbox 1009 2062 1798 2100">
     <span class='ocr_line' id='line_1_87' title="bbox 1009 2062 1798 2100; baseline -0.005 -8"><span class='ocrx_word' id='word_1_600' title='bbox 1009 2065 1034 2092; x_wconf 91' lang='lat' dir='ltr'><strong>in</strong></span> <span class='ocrx_word' id='word_1_601' title='bbox 1046 2065 1212 2100; x_wconf 89' lang='lat' dir='ltr'><strong>colloquium</strong></span> <span class='ocrx_word' id='word_1_602' title='bbox 1236 2065 1342 2092; x_wconf 88' lang='lat' dir='ltr'><strong>veniret</strong></span> <span class='ocrx_word' id='word_1_603' title='bbox 1371 2072 1379 2090; x_wconf 91' lang='lat'><strong>:</strong></span> <span class='ocrx_word' id='word_1_604' title='bbox 1406 2064 1502 2091; x_wconf 86' lang='lat' dir='ltr'><strong>eodem</strong></span> <span class='ocrx_word' id='word_1_605' title='bbox 1533 2064 1614 2090; x_wconf 90' lang='lat' dir='ltr'><strong>modo</strong></span> <span class='ocrx_word' id='word_1_606' title='bbox 1638 2063 1683 2097; x_wconf 91' lang='lat' dir='ltr'><strong>qui</strong></span> <span class='ocrx_word' id='word_1_607' title='bbox 1705 2062 1798 2089; x_wconf 87' lang='lat' dir='ltr'><strong>divino</strong></span> 
     </span>
    </p>
   </div>
   <div class='ocr_carea' id='block_1_88' title="bbox 1009 2109 1798 2146">
    <p class='ocr_par' dir='ltr' id='par_1_88' title="bbox 1009 2109 1798 2146">
     <span class='ocr_line' id='line_1_88' title="bbox 1009 2109 1798 2146; baseline -0.005 -8"><span class='ocrx_word' id='word_1_608' title='bbox 1009 2111 1105 2138; x_wconf 90' lang='lat' dir='ltr'><strong>timore</strong></span> <span class='ocrx_word' id='word_1_609' title='bbox 1131 2111 1240 2146; x_wconf 80' lang='lat' dir='ltr'><strong>purgati</strong></span> <span class='ocrx_word' id='word_1_610' title='bbox 1259 2119 1311 2138; x_wconf 88' lang='lat' dir='ltr'><strong>non</strong></span> <span class='ocrx_word' id='word_1_611' title='bbox 1337 2110 1447 2142; x_wconf 77' lang='lat' dir='ltr'><strong>fuerint,</strong></span> <span class='ocrx_word' id='word_1_612' title='bbox 1465 2110 1512 2137; x_wconf 87' lang='lat' dir='ltr'><strong>sed</strong></span> <span class='ocrx_word' id='word_1_613' title='bbox 1537 2111 1629 2136; x_wconf 87' lang='lat' dir='ltr'><strong>animo</strong></span> <span class='ocrx_word' id='word_1_614' title='bbox 1645 2109 1754 2143; x_wconf 90' lang='lat' dir='ltr'><strong>impuro</strong></span> <span class='ocrx_word' id='word_1_615' title='bbox 1770 2112 1798 2136; x_wconf 84' lang='lat' dir='ltr'><strong>et</strong></span> 
     </span>
    </p>
   </div>
   <div class='ocr_carea' id='block_1_89' title="bbox 1008 2155 1797 2191">
    <p class='ocr_par' dir='ltr' id='par_1_89' title="bbox 1008 2155 1797 2191">
     <span class='ocr_line' id='line_1_89' title="bbox 1008 2155 1797 2191; baseline -0.005 -7"><span class='ocrx_word' id='word_1_616' title='bbox 1008 2158 1118 2184; x_wconf 83' lang='lat' dir='ltr'><strong>sordido</strong></span> <span class='ocrx_word' id='word_1_617' title='bbox 1145 2159 1178 2184; x_wconf 87' lang='lat' dir='ltr'><strong>ad</strong></span> <span class='ocrx_word' id='word_1_618' title='bbox 1204 2156 1462 2191; x_wconf 80' lang='lat' dir='ltr'><strong>contemplationem</strong></span> <span class='ocrx_word' id='word_1_619' title='bbox 1487 2156 1664 2187; x_wconf 86' lang='lat' dir='ltr'><strong>accesserint,</strong></span> <span class='ocrx_word' id='word_1_620' title='bbox 1682 2155 1742 2189; x_wconf 84' lang='lat' dir='ltr'><strong>plus</strong></span> <span class='ocrx_word' id='word_1_621' title='bbox 1765 2162 1797 2181; x_wconf 76' lang='lat' dir='ltr'><strong>ex</strong></span> 
     </span>
    </p>
   </div>
   <div class='ocr_carea' id='block_1_90' title="bbox 1008 2200 1798 2236">
    <p class='ocr_par' dir='ltr' id='par_1_90' title="bbox 1008 2200 1798 2236">
     <span class='ocr_line' id='line_1_90' title="bbox 1008 2200 1798 2236; baseline -0.005 -6"><span class='ocrx_word' id='word_1_622' title='bbox 1008 2211 1038 2229; x_wconf 80' lang='lat' dir='ltr'><strong>ea</strong></span> <span class='ocrx_word' id='word_1_623' title='bbox 1070 2210 1098 2230; x_wconf 88' lang='lat' dir='ltr'><strong>re</strong></span> <span class='ocrx_word' id='word_1_624' title='bbox 1128 2203 1287 2230; x_wconf 88' lang='lat' dir='ltr'><strong>detrimenti</strong></span> <span class='ocrx_word' id='word_1_625' title='bbox 1319 2206 1346 2229; x_wconf 86' lang='lat' dir='ltr'><strong>et</strong></span> <span class='ocrx_word' id='word_1_626' title='bbox 1375 2201 1534 2236; x_wconf 87' lang='lat' dir='ltr'><strong>dispendii,</strong></span> <span class='ocrx_word' id='word_1_627' title='bbox 1563 2208 1644 2235; x_wconf 89' lang='lat' dir='ltr'><strong>quam</strong></span> <span class='ocrx_word' id='word_1_628' title='bbox 1673 2200 1798 2227; x_wconf 86' lang='lat' dir='ltr'><strong>utilitatis</strong></span> 
     </span>
    </p>
   </div>
   <div class='ocr_carea' id='block_1_91' title="bbox 160 2240 956 2282">
    <p class='ocr_par' dir='ltr' id='par_1_91' title="bbox 160 2240 953 2277">
     <span class='ocr_line' id='line_1_91' title="bbox 160 2240 953 2277; baseline 0.004 -11"><span class='ocrx_word' id='word_1_629' title='bbox 160 2241 294 2276; x_wconf 78' lang='lat' dir='ltr'><strong>superior</strong></span> <span class='ocrx_word' id='word_1_630' title='bbox 314 2244 366 2272; x_wconf 89' lang='lat' dir='ltr'><strong>est,</strong></span> <span class='ocrx_word' id='word_1_631' title='bbox 394 2240 459 2275; x_wconf 84' lang='lat' dir='ltr'><strong>quia</strong></span> <span class='ocrx_word' id='word_1_632' title='bbox 484 2248 534 2268; x_wconf 87' lang='lat' dir='ltr'><strong>nec</strong></span> <span class='ocrx_word' id='word_1_633' title='bbox 561 2241 725 2276; x_wconf 85' lang='lat' dir='ltr'><strong>quantitate,</strong></span> <span class='ocrx_word' id='word_1_634' title='bbox 753 2250 802 2268; x_wconf 90' lang='lat' dir='ltr'><strong>nec</strong></span> <span class='ocrx_word' id='word_1_635' title='bbox 826 2243 953 2277; x_wconf 87' lang='lat' dir='ltr'><strong>amplitu-</strong></span> 
     </span>
    </p>
   </div>
   <div class='ocr_carea' id='block_1_92' title="bbox 1009 2240 1798 2282">
    <p class='ocr_par' dir='ltr' id='par_1_92' title="bbox 1009 2246 1798 2282">
     <span class='ocr_line' id='line_1_92' title="bbox 1009 2246 1798 2282; baseline -0.003 -8"><span class='ocrx_word' id='word_1_636' title='bbox 1009 2253 1034 2274; x_wconf 90' lang='lat' dir='ltr'><strong>et</strong></span> <span class='ocrx_word' id='word_1_637' title='bbox 1061 2248 1213 2282; x_wconf 87' lang='lat' dir='ltr'><strong>compendii</strong></span> <span class='ocrx_word' id='word_1_638' title='bbox 1242 2248 1386 2282; x_wconf 89' lang='lat' dir='ltr'><strong>accipient.</strong></span> <span class='ocrx_word' id='word_1_639' title='bbox 1419 2247 1652 2281; x_wconf 85' lang='lat' dir='ltr'><strong>Quemadmodum</strong></span> <span class='ocrx_word' id='word_1_640' title='bbox 1681 2246 1798 2280; x_wconf 84' lang='lat' dir='ltr'><strong>denique</strong></span> 
     </span>
    </p>
   </div>
   <div class='ocr_carea' id='block_1_93' title="bbox 158 2286 955 2323">
    <p class='ocr_par' dir='ltr' id='par_1_93' title="bbox 158 2286 955 2323">
     <span class='ocr_line' id='line_1_93' title="bbox 158 2286 955 2323; baseline 0 -9"><span class='ocrx_word' id='word_1_641' title='bbox 158 2289 248 2318; x_wconf 87' lang='lat' dir='ltr'><strong>dine,</strong></span> <span class='ocrx_word' id='word_1_642' title='bbox 275 2294 325 2313; x_wconf 86' lang='lat' dir='ltr'><strong>nec</strong></span> <span class='ocrx_word' id='word_1_643' title='bbox 354 2286 541 2320; x_wconf 81' lang='lat' dir='ltr'><strong>magnitudine</strong></span> <span class='ocrx_word' id='word_1_644' title='bbox 568 2287 825 2315; x_wconf 84' lang='lat' dir='ltr'><strong>circumscribitur:</strong></span> <span class='ocrx_word' id='word_1_645' title='bbox 843 2288 955 2323; x_wconf 78' lang='lat' dir='ltr'><strong>Magnus</strong></span> 
     </span>
    </p>
   </div>
   <div class='ocr_carea' id='block_1_94' title="bbox 159 2331 955 2366">
    <p class='ocr_par' dir='ltr' id='par_1_94' title="bbox 159 2331 955 2366">
     <span class='ocr_line' id='line_1_94' title="bbox 159 2331 955 2366; baseline 0 -6"><span class='ocrx_word' id='word_1_646' title='bbox 159 2334 251 2363; x_wconf 87' lang='lat' dir='ltr'><strong>cnint,</strong></span> <span class='ocrx_word' id='word_1_647' title='bbox 271 2332 370 2366; x_wconf 89' lang='lat' dir='ltr'><strong>inquit,</strong></span> <span class='ocrx_word' id='word_1_648' title='bbox 384 2331 514 2359; x_wconf 74' lang='lat' dir='ltr'><strong>Dominus</strong></span> <span class='ocrx_word' id='word_1_649' title='bbox 529 2336 553 2359; x_wconf 83' lang='lat' dir='ltr'><strong>et</strong></span> <span class='ocrx_word' id='word_1_650' title='bbox 575 2332 718 2360; x_wconf 77' lang='lat' dir='ltr'><strong>laudabilis</strong></span> <span class='ocrx_word' id='word_1_651' title='bbox 736 2333 820 2366; x_wconf 83' lang='lat' dir='ltr'><strong>valde,</strong></span> <span class='ocrx_word' id='word_1_652' title='bbox 838 2342 883 2361; x_wconf 82' lang='lat' dir='ltr'><strong>nec</strong></span> <span class='ocrx_word' id='word_1_653' title='bbox 899 2342 955 2360; x_wconf 85' lang='lat' dir='ltr'><strong>um-</strong></span> 
     </span>
    </p>
   </div>
   <div class='ocr_carea' id='block_1_95' title="bbox 158 2377 548 2414">
    <p class='ocr_par' dir='ltr' id='par_1_95' title="bbox 158 2377 548 2414">
     <span class='ocr_line' id='line_1_95' title="bbox 158 2377 548 2414; baseline 0.005 -10"><span class='ocrx_word' id='word_1_654' title='bbox 158 2377 313 2414; x_wconf 72' lang='lat' dir='ltr'><strong>guitudinis</strong></span> <span class='ocrx_word' id='word_1_655' title='bbox 329 2378 385 2411; x_wconf 71' lang='lat' dir='ltr'><strong>ejus</strong></span> <span class='ocrx_word' id='word_1_656' title='bbox 398 2378 460 2412; x_wconf 77' lang='lat' dir='ltr'><strong>ﬁnis</strong></span> <span class='ocrx_word' id='word_1_657' title='bbox 472 2383 510 2406; x_wconf 79' lang='lat' dir='ltr'><strong>est</strong></span> <span class='ocrx_word' id='word_1_658' title='bbox 527 2379 548 2405; x_wconf 81' lang='grc'>⁸.</span> 
     </span>
    </p>
   </div>
   <div class='ocr_carea' id='block_1_96' title="bbox 198 2433 958 2471">
    <p class='ocr_par' dir='ltr' id='par_1_96' title="bbox 198 2433 958 2471">
     <span class='ocr_line' id='line_1_96' title="bbox 198 2433 958 2471; baseline 0.003 -11"><span class='ocrx_word' id='word_1_659' title='bbox 198 2433 262 2460; x_wconf 87' lang='lat' dir='ltr'><strong>Col.</strong></span> <span class='ocrx_word' id='word_1_660' title='bbox 278 2433 331 2460; x_wconf 59' lang='lat'><strong>545</strong></span> <span class='ocrx_word' id='word_1_661' title='bbox 345 2433 375 2459; x_wconf 79' lang='grc' dir='ltr'><strong>Β.</strong></span> <span class='ocrx_word' id='word_1_662' title='bbox 402 2435 532 2466; x_wconf 80' lang='lat' dir='ltr'><strong>Quocirca</strong></span> <span class='ocrx_word' id='word_1_663' title='bbox 557 2443 583 2462; x_wconf 76' lang='lat' dir='ltr'><strong>se</strong></span> <span class='ocrx_word' id='word_1_664' title='bbox 605 2444 730 2470; x_wconf 86' lang='lat' dir='ltr'><strong>quemque</strong></span> <span class='ocrx_word' id='word_1_665' title='bbox 747 2444 821 2470; x_wconf 75' lang='lat' dir='ltr'><strong>prius</strong></span> <span class='ocrx_word' id='word_1_666' title='bbox 844 2445 958 2471; x_wconf 76' lang='lat' dir='ltr'><strong>purgare</strong></span> 
     </span>
    </p>
   </div>
   <div class='ocr_carea' id='block_1_97' title="bbox 159 2478 956 2515">
    <p class='ocr_par' dir='ltr' id='par_1_97' title="bbox 159 2478 956 2515">
     <span class='ocr_line' id='line_1_97' title="bbox 159 2478 956 2515; baseline 0.003 -9"><span class='ocrx_word' id='word_1_667' title='bbox 159 2483 281 2514; x_wconf 81' lang='lat' dir='ltr'><strong>oportet,</strong></span> <span class='ocrx_word' id='word_1_668' title='bbox 297 2483 350 2505; x_wconf 88' lang='lat' dir='ltr'><strong>etc.</strong></span> <span class='ocrx_word' id='word_1_669' title='bbox 368 2478 441 2512; x_wconf 68' lang='grc' dir='ltr'>Πιες,</span> <span class='ocrx_word' id='word_1_670' title='bbox 456 2481 554 2515; x_wconf 82' lang='lat' dir='ltr'><strong>inquit,</strong></span> <span class='ocrx_word' id='word_1_671' title='bbox 573 2490 633 2508; x_wconf 90' lang='lat' dir='ltr'><strong>cum</strong></span> <span class='ocrx_word' id='word_1_672' title='bbox 652 2491 682 2510; x_wconf 83' lang='lat' dir='ltr'><strong>se</strong></span> <span class='ocrx_word' id='word_1_673' title='bbox 704 2484 739 2509; x_wconf 81' lang='lat' dir='ltr'><strong>ita</strong></span> <span class='ocrx_word' id='word_1_674' title='bbox 762 2481 889 2515; x_wconf 79' lang='lat' dir='ltr'><strong>habeant,</strong></span> <span class='ocrx_word' id='word_1_675' title='bbox 907 2486 956 2508; x_wconf 80' lang='lat' dir='ltr'><strong>ad—</strong></span> 
     </span>
    </p>
   </div>
   <div class='ocr_carea' id='block_1_98' title="bbox 161 2524 952 2563">
    <p class='ocr_par' dir='ltr' id='par_1_98' title="bbox 161 2524 952 2563">
     <span class='ocr_line' id='line_1_98' title="bbox 161 2524 952 2563; baseline 0.004 -11"><span class='ocrx_word' id='word_1_676' title='bbox 161 2525 287 2552; x_wconf 86' lang='lat' dir='ltr'><strong>hibenda</strong></span> <span class='ocrx_word' id='word_1_677' title='bbox 304 2524 380 2559; x_wconf 91' lang='lat' dir='ltr'><strong>prius</strong></span> <span class='ocrx_word' id='word_1_678' title='bbox 394 2532 434 2552; x_wconf 84' lang='lat' dir='ltr'><strong>est</strong></span> <span class='ocrx_word' id='word_1_679' title='bbox 449 2533 496 2559; x_wconf 88' lang='lat' dir='ltr'><strong>per</strong></span> <span class='ocrx_word' id='word_1_680' title='bbox 511 2531 636 2554; x_wconf 87' lang='lat' dir='ltr'><strong>v.rtutem</strong></span> <span class='ocrx_word' id='word_1_681' title='bbox 661 2529 687 2554; x_wconf 94' lang='lat' dir='ltr'><strong>in</strong></span> <span class='ocrx_word' id='word_1_682' title='bbox 711 2530 819 2555; x_wconf 87' lang='lat' dir='ltr'><strong>actione</strong></span> <span class='ocrx_word' id='word_1_683' title='bbox 839 2529 952 2563; x_wconf 84' lang='lat' dir='ltr'><strong>positam</strong></span> 
     </span>
    </p>
   </div>
   <div class='ocr_carea' id='block_1_99' title="bbox 161 2570 953 2609">
    <p class='ocr_par' dir='ltr' id='par_1_99' title="bbox 161 2570 953 2609">
     <span class='ocr_line' id='line_1_99' title="bbox 161 2570 953 2609; baseline 0.005 -12"><span class='ocrx_word' id='word_1_684' title='bbox 161 2570 306 2606; x_wconf 81' lang='lat' dir='ltr'><strong>purgatio,</strong></span> <span class='ocrx_word' id='word_1_685' title='bbox 323 2575 404 2604; x_wconf 86' lang='lat' dir='ltr'><strong>atque</strong></span> <span class='ocrx_word' id='word_1_686' title='bbox 429 2572 466 2598; x_wconf 88' lang='lat' dir='ltr'><strong>ita</strong></span> <span class='ocrx_word' id='word_1_687' title='bbox 491 2573 526 2598; x_wconf 90' lang='lat' dir='ltr'><strong>ad</strong></span> <span class='ocrx_word' id='word_1_688' title='bbox 547 2574 787 2608; x_wconf 86' lang='lat' dir='ltr'><strong>contemplationis</strong></span> <span class='ocrx_word' id='word_1_689' title='bbox 808 2575 953 2609; x_wconf 88' lang='lat' dir='ltr'><strong>puritatem</strong></span> 
     </span>
    </p>
   </div>
   <div class='ocr_carea' id='block_1_100' title="bbox 161 2615 957 2648">
    <p class='ocr_par' dir='ltr' id='par_1_100' title="bbox 161 2615 957 2648">
     <span class='ocr_line' id='line_1_100' title="bbox 161 2615 957 2648; baseline 0.004 -5"><span class='ocrx_word' id='word_1_690' title='bbox 161 2615 301 2647; x_wconf 85' lang='lat' dir='ltr'><strong>eundum,</strong></span> <span class='ocrx_word' id='word_1_691' title='bbox 341 2616 368 2642; x_wconf 90' lang='lat' dir='ltr'><strong>id</strong></span> <span class='ocrx_word' id='word_1_692' title='bbox 389 2620 450 2648; x_wconf 91' lang='lat' dir='ltr'><strong>est,</strong></span> <span class='ocrx_word' id='word_1_693' title='bbox 480 2617 599 2644; x_wconf 87' lang='lat' dir='ltr'><strong>divinam</strong></span> <span class='ocrx_word' id='word_1_694' title='bbox 628 2619 768 2646; x_wconf 87' lang='lat' dir='ltr'><strong>scientiam</strong></span> <span class='ocrx_word' id='word_1_695' title='bbox 801 2626 827 2646; x_wconf 89' lang='lat' dir='ltr'><strong>et</strong></span> <span class='ocrx_word' id='word_1_696' title='bbox 855 2620 957 2646; x_wconf 86' lang='lat' dir='ltr'><strong>doctri-</strong></span> 
     </span>
    </p>
   </div>
   <div class='ocr_carea' id='block_1_101' title="bbox 162 2664 956 2700">
    <p class='ocr_par' dir='ltr' id='par_1_101' title="bbox 162 2664 956 2700">
     <span class='ocr_line' id='line_1_101' title="bbox 162 2664 956 2700; baseline 0.004 -10"><span class='ocrx_word' id='word_1_697' title='bbox 162 2670 231 2690; x_wconf 76' lang='lat' dir='ltr'><strong>nam</strong></span> <span class='ocrx_word' id='word_1_698' title='bbox 260 2671 266 2688; x_wconf 93' lang='lat'><strong>:</strong></span> <span class='ocrx_word' id='word_1_699' title='bbox 301 2664 352 2690; x_wconf 85' lang='lat' dir='ltr'><strong>nisi</strong></span> <span class='ocrx_word' id='word_1_700' title='bbox 383 2664 462 2691; x_wconf 92' lang='lat' dir='ltr'><strong>nobis</strong></span> <span class='ocrx_word' id='word_1_701' title='bbox 490 2664 561 2691; x_wconf 91' lang='lat' dir='ltr'><strong>idem</strong></span> <span class='ocrx_word' id='word_1_702' title='bbox 587 2666 711 2692; x_wconf 81' lang='lat' dir='ltr'><strong>accidere</strong></span> <span class='ocrx_word' id='word_1_703' title='bbox 735 2667 862 2698; x_wconf 81' lang='lat' dir='ltr'><strong>velimus,</strong></span> <span class='ocrx_word' id='word_1_704' title='bbox 883 2666 956 2700; x_wconf 88' lang='lat' dir='ltr'><strong>quod</strong></span> 
     </span>
    </p>
   </div>
   <div class='ocr_carea' id='block_1_102' title="bbox 163 2709 955 2744">
    <p class='ocr_par' dir='ltr' id='par_1_102' title="bbox 163 2709 955 2744">
     <span class='ocr_line' id='line_1_102' title="bbox 163 2709 955 2744; baseline 0.004 -9"><span class='ocrx_word' id='word_1_705' title='bbox 163 2709 301 2736; x_wconf 79' lang='lat' dir='ltr'><strong>lst&#39;aelitis</strong></span> <span class='ocrx_word' id='word_1_706' title='bbox 324 2709 433 2736; x_wconf 78' lang='lat' dir='ltr'><strong>accidit.</strong></span> <span class='ocrx_word' id='word_1_707' title='bbox 462 2709 598 2744; x_wconf 83' lang='lat' dir='ltr'><strong>Scriptum</strong></span> <span class='ocrx_word' id='word_1_708' title='bbox 625 2711 697 2738; x_wconf 87' lang='lat' dir='ltr'><strong>enim</strong></span> <span class='ocrx_word' id='word_1_709' title='bbox 722 2717 764 2739; x_wconf 90' lang='lat' dir='ltr'><strong>est</strong></span> <span class='ocrx_word' id='word_1_710' title='bbox 787 2713 813 2738; x_wconf 93' lang='lat' dir='ltr'><strong>in</strong></span> <span class='ocrx_word' id='word_1_711' title='bbox 838 2713 955 2740; x_wconf 81' lang='lat' dir='ltr'><strong>Exodo:</strong></span> 
     </span>
    </p>
   </div>
   <div class='ocr_carea' id='block_1_103' title="bbox 169 2754 957 2795">
    <p class='ocr_par' dir='ltr' id='par_1_103' title="bbox 169 2754 957 2795">
     <span class='ocr_line' id='line_1_103' title="bbox 169 2754 957 2795; baseline 0.006 -14"><span class='ocrx_word' id='word_1_712' title='bbox 169 2754 302 2781; x_wconf 74' lang='lat' dir='ltr'><strong>Viderunt</strong></span> <span class='ocrx_word' id='word_1_713' title='bbox 319 2755 368 2788; x_wconf 82' lang='lat' dir='ltr'><strong>ﬁlii</strong></span> <span class='ocrx_word' id='word_1_714' title='bbox 384 2754 494 2782; x_wconf 76' lang='lat' dir='ltr'><strong>Israelis</strong></span> <span class='ocrx_word' id='word_1_715' title='bbox 511 2755 622 2790; x_wconf 74' lang='lat' dir='ltr'><strong>Mosem,</strong></span> <span class='ocrx_word' id='word_1_716' title='bbox 640 2757 786 2794; x_wconf 78' lang='lat' dir='ltr'><strong>faciemque</strong></span> <span class='ocrx_word' id='word_1_717' title='bbox 799 2759 883 2794; x_wconf 71' lang='lat' dir='ltr'><strong>ipsius</strong></span> <span class='ocrx_word' id='word_1_718' title='bbox 900 2762 957 2795; x_wconf 87' lang='lat' dir='ltr'><strong>glo-</strong></span> 
     </span>
    </p>
   </div>
   <div class='ocr_carea' id='block_1_104' title="bbox 203 2842 645 2877">
    <p class='ocr_par' dir='ltr' id='par_1_104' title="bbox 203 2842 645 2877">
     <span class='ocr_line' id='line_1_104' title="bbox 203 2842 645 2877; baseline 0.009 -9"><span class='ocrx_word' id='word_1_719' title='bbox 203 2843 214 2856; x_wconf 75' lang='grc'><strong><em>⁸</em></strong></span> <span class='ocrx_word' id='word_1_720' title='bbox 237 2842 301 2877; x_wconf 66' lang='grc' dir='ltr'><strong>5ης).</strong></span> <span class='ocrx_word' id='word_1_721' title='bbox 318 2851 338 2873; x_wconf 93' lang='lat' dir='ltr'><strong>l,</strong></span> <span class='ocrx_word' id='word_1_722' title='bbox 356 2842 383 2869; x_wconf 80' lang='grc'><strong>4.</strong></span> <span class='ocrx_word' id='word_1_723' title='bbox 419 2843 429 2858; x_wconf 81' lang='grc'>⁷</span> <span class='ocrx_word' id='word_1_724' title='bbox 451 2843 523 2871; x_wconf 80' lang='lat' dir='ltr'><strong>Psal.</strong></span> <span class='ocrx_word' id='word_1_725' title='bbox 540 2852 583 2875; x_wconf 85' lang='lat' dir='ltr'><strong>cx,</strong></span> <span class='ocrx_word' id='word_1_726' title='bbox 602 2845 645 2872; x_wconf 78' lang='grc'><strong>10.</strong></span> 
     </span>
    </p>
   </div>
   <div class='ocr_carea' id='block_1_105' title="bbox 163 2877 676 2916">
    <p class='ocr_par' dir='ltr' id='par_1_105' title="bbox 163 2877 676 2916">
     <span class='ocr_line' id='line_1_105' title="bbox 163 2877 676 2916; baseline 0.012 -14"><span class='ocrx_word' id='word_1_727' title='bbox 163 2879 184 2895; x_wconf 80' lang='grc' dir='ltr'><strong>ιι</strong></span> <span class='ocrx_word' id='word_1_728' title='bbox 207 2877 278 2904; x_wconf 80' lang='lat' dir='ltr'><strong>Luc.</strong></span> <span class='ocrx_word' id='word_1_729' title='bbox 297 2886 321 2909; x_wconf 78' lang='grc' dir='ltr'><strong>ν,</strong></span> <span class='ocrx_word' id='word_1_730' title='bbox 338 2878 364 2905; x_wconf 87' lang='lat'><strong>8.</strong></span> <span class='ocrx_word' id='word_1_731' title='bbox 403 2878 425 2894; x_wconf 84' lang='lat'>“</span> <span class='ocrx_word' id='word_1_732' title='bbox 444 2880 507 2906; x_wconf 86' lang='lat' dir='ltr'><strong>Act.</strong></span> <span class='ocrx_word' id='word_1_733' title='bbox 522 2887 546 2912; x_wconf 91' lang='lat' dir='ltr'><strong>v,</strong></span> <span class='ocrx_word' id='word_1_734' title='bbox 569 2880 579 2906; x_wconf 84' lang='grc'><strong>1</strong></span> <span class='ocrx_word' id='word_1_735' title='bbox 599 2889 676 2916; x_wconf 87' lang='lat' dir='ltr'><strong>seqq.</strong></span> 
     </span>
    </p>
   </div>
   <div class='ocr_carea' id='block_1_106' title="bbox 290 2926 668 2973">
    <p class='ocr_par' dir='ltr' id='par_1_106' title="bbox 290 2926 668 2973">
     <span class='ocr_line' id='line_1_106' title="bbox 290 2926 668 2973; baseline 0.021 -19"><span class='ocrx_word' id='word_1_736' title='bbox 290 2926 426 2973; x_wconf 64' lang='lat' dir='ltr'><strong>l’aTnoL.</strong></span> <span class='ocrx_word' id='word_1_737' title='bbox 444 2929 502 2959; x_wconf 79' lang='lat' dir='ltr'><strong>Gtt.</strong></span> <span class='ocrx_word' id='word_1_738' title='bbox 519 2929 668 2962; x_wconf 75' lang='lat' dir='ltr'><strong>CXXVII.</strong></span> 
     </span>
    </p>
   </div>
   <div class='ocr_carea' id='block_1_107' title="bbox 697 2847 976 2882">
    <p class='ocr_par' dir='ltr' id='par_1_107' title="bbox 697 2847 976 2882">
     <span class='ocr_line' id='line_1_107' title="bbox 697 2847 976 2882; baseline 0.011 -8"><span class='ocrx_word' id='word_1_739' title='bbox 697 2847 708 2862; x_wconf 80' lang='grc'><strong>⁸</strong></span> <span class='ocrx_word' id='word_1_740' title='bbox 729 2847 801 2874; x_wconf 87' lang='lat' dir='ltr'><strong>Psal.</strong></span> <span class='ocrx_word' id='word_1_741' title='bbox 831 2856 920 2882; x_wconf 76' lang='lat' dir='ltr'><strong>chtv,</strong></span> <span class='ocrx_word' id='word_1_742' title='bbox 950 2850 976 2877; x_wconf 78' lang='lat'><strong>5.</strong></span> 
     </span>
    </p>
   </div>
   <div class='ocr_carea' id='block_1_108' title="bbox 726 2883 992 2918">
    <p class='ocr_par' dir='ltr' id='par_1_108' title="bbox 726 2883 992 2918">
     <span class='ocr_line' id='line_1_108' title="bbox 726 2883 992 2918; baseline 0.011 -9"><span class='ocrx_word' id='word_1_743' title='bbox 726 2883 748 2899; x_wconf 86' lang='lat'>&quot;</span> <span class='ocrx_word' id='word_1_744' title='bbox 766 2883 861 2912; x_wconf 86' lang='lat' dir='ltr'><strong>Matth.</strong></span> <span class='ocrx_word' id='word_1_745' title='bbox 891 2892 948 2918; x_wconf 90' lang='lat' dir='ltr'><strong>vut,</strong></span> <span class='ocrx_word' id='word_1_746' title='bbox 967 2886 992 2913; x_wconf 86' lang='grc'><strong>8.</strong></span> 
     </span>
    </p>
   </div>
   <div class='ocr_carea' id='block_1_109' title="bbox 1005 2293 1798 2328">
    <p class='ocr_par' dir='ltr' id='par_1_109' title="bbox 1005 2293 1798 2328">
     <span class='ocr_line' id='line_1_109' title="bbox 1005 2293 1798 2328; baseline -0.004 -8"><span class='ocrx_word' id='word_1_747' title='bbox 1005 2293 1113 2320; x_wconf 85' lang='lat' dir='ltr'><strong>(licebat</strong></span> <span class='ocrx_word' id='word_1_748' title='bbox 1139 2293 1269 2320; x_wconf 79' lang='lat' dir='ltr'><strong>Centurio</strong></span> <span class='ocrx_word' id='word_1_749' title='bbox 1296 2302 1303 2320; x_wconf 91' lang='lat'><strong>:</strong></span> <span class='ocrx_word' id='word_1_750' title='bbox 1340 2293 1462 2325; x_wconf 83' lang='lat' dir='ltr'><strong>Domine,</strong></span> <span class='ocrx_word' id='word_1_751' title='bbox 1489 2301 1541 2320; x_wconf 86' lang='lat' dir='ltr'><strong>non</strong></span> <span class='ocrx_word' id='word_1_752' title='bbox 1569 2301 1626 2319; x_wconf 78' lang='lat' dir='ltr'><strong>sum</strong></span> <span class='ocrx_word' id='word_1_753' title='bbox 1650 2293 1743 2328; x_wconf 83' lang='lat' dir='ltr'><strong>dignus</strong></span> <span class='ocrx_word' id='word_1_754' title='bbox 1770 2296 1798 2317; x_wconf 88' lang='lat' dir='ltr'><strong>ut</strong></span> 
     </span>
    </p>
   </div>
   <div class='ocr_carea' id='block_1_110' title="bbox 1006 2339 1797 2370">
    <p class='ocr_par' dir='ltr' id='par_1_110' title="bbox 1006 2339 1797 2370">
     <span class='ocr_line' id='line_1_110' title="bbox 1006 2339 1797 2370; baseline -0.001 -6"><span class='ocrx_word' id='word_1_755' title='bbox 1006 2339 1086 2365; x_wconf 78' lang='lat' dir='ltr'><strong>intres</strong></span> <span class='ocrx_word' id='word_1_756' title='bbox 1103 2339 1150 2365; x_wconf 71' lang='lat' dir='ltr'><strong>sub</strong></span> <span class='ocrx_word' id='word_1_757' title='bbox 1178 2343 1274 2365; x_wconf 79' lang='lat' dir='ltr'><strong>tectum</strong></span> <span class='ocrx_word' id='word_1_758' title='bbox 1299 2346 1385 2365; x_wconf 87' lang='lat' dir='ltr'><strong>meum</strong></span> <span class='ocrx_word' id='word_1_759' title='bbox 1412 2347 1421 2366; x_wconf 91' lang='lat'><strong><em>:</em></strong></span> <span class='ocrx_word' id='word_1_760' title='bbox 1449 2339 1494 2365; x_wconf 73' lang='lat' dir='ltr'><strong>sed</strong></span> <span class='ocrx_word' id='word_1_761' title='bbox 1508 2339 1549 2364; x_wconf 81' lang='lat' dir='ltr'><strong>dic</strong></span> <span class='ocrx_word' id='word_1_762' title='bbox 1564 2342 1652 2370; x_wconf 78' lang='lat' dir='ltr'><strong>verba,</strong></span> <span class='ocrx_word' id='word_1_763' title='bbox 1671 2342 1695 2364; x_wconf 83' lang='lat' dir='ltr'><strong>et</strong></span> <span class='ocrx_word' id='word_1_764' title='bbox 1718 2345 1797 2363; x_wconf 66' lang='grc' dir='ltr'><strong>δαηίιη</strong></span> 
     </span>
    </p>
   </div>
   <div class='ocr_carea' id='block_1_111' title="bbox 1007 2383 1797 2420">
    <p class='ocr_par' dir='ltr' id='par_1_111' title="bbox 1007 2383 1797 2420">
     <span class='ocr_line' id='line_1_111' title="bbox 1007 2383 1797 2420; baseline -0.003 -9"><span class='ocrx_word' id='word_1_765' title='bbox 1007 2385 1077 2411; x_wconf 86' lang='lat' dir='ltr'><strong>bitur</strong></span> <span class='ocrx_word' id='word_1_766' title='bbox 1101 2393 1166 2419; x_wconf 83' lang='lat' dir='ltr'><strong>puer</strong></span> <span class='ocrx_word' id='word_1_767' title='bbox 1194 2393 1267 2411; x_wconf 79' lang='lat' dir='ltr'><strong>utens</strong></span> <span class='ocrx_word' id='word_1_768' title='bbox 1296 2384 1318 2400; x_wconf 83' lang='grc'><strong>¹³</strong></span> <span class='ocrx_word' id='word_1_769' title='bbox 1354 2385 1418 2420; x_wconf 81' lang='lat' dir='ltr'><strong>(hoc</strong></span> <span class='ocrx_word' id='word_1_770' title='bbox 1448 2392 1528 2418; x_wconf 91' lang='lat' dir='ltr'><strong>porro</strong></span> <span class='ocrx_word' id='word_1_771' title='bbox 1557 2383 1666 2410; x_wconf 85' lang='lat' dir='ltr'><strong>diccbat</strong></span> <span class='ocrx_word' id='word_1_772' title='bbox 1683 2403 1691 2415; x_wconf 89' lang='lat'><strong>,</strong></span> <span class='ocrx_word' id='word_1_773' title='bbox 1717 2389 1797 2410; x_wconf 87' lang='lat' dir='ltr'><strong>cura-</strong></span> 
     </span>
    </p>
   </div>
   <div class='ocr_carea' id='block_1_112' title="bbox 1009 2430 1792 2465">
    <p class='ocr_par' dir='ltr' id='par_1_112' title="bbox 1009 2430 1792 2465">
     <span class='ocr_line' id='line_1_112' title="bbox 1009 2430 1792 2465; baseline -0.005 -7"><span class='ocrx_word' id='word_1_774' title='bbox 1009 2431 1107 2458; x_wconf 86' lang='lat' dir='ltr'><strong>tionem</strong></span> <span class='ocrx_word' id='word_1_775' title='bbox 1141 2430 1414 2465; x_wconf 80' lang='lat' dir='ltr'><strong>pueri.requirens,</strong></span> <span class='ocrx_word' id='word_1_776' title='bbox 1446 2430 1580 2456; x_wconf 85' lang='lat' dir='ltr'><strong>medicum</strong></span> <span class='ocrx_word' id='word_1_777' title='bbox 1615 2433 1704 2455; x_wconf 89' lang='lat' dir='ltr'><strong>autem</strong></span> <span class='ocrx_word' id='word_1_778' title='bbox 1734 2435 1792 2462; x_wconf 85' lang='lat' dir='ltr'><strong>pro-</strong></span> 
     </span>
    </p>
   </div>
   <div class='ocr_carea' id='block_1_113' title="bbox 1010 2475 1795 2511">
    <p class='ocr_par' dir='ltr' id='par_1_113' title="bbox 1010 2475 1795 2511">
     <span class='ocr_line' id='line_1_113' title="bbox 1010 2475 1795 2511; baseline -0.004 -9"><span class='ocrx_word' id='word_1_779' title='bbox 1010 2481 1070 2511; x_wconf 87' lang='lat' dir='ltr'><strong>pter</strong></span> <span class='ocrx_word' id='word_1_780' title='bbox 1097 2476 1170 2511; x_wconf 79' lang='lat' dir='ltr'><strong>piunt</strong></span> <span class='ocrx_word' id='word_1_781' title='bbox 1189 2480 1217 2502; x_wconf 83' lang='lat' dir='ltr'><strong>et</strong></span> <span class='ocrx_word' id='word_1_782' title='bbox 1239 2476 1404 2502; x_wconf 86' lang='lat' dir='ltr'><strong>laudabilem</strong></span> <span class='ocrx_word' id='word_1_783' title='bbox 1425 2480 1527 2501; x_wconf 88' lang='lat' dir='ltr'><strong>metutn</strong></span> <span class='ocrx_word' id='word_1_784' title='bbox 1544 2475 1570 2500; x_wconf 93' lang='lat' dir='ltr'><strong>in</strong></span> <span class='ocrx_word' id='word_1_785' title='bbox 1589 2475 1701 2501; x_wconf 90' lang='lat' dir='ltr'><strong>domum</strong></span> <span class='ocrx_word' id='word_1_786' title='bbox 1716 2481 1795 2500; x_wconf 87' lang='lat' dir='ltr'><strong>suam</strong></span> 
     </span>
    </p>
   </div>
   <div class='ocr_carea' id='block_1_114' title="bbox 1012 2521 1796 2556">
    <p class='ocr_par' dir='ltr' id='par_1_114' title="bbox 1012 2521 1796 2556">
     <span class='ocr_line' id='line_1_114' title="bbox 1012 2521 1796 2556; baseline -0.004 -7"><span class='ocrx_word' id='word_1_787' title='bbox 1012 2531 1064 2549; x_wconf 87' lang='lat' dir='ltr'><strong>tton</strong></span> <span class='ocrx_word' id='word_1_788' title='bbox 1076 2523 1232 2556; x_wconf 85' lang='lat' dir='ltr'><strong>admittens)</strong></span> <span class='ocrx_word' id='word_1_789' title='bbox 1253 2530 1259 2548; x_wconf 90' lang='lat'><strong>:</strong></span> <span class='ocrx_word' id='word_1_790' title='bbox 1280 2522 1319 2548; x_wconf 71' lang='lat' dir='ltr'><strong>sic</strong></span> <span class='ocrx_word' id='word_1_791' title='bbox 1333 2522 1414 2548; x_wconf 84' lang='lat' dir='ltr'><strong>ctiam</strong></span> <span class='ocrx_word' id='word_1_792' title='bbox 1441 2521 1490 2555; x_wconf 86' lang='lat' dir='ltr'><strong>ipsi</strong></span> <span class='ocrx_word' id='word_1_793' title='bbox 1510 2521 1670 2556; x_wconf 89' lang='lat' dir='ltr'><strong>theologiam</strong></span> <span class='ocrx_word' id='word_1_794' title='bbox 1688 2521 1796 2554; x_wconf 88' lang='lat' dir='ltr'><strong>quidem</strong></span> 
     </span>
    </p>
   </div>
   <div class='ocr_carea' id='block_1_115' title="bbox 1009 2567 1793 2603">
    <p class='ocr_par' dir='ltr' id='par_1_115' title="bbox 1009 2567 1793 2603">
     <span class='ocr_line' id='line_1_115' title="bbox 1009 2567 1793 2603; baseline 0 -9"><span class='ocrx_word' id='word_1_795' title='bbox 1009 2573 1145 2603; x_wconf 74' lang='lat' dir='ltr'><strong>expetent,</strong></span> <span class='ocrx_word' id='word_1_796' title='bbox 1172 2575 1265 2595; x_wconf 79' lang='lat' dir='ltr'><strong>verum</strong></span> <span class='ocrx_word' id='word_1_797' title='bbox 1300 2568 1383 2594; x_wconf 84' lang='lat' dir='ltr'><strong>Deum</strong></span> <span class='ocrx_word' id='word_1_798' title='bbox 1412 2568 1500 2602; x_wconf 86' lang='lat' dir='ltr'><strong>ipsum</strong></span> <span class='ocrx_word' id='word_1_799' title='bbox 1528 2567 1554 2594; x_wconf 91' lang='lat' dir='ltr'><strong>in</strong></span> <span class='ocrx_word' id='word_1_800' title='bbox 1575 2568 1695 2594; x_wconf 89' lang='lat' dir='ltr'><strong>attintttm</strong></span> <span class='ocrx_word' id='word_1_801' title='bbox 1712 2567 1793 2594; x_wconf 44' lang='lat' dir='ltr'><strong>haud.</strong></span> 
     </span>
    </p>
   </div>
   <div class='ocr_carea' id='block_1_116' title="bbox 1006 2612 1386 2648">
    <p class='ocr_par' dir='ltr' id='par_1_116' title="bbox 1006 2612 1386 2648">
     <span class='ocr_line' id='line_1_116' title="bbox 1006 2612 1386 2648; baseline 0 -10"><span class='ocrx_word' id='word_1_802' title='bbox 1006 2621 1140 2648; x_wconf 86' lang='lat' dir='ltr'><strong>quaquam</strong></span> <span class='ocrx_word' id='word_1_803' title='bbox 1156 2612 1295 2647; x_wconf 69' lang='lat' dir='ltr'><strong>CXCCpiUI‘i</strong></span> <span class='ocrx_word' id='word_1_804' title='bbox 1313 2618 1386 2639; x_wconf 79' lang='lat' dir='ltr'><strong>Slllll.</strong></span> 
     </span>
    </p>
   </div>
   <div class='ocr_carea' id='block_1_117' title="bbox 1043 2669 1794 2706">
    <p class='ocr_par' dir='ltr' id='par_1_117' title="bbox 1043 2669 1794 2706">
     <span class='ocr_line' id='line_1_117' title="bbox 1043 2669 1794 2706; baseline -0.001 -10"><span class='ocrx_word' id='word_1_805' title='bbox 1043 2670 1112 2697; x_wconf 86' lang='lat' dir='ltr'><strong>Ibid.</strong></span> <span class='ocrx_word' id='word_1_806' title='bbox 1135 2670 1167 2696; x_wconf 72' lang='lat'><strong>(1.</strong></span> <span class='ocrx_word' id='word_1_807' title='bbox 1196 2669 1314 2696; x_wconf 83' lang='lat' dir='ltr'><strong>Proinde</strong></span> <span class='ocrx_word' id='word_1_808' title='bbox 1333 2669 1405 2696; x_wconf 82' lang='lat' dir='ltr'><strong>dicat</strong></span> <span class='ocrx_word' id='word_1_809' title='bbox 1433 2678 1533 2706; x_wconf 78' lang='lat' dir='ltr'><strong>quoque</strong></span> <span class='ocrx_word' id='word_1_810' title='bbox 1562 2678 1593 2697; x_wconf 71' lang='lat' dir='ltr'><strong>ex</strong></span> <span class='ocrx_word' id='word_1_811' title='bbox 1619 2670 1693 2697; x_wconf 81' lang='lat' dir='ltr'><strong>nobis</strong></span> <span class='ocrx_word' id='word_1_812' title='bbox 1721 2670 1794 2705; x_wconf 80' lang='lat' dir='ltr'><strong>quis-</strong></span> 
     </span>
    </p>
   </div>
   <div class='ocr_carea' id='block_1_118' title="bbox 1007 2715 1795 2752">
    <p class='ocr_par' dir='ltr' id='par_1_118' title="bbox 1007 2715 1795 2752">
     <span class='ocr_line' id='line_1_118' title="bbox 1007 2715 1795 2752; baseline 0.001 -11"><span class='ocrx_word' id='word_1_813' title='bbox 1007 2717 1089 2750; x_wconf 84' lang='lat' dir='ltr'><strong>piam,</strong></span> <span class='ocrx_word' id='word_1_814' title='bbox 1118 2720 1170 2743; x_wconf 90' lang='lat' dir='ltr'><strong>cte.</strong></span> <span class='ocrx_word' id='word_1_815' title='bbox 1205 2715 1344 2749; x_wconf 76' lang='lat' dir='ltr'><strong>Quantliu,</strong></span> <span class='ocrx_word' id='word_1_816' title='bbox 1378 2716 1476 2751; x_wconf 88' lang='lat' dir='ltr'><strong>inquit,</strong></span> <span class='ocrx_word' id='word_1_817' title='bbox 1511 2716 1644 2752; x_wconf 92' lang='lat' dir='ltr'><strong>quispiatu</strong></span> <span class='ocrx_word' id='word_1_818' title='bbox 1670 2720 1795 2746; x_wconf 87' lang='lat' dir='ltr'><strong>nostrum</strong></span> 
     </span>
    </p>
   </div>
   <div class='ocr_carea' id='block_1_119' title="bbox 1009 2762 1795 2797">
    <p class='ocr_par' dir='ltr' id='par_1_119' title="bbox 1009 2762 1795 2797">
     <span class='ocr_line' id='line_1_119' title="bbox 1009 2762 1795 2797; baseline 0.001 -9"><span class='ocrx_word' id='word_1_819' title='bbox 1009 2762 1131 2788; x_wconf 83' lang='lat' dir='ltr'><strong>centurio</strong></span> <span class='ocrx_word' id='word_1_820' title='bbox 1148 2767 1200 2794; x_wconf 83' lang='lat' dir='ltr'><strong>est,</strong></span> <span class='ocrx_word' id='word_1_821' title='bbox 1229 2762 1279 2789; x_wconf 88' lang='lat' dir='ltr'><strong>ltoc</strong></span> <span class='ocrx_word' id='word_1_822' title='bbox 1308 2767 1360 2794; x_wconf 81' lang='lat' dir='ltr'><strong>est,</strong></span> <span class='ocrx_word' id='word_1_823' title='bbox 1383 2762 1483 2789; x_wconf 88' lang='lat' dir='ltr'><strong>multos</strong></span> <span class='ocrx_word' id='word_1_824' title='bbox 1506 2762 1532 2788; x_wconf 91' lang='lat' dir='ltr'><strong>in</strong></span> <span class='ocrx_word' id='word_1_825' title='bbox 1561 2762 1626 2789; x_wconf 85' lang='lat' dir='ltr'><strong>vitio</strong></span> <span class='ocrx_word' id='word_1_826' title='bbox 1651 2770 1795 2797; x_wconf 77' lang='lat' dir='ltr'><strong>superans,</strong></span> 
     </span>
    </p>
   </div>
   <div class='ocr_carea' id='block_1_120' title="bbox 1031 2851 1795 2890">
    <p class='ocr_par' dir='ltr' id='par_1_120' title="bbox 1031 2851 1795 2890">
     <span class='ocr_line' id='line_1_120' title="bbox 1031 2851 1795 2890; baseline 0.007 -12"><span class='ocrx_word' id='word_1_827' title='bbox 1031 2851 1041 2866; x_wconf 87' lang='lat'><strong>’</strong></span> <span class='ocrx_word' id='word_1_828' title='bbox 1061 2851 1144 2879; x_wconf 80' lang='lat' dir='ltr'><strong>Exod.</strong></span> <span class='ocrx_word' id='word_1_829' title='bbox 1173 2858 1264 2883; x_wconf 60' lang='lat' dir='ltr'><strong>xxxiv,</strong></span> <span class='ocrx_word' id='word_1_830' title='bbox 1292 2851 1326 2881; x_wconf 85' lang='grc'><strong>50</strong></span> <span class='ocrx_word' id='word_1_831' title='bbox 1369 2853 1414 2881; x_wconf 81' lang='lat'><strong>55.</strong></span> <span class='ocrx_word' id='word_1_832' title='bbox 1470 2853 1491 2869; x_wconf 86' lang='grc'><strong>¹⁰</strong></span> <span class='ocrx_word' id='word_1_833' title='bbox 1509 2852 1597 2880; x_wconf 87' lang='lat' dir='ltr'><strong>Judic.</strong></span> <span class='ocrx_word' id='word_1_834' title='bbox 1612 2861 1672 2886; x_wconf 84' lang='lat' dir='ltr'><strong>xm,</strong></span> <span class='ocrx_word' id='word_1_835' title='bbox 1690 2853 1700 2880; x_wconf 83' lang='grc'><strong>1</strong></span> <span class='ocrx_word' id='word_1_836' title='bbox 1719 2861 1795 2890; x_wconf 77' lang='lat' dir='ltr'><strong>seqq.</strong></span> 
     </span>
    </p>
   </div>
   <div class='ocr_carea' id='block_1_121' title="bbox 1570 2937 1608 2969">
    <p class='ocr_par' dir='ltr' id='par_1_121' title="bbox 1570 2937 1608 2969">
     <span class='ocr_line' id='line_1_121' title="bbox 1570 2937 1608 2969; baseline 0.079 -3"><span class='ocrx_word' id='word_1_837' title='bbox 1570 2937 1608 2969; x_wconf 76' lang='lat'><strong>39</strong></span> 
     </span>
    </p>
   </div>
  </div>
