2027 3162
269 196 338 228 133l

966 186 1154 217 ADEJEVDL

1831 189 1902 220 1339

1849 212 1900 220 _4-

272 254 382 281 ,ηοιιυιιι
411 253 460 279 has
478 249 682 285 pra-positiones
703 253 899 281 nonnumquam
919 245 1056 272 immutari
1073 246 1093 274 Α
1111 245 1170 270 ιιιτιιι
1188 253 1238 270 non
1259 249 1317 278 post
1334 244 1448 271 Parui.
1479 245 1596 279 Spiritus
1620 252 1731 273 sanctas
1758 255 1822 274 rere
1843 259 1896 283 ηιμ

271 298 528 327 demonstravimus.
566 294 695 329 Sequitur
728 294 783 328 jam
825 297 852 318 ιιι
883 292 1059 319 ostendamus

274 348 362 380 ipsum
379 350 486 379 qu0qne
500 341 641 368 noruiuum
658 339 779 366 ordinem
800 338 944 372 aliquoties
961 337 1058 364 inverti

274 397 354 426 atque
377 390 528 423 transponi,
546 396 595 414 nec
621 386 728 412 Patrem
753 393 860 420 semper
891 384 977 418 primo
1000 385 1059 410 loco

274 436 422 465 numerari,
439 434 536 461 Filium
555 434 684 464 Secundo,
702 438 726 458 et
743 431 821 458 tertio
839 431 970 465 Spiritum
996 438 1059 456 sarr-

273 489 345 508 etu'n
366 490 372 508 :
389 481 434 507 sed
462 480 544 506 etiarn
563 481 715 513 permutato
730 482 811 510 atque
826 477 934 503 inverso
953 476 1058 506 ordine,

273 528 341 554 utin
356 527 401 553 illo
421 525 543 561 Apostoli
562 526 620 552 loco
637 534 643 551 :
664 523 757 551 Gratia
776 523 881 549 Domini
898 522 980 548 nostri
996 521 1027 548 .Ie
1044 530 1058 546 ιι

272 573 389 604 Christi,
415 580 437 598 ε·
469 571 586 598 cltaritas
610 569 656 596 Dei
678 568 787 599 Patris,
804 572 828 594 et
857 566 1059 593 communicatio

272 619 357 644 sancti
372 617 487 652 Spiritus
504 618 538 642 sit
556 624 614 642 cum
629 614 748 642 omnibus
764 614 834 640 vobis
847 613 878 640 ³³.
895 614 925 639 Ει
940 620 1035 639 rursus
1050 621 1056 638 :

275 665 420 692 Diuisione;
446 663 596 698 gratiarum
623 665 695 692 sunt,
716 661 783 687 idem
811 665 898 686 autem
920 658 1034 693 Spiritus
1050 664 1060 683 .'

272 717 296 737 et
312 710 453 737 divisiones
480 708 705 735 ministrationum
723 711 794 738 sunt,
812 706 881 732 ideut
894 709 981 732 autem
1007 705 1060 731 llo-

272 757 358 782 minus
376 764 385 782 :
407 760 431 782 et
450 755 589 782 divisiones
603 753 784 786 operationum
802 756 874 784 sunt,
888 752 956 778 idem
973 755 1060 777 autem

272 799 383 828 Deus“.
402 800 441 827 En
467 798 605 834 quourodo
628 798 654 824 in
673 798 715 824 his
734 797 800 825 locis
824 797 892 824 ordo
918 796 1058 822 nominum

272 846 400 873 inversus
416 845 460 873 sit.
478 845 624 872 I‘Iuimvero
639 843 769 876 haeretici,
790 842 830 869 Ex
849 850 910 877 quo,
925 842 957 869 de
976 848 1058 869 causa

272 892 325 918 diei
344 890 480 918 afﬁrmant
497 899 504 917 :
524 890 575 917 Per
601 898 688 925 quem,
704 889 737 916 de
752 896 855 924 Organo
871 897 878 921 ;
897 887 928 914 ιιι
945 895 1012 922 quo,
1028 888 1060 914 de

271 938 352 970 loco;
378 941 461 971 atque
480 936 542 963 lriuc
569 935 709 970 colligunt,
727 934 800 970 quod
825 934 1054 969 quemadmodum

270 984 322 1010 alia
351 991 441 1010 causa:
458 988 555 1009 natura
567 986 619 1015 est,
637 982 689 1008 alia
708 981 814 1016 organi,
833 985 913 1015 atque
926 980 977 1006 alia
993 980 1055 1012 loci,

271 1030 304 1057 ad
330 1030 455 1056 eumdem
478 1036 588 1064 quoque
612 1031 722 1055 modum
745 1028 1001 1061 alicnns,quantum
1023 1027 1055 1054 ad

271 1081 409 1108 naturam,
423 1080 464 1102 est
484 1075 569 1102 Filius
586 1083 601 1102 a
623 1074 702 1102 Patre
723 1074 954 1109 (quandoquidem
970 1078 996 1100 ιιι
1013 1081 1056 1100 or-

270 1130 369 1157 ganum
396 1122 429 1148 ab
445 1121 571 1156 artiﬁce),
586 1121 691 1148 alienus
711 1120 772 1147 item
792 1119 908 1154 Spiritus
925 1125 1033 1146 sanctus
1049 1128 1054 1145 :

271 1173 417 1202 quatenus,
442 1172 468 1194 et
492 1167 562 1198 loco,
585 1171 612 1193 cl.
629 1171 759 1200 tempore,
773 1165 808 1192 ab
833 1173 997 1200 organorum
1016 1166 1056 1191 vrl

271 1214 406 1241 artilicurn
431 1218 528 1240 natura
552 1217 697 1247 separatus
709 1216 760 1239 est.
781 1211 814 1237 At
829 1218 878 1239 nos
895 1211 936 1238 his
956 1219 1055 1245 propo-

271 1261 417 1287 sitionibus
433 1267 486 1286 non
503 1259 624 1294 separari
636 1263 749 1285 naturas
762 1257 888 1291 dicimus,
904 1257 950 1284 sed
966 1258 1056 1291 potius

273 1305 361 1331 notari
378 1309 459 1338 atque
472 1303 598 1338 exprimi,
614 1305 749 1337 uniusque
763 1307 867 1329 natum
880 1303 1057 1337 proprietates

273 1350 418 1377 declarari.
434 1350 516 1384 quue
535 1357 567 1389 es
593 1357 625 1376 eo
653 1349 825 1384 perspicuurrr
838 1354 889 1381 est,
911 1349 981 1383 qrrod
1002 1353 1056 1375 tres

273 1396 315 1424 ha:
345 1394 545 1431 propositiones
570 1395 603 1422 de
627 1402 681 1422 uno
705 1394 817 1421 Christo
832 1395 992 1428 complexiur
1008 1402 1056 1421 ex-

273 1449 373 1476 pressa:
394 1442 566 1476 reperiuntur
583 1450 590 1468 :
609 1441 742 1476 siquidem
769 1440 843 1468 Pauli
867 1441 899 1467 ad
918 1440 1057 1468 Romanos

255 1489 257 1491 ’
275 1488 423 1522 Epistulam
449 1487 657 1522 haudquaquam
672 1486 856 1522 perfunctorie
870 1483 1002 1523 quispiam
1025 1487 1058 1513 le-

273 1534 352 1567 gerit,
365 1533 390 1560 iu
405 1541 457 1568 qua
473 1534 508 1560 ita
522 1534 614 1561 scribit
631 1542 637 1560 :
655 1532 723 1566 Quia
734 1541 767 1559 ex
785 1533 850 1567 ipso,
871 1538 894 1559 et
908 1533 1056 1566 peripsum,

272 1585 296 1606 et
312 1580 338 1606 in
352 1581 406 1614 ipso
427 1581 516 1607 omnia
525 1581 559 1607 ".
573 1580 608 1606 Ex
621 1581 679 1615 ipso
693 1580 764 1606 enim
781 1588 822 1606 res
832 1587 927 1606 omnes
935 1579 1058 1606 essentia:

273 1634 329 1653 sua-
348 1634 457 1653 causata
472 1626 572 1653 habent
588 1628 735 1653 secundum
754 1625 800 1652 Dei
815 1631 841 1652 et
860 1624 950 1652 Patris
964 1626 1058 1651 volun-

273 1676 368 1700 tatem.
387 1675 413 1697 Li.
430 1678 478 1705 per
500 1671 587 1705 ipsuur
605 1670 696 1697 omnia
714 1675 873 1704 permanent
904 1674 930 1697 et
945 1677 1057 1696 conser-

273 1722 382 1750 \‘aulur,
414 1720 504 1750 utpote
530 1716 592 1750 quia
620 1716 710 1743 omnia
741 1717 852 1746 creavit,
879 1715 1058 1750 omnibusque

273 1761 355 1788 rebus
373 1768 388 1788 a
408 1768 437 1788 se
451 1761 612 1795 procreatis,
625 1767 656 1786 ea
673 1768 732 1794 qua:
759 1761 792 1786 ad
821 1761 935 1786 salutem
962 1768 1059 1787 conve-

273 1807 370 1839 niunt,
399 1806 574 1833 admetiatur.
609 1807 647 1832 Ac
674 1807 790 1840 proinde
815 1806 848 1832 ad
876 1814 937 1832 eum
967 1805 1058 1832 omnia

273 1860 302 1879 se
323 1857 495 1884 corrrertunl,
526 1851 631 1879 ardenti
664 1852 781 1886 quodam
814 1851 951 1879 desiderio
978 1857 1059 1886 atque

273 1897 402 1925 ineil‘abili
437 1905 541 1930 amore,

272 1944 492 1971 necessariarum
522 1944 793 1972 subministratorem
821 1943 916 1970 oculos
943 1950 1057 1970 convu-

274 1990 368 2016 lentia.

312 2035 372 2061 Col.
401 2036 453 2062 347
475 2034 506 2062 Β.
533 2035 614 2062 I’atcr
639 2040 713 2069 pater
734 2040 784 2066 est,
821 2041 844 2061 et
871 2035 996 2068 principii
1017 2043 1061 2061 cx-

272 2087 341 2112 pers,
358 2084 410 2106 etc.
434 2080 568 2112 Quoniam
596 2079 758 2106 Eunomiani
773 2081 944 2114 puteruitalis
961 2088 1058 2106 liOlllL‘ll

274 2124 420 2158 improprie
448 2124 521 2150 Patri
545 2125 666 2151 adhiberi
693 2124 837 2156 dicebant,
870 2132 924 2151 non
953 2130 1062 2159 proptrr

274 2169 433 2195 relationem
455 2169 488 2195 ad
510 2169 608 2196 Filium
618 2189 624 2200 .
637 2170 694 2202 sed,
710 2170 777 2196 utin
794 2171 937 2202 creaturis,
950 2176 1060 2205 propter

272 2213 436 2240 (ﬂectriCrm
451 2214 610 2245 scientiam;
626 2214 739 2247 idcirco,
751 2215 788 2241 ait
800 2213 964 2249 Tlreologus,
983 2217 1061 2242 Pater

580 1898 612 1924 ad
643 1898 703 1924 vita:
734 1898 881 1924 Auctorem
917 1905 1080 1932 reruuque‘

1112 290 1179 316 ritus
1194 295 1245 317 est.
1266 290 1381 317 Sanetus
1404 298 1491 318 autem
1519 292 1652 325 adjectum
1667 299 1719 324 est,
1736 299 1765 320 ut
1787 294 1901 323 divinus

1110 335 1228 370 Spiritus
1251 336 1284 364 ab
1307 337 1339 364 iis
1368 337 1561 372 distinguatur,
1578 338 1623 372 qui
1649 339 1812 373 simpliciter
1844 343 1899 375 spi-

1110 383 1178 408 ritus
1194 387 1335 413 vueautur.
1353 383 1481 410 nimirum
1494 384 1528 410 ab
1539 385 1634 414 angelo
1652 390 1679 411 et
1695 386 1799 416 animo,
1816 391 1902 419 atque

1111 434 1191 453 aereo
1204 426 1279 454 ﬂatu.
1296 427 1362 454 Vere
1380 433 1469 455 autem
1487 429 1608 455 addimur
1624 434 1674 461 est,
1693 435 1721 457 ut
1733 433 1900 458 ostendtur

1110 479 1171 497 cum
1201 473 1289 498 solum
1317 473 1423 506 proprie
1451 478 1574 499 sanctum
1591 481 1662 504 csse,
1681 479 1777 501 cmtcz'a
1802 482 1896 504 autem

1111 518 1193 551 g'atia
1214 522 1239 544 ct
1256 526 1374 544 cornmur
1388 518 1515 545 iratione.
1536 519 1601 545 Nam
1621 523 1756 548 creaturis
1785 523 1899 550 aliunde

1111 561 1220 588 inducta
1235 566 1276 589 est
1292 563 1483 589 sanctitieatio.
1502 563 1621 597 Spiritus
1645 569 1736 592 autem
1763 573 1900 594 sanct.tas

1111 613 1235 634 naturam
1264 609 1364 643 explet.
1383 609 1414 635 Et
1430 610 1659 643 quemadmodum
1676 619 1746 638 unus
1763 611 1855 645 Pater,
1873 619 1900 640 ct

1112 662 1182 681 Imus
1212 654 1307 686 Filius.
1340 655 1376 682 ila
1406 660 1433 682 et
1459 664 1529 683 unus
1567 655 1684 691 Spiritus
1713 664 1837 686 sanctus.
1861 661 1899 687 Ac

1111 701 1223 735 proinde
1240 709 1254 728 ιι
1272 706 1368 728 natura
1389 706 1479 729 creata
1497 706 1602 729 tantum
1620 709 1741 731 remotus
1757 713 1789 732 ac
1804 706 1898 740 sejun-

1111 752 1171 773 ctus
1187 751 1237 778 est,
1253 752 1384 781 quantum
1402 748 1554 781 simplicem
1573 753 1600 775 ct
1618 749 1774 776 absolutum
1800 759 1898 778 nutrie-

1113 800 1171 818 rurrr
1186 800 1201 819 a
1215 793 1376 827 eorupositis
1395 793 1560 827 diremptum
1574 802 1634 822 esse
1654 803 1703 829 par
1715 801 1756 822 est
1773 805 1780 822 :
1800 805 1898 824 rursus

1112 837 1183 864 Patri
1203 842 1230 866 et
1246 838 1315 865 Filio
1335 843 1439 866 tantum
1460 840 1552 866 unitus
1569 846 1620 872 est,
1648 847 1783 875 quantum
1805 843 1898 871 unitas

1112 884 1144 911 ai
1164 884 1294 912 unitatem
1322 886 1483 919 cognatione
1496 885 1590 920 juncta
1608 892 1659 914 est.
1676 886 1732 916 Nec
1752 897 1816 916 vero
1835 890 1899 917 hinc

1112 930 1199 957 solum
1231 931 1369 958 societatis
1393 935 1420 957 et
1437 932 1640 958 communionis
1664 934 1795 961 naturalis
1815 942 1899 968 argu-

1111 979 1202 1001 menta
1218 975 1366 1006 ducuntur,
1395 976 1441 1002 sed
1458 976 1538 1002 etiarn
1557 976 1620 1010 quia
1635 985 1665 1004 ex
1683 977 1738 1004 Deo
1751 986 1815 1005 esse
1831 980 1899 1007 dici-

1111 1025 1164 1052 tur,
1182 1029 1234 1047 non
1246 1022 1473 1056 quemadmodum
1489 1022 1580 1048 omnia
1593 1031 1625 1049 ex
1641 1023 1694 1050 Deo
1709 1030 1785 1056 sunt,
1804 1033 1897 1053 verum

1111 1070 1139 1092 ut
1170 1075 1200 1093 cx
1234 1067 1287 1094 υιο
1318 1067 1523 1102 prodieus,non
1545 1070 1729 1102 generationis
1757 1071 1898 1105 modo,,nt

1112 1111 1208 1141 Frlius.
1233 1112 1279 1138 sed
1295 1113 1508 1146 progrt'Ssionis,
1525 1118 1553 1140 ut
1580 1113 1696 1148 Spiritus
1713 1116 1767 1142 oris
1795 1117 1854 1150 ejus
1864 1118 1895 1145 ³⁷.

1111 1157 1171 1189 Quo
1188 1162 1260 1184 certe
1275 1158 1335 1184 luco
1353 1166 1400 1184 nec
1413 1166 1460 1192 per
1475 1166 1507 1185 os
1520 1160 1672 1186 membrum
1690 1160 1895 1196 intelligendum

1112 1209 1163 1236 est,
1180 1212 1227 1230 nec
1245 1211 1292 1238 per
1314 1203 1444 1238 Spiritum
1463 1204 1543 1231 flatus
1558 1207 1693 1240 quispiam
1708 1215 1896 1235 evanescens:

1112 1258 1204 1277 \‘cruur
1219 1256 1243 1277 et
1255 1259 1296 1283 os,
1314 1256 1341 1277 ut
1359 1251 1411 1277 Deo
1428 1250 1540 1285 dignum
1557 1256 1609 1283 est,
1623 1253 1748 1286 accipere
1763 1253 1898 1283 debemus

1111 1301 1137 1324 et
1152 1305 1199 1331 per
1218 1296 1348 1330 Spiritum
1365 1297 1544 1323 substantiam
1559 1298 1646 1324 vivarii
1665 1299 1825 1332 intelligere.
1843 1300 1898 1327 Nec

1112 1351 1175 1369 vero
1189 1343 1223 1369 ita
1238 1347 1315 1377 argnt
1327 1347 1396 1369 ntur
1413 1342 1531 1369 lucretiei
1545 1351 1551 1368 :
1567 1343 1594 1370 Si
1612 1345 1703 1378 genuit
1715 1343 1806 1376 Pater.
1825 1347 1898 1381 inge-

1113 1389 1186 1416 nilus
1211 1397 1270 1416 esse
1296 1389 1388 1416 desiit.
1419 1387 1569 1423 lngenitnrn
1593 1390 1666 1415 enirn
1699 1397 1819 1425 oportet,
1843 1401 1895 1419 non

1113 1436 1193 1462 modo
1216 1444 1230 1462 a
1248 1435 1320 1462 nullo
1334 1435 1452 1470 genitum
1476 1443 1546 1466 esse,
1562 1437 1608 1462 se!
1623 1444 1672 1463 nec
1691 1438 1775 1464 ullum
1789 1446 1897 1473 quoque

1113 1483 1248 1516 genuisse.
1263 1481 1356 1516 Neque
1377 1482 1438 1509 item
1466 1482 1561 1508 eodem
1580 1482 1661 1508 modo
1676 1483 1709 1510 de
1720 1483 1790 1510 Filio
1804 1485 1897 1520 dispu-

1114 1533 1170 1554 tent
1185 1537 1191 1554 :
1211 1528 1238 1554 Si
1252 1536 1282 1554 ex
1300 1528 1419 1562 ingenito
1447 1528 1526 1555 Patre
1540 1528 1647 1562 genitus
1662 1534 1712 1560 est,
1728 1532 1895 1565 γεννήσεως,

1113 1574 1138 1599 id
1157 1578 1208 1605 est,
1233 1573 1415 1608 generationis
1439 1581 1536 1600 nomen
1561 1575 1662 1601 amisit.
1683 1574 1799 1603 Necesse
1823 1578 1895 1604 enizn

1111 1625 1151 1646 est
1183 1619 1314 1653 genitum,
1332 1624 1358 1646 et
1380 1620 1499 1654 genitum
1517 1627 1588 1649 esse.
1605 1624 1631 1646 cl
1655 1627 1670 1647 a
1694 1620 1772 1648 Patre
1793 1623 1895 1656 genito.

1107 1665 1162 1692 Nec
1191 1670 1330 1700 postremo
1346 1665 1379 1692 de
1396 1665 1497 1699 Spiritu
1515 1672 1612 1693 sancto
1633 1667 1665 1692 al
1688 1668 1760 1694 hunc
1784 1670 1894 1695 modum

1108 1711 1243 1738 disacrant
1256 1719 1262 1737 :
1276 1712 1328 1737 Aut
1345 1711 1481 1745 ingenitus
1496 1715 1547 1744 est,
1565 1717 1611 1738 aut
1630 1713 1749 1747 genitus.
1766 1713 1794 1739 Si
1823 1715 1897 1746 ingc-
1940 1730 1943 1733 -

1109 1757 1194 1786 nitus.
1213 1756 1291 1783 Pater
1307 1757 1387 1784 fuerit
1403 1767 1408 1783 :
1424 1757 1445 1783 si
1464 1762 1552 1784 autem
1571 1759 1691 1792 genitus,
1710 1767 1776 1794 ergo
1799 1759 1895 1788 Filius.

1109 1803 1209 1830 Verum
1235 1811 1265 1830 os
1283 1804 1348 1836 ipsis
1364 1803 1399 1830 ob
1417 1808 1533 1835 truatur,
1550 1809 1579 1830 ut
1603 1804 1685 1831 stulte
1707 1810 1789 1839 atque
1809 1807 1896 1840 inepte

1108 1849 1307 1876 caviliantibus.
1333 1848 1400 1875 Nam
1427 1858 1476 1876 net:
1503 1849 1580 1876 l’atcr
1610 1857 1642 1876 eo
1669 1850 1808 1885 ingenitus
1838 1860 1896 1878 esse

1109 1896 1206 1926 desiit.
1236 1896 1299 1931 quia
1327 1896 1418 1930 genuit
1441 1896 1591 1931 (ingenitus
1621 1897 1693 1923 enim
1724 1897 1839 1928 dicitur,
1869 1905 1896 1925 ut

1110 1950 1248 1976 nurrquarrr
1272 1942 1390 1976 genitus,
1404 1950 1455 1968 non
1471 1946 1560 1968 autem
1575 1942 1647 1976 quod
1665 1943 1776 1969 minime
1794 1951 1894 1978 genue-

1113 1989 1170 2023 rit).
1185 1987 1238 2015 Nec
1253 1987 1336 2015 Filius
1353 1988 1459 2022 genitus
1476 1995 1536 2015 t'Sse
1552 1987 1666 2019 destitit,
1685 1989 1749 2022 quia
1763 1997 1796 2016 ex
1821 1991 1895 2024 iuge-

1110 2035 1168 2060 nito
1198 2034 1304 2068 [territus
1329 2033 1363 2060 sit
1394 2032 1513 2067 (genitus
1540 2034 1612 2059 enim
1639 2038 1698 2066 est,
1729 2042 1783 2060 non
1813 2041 1841 2061 ut
1865 2044 1895 2062 es

1109 2079 1199 2112 genito
1227 2078 1304 2105 Patre
1324 2079 1441 2112 genitus,
1455 2078 1501 2104 sed
1526 2082 1553 2104 ut
1571 2078 1660 2105 solum
1687 2080 1819 2113 genitus).
1843 2079 1896 2107 Nec

1110 2124 1225 2158 denique
1251 2123 1368 2158 Spiritus
1398 2128 1520 2156 sanctus,
1552 2128 1598 2150 aut
1625 2124 1651 2150 iu
1675 2123 1783 2152 Patrem
1800 2132 1848 2152 aut
1869 2127 1894 2153 in

1110 2168 1209 2195 Filium
1226 2169 1360 2197 concessit
1380 2169 1441 2205 (nec
1453 2170 1524 2196 enim
1541 2170 1690 2203 ingenitus,
1702 2175 1729 2198 et
1742 2171 1852 2205 genitus
1865 2180 1895 2198 ex

1109 2223 1202 2242 eorum
1216 2223 1330 2242 numero
1350 2219 1424 2248 sunt,
1439 2223 1499 2249 quze
1512 2215 1600 2242 medio
1617 2220 1720 2247 carent,
1735 2222 1765 2242 ut
1780 2217 1895 2244 alterum

273 2264 350 2294 pater
361 2264 413 2291 est,
428 2260 479 2287 hoc
495 2265 546 2292 est,
560 2267 621 2287 vere
641 2260 731 2292 Pater,
746 2267 774 2287 ut
787 2261 832 2296 qui
843 2261 939 2288 Filium
960 2270 1059 2296 genue-
1077 2266 1097 2294 υ
1115 2262 1210 2287 horum
1229 2260 1340 2295 Spiritui
1363 2261 1518 2288 necessario
1533 2261 1707 2287 tribueudrrm
1726 2261 1784 2296 sit).
1799 2261 1896 2288 Verum

275 2307 328 2337 rit,
346 2309 372 2333 cl
386 2306 511 2341 principii
528 2314 645 2342 expers;
669 2314 756 2342 neque
772 2307 844 2334 errinr
861 2315 893 2334 ex
912 2316 1062 2343 quoquam,

274 2360 361 2386 neque
378 2360 392 2378 a
409 2353 509 2388 seipse,
530 2360 619 2388 neque
635 2353 669 2380 ab
683 2353 767 2380 altero
781 2358 869 2380 ortum
886 2354 978 2381 habet.
993 2354 1060 2380 Nam

273 2399 320 2432 qui
344 2406 406 2426 vere
428 2399 502 2426 solrrs
529 2404 606 2433 pater
631 2403 684 2432 est,
702 2407 734 2426 ex
752 2399 826 2427 nullo
848 2400 933 2427 altero
955 2405 1005 2427 est.
1024 2403 1062 2428 Ac

275 2452 371 2471 rursus
390 2444 485 2477 Filius,
501 2446 572 2471 titius
598 2450 648 2477 est,
665 2454 730 2477 non,
748 2452 777 2472 ut
806 2451 943 2478 creatura,
960 2455 1057 2474 nomen

274 2490 346 2516 istud
365 2495 542 2522 consecutus,
559 2491 635 2524 juxta
653 2491 719 2517 illrrd
737 2499 744 2517 :
764 2491 851 2517 Filius
873 2492 1059 2526 primogenitus

273 2543 346 2561 metu;
373 2535 501 2562 Israel".
529 2535 594 2562 Nam
613 2537 663 2563 hoe
687 2537 747 2563 loco
769 2537 853 2563 dictio
869 2535 927 2562 Frlii
953 2545 1004 2562 uou
1032 2543 1060 2562 ut

274 2589 399 2609 creatura
415 2583 571 2617 accipienda
587 2588 629 2610 est
648 2592 654 2609 :
678 2584 724 2610 sed
742 2583 849 2618 proprie
868 2582 964 2613 Filius.
980 2588 1060 2616 atque

274 2636 288 2655 a
304 2628 381 2655 l‘atre
396 2637 445 2655 suo
462 2629 570 2662 genitus
589 2638 595 2656 :
616 2630 662 2664 qui
682 2630 776 2660 etiam,
792 2633 924 2664 quantum
948 2629 980 2655 ad
995 2634 1060 2655 terr-—

274 2675 348 2710 poris
373 2675 547 2709 principium.
566 2675 700 2710 principio
719 2679 803 2702 caret.
819 2675 885 2701 Nam
903 2675 949 2709 qui
967 2675 1058 2700 omnia

275 2721 388 2752 crearit,
418 2721 513 2754 nlipre
551 2726 576 2747 et
605 2725 739 2755 tempora.
767 2720 932 2754 Temporum
969 2726 1057 2746 autem

274 2766 388 2793 (In-ator
404 2767 524 2800 profecto
545 2768 657 2801 tempori
672 2775 842 2802 nequaquam
857 2767 960 2793 subest.
973 2767 1060 2800 Atque

273 2813 354 2838 etiam
384 2813 548 2847 pritrcipinm
583 2813 675 2845 habet,
699 2818 834 2847 quatenus
857 2821 889 2840 cx
912 2812 990 2839 Patre
1005 2817 1056 2843 est,

530 2862 537 2865 ,
552 2856 565 2865 ς

311 2888 332 2904 ³¹
343 2889 363 2916 ll
379 2891 441 2917 Cor.
461 2899 520 2924 xm,
535 2893 576 2919 15.
616 2893 638 2908 ³⁵
652 2892 660 2918 Ι
673 2892 736 2920 (lor.
749 2900 797 2924 xu,
808 2892 864 2919 4-6.

905 2892 926 2919 ‘5’
947 2892 1025 2918 Itoni.
1043 2899 1079 2924 xt,
1102 2891 1146 2918 56,

1112 2307 1182 2334 inter
1208 2315 1239 2334 ca
1264 2307 1382 2333 medium
1405 2307 1508 2340 aliquid
1533 2306 1705 2340 inter-jcctum
1729 2313 1782 2339 est,
1802 2315 1897 2341 nempe

1112 2353 1260 2387 processio.
1293 2352 1418 2379 Procedit
1439 2353 1529 2386 itaque
1544 2351 1663 2386 Spiritus
1681 2359 1695 2378 a
1708 2351 1800 2379 Patre.
1819 2353 1895 2385 Quod

1111 2398 1133 2425 si
1149 2399 1279 2432 procedit,
1302 2398 1394 2432 utique
1418 2398 1452 2424 ab
1470 2398 1556 2432 ipsius
1582 2403 1678 2424 natura
1700 2403 1727 2424 et
1754 2398 1896 2425 divinitate

1110 2452 1163 2470 nun
1180 2450 1220 2470 est.
1236 2449 1389 2478 Separatus,
1404 2443 1450 2470 sed
1469 2448 1557 2475 etest,
1569 2447 1596 2470 et
1613 2449 1705 2470 manet
1718 2444 1803 2471 Deus.
1820 2443 1896 2471 Pater

1109 2496 1183 2524 pater
1208 2495 1259 2522 est,
1285 2495 1312 2517 et
1342 2489 1425 2516 Filius
1453 2490 1540 2521 ﬁlius,
1560 2495 1586 2516 et
1612 2489 1731 2523 Spiritus
1765 2490 1892 2524 spiritus.

1112 2535 1332 2570 Uniuscujusque
1346 2536 1418 2562 enim
1434 2535 1529 2562 harum
1543 2536 1623 2562 trium
1638 2543 1820 2569 personarum
1835 2545 1895 2570 pru-

1110 2583 1209 2617 prictas
1240 2583 1419 2609 trrruSuroreri
1451 2590 1503 2608 non
1534 2582 1624 2608 debet.
1642 2581 1708 2608 Nam
1730 2582 1752 2608 si
1770 2582 1832 2608 loco
1848 2590 1896 2609 suo

1111 2629 1223 2655 motaad
1237 2629 1317 2654 aliuur
1327 2628 1463 2660 transiret,
1478 2637 1529 2655 non
1541 2628 1597 2662 jam
1610 2628 1785 2662 proprietatis
1796 2636 1894 2654 nomen

1110 2679 1241 2701 tueretur.
1259 2674 1358 2707 lluplcx
1385 2679 1475 2700 autern
1502 2678 1552 2705 est,
1570 2673 1721 2708 proprietas
1745 2674 1833 2699 altera
1850 2680 1897 2698 na-

1111 2725 1187 2752 tura),
1204 2720 1285 2746 altera
1305 2728 1435 2753 persoure.
1450 2722 1487 2746 Ac
1500 2727 1602 2746 natura:
1619 2719 1728 2753 quidem
1741 2720 1896 2753 proprieta-

1110 2771 1162 2792 tem
1180 2767 1211 2793 ad
1232 2772 1284 2793 tres
1310 2774 1439 2800 personas
1462 2773 1520 2792 sese
1544 2770 1697 2792 moventem
1713 2770 1739 2792 et
1755 2765 1898 2792 effunden-

1112 2817 1163 2839 tr-rn
1181 2812 1300 2846 reperire
1324 2817 1375 2843 est,
1394 2812 1465 2838 velut
1491 2812 1659 2843 iucrcaturn,
1685 2811 1896 2845 sempiternum,

1185 2889 1298 2916 “Exod.
1316 2897 1352 2922 tv,
1371 2891 1415 2917 22.
1455 2890 1476 2905 ³⁷
1489 2890 1560 2917 Psal.
1580 2897 1662 2921 xxx",
1687 2889 1712 2916 6.
