2027 3162
271 228 340 266 1235

973 232 992 260 Α
999 230 1099 262 DDEN
1106 231 1163 263 [Μ.

1842 234 1851 262 i
1859 233 1911 264 2.ἳῦ

270 292 346 319 illius
363 293 534 320 divinitatem
553 295 695 327 procreata
713 295 739 318 ct
756 290 926 326 corruptioni
945 290 1063 317 obnoxia
1078 292 1102 319 Α
1116 297 1230 324 eatnque
1247 294 1348 316 SJI'lnlll
1368 290 1522 324 tectamque
1537 289 1698 322 habeamus,
1714 297 1746 318 ac
1764 297 1819 317 non
1835 299 1911 318 ltturi’

269 344 368 365 natura
396 338 608 373 haudquaquam
640 337 710 365 ferre
737 342 851 372 poterat.
870 337 987 369 Idcirco,
1005 344 1064 368 qua:

272 385 427 411 mistioncm
459 384 628 416 nesciebant,
656 384 818 414 miscentur.
837 384 910 411 velut
933 389 1064 410 creatura:

269 435 388 462 creator,
407 435 434 457 et
456 437 525 465 opus
542 430 640 457 artifici
663 430 742 464 (adeo
763 435 790 457 ιιι
807 438 878 457 unus
895 430 1022 464 idemque
1038 433 1064 455 et

269 481 376 503 creator
392 481 418 503 ct
432 483 558 503 creatura
572 497 579 508 ,
604 481 631 503 et
647 477 737 511 opifex
753 482 780 503 et
795 484 879 511 opus.
897 475 1022 509 exsistat)
1038 480 1064 501 (‘l

267 523 343 549 carni
361 527 439 549 mens
462 523 599 558 jungitur,
619 523 668 549 hoc
682 528 741 554 est,
766 523 867 550 homini
889 523 970 549 Deus.
989 522 1064 556 Quo—

269 569 342 595 niam
358 569 431 596 enim
444 569 570 596 diabolus
582 577 632 596 nos
643 569 710 596 falsa
723 569 874 596 divinitatis
884 568 1064 601 adipisci-uda:

267 622 334 649 suo,
351 620 481 649 tanquam
508 615 636 642 iliceebra
654 616 772 650 quadam
791 615 923 645 laetatos,
946 614 972 641 in
991 613 1064 640 frau-

266 662 328 688 dem
357 662 516 694 induxerat,
544 669 577 689 ac
601 662 698 688 mortis
716 662 798 689 hamo
815 661 1000 692 transﬁxerat.
1028 660 1063 687 ob

266 714 384 741 eantque
413 715 524 734 causam
553 707 637 735 nullis
659 708 715 742 jam
742 707 846 734 viribus
874 707 961 741 frangi
980 714 1009 734 se
1032 714 1063 734 ac

268 752 428 780 labefactari
448 760 530 787 posse
548 753 725 780 existimabat
742 762 749 780 :
765 753 867 781 ideirco
882 753 1010 780 Christus
1021 753 1063 780 tli-

268 799 360 826 vinam
387 801 536 833 potentiam
563 808 646 827 carne
659 820 665 832 ,
683 807 737 827 non
760 807 842 828 secus
854 805 936 836 atque
952 801 1062 827 hamum

269 852 345 876 esca,
364 845 490 873 obduxit.
508 847 597 881 Atque
630 848 681 874 hac
707 855 790 875 carne
810 847 927 875 Satanas
952 848 1063 876 illicitur

268 896 308 924 ut,
327 890 390 918 dum
419 891 498 926 quasi
528 893 555 919 in
586 893 721 920 Adamum
754 894 961 929 impressionem
986 894 1061 927 facit,

268 948 386 976 eumque
402 942 454 968 sibi
472 942 498 968 in
513 950 604 970 escam
626 950 769 970 cessurum
786 947 894 978 sperat,
922 943 948 970 in
962 943 1060 970 divini—

269 987 334 1013 tatis
351 987 463 1014 hamum
482 988 604 1021 incidat,
618 989 712 1023 sicque
726 989 841 1022 cladem,
856 989 955 1017 veteris
965 989 1062 1016 Adami

267 1034 346 1067 culpa
356 1039 628 1068 eontractam,uovus
637 1036 758 1064 Adamns
765 1036 881 1064 victoria
890 1045 939 1064 sua
950 1036 1062 1069 sarciat,

267 1080 458 1116 ctillapsosque
469 1087 494 1109 et
510 1083 634 1116 tacentes
646 1083 755 1114 excitet.
767 1089 860 1118 atque,
873 1088 903 1110 ut
918 1083 1064 1118 Apostolus

268 1127 390 1162 laquitur
411 1128 451 1161 δ’,
467 1129 593 1164 capitalis
624 1130 759 1157 sententia
780 1130 807 1157 in
831 1130 927 1158 Adumi
951 1138 1061 1158 carnem

268 1177 381 1207 peccato
404 1176 581 1203 constrictum
601 1177 778 1211 pronuntiata
791 1197 799 1209 ,
817 1185 864 1212 per
880 1177 980 1205 Christi
1003 1185 1060 1204 car-

270 1228 332 1247 nem
362 1221 434 1248 nulla
462 1223 565 1256 peccati
590 1223 650 1250 labe
673 1224 794 1251 vitiatam
816 1224 1006 1256 rescindatur,
1030 1232 1062 1251 ac

271 1273 347 1292 mors
370 1274 417 1300 per
431 1267 523 1295 carnis
544 1269 774 1296 resurrectionem
788 1270 988 1304 exstingualur.
1003 1270 1061 1303 Ipsa

269 1311 343 1338 enim
359 1312 500 1340 hominum
514 1315 605 1349 generi
622 1316 749 1344 rediviva!
769 1317 829 1343 vita:
845 1321 925 1351 atque
948 1317 1061 1342 immor-

269 1356 382 1384 talitatis
401 1359 567 1394 principium
583 1365 632 1388 cst.

303 1401 362 1430 Col.
381 1402 433 1430 550
445 1403 475 1431 Β.
489 1405 527 1432 Ac
541 1405 642 1434 Cltristt'
654 1407 760 1442 quidem
781 1408 917 1439 nativitas,
941 1411 992 1436 ctc.
1011 1407 1062 1435 Fa-

267 1451 341 1474 ctum
358 1454 400 1476 est
414 1457 429 1476 a
444 1449 564 1484 Christo,
590 1457 618 1479 ut
634 1453 712 1480 stella
729 1453 853 1488 corporis
874 1454 915 1480 sui
933 1454 1061 1480 nativita-

269 1499 320 1521 tem
332 1495 474 1524 indicaret.
487 1497 674 1526 Conveniebat
693 1499 764 1526 enim
781 1505 810 1526 ut
830 1499 947 1527 Verbum
962 1507 977 1527 e
992 1499 1062 1526 uelo

268 1539 436 1569 descendens
447 1543 551 1571 cmlesti
564 1552 633 1579 quoq
639 1553 671 1572 tte
683 1545 785 1572 indicio
797 1546 966 1579 proderetur.
977 1545 1062 1572 Porro

267 1584 366 1625 sideris
375 1594 472 1616 cursus
481 1594 572 1616 crcatu
578 1597 669 1616 rarum
679 1590 866 1617 adorationem
876 1590 1060 1625 signiﬁcabat.

267 1623 337 1665 Magi
353 1637 443 1659 autem
454 1634 575 1668 gentium
586 1635 618 1661 ad
631 1635 709 1662 fidem
719 1632 872 1668 accessum,
885 1635 1060 1662 idololatri-c—
1075 1640 1095 1667 (ζ

269 1683 323 1710 que
344 1678 560 1712 oppressionem.
585 1679 696 1707 Simeon
720 1688 785 1708 vero
809 1681 831 1708 is
850 1681 992 1708 commode
1005 1681 1059 1708 dici

267 1719 367 1753 possit,
385 1722 431 1756 qtti
454 1722 497 1756 pie
510 1731 542 1750 ac
561 1724 688 1760 religiose
704 1724 826 1752 divintttn
842 1731 868 1753 et
884 1726 918 1753 de
934 1725 987 1754 Deo
999 1733 1061 1761 per-

269 1769 430 1794 tractantem
442 1775 597 1797 sermonem
607 1772 808 1806 complectitur,
823 1772 953 1807 purisque
963 1773 1061 1800 anima:

268 1812 358 1840 oculis
375 1821 439 1841 eum
458 1817 592 1850 agnoscit.
609 1816 715 1846 Rursus
733 1825 781 1852 per
799 1819 906 1845 Annam
926 1818 1060 1846 conﬁten-

268 1858 335 1889 tem,
351 1858 403 1886 hoc
427 1865 479 1893 est,
497 1862 599 1895 gratias
623 1867 746 1897 agentem
761 1885 768 1896 ,
794 1864 886 1890 anima
912 1864 1062 1898 prudentius

268 1902 370 1931 virtute
385 1912 481 1938 senex,
498 1914 526 1933 et
540 1912 671 1942 quantutn
688 1909 721 1935 ad
736 1909 874 1943 dogmata.
889 1917 948 1944 qua:
964 1909 996 1937 de
1008 1910 1062 1937 Deo

268 1949 451 1979 instituuntur
462 1975 468 1986 ,
485 1955 595 1988 pudica,
621 1956 862 1991 temperantimque
881 1956 961 1984 laude
977 1957 1062 1989 clara,

269 1996 382 2032 intelligi
396 1999 491 2033 possit.
512 1998 573 2028 Jam
601 2009 677 2035 vero,
706 2007 735 2029 ut
759 2003 830 2037 apud
845 2001 978 2030 Joannem
991 2004 1060 2030 scri-

270 2047 345 2076 ptum
360 2048 402 2071 est
417 2053 424 2071 :
437 2044 470 2072 In
486 2048 594 2080 propria
610 2049 679 2074 venit
690 2048 711 2064 ⁸¹
731 2048 873 2081 Dominus,
894 2049 945 2076 hoc
957 2054 1008 2080 cst.
1035 2050 1061 2076 in

270 2089 343 2116 hunc
369 2091 515 2124 mundutn,
543 2093 588 2127 qui
617 2093 703 2128 ipsius
731 2099 859 2121 creatura
886 2100 939 2122 est.
968 2095 1063 2122 Alieno

269 2138 360 2160 autent
375 2142 452 2163 more
467 2137 551 2168 venit,
575 2143 668 2173 utpote
690 2139 717 2165 in
748 2140 836 2166 aliena
853 2145 961 2172 natura,
981 2141 1063 2167 nimi-

269 2186 330 2206 rum
347 2181 466 2208 humana
487 2190 494 2208 :
515 2188 541 2208 et
561 2184 733 2218 peregrinata
749 2184 834 2218 gloria
852 2183 951 2217 aﬂ‘ecit,
969 2185 993 2211 id
1010 2190 1062 2217 est,

271 2224 421 2258 hominem,
432 2226 551 2253 accolam
565 2231 657 2260 terrae,
667 2234 748 2262 atque
763 2236 777 2255 a
791 2229 920 2264 paradiso
934 2230 1063 2256 exsulan-

269 2274 335 2297 tetn.
353 2270 431 2298 Nunc
458 2276 549 2299 autem
576 2273 652 2300 aliud
675 2275 776 2302 Christi
800 2275 916 2308 facinus,
934 2275 1062 2311 aliudun

269 2314 381 2344 festum.
409 2317 498 2354 Atque
522 2327 572 2355 ego
595 2321 684 2348 laetum
712 2323 837 2349 nuntium
864 2322 989 2356 profero,
1009 2324 1059 2350 etsi

270 2370 324 2390 tton
353 2371 517 2398 prteeursor,
546 2371 575 2392 ut
595 2365 725 2398 Joannes,
750 2375 765 2394 τι
791 2369 939 2396 solitudine
971 2373 1061 2396 tamen

269 2409 393 2442 veniens,
420 2406 502 2445 atque
526 2420 541 2439 ιι
566 2411 679 2440 Pontica
699 2414 790 2448 quiete
812 2415 844 2441 ad
863 2415 1060 2449 ampl‘ssimam

271 2456 343 2484 hanc
360 2456 467 2484 urbem.
482 2457 609 2486 Christus
625 2459 794 2487 illuminatur
815 2470 821 2488 :
844 2461 925 2488 simul
941 2461 1060 2488 illustre-

270 2510 332 2528 mur
344 2523 350 2535 ,
366 2503 495 2530 nimirutn
512 2504 606 2531 divino
628 2506 748 2538 lavacro,
774 2506 814 2533 vel
829 2506 912 2533 etiam
934 2515 1062 2534 sermone

271 2549 389 2582 purgati,
405 2556 436 2576 ac
451 2557 498 2584 per
510 2558 572 2577 eum
589 2551 824 2586 splendescentcs.
842 2551 904 2578 Tria
923 2559 1004 2586 porro
1017 2554 1060 2580 hic

269 2595 449 2629 expendenda
465 2595 528 2622 sun't
540 2616 546 2627 ,
564 2596 681 2630 primum
696 2597 768 2631 quod
782 2597 920 2629 Christus,
936 2598 1061 2632 quamvis

270 2641 304 2668 ab
319 2641 393 2668 omni
408 2641 536 2668 vitiorum
551 2642 713 2677 contagione
729 2650 824 2677 purus,
842 2644 994 2678 baptizatur
1008 2654 1014 2672 :
1033 2649 1061 2672 ut

270 2696 302 2714 ea
333 2695 362 2714 re
379 2687 459 2715 nobis
484 2688 648 2716 documento
673 2690 726 2722 sit,
755 2690 981 2725 pra-perationem
1000 2696 1062 2718 ante

270 2734 436 2768 baptismum
461 2735 616 2762 necessario
637 2735 818 2762 adhibendam
834 2742 904 2767 esse.
921 2741 1002 2770 atque
1016 2737 1064 2763 lta-

271 2779 359 2806 bitum
374 2780 521 2815 quemdam
539 2781 648 2807 virtutis
662 2782 887 2816 comparandum,
907 2790 938 2809 ac
957 2788 1012 2809 tum
1029 2783 1062 2810 ad

273 2826 436 2860 baptismum
460 2826 642 2854 accedendum
660 2836 666 2853 :
684 2831 713 2853 ut
735 2835 783 2861 per
806 2828 914 2855 virtutis
939 2828 1062 2855 habitum

272 2872 379 2898 Veniam
395 2892 402 2904 ,
428 2880 510 2906 quam
537 2873 713 2908 accepimus,
739 2874 765 2900 iu
795 2879 853 2900 tuto
878 2875 1060 2909 collocemus,

310 2960 331 2975 εν
344 2960 352 2986 l
365 2959 428 2987 Cor.
444 2968 487 2994 xv,
501 2962 545 2988 57.
584 2963 603 2978 ³¹
621 2962 696 2990 ιῐςίιιι⁴
718 2971 740 2996 t,
760 2964 799 2991 il.

840 2965 872 2991 HA
891 2964 968 2992 f‘rov.
984 2973 1059 2998 nrt,
1078 2965 1118 2993 ll.

1116 344 1214 363 canum
1245 337 1278 363 ad
1309 337 1440 363 vomitum
1472 341 1594 364 ttostrum
1629 343 1812 370 revertamur,
1839 339 1913 372 quod

1117 382 1246 409 Salomon
1279 383 1358 410 nobis
1383 384 1533 410 cavendum
1563 384 1738 412 admonet".
1774 386 1913 418 Alterum,

1116 431 1188 462 quod
1207 438 1220 455 a
1239 428 1344 456 Joanne
1363 430 1486 464 tingitur,
1505 435 1534 457 ut
1550 431 1701 457 modestum
1720 436 1803 466 atque
1823 432 1914 459 hutni-

1116 474 1167 501 lem
1191 476 1313 502 animum
1342 483 1437 510 gerere
1464 477 1676 509 contliscamus,
1705 485 1754 504 nee
1778 479 1914 506 θᾶιτριδιις

1117 519 1277 552 magistrum
1296 520 1405 554 pielatis
1424 521 1577 549 dourinam
1595 523 1674 550 nobis
1687 524 1912 559 promulgant-un

1115 566 1268 600 insurgere,
1298 575 1349 595 nec
1363 568 1498 595 adversus
1514 569 1685 600 sacerdotes,
1701 578 1772 604 quos
1790 570 1837 597 Dei
1855 579 1913 606 [Ly-

1115 612 1262 639 stetiorum
1279 613 1482 648 dispensatores
1507 619 1586 642 vocat
1614 615 1714 642 Paulus
1728 616 1758 648 ",
1777 617 1913 644 audacius

1115 658 1331 693 insolentiusque
1350 659 1449 690 cil‘erri,
1462 660 1484 686 si
1497 661 1613 694 quadam
1626 661 1756 695 dignitate
1773 662 1914 695 ptmcella-

1114 711 1186 731 mus.
1198 703 1320 731 Tertium
1336 705 1544 740 denique,quod
1565 706 1704 733 tricesimo
1720 715 1794 734 anno
1815 708 1905 741 bapti-

1115 754 1192 777 zatus
1204 757 1256 783 est,
1269 759 1323 786 quo
1344 752 1427 779 etiam
1455 757 1577 787 tempore
1589 754 1719 780 miracula
1733 762 1782 781 sua
1795 762 1913 782 excisus

1114 801 1155 823 est
1167 806 1174 824 :
1187 801 1216 825 ιιι
1227 798 1366 825 discamus
1378 799 1514 832 juventuti
1532 807 1584 826 non
1594 799 1744 831 conﬁtere,
1757 808 1808 827 nec
1824 802 1912 834 quotl-

1117 843 1157 871 vis
1171 850 1280 878 tempus
1296 844 1472 872 instituenda:
1487 845 1576 879 plebi,
1593 853 1624 872 ac
1639 846 1763 881 regenda:
1782 845 1912 873 Etclcsia:

1115 887 1244 916 idoneum
1273 889 1455 921 existimare,
1481 897 1531 917 nec
1558 894 1621 918 ante
1646 891 1802 925 lanuginem
1832 899 1912 918 senes

1115 936 1222 967 docere,
1239 940 1287 963 aut
1301 936 1428 969 credere,
1445 937 1497 963 hoc
1516 941 1567 968 est,
1583 938 1734 971 praelidere,
1762 944 1795 964 ac
1814 942 1913 972 putare

1115 990 1166 1010 nos
1181 983 1249 1018 ipsis
1268 983 1399 1010 docendis
1423 991 1502 1017 pares
1526 991 1588 1010 esse
1613 991 1706 1017 posse.
1729 983 1801 1016 Quin
1821 984 1912 1018 potius

1114 1029 1205 1056 adulta
1219 1033 1247 1056 et
1263 1029 1352 1063 plena,
1366 1033 1420 1055 tam
1438 1036 1569 1063 eat-parca
1596 1037 1680 1063 quam
1697 1029 1815 1064 spiritali
1830 1022 1911 1056 aetate

1113 1077 1146 1104 ad
1173 1076 1326 1104 docendum
1354 1076 1529 1109 accedamus,
1548 1084 1597 1103 nec
1618 1076 1758 1104 Danielem
1786 1077 1912 1112 aliOSque

1113 1123 1278 1156 nonnullos,
1289 1123 1403 1157 juvenili
1418 1128 1496 1150 auare
1508 1123 1632 1157 judicum
1662 1130 1777 1150 munere
1792 1123 1913 1155 functus,

1113 1169 1139 1195 in
1164 1169 1282 1196 medium
1301 1168 1473 1203 proferamus
1499 1177 1506 1195 :
1533 1175 1594 1199 nec,
1621 1168 1694 1202 quod
1712 1167 1912 1195 Demosthenes

1113 1215 1160 1247 ait,
1176 1215 1285 1249 quidvis
1301 1215 1448 1247 faciamus,
1465 1222 1497 1241 ac
1512 1219 1587 1248 priet.
1598 1219 1661 1241 xtus
1677 1218 1704 1240 et
1719 1214 1913 1240 excusationes

1113 1262 1315 1297 conlingamus,
1331 1267 1360 1288 ut
1377 1261 1519 1296 injustitia:
1534 1261 1691 1295 opinionem
1711 1268 1725 1286 a
1741 1260 1823 1287 nobis
1838 1267 1890 1286 amt
1901 1273 1913 1278 -

1113 1306 1223 1333 liantur.
1245 1305 1336 1339 Neque
1355 1305 1428 1332 enim
1445 1304 1592 1339 quisquam
1610 1312 1730 1339 unquam
1745 1324 1753 1337 ,
1770 1304 1866 1338 inique
1887 1310 1912 1330 et

1114 1351 1216 1385 injuste
1240 1350 1344 1384 aliquid
1370 1350 1486 1383 faciens,
1512 1351 1617 1385 peccati
1634 1350 1837 1377 confessionem
1859 1350 1910 1376 sibi

1112 1396 1228 1430 exprimi
1250 1404 1348 1431 passus
1363 1400 1417 1423 est.
1435 1395 1475 1423 Ne
1499 1396 1556 1428 ipse
1572 1396 1682 1430 quidem
1707 1396 1821 1430 ignarus
1838 1404 1910 1424 Stlln.

1116 1440 1251 1467 Danielem
1267 1441 1377 1467 ineunte
1391 1445 1469 1467 :ctate
1482 1442 1514 1468 de
1531 1440 1706 1476 Babylonicis
1729 1441 1782 1467 illis
1797 1441 1912 1468 senibus

1111 1487 1245 1522 judicium
1263 1488 1368 1515 tulisse.
1386 1486 1486 1514 Verum
1503 1495 1574 1514 unus
1591 1487 1637 1514 ille
1650 1492 1702 1514 est.
1719 1487 1799 1520 Quod
1819 1493 1911 1513 autem

1114 1542 1207 1561 tarum
1223 1540 1278 1566 est,
1307 1535 1333 1562 id
1352 1534 1474 1562 Ecclesia
1497 1542 1546 1568 pro
1564 1534 1621 1568 lege
1649 1542 1702 1560 non
1728 1534 1821 1560 habet.
1843 1533 1910 1560 Νσιιι

1114 1587 1164 1607 nec
1183 1589 1234 1607 una
1247 1580 1364 1608 hirundo
1375 1589 1420 1607 ver
1435 1580 1509 1613 facit,
1525 1585 1553 1606 ut
1566 1580 1655 1614 inquit
1670 1579 1843 1610 Aristoteles,
1863 1588 1911 1606 nec

1113 1627 1136 1653 si
1158 1627 1220 1661 quis
1237 1627 1335 1653 lineam
1353 1635 1434 1654 uuam
1451 1627 1579 1659 duxerit,
1596 1630 1644 1652 aut
1660 1626 1745 1653 semel
1761 1627 1910 1661 navigarlt,

1114 1674 1183 1699 idem
1214 1675 1337 1708 protinus
1355 1679 1502 1706 geometra.
1529 1673 1568 1700 vel
1586 1677 1668 1699 nauta
1690 1672 1826 1699 dicendus
1845 1674 1909 1699 erit.

1148 1719 1206 1746 Col.
1230 1720 1279 1747 551
1303 1720 1333 1746 Β.
1367 1719 1499 1747 Cancrum
1526 1719 1645 1754 baptizat
1668 1718 1810 1750 Joannes;
1831 1719 1910 1745 Jcsns

1113 1766 1225 1797 arcedit,
1241 1766 1309 1802 ete.]
1337 1766 1477 1796 Christus,
1496 1766 1595 1800 inquit,
1613 1766 1645 1792 ad
1661 1765 1814 1800 Baptistatn
1833 1773 1911 1792 acce-

1113 1811 1163 1844 dit,
1181 1817 1210 1839 ut
1232 1812 1281 1846 ipsi
1300 1819 1409 1847 quoque
1426 1813 1600 1839 sanctitatem
1626 1812 1739 1844 aﬂ‘erat,
1755 1812 1911 1846 Atlantiquc

1114 1861 1273 1884 vetustatem
1286 1877 1293 1890 ,
1311 1859 1363 1884 ltoc
1376 1862 1433 1888 est.
1452 1862 1594 1892 peccatum
1611 1862 1760 1893 expurget,
1778 1858 1910 1892 priuSque

1113 1904 1195 1930 cliaut
1225 1903 1372 1931 Jordanem
1405 1904 1494 1938 ipsum
1525 1905 1674 1931 sanctitate
1714 1904 1833 1931 imbuat.
1861 1904 1911 1931 Per

1114 1949 1260 1978 J-rdauent
1286 1950 1359 1976 enim
1385 1957 1480 1977 onmes
1506 1957 1617 1984 quoque
1648 1958 1736 1985 aquas
1761 1950 1910 1978 sanctitate

1116 1997 1356 2031 attici'oportebat,
1371 1996 1482 2030 vimque
1498 1996 1531 2023 ad
1546 1997 1701 2031 purgandos
1729 2004 1762 2023 ac
1779 1998 1909 2030 spiritua-

1116 2044 1176 2071 llter
1192 2043 1341 2070 initiandos
1368 2043 1496 2070 homines
1514 2043 1648 2077 accipere.
1670 2042 1907 2075 Quemadmodum

1114 2090 1186 2116 enim
1212 2090 1347 2124 duplicem
1374 2093 1499 2116 naturam
1518 2089 1601 2116 habet
1631 2089 1759 2116 Christus
1784 2090 1908 2124 (spiritus

1115 2137 1227 2163 enimet
1241 2144 1306 2162 caro
1322 2140 1373 2167 est,
1390 2137 1441 2162 hoc
1457 2139 1509 2169 est,
1526 2135 1598 2163 Deus
1609 2141 1636 2162 et
1653 2136 1758 2169 homo),
1776 2136 1816 2162 sic
1827 2136 1906 2163 etiam

1116 2189 1162 2216 per
1177 2189 1274 2215 aquam
1289 2187 1315 2209 et
1333 2181 1464 2216 Spiritum
1480 2182 1607 2209 homines
1623 2182 1721 2209 lustrat
1736 2190 1744 2214 ;
1761 2181 1848 2213 illam,
1867 2183 1908 2208 itt-

1116 2235 1196 2262 quam
1212 2247 1218 2259 ,
1237 2229 1358 2255 sensibili
1376 2229 1456 2255 modo
1471 2232 1624 2262 acceptant,
1642 2228 1714 2255 htme
1728 2233 1823 2255 autem
1839 2229 1906 2254 invi-

1117 2273 1232 2299 sibiliter
1254 2273 1454 2300 advenientem.
1473 2273 1507 2300 At
1527 2281 1593 2301 vero
1617 2274 1738 2301 Joannes
1751 2274 1846 2301 Jesuni
1863 2283 1908 2300 ve-

1079 2314 1099 2339 Ι)
1116 2319 1234 2346 nientem
1251 2319 1396 2347 admittere
1411 2320 1561 2353 detrectat,
1582 2325 1664 2356 atque
1678 2321 1738 2348 ait:
1756 2320 1815 2356 Ego
1831 2321 1907 2348 debeo

1114 2374 1130 2392 α
1145 2370 1169 2392 ιε
1182 2366 1313 2400 baptizari
1325 2367 1359 2398 “,
1372 2371 1454 2402 atque
1466 2368 1533 2394 adeo
1546 2374 1596 2402 pro
1608 2373 1644 2395 te.
1659 2367 1726 2394 illud
1740 2368 1815 2394 enim
1829 2373 1906 2395 norat

1113 2410 1250 2444 Joannis.
1271 2413 1327 2440 fore
1353 2418 1383 2440 ut
1413 2421 1463 2447 pro
1495 2413 1606 2440 Christo
1630 2419 1710 2447 atque
1738 2413 1826 2447 ipsius
1850 2415 1905 2447 lege

1115 2458 1226 2494 martyri
1239 2460 1373 2493 sanguine
1385 2459 1555 2490 ablueretur,
1569 2467 1618 2486 nec
1632 2460 1747 2494 pedibus
1762 2460 1864 2489 solum,
1877 2464 1905 2485 ut

1114 2505 1210 2532 Petrus
1228 2505 1254 2532 in
1273 2506 1342 2539 pelvi
1355 2525 1362 2538 ,
1380 2511 1552 2540 purgarezttr,
1568 2506 1615 2532 sed
1631 2510 1657 2532 et
1673 2506 1764 2540 capite
1775 2526 1784 2537 ,
1804 2511 1831 2532 ct
1851 2510 1905 2532 toto

1115 2552 1234 2586 denique
1262 2558 1387 2586 corpore.
1411 2550 1573 2584 Prophetico
1589 2553 1652 2578 item
1677 2551 1776 2586 spiritu
1800 2551 1905 2578 afﬂatus

1117 2599 1173 2624 haec
1189 2597 1268 2624 verba
1285 2597 1452 2631 adjiciebat:
1471 2597 1502 2624 Et
1521 2602 1550 2623 tu
1571 2599 1640 2624 renis
1667 2598 1702 2623 ad
1725 2606 1765 2624 me
1777 2599 1810 2625 ⁸⁵.
1842 2599 1905 2630 Qum

1116 2644 1195 2670 Verba
1213 2652 1259 2678 per
1274 2644 1507 2675 enuntiationem,
1529 2652 1561 2670 ac
1575 2652 1628 2670 non
1648 2652 1696 2679 per
1713 2645 1906 2679 Interrogatio-

1116 2699 1176 2717 neut
1201 2691 1313 2726 lrgenda
1333 2696 1406 2718 sunt.
1424 2690 1491 2717 Nam
1508 2691 1573 2718 illud
1587 2699 1696 2726 quoque
1714 2692 1772 2718 fore
1791 2700 1846 2719 non
1861 2693 1907 2718 du~

1117 2737 1228 2768 bitabat,
1241 2738 1316 2772 quin,
1337 2743 1365 2765 ut
1382 2737 1562 2765 Prtecmsotis
1584 2743 1612 2765 et
1633 2738 1768 2772 praeconis
1792 2745 1908 2765 munero

1115 2784 1185 2817 apud
1199 2783 1308 2811 Judmos
1327 2783 1462 2815 functum,
1489 2785 1525 2810 ita
1548 2784 1581 2810 ad
1614 2791 1662 2811 eos
1686 2784 1768 2810 etiam
1798 2784 1846 2816 qui
1878 2785 1905 2810 in

1116 2828 1221 2856 inferno
1249 2835 1348 2861 erant,
1378 2830 1534 2857 funeturum
1563 2829 1690 2856 Christus
1716 2835 1904 2864 sequeretur:

1111 2874 1249 2908 Christus,
1261 2876 1382 2910 inquam,
1393 2876 1438 2912 qui
1451 2876 1646 2911 primogenitus
1659 2875 1749 2903 omnis
1770 2881 1907 2903 creatura:

1727 2966 1748 2981 ἰδ
1768 2965 1826 2985 liii

1159 2968 1178 2982 μ
1195 2967 1270 3000 1,(Ϊοΐ
1300 2975 1335 2993 l\'.
1352 2967 1374 2992 Ι.
1426 2965 1445 2981 ⁸⁸
1465 2965 1546 2993 .iL't'th
1577 2974 1624 2989 ην⁴
1646 2966 1675 2989 1t
