2027 3162
243 208 310 241 1Ξ3Ἷ

946 205 1133 236 λυθεκιιι.
1150 235 1154 240 ,

1806 209 1874 241 Ῑὲω

240 263 316 292 lianc
345 263 418 291 enim
447 262 532 298 legem
550 263 639 290 sanxit
657 272 662 288 :
682 261 709 289 Si
724 262 788 296 quis
814 265 954 288 mortuum
982 265 1028 287 aut
1043 261 1065 288 Δ
1079 265 1131 292 est,
1149 261 1220 295 quod
1239 261 1370 296 martyrio
1387 266 1414 288 et
1425 262 1567 297 sanguinis
1579 263 1713 291 ellusione
1727 271 1875 299 compara-

239 311 379 346 leprosum
394 309 553 343 contigerit,
580 313 624 335 aut
650 316 711 336 cum
732 308 845 336 ethnico
868 307 1028 338 comederit,

239 361 285 384 aut
315 357 396 383 ullam
426 355 507 382 aliam
542 354 649 382 sordem
676 354 868 385 contraxerit,
896 361 965 388 aqua
995 353 1029 380 ad

241 408 378 436 vesperam
403 399 621 435 reptirgetur".
648 400 738 434 Atque
757 404 820 427 ante
840 399 925 434 legem
946 399 1027 426 etiam

240 448 376 475 Israelitas
395 448 420 474 in
433 448 505 474 nube
519 452 546 474 et
561 447 628 474 mari
655 447 847 482 baptizavit",
877 454 1028 481 eorumque

238 494 312 521 sitim
334 500 403 528 aqua
420 502 452 520 ex
468 499 541 528 petra
555 494 721 521 scaturicnte
738 494 875 525 restinxit,
891 498 918 520 et
930 500 1026 520 manna

239 541 339 567 l’amem
361 540 510 568 sedavit”.
526 541 590 568 Erat
607 545 697 568 autem
714 545 788 575 petra
807 541 920 575 mystico
934 548 1025 572 sensu,

236 586 312 613 Velut
338 583 425 614 Paulo
451 594 562 622 quoque
584 587 672 622 placet
689 607 696 618 ,
716 587 862 619 Christus,
894 592 920 614 et
944 592 1027 622 petrae

236 640 317 666 aqua,
332 633 422 660 vitalis
451 632 532 660 Verbi
555 633 593 660 vis
620 638 647 660 et
672 633 786 660 facultas
803 632 846 666 (Si
869 634 926 667 quis
952 633 1024 659 cnim

235 678 291 704 sitit
306 698 313 710 ,
332 678 430 713 inquit,
448 679 534 705 ueut‘at
565 679 600 704 ad
625 687 664 706 me
689 683 712 706 et
727 679 797 705 bibat
813 679 857 713 τ’),
884 684 911 705 et
928 686 1025 705 manna

235 725 327 752 vivum
345 732 442 759 panem
459 725 652 752 adumbrabat.
666 724 699 752 At
716 732 780 751 vero
796 732 870 750 mare
885 728 911 750 et
928 723 1025 756 nubes,

235 771 263 798 in
281 779 400 806 praesens
417 771 525 806 quidem
548 772 655 798 animos
682 770 825 798 hominum
850 770 887 797 rei
905 770 1023 797 adrnira-

235 817 311 845 tione
332 819 474 852 perculsos
488 819 520 845 ad
540 818 621 846 ﬁdem
647 818 811 845 inducebant
830 827 837 846 :
857 818 883 845 in
904 817 1025 845 futurum

237 869 328 891 autem
341 864 500 892 aﬁ‘nlsuram
523 865 637 899 gratiam
655 872 701 899 per
724 865 837 899 ﬁguram
854 864 1023 892 indicabant.

238 909 305 944 Quis
316 911 434 946 sapiens,
449 918 473 938 et
493 911 621 946 intelliget
644 912 752 939 lucc"?
774 919 830 947 quo
846 916 924 946 pacto
950 919 1025 938 mare

236 955 402 990 baptismum
429 955 600 992 designabat,
627 955 754 984 Hebr-tros
780 957 935 984 videliccta
951 956 1024 984 Pha-

237 1009 321 1029 raone
346 1001 518 1038 disjungens,
536 1003 766 1037 quemadmodum
780 1007 807 1030 et
824 1003 874 1030 hoc
885 1003 1021 1031 lavacrum

237 1056 287 1076 nos
303 1057 317 1076 a
341 1049 445 1076 diaboli
460 1050 604 1084 tyrannide
620 1049 735 1077 dirimit.
764 1048 831 1078 illud
850 1050 962 1078 hostiles
977 1057 1024 1078 co—

238 1095 298 1129 pias
320 1096 399 1129 aquis
414 1095 528 1122 obrutas
557 1096 698 1124 interfecit
715 1106 721 1124 :
739 1096 765 1123 in
781 1097 916 1132 baptismo
933 1103 1025 1124 nostra

236 1141 370 1168 adversus
396 1140 479 1168 Deum
507 1141 650 1169 inimicitia
669 1143 796 1170 moritur.
824 1142 927 1169 llla‘sus
943 1147 1024 1177 atque

238 1185 386 1215 incolumis
400 1195 414 1214 ιι
431 1186 572 1215 Pharaone
587 1196 713 1224 egressus
727 1193 769 1215 est
785 1188 951 1215 lsraeliticus
977 1195 1024 1223 po-

238 1233 318 1267 putus
331 1241 338 1266 ;
352 1234 446 1260 eodem
462 1232 544 1261 modo
561 1242 612 1261 nos
630 1243 742 1269 quoque
762 1234 797 1261 ab
812 1241 882 1268 aqua
899 1234 1026 1261 ascendi-

236 1287 309 1310 mus,
329 1279 408 1314 quasi
437 1287 452 1306 ει
479 1285 566 1307 morte
584 1280 617 1306 ad
635 1280 716 1307 vitam
735 1281 852 1307 revocati
867 1301 874 1312 ,
900 1280 960 1315 ejus
978 1280 1024 1315 qui

235 1332 286 1351 nos
296 1325 415 1356 vocavit,
431 1325 518 1360 gratia
543 1327 660 1352 salutem
676 1327 827 1353 consecuti.
845 1326 904 1353 Jam
920 1327 1019 1359 nubes,

235 1370 360 1398 beneﬁcii
378 1371 462 1403 illius,
480 1373 551 1406 quod
567 1379 581 1398 a
599 1371 704 1406 Spiritu
721 1372 888 1407 accepimus,
909 1373 1022 1407 ligni-am

234 1417 345 1450 gerebat
361 1426 368 1444 :
387 1417 433 1452 qui
451 1418 559 1452 quidem
575 1417 696 1452 Spiritus
711 1419 793 1445 animi
811 1419 896 1445 nostri
913 1423 1022 1452 pertur~

235 1463 362 1491 hationes
380 1465 520 1499 opprimit,
542 1464 737 1500 ﬂammamque
764 1466 798 1493 ab
816 1466 850 1493 iis
874 1467 1021 1493 excitatam

235 1509 341 1545 mitigat
365 1514 393 1538 et
418 1510 572 1546 refrigerat.
602 1511 758 1539 Secundum
785 1512 920 1548 baptisma
947 1513 1020 1545 l'uit,

235 1556 368 1590 baptisma
383 1555 506 1590 Joannis,
522 1558 547 1584 in
563 1566 633 1592 aqua
657 1559 778 1592 quidem,
792 1564 818 1585 ct
831 1560 863 1586 ad
882 1559 1018 1593 poeniten-

1082 311 1136 338 tur,
1153 315 1209 342 quo
1225 308 1282 342 ipse
1299 315 1408 342 quoque
1429 309 1555 336 Christus
1585 311 1687 338 tinctus
1703 315 1761 346 est,
1788 317 1816 338 et
1839 312 1874 339 de

1080 359 1135 388 quo
1148 353 1255 381 dicebat
1270 363 1276 380 :
1288 353 1425 389 Baptismo
1437 355 1519 382 habeo
1534 356 1677 390 baptizari,
1690 363 1714 384 et
1729 365 1782 392 quo
1795 359 1873 385 modo

1079 404 1211 432 com-ctor,
1227 400 1309 426 donec
1323 401 1529 435 perficiatur"?
1542 402 1574 428 Et
1586 402 1618 429 ad
1636 402 1706 430 ﬁlios
1725 403 1851 430 Zebeda-i
1865 414 1872 430 ε

1079 443 1194 471 Potestis
1209 445 1295 472 bibere
1308 447 1428 480 calicem,
1442 455 1516 482 quem
1529 456 1575 482 ego
1594 448 1651 474 bibo
1664 457 1674 475 :
1688 455 1711 476 et
1727 450 1872 483 baptismo,

1078 500 1128 527 quo
1145 500 1192 527 ego
1211 492 1330 527 bnptizor
1343 513 1351 526 ,
1371 493 1556 528 baptizari"?
1576 494 1609 521 Et
1634 495 1745 528 quidem
1780 496 1873 530 bapti-

1079 547 1166 570 smus,
1181 540 1226 573 qui
1242 540 1269 566 in
1287 547 1356 574 aqua
1376 540 1414 571 ﬁt,
1429 541 1524 568 mortis
1543 541 1750 569 similitudinem
1769 542 1871 569 habet:

1078 591 1207 612 cmtcrum
1229 587 1350 613 nonnulli
1367 595 1398 614 ex
1418 587 1450 615 iis
1463 588 1510 622 qui
1537 588 1563 614 in
1585 588 1783 615 certaminibus
1810 590 1870 623 pie—

1079 631 1144 658 tatis
1160 639 1242 659 eansa
1262 633 1397 668 susceptis
1412 641 1461 668 pro
1478 634 1594 661 veritate
1615 639 1699 668 atque
1713 635 1872 661 imitatioiie

1077 678 1178 705 Christi
1197 679 1292 705 mortis
1309 679 1473 713 supplicium
1492 681 1678 714 pertulerunt.
1690 688 1867 715 nequaquam

1077 724 1110 750 ad
1128 725 1242 751 salutem
1268 724 1471 759 adipiscendam
1487 733 1565 760 aqua:
1578 726 1665 760 signis
1681 733 1749 760 opus
1767 726 1872 753 habue-

1079 774 1152 801 runt,
1172 774 1266 804 utpote
1292 770 1319 797 in
1342 771 1455 805 proprio
1478 764 1612 805 sanguine
1631 772 1772 805 baptizati.
1791 771 1871 800 Unde

1077 821 1102 842 et
1133 815 1257 850 martyrii
1285 815 1439 850 baptismus
1459 823 1492 843 eo
1516 817 1627 843 nomine
1651 817 1719 843 alias
1735 817 1871 852 dignitate

1077 862 1223 894 antecellit,
1250 863 1322 897 quod
1351 863 1398 897 qui
1425 863 1559 898 martyrio
1586 863 1740 898 baptizatus
1753 869 1807 897 est,
1826 872 1871 892 se-

1077 908 1186 942 quentis
1204 909 1266 935 vita:
1293 909 1389 936 sordes
1405 916 1456 935 non
1477 910 1644 936 extimescit.
1661 909 1794 942 Quintum
1822 910 1870 937 ha-

1078 954 1175 988 ptisma
1188 954 1296 989 longum
1322 959 1363 981 ρει
1390 960 1418 982 et
1437 963 1638 988 mremnosum,
1657 964 1754 992 nempe
1779 957 1871 992 lacry-

1078 1009 1194 1033 marum,
1211 1009 1265 1035 quo
1277 1000 1360 1028 David
1373 1009 1483 1036 quoque
1505 1002 1703 1035 baptizabatur.
1718 1002 1871 1037 arprninde

1079 1047 1208 1075 dicebat:
1228 1047 1333 1074 Lavubo
1348 1056 1394 1083 per
1418 1048 1539 1084 singulas
1553 1055 1639 1075 nocte:
1656 1048 1752 1075 lectum
1771 1053 1869 1080 meum,

1077 1094 1204 1130 lacrymis
1228 1096 1293 1121 meis
1327 1099 1440 1121 stratum
1472 1103 1558 1122 meum
1590 1095 1726 1130 rigabo”.
1754 1094 1787 1122 Et
1816 1096 1870 1122 alio

1077 1140 1138 1168 loco
1157 1150 1163 1167 :
1182 1139 1248 1167 Tota
1263 1141 1305 1167 die
1320 1141 1494 1168 contristatae
1515 1141 1726 1176 ingrediebar".
1750 1140 1783 1167 Et
1808 1148 1871 1167 rur-

1077 1196 1124 1215 sus
1143 1196 1150 1215 :
1170 1187 1254 1219 Quasi
1268 1188 1358 1222 lugens
1372 1194 1394 1214 et
1412 1188 1598 1220 contristatits,
1616 1189 1654 1214 sic
1666 1187 1867 1214 liumifinbar".

1079 1232 1165 1260 ltcm:
1195 1233 1228 1260 Ut
1255 1233 1318 1268 quid
1336 1233 1457 1268 repulisti
1475 1242 1524 1264 me,
1539 1238 1563 1261 et
1590 1242 1671 1269 quare
1694 1235 1869 1261 conti-istam:

1077 1278 1216 1306 incedo"?
1232 1278 1262 1305 Et
1284 1287 1402 1306 rursus:
1427 1279 1588 1306 Putruerunt
1608 1285 1634 1306 et
1655 1288 1789 1314 corrnp'w
1806 1286 1868 1307 8::ltl

1077 1326 1212 1352 cicatrices
1226 1326 1328 1352 more“.
1354 1325 1409 1352 Hoc
1426 1330 1516 1353 autem
1536 1326 1704 1360 ptenitentize
1726 1335 1790 1361 pars
1814 1330 1866 1358 cst,

1077 1379 1108 1397 ac
1124 1372 1319 1406 resipiscentia:
1339 1372 1447 1406 signu-n
1460 1393 1466 1401 .
1485 1380 1546 1399 cum
1564 1373 1626 1406 quis
1645 1372 1753 1399 ftetoris
1770 1380 1867 1407 pecca-

1077 1422 1165 1444 torum
1182 1425 1294 1444 suorum
1316 1426 1398 1445 sensu
1415 1417 1541 1445 aliieitur.
1562 1418 1628 1445 Nam
1655 1418 1690 1445 ita
1709 1419 1820 1446 demum
1837 1427 1867 1446 ea

1076 1463 1154 1497 digna
1179 1465 1366 1491 exsecratione
1394 1464 1581 1498 prosequitur.
1609 1464 1683 1492 Idem
1709 1465 1793 1491 etiam
1812 1465 1868 1491 lli-

1078 1508 1168 1536 nassis
1206 1511 1413 1537 conversionem
1444 1510 1589 1543 imitatur,
1619 1518 1701 1545 quam
1730 1511 1868 1537 secundus

1076 1555 1301 1589 Paralipomenon
1335 1556 1402 1583 liber
1428 1557 1566 1583 memoria:
1584 1557 1741 1591 prodidit".
1764 1556 1868 1584 Ninivi-

234 1601 312 1634 tiam,
335 1607 462 1629 caeterum
488 1611 542 1630 non
569 1604 595 1630 in
625 1604 738 1638 Spiritu.
757 1603 889 1637 Tel-rium,
919 1613 1016 1640 nempe
1031 1610 1052 1638 ο
1072 1609 1159 1631 rarum
1183 1601 1245 1627 item
1263 1601 1424 1629 humilitatis
1439 1602 1568 1628 :emalum
1593 1610 1622 1629 se
1639 1603 1760 1637 praebet,
1785 1611 1866 1637 quam

234 1646 337 1674 Christi
367 1647 529 1681 baptisma,
562 1648 713 1682 perlectum
742 1655 803 1682 est,
834 1652 964 1685 quoniam
995 1653 1023 1681 in

235 1692 348 1727 Spiritu.
367 1692 417 1719 llic
430 1693 560 1726 estenim,
578 1695 675 1728 inquit,
687 1696 731 1730 qui
745 1696 863 1730 bnptizat
877 1697 903 1724 ἰη
920 1696 1023 1733 Spiritu

235 1739 364 1766 sancto".
383 1739 414 1768 Et
428 1749 435 1767 :
452 1739 513 1775 Ipse
524 1740 670 1776 baptizubit
681 1750 723 1770 t‘as
734 1742 760 1769 in
771 1742 875 1776 Spiritu
885 1750 978 1772 sancto
989 1745 1022 1772 “.

235 1783 260 1812 ls
275 1784 359 1818 enim,
378 1786 424 1820 qui
439 1786 594 1820 baptizandi
607 1795 721 1815 munere
738 1787 814 1824 fungi
829 1789 914 1821 iubet,
931 1789 1019 1825 bapti-

235 1838 298 1858 zare
312 1831 424 1859 dicitur.
448 1832 581 1865 Quocirca
603 1831 716 1861 Joannis
741 1834 894 1869 baptismus
910 1836 1024 1869 puerilis

234 1876 379 1910 cujusdam
415 1878 596 1906 inslitmionis
629 1879 688 1906 vice
707 1879 903 1908 erat:Christi
933 1887 1024 1908 autent

236 1922 388 1958 baptismus
404 1923 600 1958 perfectionem
613 1924 754 1953 alferebat.
777 1923 822 1952 Ille
840 1926 1023 1961 ptenitcntim:

237 1969 281 1996 hic
294 1969 462 2004 adoptionis.
491 1970 537 1998 ille
563 1972 685 1998 secessio
708 1976 768 2000 erat
794 1979 808 1999 a
826 1978 959 2006 peccato:
982 1973 1026 2001 hic

236 2015 376 2050 adiunctio
405 2017 440 2044 ad
472 2016 568 2045 Deum.
599 2018 676 2050 Quod
704 2019 727 2046 si
763 2019 882 2053 Spiritus
902 2020 1026 2047 homines

237 2062 352 2095 perﬁcit,
378 2070 410 2090 ac
429 2063 571 2091 divinitate
601 2064 699 2097 allicit,
716 2065 783 2099 quid
808 2064 899 2092 allen-ri
923 2070 1024 2100 potest,

237 2107 303 2142 quin
320 2108 378 2143 ipse
393 2108 464 2136 Deus
477 2109 532 2135 sit?
545 2110 554 2145 ς
566 2110 630 2136 libet
641 2111 711 2137 en'm
727 2110 816 2137 obiter
830 2112 880 2138 hoc
896 2116 1027 2138 excutere

237 2158 265 2179 υι
280 2154 441 2188 disputare.)
461 2154 587 2188 Cumque
612 2160 640 2182 tu
667 2161 778 2190 propter
802 2155 935 2190 Spiritum
956 2155 1028 2183 Deus

238 2199 287 2231 sis,
304 2207 358 2234 quo
372 2200 480 2227 tandem
495 2200 576 2227 tnodo
592 2199 713 2235 Spiritus
729 2209 743 2227 a
758 2201 902 2229 divinitate
918 2202 1027 2229 alienus

238 2246 312 2273 crit?
326 2247 359 2273 At
382 2245 506 2281 profecto
525 2246 649 2274 divinum
677 2247 809 2282 Spiritum
828 2253 854 2275 et
870 2256 902 2276 ex
918 2248 981 2280 Deo,
1000 2253 1026 2275 et

1075 1646 1158 1675 Jonas
1194 1647 1324 1682 propheta
1356 1647 1486 1674 describit
1502 1647 1535 1674 ⁸³.
1563 1648 1652 1682 Atque
1684 1648 1766 1674 etiam
1803 1656 1865 1675 cum

1076 1695 1219 1729 publicano
1229 1694 1294 1721 dicit
1309 1693 1404 1727 :Deus,
1419 1695 1551 1729 propitius
1559 1699 1614 1720 esto
1624 1694 1867 1728 nti/iipeccatori“.

1076 1742 1113 1768 Ac
1133 1745 1262 1776 prmterea
1292 1741 1465 1768 contrahitur
1494 1746 1520 1768 et
1538 1741 1715 1775 deprimitur,
1745 1740 1798 1768 hoc
1815 1745 1866 1772 est,

1077 1788 1151 1815 humi
1169 1788 1334 1823 procumbit,
1364 1791 1447 1822 atque
1467 1787 1500 1815 ad
1529 1787 1612 1823 pedes
1638 1787 1807 1818 advolvitur,
1839 1791 1868 1814 ut

1076 1834 1241 1866 Chananrea,
1268 1834 1410 1869 tnicasque
1423 1854 1431 1866 ,
1457 1834 1483 1861 id
1499 1839 1551 1867 est,
1567 1834 1691 1867 exiguam
1708 1834 1868 1860 misuricor-

1077 1881 1159 1913 diam,
1175 1881 1271 1916 poscit.
1290 1880 1336 1908 Sic
1349 1881 1421 1908 enim
1442 1881 1550 1907 dicebat
1564 1880 1719 1908 Chananzea
1739 1888 1745 1906 :
1762 1879 1866 1910 Etiam,

1078 1927 1200 1959 Domine;
1220 1935 1280 1953 nam
1296 1931 1319 1953 et
1335 1925 1423 1952 catelli
1453 1926 1531 1952 edunt
1554 1926 1585 1952 de
1607 1925 1680 1952 micis
1695 1933 1754 1960 qua:
1768 1925 1866 1952 cndu-it

1077 1981 1110 2000 ea:
1127 1981 1218 2000 mensa
1234 1973 1401 2000 dominorum
1423 1972 1574 1999 suorum".
1591 1971 1646 1999 Nec
1665 1976 1756 1999 tamen
1774 1971 1867 1998 existi-

1079 2020 1207 2047 mandmn
1231 2023 1282 2051 est,
1299 2026 1358 2046 eam
1383 2018 1569 2046 Chananream
1596 2018 1671 2045 illam
1691 2017 1789 2049 luisse,
1808 2024 1868 2052 qum

1079 2065 1234 2092 inlirmitate
1251 2064 1404 2095 laborabat,
1420 2072 1450 2091 ac
1472 2069 1614 2099 propterea
1638 2063 1866 2091 contrahebatur.

1080 2111 1125 2137 Illa
1139 2111 1210 2138 enim
1226 2109 1337 2137 Judaica
1355 2116 1412 2137 erat
1431 2119 1454 2137 ιιι
1462 2110 1532 2137 nlicr
1548 2119 1555 2137 :
1571 2110 1628 2137 haec
1643 2114 1735 2137 autem
1747 2110 1866 2144 gentilis.
1885 2138 1887 2140 ,

1079 2156 1166 2188 Quam
1195 2157 1276 2183 etiam
1301 2156 1427 2183 contrahi
1460 2156 1605 2191 theologus
1624 2155 1701 2188 dicit,
1734 2156 1786 2183 hoc
1816 2160 1867 2186 est,

1079 2201 1218 2228 hmniliari
1243 2206 1324 2236 atque
1341 2201 1367 2228 in
1395 2206 1496 2228 terram
1514 2201 1652 2234 inclinari,
1667 2201 1868 2229 obsecrationis

1080 2255 1172 2278 causa,
1187 2255 1241 2274 non
1264 2247 1440 2275 inﬁrmitatis.

237 2291 323 2320 Deum
339 2299 400 2320 esse
422 2300 534 2321 necesse
545 2299 598 2327 est,
613 2294 659 2329 qni
680 2302 764 2322 causa
777 2300 830 2326 est,
854 2302 903 2322 cur
920 2295 970 2330 ipsi
987 2296 1024 2322 dii
1040 2276 1066 2308 Β
1114 2293 1173 2322 Col.
1189 2293 1242 2321 553
1258 2293 1288 2321 Β.
1306 2293 1365 2328 Ipse
1384 2294 1487 2329 quidem
1504 2294 1635 2321 hominem
1649 2302 1688 2320 me
1702 2302 1757 2321 esse
1772 2294 1866 2328 [τηεογ.

237 2347 346 2371 sumus,
375 2339 606 2374 quemadmodum
636 2341 675 2372 id,
704 2340 776 2375 quod
805 2341 938 2368 adurendi
971 2341 1025 2368 vim

236 2383 324 2416 allert,
343 2384 500 2412 adnstivum
519 2393 581 2413 esse
599 2389 706 2420 oportet
722 2394 729 2412 :
747 2391 774 2413 et
799 2386 872 2421 quod
894 2387 1027 2414 sanctita-

236 2430 271 2456 tis
285 2437 396 2457 causam
422 2430 511 2463 all'ert,
537 2437 661 2459 sanctum
679 2439 739 2459 esse
763 2439 875 2459 necesse
887 2437 939 2460 est.
959 2432 1026 2459 Illud

235 2476 379 2503 enimvero
394 2476 464 2504 scire
476 2484 567 2511 opera:
592 2478 709 2512 pretium
727 2482 779 2509 est,
805 2477 950 2505 Dominum
968 2478 1028 2504 vitae

236 2527 336 2550 nostra?
363 2523 562 2551 moderatorem
596 2525 723 2559 baptismi
754 2525 842 2552 foetus
881 2525 1023 2552 nobiscum

235 2569 391 2604 pepigisse,
420 2569 516 2596 mortis
544 2575 571 2597 et
590 2570 650 2596 vine
682 2571 797 2603 ﬁguram
827 2570 1022 2604 rmnplcctens.

235 2613 302 2641 Nam
318 2619 345 2642 et
362 2615 458 2642 mortis
475 2615 621 2650 imaginem
639 2616 768 2650 exprimit
783 2623 853 2650 aqua
869 2623 876 2642 :
895 2615 1024 2650 quoniam

235 2659 255 2686 ii
269 2659 316 2694 qui
343 2659 527 2694 baptizantur,
544 2660 570 2687 in
599 2667 698 2695 aquam
727 2661 938 2696 immerguntur,
954 2669 1024 2694 quo-

235 2706 353 2740 damquc
368 2705 448 2732 modo
465 2705 638 2740 sepeliuntur
657 2711 703 2733 :ct
719 2714 814 2734 rtnsus
835 2705 953 2741 Spiritus
967 2706 1027 2733 vita:

235 2752 418 2779 urrhabonem
433 2751 511 2778 nobis
523 2752 648 2788 porrigit.
660 2752 792 2784 Quartum
809 2752 944 2787 baptisma
960 2751 1025 2778 illud

271 2829 292 2846 ³⁸
308 2829 394 2858 Levit.
422 2838 448 2858 ιιι
462 2850 471 2862 ,
488 2829 531 2858 l2.
570 2831 592 2847 ⁶⁹
608 2831 617 2858 l
631 2831 694 2858 Cor.
714 2839 740 2863 ιι,
757 2830 784 2858 ‘3.

237 2863 321 2892 1.55.
359 2865 489 2892 “Matth.
508 2874 547 2897 ut,
572 2868 611 2894 ll.
667 2867 689 2882 ⁷⁵
708 2866 772 2892 an.
789 2876 836 2897 κιι,
854 2868 897 2895 iit).

235 2897 258 2914 "-'
275 2900 308 2926 Ps
320 2901 346 2927 .ι.
360 2908 452 2931 xxxiv,
471 2902 513 2926 Η.

238 2930 260 2949 ⁸·
277 2934 343 2962 Luc.
362 2941 438 2968 xvm,
459 2936 498 2963 l3.
538 2937 558 2952 ’ν
577 2936 672 2964 Matth.
691 2930 734 2970 xr,
747 2937 791 2964 Ἦ,

824 2832 845 2847 ⁷ο
864 2831 948 2859 Exod.
961 2840 1026 2861 xvn.
1042 2832 1052 2858 l
1075 2839 1152 2866 seqq.

966 2868 988 2883 7°
1004 2867 1099 2894 Matth.
1116 2875 1161 2895 xx.
1179 2866 1223 2893 ‘22.

550 2903 572 2917 ”
589 2901 659 2928 [’sai.
678 2909 732 2932 xu,
754 2902 794 2928 ιιι.
812 2904 830 2917 ί¹
850 2903 918 2930 l‘sal.
938 2911 1039 2934 xxxv",
1058 2903 1084 2928 ti.

1076 2345 1129 2368 etc.
1148 2340 1215 2367 Cum
1228 2340 1355 2367 saeviente
1372 2340 1561 2375 persecutione
1574 2339 1686 2374 quidam
1703 2339 1867 2370 Christiani,

1078 2391 1277 2414 tormentorum
1295 2385 1482 2421 magnitudine
1497 2385 1573 2416 vieli,
1587 2385 1619 2411 ad
1637 2384 1699 2412 ﬁdei
1714 2385 1867 2419 abjuratio-

1077 2441 1138 2460 nem
1154 2433 1271 2467 prolapsi
1288 2437 1393 2462 essent.
1409 2439 1441 2458 ac
1456 2432 1564 2463 deinde,
1591 2432 1684 2458 sedata
1700 2432 1868 2465 persecutio-

1078 2480 1119 2506 nis
1144 2483 1313 2514 tempestate,
1330 2476 1466 2512 supplices
1494 2485 1555 2503 eum
1579 2476 1710 2512 Iacrymis
1738 2477 1867 2504 Ecclesia

1077 2524 1214 2551 antistites
1228 2528 1368 2558 rogarent,
1386 2528 1415 2550 ut
1433 2523 1485 2550 sibi
1500 2524 1667 2557 pcenitentia:
1693 2527 1802 2558 lctnpus
1820 2522 1868 2549 da-

1077 2573 1147 2600 rent,
1163 2566 1294 2599 Novatus,
1311 2566 1440 2594 Ecch‘sia:
1464 2566 1593 2593 Romam:
1609 2567 1750 2602 presbyter
1762 2587 1769 2598 ,
1792 2566 1863 2593 fastu

1077 2615 1214 2648 animique
1231 2613 1375 2640 insolentia
1399 2613 1496 2644 elatus,
1524 2613 1639 2640 miseros
1660 2612 1864 2640 submovebat:

1077 2661 1201 2694 quamvis
1224 2660 1304 2686 etiam
1323 2659 1379 2694 ipse
1397 2659 1552 2693 periculoso
1570 2664 1692 2693 tempore
1717 2658 1863 2685 sacerdotii

1076 2705 1236 2739 dignitatem
1254 2705 1418 2739 a‘ujurassct.
1445 2705 1479 2731 At
1503 2705 1649 2739 cpiscopus
1674 2712 1722 2731 eos
1740 2704 1862 2738 quidem,

1077 2751 1122 2786 qui
1139 2751 1171 2777 ad
1193 2749 1300 2785 pictatis
1323 2749 1486 2777 Christiana:
1503 2748 1702 2784 ahjurationem
1727 2748 1864 2782 provoluti

1191 2832 1212 2846 ¹¹¹
1228 2830 1307 2858 Joan.
1329 2839 1376 2862 vn,
1393 2830 1438 2857 57.
1477 2830 1498 2845 "
1514 2830 1584 2857 Psal.
1602 2837 1656 2860 cvt.
1680 2829 1726 2856 45.
1749 2829 1772 2844 ⁷³
1786 2827 1864 2855 Joan.

1277 2867 1299 2882 ⁷⁷
1329 2866 1399 2892 i‘sal.
1417 2874 1453 2897 γι,
1470 2865 1495 2892 7.
1559 2866 1580 2881 ⁷⁸
1607 2865 1677 2891 Psal.
1715 2871 1821 2891 SXXVII.
1837 2863 1864 2889 7.

1123 2903 1144 2917 ⁸¹
1159 2901 1178 2928 ιι
1196 2901 1281 2929 [‘aral.
1302 2901 1421 2934 xxxxn,l
1441 2909 1517 2936 seqq.
1556 2901 1580 2916 “
1595 2899 1680 2932 Jour,
1693 2907 1734 2931 tn,
1755 2898 1762 2925 l
1785 2906 1863 2933 seqq.
