2027 3162
130 228 192 261 1'le

579 226 738 259 manus
761 229 799 259 IN
821 229 930 259 onar.
953 217 1077 260 x‘xmx
1097 230 1126 261 s.
1149 229 1266 262 GREG.

1674 234 1742 266 122?

128 291 212 317 erant,
242 285 369 320 congruis
388 285 527 313 laboribus
547 289 573 313 ct
601 286 713 313 salutari
745 285 903 320 pmnitentia
923 288 942 314 Α
959 293 1012 311 non
1033 285 1176 317 dubitavit,
1194 286 1290 313 dicens
1308 295 1314 312 :
1335 286 1397 314 l’olo
1409 287 1628 317 adolescantiores
1649 291 1742 318 viduas

128 337 199 360 certo
224 338 345 367 tempore
366 333 495 367 imperata
510 351 518 364 ,
550 333 721 368 recuperavit
739 341 745 359 :
771 333 905 360 Nov‘attttn

129 385 215 406 autem
229 379 263 405 ab
289 378 417 405 Ecclesia:
430 385 501 406 cwtu
518 378 688 413 proscripsit.
712 378 758 405 lllc
783 386 847 405 vero
863 379 905 404 iu-

127 424 274 451 scientibus
297 425 424 451 omnibus
454 424 481 451 in
509 424 596 451 locum
614 424 758 459 quemdatn
783 424 904 451 abditum

127 474 205 502 atque
224 468 381 496 abstrusum
407 473 462 496 tres
487 470 632 503 episcopos
659 474 739 496 actate
763 475 906 503 provectos

126 515 219 546 allieit,
248 522 350 549 eosque
368 515 511 542 verborum
545 516 683 542 blanditiis
708 517 848 543 inescatos
874 523 906 543 eo

126 561 216 593 adigit,
233 565 262 586 ιιι
281 569 377 588 manus
394 561 443 588 sibi
462 563 612 596 imponant.
636 563 673 589 ita
695 563 728 589 ab
753 563 786 590 iis
801 563 907 597 episco-

128 613 175 638 pus
190 606 347 641 designatus
372 612 423 634 est.
443 608 500 640 Qua
528 608 658 641 dignitate
688 617 769 642 supra
797 609 906 635 modum

126 651 220 682 elatus,
230 657 361 686 quotquot
375 660 389 679 e
401 653 490 680 stultis
502 660 533 680 ac
543 654 650 680 vesanis
666 653 820 680 hominibus
833 654 865 680 ad
879 661 908 680 se

128 697 252 730 pellicere
267 699 364 732 potuit,
376 699 519 731 Catharos,
539 700 564 726 id
583 704 634 731 cst,
650 708 734 734 puros
746 700 907 727 nominavit.

125 741 175 773 Qui
193 747 283 768 atttcm
301 744 423 770 eamdem
442 744 598 778 Opinionem
625 746 758 780 complexi
776 750 850 776 sunt,
867 753 909 773 se-

126 788 228 815 cundas
247 796 356 824 quoque
373 791 483 825 nuptias
496 791 704 825 problbuerunt.
723 792 763 818 Ad
779 791 908 818 Novatia-

125 843 173 862 nos
193 835 276 869 igitur
287 844 439 864 sermonem
458 843 620 866 convertens
644 839 818 874 Theologns,
848 840 907 867 ait:

126 879 180 914 Ego
193 881 303 913 quidem
326 883 490 916 patuitcntize
503 889 529 911 et
543 885 723 919 lacrymaruut
741 885 907 920 baptismum

124 926 282 960 amplector,
305 933 385 963 atque
401 929 460 962 ejus
475 930 634 958 donatorem
651 931 734 958 Deum
757 932 852 963 alioro,
875 940 907 960 ac

123 971 211 998 sciens
234 981 276 1000 tne
290 981 398 1009 qttoque
414 975 573 1003 infirmitate
598 977 718 1012 utnliqtte
746 979 864 1006 cinctum
880 984 906 1006 et

124 1017 281 1046 obvolutum
298 1028 367 1051 esse,
387 1021 573 1049 misericordia
589 1024 671 1050 etiam
685 1031 747 1059 erga
767 1025 837 1053 alios
849 1026 905 1052 alli-

124 1065 190 1096 cior,
207 1071 235 1093 ιιι
253 1067 466 1095 misericordiam
488 1069 544 1103 ipse
557 1077 719 1104 consequar.
737 1070 797 1103 Qua
823 1072 906 1104 enim,

124 1109 221 1144 intuit,
240 1121 361 1140 mensum
381 1116 463 1141 mensi
492 1116 606 1149 fueritis,
625 1118 776 1143 remetietur
799 1117 906 1145 vobis“.

124 1152 162 1181 Tu
179 1161 268 1184 autem
298 1159 361 1192 qttid
384 1160 443 1191 ais,
463 1161 508 1194 qtti
534 1161 616 1188 etiam
644 1163 670 1188 in
691 1163 796 1190 somnis
810 1164 908 1191 obver-

124 1207 228 1229 santem
247 1204 337 1231 animo
353 1205 473 1234 libidinis
484 1208 602 1242 speciem
618 1207 818 1236 Pharisarorum
832 1218 908 1238 more

123 1249 244 1280 graviter
268 1250 422 1285 inseetaris,
439 1254 485 1288 qui
501 1254 583 1282 etiam
597 1254 739 1287 Pharismi,
756 1263 787 1283 ac
810 1265 907 1284 ttotncn

122 1293 212 1321 solum
229 1295 337 1324 Cathari
365 1298 456 1332 habes,
477 1309 529 1327 non
549 1306 638 1328 autem
669 1310 724 1330 rem
758 1303 855 1337 ipsam,
870 1309 908 1336 ct,

123 1346 184 1365 cum
207 1341 299 1369 eadem
320 1351 426 1371 tncetttn
456 1346 616 1374 infirmitate
645 1348 832 1377 circumdatus
857 1352 906 1381 sis.

123 1384 282 1415 ltttumescis
297 1395 405 1422 tamen,
420 1392 492 1419 velut
514 1401 628 1427 magnus
655 1395 791 1429 quispiam
814 1397 855 1423 vir
882 1403 909 1424 ct

123 1432 269 1460 excelsus?
284 1434 450 1464 Pmnitentes
473 1446 526 1465 non
544 1440 642 1474 recipis
659 1449 720 1472 ,ncc
740 1448 851 1476 propter
859 1451 907 1470 eos

123 1476 256 1513 lacrymas
269 1480 423 1515 profundis,
444 1488 473 1510 ut
487 1484 571 1511 vicem
590 1493 683 1512 eorum
694 1488 788 1514 dolens
804 1489 814 1515 ?
831 1489 908 1516 Absit

123 1529 152 1549 ut
165 1526 289 1554 eamdem
316 1527 342 1554 in
366 1528 514 1563 judicando
545 1531 678 1559 rationem
712 1539 801 1560 teneat
819 1535 905 1562 Deus!

122 1568 224 1598 Christi
250 1573 437 1602 misericordia
457 1580 483 1602 et
515 1576 673 1610 ignoscendi
702 1578 830 1606 facilitate
853 1589 906 1607 ttott

957 330 1095 363 nubere",
1128 331 1238 364 Paulus,
1268 331 1390 367 inquam,
1419 333 1474 366 ille,
1499 335 1545 369 qui
1571 335 1604 361 ad
1633 337 1742 364 tertium

957 376 1055 403 caelum
1081 382 1161 411 atque
1190 378 1216 404 in
1236 379 1391 412 paradisum
1417 385 1508 414 raptus
1533 385 1574 408 est
1591 381 1624 412 ",
1653 383 1699 416 qui
1728 390 1742 410 a

957 420 1106 449 Jrrtts.~.lt-m
1123 428 1147 449 et
1160 430 1208 457 per
1219 431 1314 458 gyrum
1332 432 1417 459 usque
1430 425 1464 452 ad
1490 425 1624 460 lllyrieum
1641 427 1742 454 Christi

960 467 1131 502 Evangelium
1161 469 1322 504 implevit".
1349 470 1387 497 Ita
1409 475 1446 502 tu,
1475 476 1505 498 ut
1534 472 1650 504 vitetur,
1667 472 1742 500 Pauli

958 518 1067 546 quoque
1079 514 1208 547 magister
1216 522 1256 546 es,
1266 515 1343 549 quasi
1354 516 1385 542 ad
1399 521 1525 550 quartum
1535 516 1632 543 malum
1646 524 1741 551 pervo-

959 557 1034 589 laris,
1053 562 1135 592 atque
1164 558 1189 585 in
1205 560 1360 593 paradisum
1377 561 1460 588 alium
1482 567 1579 595 rapttts
1597 561 1691 594 fueris,
1709 564 1742 589 ad

958 611 1038 637 quem
1050 605 1095 631 ille
1112 609 1204 638 raptus
1220 613 1272 632 non
1290 606 1381 638 fuerit,
1401 607 1590 642 maioremque
1607 608 1742 634 circulum

959 650 1119 677 Christiana:
1133 651 1262 678 doctrina-
1270 652 1461 686 pranlieatione
1475 654 1633 686 complexus
1647 653 1741 680 fueris.

961 695 1060 723 Verum
1081 697 1166 730 dices,
1194 696 1370 725 Novatiane:
1403 697 1478 724 lianc
1507 699 1691 732 paenitentiam
1717 703 1741 724 (Ἰ

960 744 1065 770 veniam
1088 748 1150 778 post
1174 743 1338 778 baptismum
1361 744 1418 778 jam
1446 744 1536 771 locum
1563 753 1616 772 non
1634 745 1742 776 habere,

960 789 1188 818 autCorintbium
1218 792 1304 824 illum,
1322 792 1367 827 qui
1386 793 1471 826 stupri
1501 793 1607 827 piaculo
1623 793 1743 827 seipsum

960 837 1172 870 constrinxerat,
1196 846 1211 865 a
1227 837 1311 882 1:.Iltio
1335 845 1398 866 ante
1419 839 1583 874 baptismum
1606 845 1743 872 receptum

959 890 1030 916 esse,
1047 891 1100 910 non
1118 885 1180 912 item
1195 890 1255 919 post
1270 886 1446 920 baptismum.
1460 885 1531 918 Quin
1545 890 1572 912 tu
1603 893 1667 919 ergo
1693 886 1744 912 hoc

960 930 1070 964 probas,
1086 935 1143 963 aut,
1160 932 1183 959 si
1205 931 1228 958 id
1244 939 1297 958 non
1313 936 1400 966 potes,
1426 932 1608 959 condemnare
1624 939 1655 958 ac
1682 932 1744 964 reji-

959 983 1020 1002 t'ere
1045 976 1148 1004 desinis
1160 985 1207 1004 eos
1222 979 1266 1012 qui
1283 983 1342 1012 post
1365 977 1529 1012 baptismum
1556 978 1583 1005 iu
1602 981 1742 1011 peccatum

931 1041 937 1045 .
960 1022 1110 1049 labuntur?
1128 1022 1205 1055 Quod
1224 1024 1245 1051 si
1263 1024 1375 1051 dubium
1392 1029 1432 1051 cst
1461 1031 1515 1058 qtto
1532 1029 1653 1056 tempore
1668 1031 1744 1049 rece-

960 1068 1038 1102 perit,
1060 1068 1110 1102 lt'gi
1132 1068 1260 1096 Romana-
1276 1070 1444 1103 obtempera,
1460 1069 1560 1096 dicenti
1580 1079 1586 1096 :
1605 1069 1634 1095 In
1654 1068 1745 1094 dubiis

960 1114 1050 1141 vincat
1066 1115 1218 1142 clementia.
1236 1116 1312 1148 Quod
1330 1116 1351 1143 si
1369 1115 1489 1142 Novatus
1515 1123 1562 1142 eos
1595 1116 1641 1149 qtti
1666 1121 1743 1148 gras-

960 1166 1036 1188 sante
1061 1162 1251 1196 persecutione
1269 1162 1336 1196 lapsi
1356 1162 1474 1193 fuerant,
1505 1169 1558 1188 non
1588 1161 1701 1195 recepit,
1718 1164 1746 1187 ct

959 1209 1069 1242 quidem
1086 1209 1193 1243 dignam
1219 1210 1407 1244 paenitentiam
1430 1209 1574 1236 afferentes
1602 1217 1608 1235 :
1639 1211 1667 1234 at
1692 1215 1743 1242 ego

960 1255 1032 1282 illitts
1061 1255 1213 1289 exemplum
1229 1255 1340 1282 minimc
1358 1263 1467 1289 sequar.
1487 1254 1584 1281 Parem
1597 1253 1668 1280 cnim
1686 1259 1744 1278 mta

960 1301 1067 1336 quidem
1082 1302 1214 1329 sententia
1233 1301 1472 1336 reprehensionem
1500 1307 1665 1335 pmnamquc
1687 1306 1745 1325 tne-

960 1353 1064 1379 rcutttr,
1087 1348 1132 1382 qui
1159 1348 1198 1374 vel
1230 1352 1375 1382 peccantes
1402 1347 1474 1373 nulla
1503 1354 1583 1381 poena
1612 1345 1744 1375 alliciunt,

961 1395 1079 1430 ipsisque
1109 1403 1203 1422 omnes
1230 1395 1350 1421 habenas
1378 1394 1528 1425 remittunt,
1559 1392 1600 1419 vel
1630 1398 1678 1418 eos
1707 1390 1745 1416 ita

960 1442 1155 1473 eondcmnant,
1186 1445 1215 1467 ut
1244 1448 1319 1475 spem
1337 1440 1390 1466 illis
1427 1438 1628 1473 consequenda:
1659 1436 1747 1463 venite

960 1489 1060 1514 nullam
1085 1488 1248 1521 relinquant.
1270 1486 1325 1514 Nec
1350 1494 1414 1513 vero
1431 1486 1501 1520 apud
1534 1492 1576 1511 tne
1605 1484 1656 1509 vim
1680 1482 1747 1517 legis

960 1535 1085 1561 habitura
1100 1540 1142 1561 est
1166 1533 1261 1560 Novati
1291 1533 1448 1563 crudelitas,
1476 1532 1522 1566 qtti
1554 1536 1677 1564 stuprum
1710 1529 1744 1555 ila

960 1581 1058 1607 acetbe
1089 1579 1292 1609 condemnavit,
1317 1583 1398 1613 atque
1425 1577 1588 1611 inexpiabile
1605 1582 1745 1610 peccatum

122 1617 259 1650 moveris,
291 1619 337 1653 qui
380 1621 530 1649 secundum
574 1622 673 1650 Isaiam
683 1624 706 1640 ⁸⁷
733 1624 907 1654 infirmitates
921 1625 941 1653 (ἶ.
959 1634 1019 1653 esse
1033 1625 1229 1660 pronuntiavit.
1248 1626 1325 1659 quasi
1343 1625 1401 1659 ipse
1422 1629 1498 1652 extra
1510 1631 1618 1651 carnem
1633 1630 1747 1656 corpus-

123 1667 230 1691 nostras
247 1669 273 1691 et
291 1667 410 1698 morbos,
432 1667 484 1695 hoc
499 1672 553 1700 est,
567 1675 675 1703 peccata
693 1669 816 1699 humeris
839 1672 904 1699 sub-

123 1707 174 1736 lata
211 1712 329 1745 portavit
357 1712 596 1748 (quemadmodum
622 1715 728 1750 typicus
745 1723 842 1750 agnus.
861 1718 908 1752 qui

122 1761 171 1787 pro
188 1758 280 1791 populi
296 1759 415 1792 peccatis
428 1760 621 1795 mactabatur),
634 1766 661 1789 et
673 1769 721 1796 pro
731 1763 808 1790 nobis
819 1771 908 1791 ctesus

121 1806 172 1832 cst,
190 1809 222 1830 ac
244 1811 293 1837 pro
314 1804 404 1838 nobis,
419 1806 552 1840 supplicio
563 1807 702 1839 obnoxiis.
719 1816 814 1842 poenas
836 1810 906 1842 luit;

122 1849 166 1883 qui
179 1853 215 1878 ait
230 1860 238 1879 :
256 1850 315 1878 Non
332 1851 389 1878 veni
407 1859 500 1879 uocare
508 1853 606 1886 justas,
629 1854 674 1880 sed
698 1861 849 1888 peceatores
874 1855 908 1881 ad

122 1896 353 1930 pwnt‘tentiam";
372 1905 403 1924 ac
418 1905 466 1932 per
475 1897 572 1926 Oscam
593 1909 598 1926 :
615 1899 825 1926 Misericordiam
839 1901 908 1932 υοιο,

122 1949 144 1970 ct
158 1954 209 1972 non
219 1946 425 1980 sacriﬁcium”;
442 1952 469 1974 et
483 1947 632 1974 sciscitanti
648 1948 738 1980 Petro,
756 1956 789 1974 an
809 1948 909 1983 septies

123 1991 248 2022 peccanti
264 1990 341 2017 fratri
366 1992 465 2018 noxam
483 1992 645 2024 remitteret,
667 1993 808 2026 reSpoudit
823 2002 830 2020 :
847 1992 909 2019 Non

123 2035 180 2062 dico
193 2038 241 2064 tibi
257 2037 360 2071 septies,
377 2037 422 2064 sed
440 2039 588 2072 septungias
601 2038 635 2069 θ’,
661 2039 712 2066 hoc
732 2044 783 2071 est,
800 2040 910 2073 quoties

122 2081 155 2107 ad
174 2083 312 2110 meliorem
329 2089 446 2110 mentem
464 2084 594 2111 re-lierit?
608 2084 644 2111 Ne
658 2085 784 2112 Davidem
800 2086 908 2119 quidem

123 2128 237 2163 recipis,
252 2129 287 2156 ob
300 2129 412 2156 admissi
425 2129 551 2157 adulterii
567 2131 668 2162 SCl'iUS.
682 2136 710 2159 et
726 2140 819 2159 necem
838 2131 910 2160 Urite

124 2173 238 2207 illatam,
249 2175 332 2202 animi
340 2176 433 2203 dolore
442 2176 614 2206 nll‘ectutn,ac
624 2186 683 2205 sese
694 2179 908 2211 excruciantem,

122 2222 169 2255 qui
182 2230 232 2249 nec
243 2223 391 2257 prophetiae
401 2224 502 2250 donum
521 2229 629 2258 propter
641 2224 828 2259 pteniteutiam
842 2225 910 2251 ami-

960 1679 1013 1706 qtte
1032 1671 1137 1706 positus
1155 1676 1227 1698 esset
1256 1679 1263 1698 :
1287 1671 1430 1697 avaritiam
1460 1674 1549 1696 autem
1575 1675 1747 1704 nequaquam

960 1718 1099 1752 repressit,
1110 1726 1190 1752 quam
1204 1722 1294 1744 tamen
1312 1717 1494 1743 idololatrian)
1506 1715 1606 1742 Paulus
1620 1718 1698 1741 vocat
1713 1713 1748 1745 ’⁸,

961 1763 1078 1790 fortasse
1102 1760 1174 1798 qtt'od
1204 1770 1251 1790 eos
1274 1763 1347 1790 solos
1365 1763 1520 1789 divitiarum
1536 1769 1614 1788 amor
1639 1761 1746 1790 doceat,

960 1810 1006 1844 qui
1022 1810 1104 1836 Deum
1131 1810 1280 1836 nesa-iunt:
1304 1809 1344 1835 vel
1363 1809 1436 1842 quia,
1457 1809 1529 1834 sicut
1542 1807 1668 1834 ethnicus
1684 1814 1750 1833 Con<

960 1857 1041 1884 scrtis
1057 1856 1183 1882 manibus
1195 1855 1371 1881 simulacrum
1385 1854 1566 1888 amplectitur,
1592 1853 1627 1879 ita
1645 1858 1671 1879 et
1683 1859 1749 1879 ava-

960 1907 1009 1928 rus
1026 1908 1123 1927 aurum
1148 1900 1246 1927 annuis
1275 1904 1301 1927 ct
1331 1900 1469 1934 repagulis
1494 1898 1650 1930 committit,
1667 1903 1749 1932 atque

961 1946 1024 1972 illttd
1041 1945 1119 1980 quasi
1136 1952 1244 1972 sacrum
1274 1945 1411 1980 quoddam
1433 1944 1577 1971 donarium
1603 1948 1749 1970 attrectare

961 1991 1073 2017 tninitne
1090 1991 1181 2017 audet.
1204 1991 1281 2022 Quod
1303 1990 1325 2017 si
1340 1990 1451 2025 quando
1467 1990 1499 2016 ad
1529 1988 1554 2015 id
1586 1988 1750 2015 necessitate

961 2037 1094 2071 impulsus
1115 2035 1208 2067 fuerit,
1227 2035 1298 2062 haud
1321 2036 1400 2062 aliter
1414 2036 1506 2062 animo
1523 2034 1649 2066 afficitur,
1667 2041 1748 2068 quam

961 2083 984 2109 si
1001 2081 1098 2108 nefarii
1118 2081 1220 2116 aliquid
1240 2086 1431 2116 perpetrasset.

1174 2128 1245 2161 Quid
1262 2128 1372 2154 dicitis?
1390 2128 1429 2154 Au
1453 2135 1497 2154 vos
1526 2126 1566 2153 Itis
1584 2126 1676 2158 verbis,
1694 2131 1747 2152 etc.

960 2174 1041 2208 Quid,
1060 2174 1158 2209 inquit,
1176 2174 1276 2204 dicitis,
1293 2181 1309 2200 ο
1332 2173 1495 2201 Novatiani?
1519 2173 1546 2200 Si
1565 2173 1689 2200 oratione
1702 2180 1750 2198 n0-

961 2228 1016 2249 stra
1044 2221 1158 2256 permoti
1189 2222 1266 2254 estis,
1299 2225 1368 2247 state
1394 2228 1408 2246 a
1436 2219 1525 2249 nobis,
1551 2219 1597 2254 qui
1625 2218 1750 2245 homines

124 2267 170 2294 sit?
181 2267 234 2296 Nec
247 2268 354 2296 Petrum
368 2269 500 2303 admittis,
511 2270 574 2304 quia
586 2270 827 2304 passionistristi
840 2276 908 2298 tem-
927 2289 947 2316 ο
963 2273 1043 2302 atque
1071 2267 1104 2294 ad
1130 2273 1270 2302 peccatum
1298 2266 1430 2301 proclives
1458 2273 1565 2297 sumus,
1592 2272 1622 2291 ac
1635 2264 1748 2299 proinde

122 2319 186 2346 pore
197 2320 236 2342 tcr
244 2323 304 2342 eum
318 2317 471 2350 abnegavit,
480 2325 510 2343 ac
520 2325 614 2344 rursus
627 2317 705 2344 tertio
713 2325 742 2344 se
750 2318 809 2352 ejus
818 2325 911 2344 amore

122 2359 278 2388 devinctum
299 2369 360 2389 esse
383 2363 527 2390 confessus
549 2367 602 2394 est,
623 2363 718 2398 sicque
737 2364 910 2398 abnegationi

123 2405 286 2433 medicinam
297 2408 399 2440 attulit,
412 2416 443 2434 ac
455 2413 548 2443 postea
568 2410 658 2443 capite
669 2409 701 2436 ad
716 2414 815 2436 terram
832 2417 912 2436 verso

123 2457 171 2482 pro
179 2451 279 2479 Christi
292 2456 482 2485 nomineeruci
494 2455 589 2483 aﬂixus
599 2456 657 2483 est?
672 2456 727 2483 Nec
740 2456 911 2483 Corinthium

124 2495 201 2524 illum
227 2499 343 2531 quicum
356 2507 470 2527 noverca
480 2502 564 2535 stupri
574 2503 768 2529 commercium
777 2501 912 2528 habuit”?

126 2542 160 2568 At
172 2543 283 2576 Paulus,
293 2550 432 2578 perspecta
444 2545 528 2579 ipsius
543 2547 742 2580 resipiscentia,
753 2547 909 2574 Cerintbios

128 2587 265 2623 Imitatur,
284 2595 313 2617 ut
333 2592 494 2618 cbaritatcm
520 2592 546 2619 in
572 2593 660 2627 ipsum
688 2594 812 2624 firment;
842 2601 910 2619 cau-

128 2640 241 2669 samque
256 2637 397 2670 adiungit:
417 2637 458 2664 Ne
467 2638 536 2672 forte
548 2638 699 2673 httjusmodi
717 2639 794 2665 homo
812 2639 910 2665 intuta-

128 2681 186 2708 dica
205 2684 314 2711 tristitia
328 2684 541 2715 absorbeatur”,
554 2685 604 2711 hoc
629 2690 679 2716 est,
697 2686 723 2711 in
740 2685 910 2719 desperatio-

128 2734 189 2755 nem
202 2730 284 2757 autin
299 2734 413 2757 mortem
432 2738 553 2764 prtet'eps
570 2734 641 2757 ruat.
656 2730 744 2763 Quid?
760 2739 793 2758 tte
809 2738 910 2758 secun-

128 2773 176 2801 das
197 2776 303 2811 nuptias
326 2776 469 2811 permittis,
497 2783 547 2803 nec
574 2776 721 2810 juvenibus
752 2777 842 2804 viduis
859 2785 911 2803 nu-

129 2817 208 2848 bendi
225 2826 386 2857 potestatem
410 2821 498 2850 facis?
519 2822 601 2857 Atqui
630 2824 681 2849 hoc
706 2822 806 2849 Paulus
822 2822 911 2849 facere

162 2909 185 2925 ⁵⁸
203 2911 296 2940 Matth.
315 2921 362 2945 vn,
378 2913 404 2940 9..
443 2913 465 2929 θ’
490 2914 540 2940 Ιςίι.
555 2914 650 2942 ι.ιιι.4.

689 2913 711 2928 ⁸⁸
720 2913 819 2940 Matth.
840 2921 877 2941 Ix.
896 2913 939 2938 15.

962 2315 1078 2341 aliorum
1107 2314 1193 2340 vicem
1224 2313 1302 2340 facile
1334 2313 1483 2339 dolemus:
1517 2313 1596 2342 state.
1623 2310 1746 2344 inquam,

961 2367 1020 2392 vos,
1046 2359 1091 2393 qui
1128 2366 1210 2392 supra
1238 2358 1386 2389 hominem,
1418 2357 1473 2383 itno
1498 2355 1641 2382 inhumani
1668 2354 1747 2384 estis,

962 2406 997 2432 ob
1026 2405 1105 2439 idque
1131 2412 1163 2431 ex
1195 2403 1312 2431 aliorum
1341 2404 1416 2437 lapsu
1447 2409 1576 2435 angorem
1606 2407 1659 2426 non
1681 2407 1747 2426 con-

962 2451 1072 2486 cupitis.
1101 2451 1244 2477 Dominum
1275 2458 1327 2476 ttna
1355 2449 1534 2478 celebremus,
1562 2447 1607 2481 qui
1638 2452 1686 2480 pro
1700 2452 1749 2471 sua

965 2496 1150 2523 misericordia
1179 2495 1367 2530 paenitentiam
1399 2493 1476 2520 nobis
1492 2491 1649 2524 concessit;
1666 2497 1748 2524 atque

963 2543 1062 2570 Isaiam
1100 2542 1262 2574 audientes,
1300 2541 1435 2567 dicentem
1469 2548 1475 2565 :
1508 2538 1551 2564 Vat
1572 2538 1617 2572 qui
1642 2537 1750 2568 dicitis,

966 2589 1064 2615 Procul
1091 2597 1106 2615 ιι
1139 2596 1179 2614 me
1208 2586 1315 2618 rerede,
1346 2594 1377 2612 ne
1409 2585 1518 2611 accedas
1543 2584 1576 2610 tut
1604 2591 1661 2614 me,
1685 2590 1749 2616 qna-

967 2636 1038 2662 m'ant
1061 2643 1142 2669 purus
1168 2642 1245 2665 sum;
1287 2633 1370 2658 nolite
1402 2639 1467 2662 vos,
1501 2630 1547 2664 qui
1586 2630 1645 2664 puri
1672 2629 1749 2660 estis,

967 2688 1142 2716 congressum
1178 2684 1311 2711 nostrum,
1336 2682 1366 2705 ut
1401 2678 1569 2712 impnrorum
1598 2676 1749 2705 hominum,

967 2728 1078 2762 fugere:
1095 2727 1159 2761 quin
1178 2727 1269 2761 potius
1287 2725 1428 2752 nobiscmn
1447 2728 1560 2754 stantes,
1574 2727 1669 2750 vestrm
1682 2729 1748 2755 quor

967 2783 1019 2808 que
1034 2773 1157 2808 puritatis
1181 2780 1231 2799 nos
1251 2771 1395 2806 participes
1413 2770 1493 2797 facite
1503 2769 1535 2794 ".
1555 2769 1632 2806 Quod
1654 2768 1675 2794 si
1702 2774 1749 2793 vos

952 2828 1020 2855 _non
1036 2819 1181 2850 ﬂectimus,
1205 2825 1253 2852 pro
1281 2817 1368 2850 Vobis,
1381 2821 1474 2850 utpote
1499 2814 1641 2842 iucttt'abili
1655 2813 1749 2840 morb‘o

977 2911 999 2927 “9
1015 2911 1083 2938 Osee
1099 2918 1134 2940 vt,
1148 2908 1174 2935 6.
1213 2909 1234 2924 ὀ
1254 2908 1350 2935 ‘.\lattlt.
1368 2916 1443 2939 )tvtlt,
1459 2907 1505 2933 2'2.
1544 2909 1564 2924 "
1586 2908 1592 2933 |
1610 2908 1672 2934 Cor.
1689 2913 1716 2935 v.
1738 2905 1745 2930 l

129 2948 205 2977 εσιιίι.
232 2948 253 2963 ἰ
271 2948 291 2975 ιι
304 2940 367 2976 Cor’.
382 2956 410 2980 ιι,
426 2949 451 2977 7.
490 2950 511 2966 ιη
527 2949 536 2976 ι
553 2940 624 2976 Tini.
640 2956 664 2979 γ.
687 2949 728 2976 tt.
750 2950 771 2965 νδ
784 2948 804 2976 ιι
818 2940 907 2976 Cor.)

960 2947 986 2973 2.
1025 2946 1137 2974 Ηιὶωιι.
1154 2953 1196 2978 sv,
1217 2944 1258 2972 l9.
1291 2945 1314 2961 νθ
1327 2943 1425 2978 prcs.
1448 2950 1473 2969 ν.
1489 2942 1517 2971 5.
1538 2945 1560 2960 ⁹⁷
1579 2943 1629 2971 l:a.
1644 2949 1708 2974 ην,
1722 2940 1749 2967 5.
