2027 3162
154 232 221 268 12:5

654 230 872 264 NICETASIN
892 227 1074 261 0RAT.XL
1097 230 1125 260 ἃ
1147 230 1263 261 GREG.

1704 230 1770 260 1246

152 293 334 322 ahscindcbat.
348 303 354 320 ι
374 293 405 319 ad
421 293 545 320 eumdem
558 301 664 328 quoque
689 293 798 320 modum
815 293 932 319 circum—
946 291 969 318 Δ
984 294 1149 316 exerentem.
1169 289 1235 315 Nam
1250 288 1394 321 ittSpiratio
1410 286 1466 317 illa.
1479 295 1538 322 qua!
1552 289 1683 322 apostolis
1702 297 1769 316 con-

152 341 218 368 cisio
233 347 263 367 ea
283 347 364 373 quant
382 339 530 372 baptismns
550 339 637 372 aﬂ‘ert,
654 347 706 366 non
731 348 838 366 omnem
860 339 934 366 volu-

153 390 262 420 ptatum.
282 384 328 411 sed
344 384 507 418 superﬂuam
537 390 642 412 tantum
656 385 822 420 minimeque
841 393 935 413 ncces-

153 431 250 458 sariatn
273 434 390 457 truncat.
418 430 596 458 Circumcidit
620 432 691 458 enim
724 440 804 458 otnne
829 432 894 459 illttd
921 439 936 458 a

152 476 294 502 nativitate
308 481 479 504 contractum
498 478 629 510 velamen,
658 479 709 505 ltoc
726 484 778 511 est,
793 479 937 513 perturba-

151 528 191 549 tos
209 522 292 548 anittti
320 527 420 555 motus,
451 531 483 550 ac
513 524 655 558 caliginem
686 526 719 551 ah
749 526 788 552 eis
811 526 936 557 oﬂttsam,

153 568 249 594 animae
282 569 391 595 oculum
423 569 502 596 nubis
531 569 617 596 instar
653 571 845 598 obduceutcm.
869 571 935 598 Nam

152 619 304 648 peccatum,
330 621 344 640 a
381 614 477 649 primis
504 615 662 649 parentibus
688 624 734 650 per
759 617 878 643 mandati
894 617 937 642 di-

151 659 205 685 vini
222 659 395 686 violationem
412 661 572 693 admissum,
597 669 738 689 venercatn
767 663 938 696 conjunctio~

151 714 212 733 nem
230 707 349 739 advexit,
369 712 450 742 atque
464 715 494 733 ea
513 716 607 735 rursus
625 708 658 734 ad
677 709 797 743 ipsorum
813 713 936 742 posteros

154 752 276 779 nonnihil
306 752 427 780 sordium
446 758 472 780 et
498 753 696 788 iuqninamenli
726 762 818 781 secum
846 755 937 781 traxit.

153 795 315 832 Quanquam
342 797 414 824 enim
449 798 652 825 matrimonium
676 798 722 825 Dei
752 799 939 826 benedictione

155 842 315 870 honorabile
345 843 446 870 factum
471 845 542 875 est',
564 850 672 880 propter
700 845 847 872 liberorum
876 854 940 878 pro-

154 889 330 921 creationem,
365 895 461 917 natura
489 896 578 918 tamen
604 898 617 917 a
649 897 761 925 peccato
785 891 872 918 ﬂuxit.
905 891 938 918 In

154 933 268 966 peccatis
295 933 377 966 enim,
404 934 502 968 inquit,
528 937 645 969 concepit
674 944 713 962 me
742 941 827 962 mater
849 937 936 964 mea“.

155 976 281 1011 Figuram
310 986 390 1013 porro
411 979 540 1014 baptismi
557 981 731 1008 circumcisio
745 981 825 1016 gerit.
838 981 940 1015 Quem-

155 1023 301 1050 admodum
335 1025 407 1051 ettim
440 1025 509 1056 illa.
542 1034 603 1059 quae
629 1029 737 1061 generis
764 1028 938 1055 Abrahamicl

155 1069 262 1102 signum
287 1074 356 1102 erat,
373 1078 427 1098 non
446 1075 548 1105 partem
579 1073 701 1107 corporis
720 1073 825 1105 utilem,
845 1081 939 1101 verum

155 1120 360 1143 excrementum
390 1116 484 1144 inntile
514 1118 672 1153 amputabat
703 1120 829 1146 :codem
859 1121 940 1147 modo

155 1166 349 1189 sacrosanctus
378 1162 540 1197 baptismus,
556 1164 603 1198 qui
621 1164 835 1192 Christianorum
848 1166 940 1200 signa-

155 1207 247 1233 culum
261 1213 312 1240 est,
323 1215 447 1236 crassum
466 1214 492 1236 et
517 1210 652 1237 carnalem
670 1211 854 1245 improbarutn
867 1213 941 1247 cogi-

156 1252 289 1279 taIiOuum
305 1253 431 1281 aﬂ‘ectum
447 1259 475 1282 et
490 1259 631 1290 peccaturo
647 1257 792 1284 exscindit.
813 1257 873 1284 Non
889 1259 939 1285 du-

158 1295 231 1322 biutn
245 1302 286 1324 est
298 1302 387 1325 autem
414 1299 480 1333 quin
496 1306 638 1334 peccatum
664 1301 941 1336 sitconcupiscentize

156 1348 372 1374 excrementum,
389 1352 420 1371 ac
445 1353 498 1372 non
520 1347 662 1373 commoda
689 1349 810 1382 quaedam
826 1353 853 1374 et
866 1349 941 1377 utilis

155 1387 299 1421 cupiditas.
335 1389 388 1417 Nec
415 1390 487 1417 ettim
519 1391 575 1418 ﬂeri
606 1396 712 1426 potest,
740 1397 768 1420 ιιι
795 1394 939 1428 quisquam

157 1433 230 1460 nulla
255 1434 367 1461 omnino
395 1437 542 1470 cupiditate
577 1442 713 1472 tangatur,
735 1445 781 1467 aut
810 1440 844 1467 ab
867 1442 940 1469 omni

156 1479 301 1513 voluptatis
329 1487 411 1507 sensu
436 1482 471 1508 sit
497 1482 636 1509 immunis.
667 1483 799 1511 Caeterum
817 1485 940 1514 inutilem

156 1523 329 1557 cupiditatem
357 1532 388 1552 ac
416 1526 592 1562 voluptatem,
616 1527 642 1554 id
659 1533 709 1560 est,
729 1535 882 1564 peccatum,
901 1541 941 1559 re-

155 1573 230 1596 secat
254 1570 415 1604 baptismus,
442 1579 474 1599 ac
497 1580 547 1600 nos
570 1574 604 1600 ab
627 1574 780 1604 inﬁdelibus
809 1579 939 1609 secernit.

987 335 1057 370 tigit,
1074 343 1126 362 non
1144 336 1237 364 vitam,
1255 334 1301 362 sed
1322 334 1440 360 divinant
1460 334 1574 368 gratiam
1592 335 1657 368 ipsis
1670 335 1768 361 attulit.

986 383 1020 408 At
1034 389 1098 408 vero
1113 381 1239 408 Christus
1256 380 1383 415 baptismi
1400 380 1565 407 nativitatem
1584 381 1770 408 incarnatione

987 435 1036 455 sua
1052 432 1078 454 ct
1104 427 1240 462 baptismo
1259 426 1458 454 coltoncstavit.
1485 425 1618 453 Ca-terum
1643 427 1769 453 incarna-

987 474 1088 500 tionem
1115 481 1168 500 tton
1199 481 1259 500 cum
1293 480 1423 507 eorporea
1459 472 1611 502 nativitate,
1640 474 1685 499 sed
1709 481 1769 499 cum

989 520 1125 554 baptismo
1141 519 1243 547 idcirco
1266 518 1468 553 conjunximus.
1485 519 1613 553 quoniam
1629 518 1770 548 Dominus,

988 566 1144 600 priusquam
1173 574 1281 592 carnem
1315 569 1475 595 assumeret,
1510 572 1669 598 corpoream
1697 564 1769 590 illam

989 613 1092 638 ltonore
1108 611 1207 643 aii'ccit,
1223 618 1278 645 quo
1294 616 1414 645 tempore
1437 610 1632 644 intelligentctu
1650 610 1769 636 attint-un

990 657 1141 690 inspiravit,
1171 657 1222 682 hoc
1237 661 1289 687 est,
1312 663 1373 683 cum
1397 656 1533 682 hominem
1563 655 1596 682 ad
1625 655 1770 689 imaginem

991 703 1036 730 Dei
1051 703 1181 730 condidit.
1205 702 1301 729 Postea
1326 706 1416 728 autem
1436 702 1593 728 incarnatus
1619 709 1650 727 ac
1672 709 1772 728 sciun-

990 749 1053 775 tlum
1074 755 1183 775 carnem
1212 747 1347 782 baptismo
1365 748 1464 773 tinctus
1481 747 1581 781 (neque
1597 747 1668 772 enim
1694 746 1772 772 alitrr

990 803 1071 830 quam
1082 802 1144 822 cum
1170 801 1252 821 carne
1275 793 1407 827 baptizari
1436 793 1579 827 licuisset).
1607 792 1772 826 baptismum

990 847 1098 875 quoque
1129 839 1232 866 ltonore
1255 842 1282 864 et
1308 838 1392 873 gloria
1423 836 1584 864 cumulavit.
1608 835 1675 862 Illud
1700 836 1771 861 enim

991 893 1055 914 vero
1081 885 1231 914 sciendum.
1247 884 1318 917 quod
1342 884 1368 910 in
1390 890 1519 916 corporea
1535 890 1642 916 quoque
1662 889 1774 915 gt-neta-

993 932 1074 962 tione,
1091 939 1151 966 qua:
1180 937 1272 957 revera
1298 937 1350 956 una
1374 934 1425 962 est,
1451 929 1542 955 animo
1557 933 1583 954 et
1609 927 1774 962 coeitaliouc

991 978 1140 1005 dividentes
1153 977 1179 1004 in
1203 976 1406 1010 inspirationem
1430 979 1456 1001 ct
1474 975 1639 1001 creationem
1661 982 1667 1000 :
1686 981 1773 1007 quan-

991 1023 1134 1058 doquidetn
1152 1028 1178 1049 et
1191 1022 1287 1056 duplex
1297 1026 1349 1052 est,
1364 1024 1494 1054 quantum
1512 1020 1544 1046 ad
1559 1020 1774 1053 generationem,

992 1069 1117 1095 humana.-
1135 1072 1240 1094 natura:
1253 1067 1334 1098 ratio,
1350 1066 1433 1093 altera
1451 1065 1555 1092 scilicet
1569 1066 1677 1096 animae,
1691 1064 1774 1090 altera

991 1115 1124 1149 corporis.
1142 1115 1238 1141 Anima
1259 1113 1358 1140 etenim
1382 1111 1510 1139 ineffabili
1538 1111 1618 1138 modo
1636 1118 1667 1136 ex
1689 1110 1776 1143 inspi-

992 1161 1099 1188 ratione
1117 1160 1207 1186 divina
1223 1158 1383 1194 producitur
1400 1167 1407 1185 :
1423 1165 1522 1192 corpus
1545 1161 1635 1183 autem
1654 1164 1686 1182 ex
1712 1155 1774 1182 sub

990 1207 1098 1242 jacento
1115 1205 1226 1232 materia
1241 1209 1359 1230 creatur.
1376 1202 1436 1229 Jam
1449 1210 1512 1230 vero
1526 1201 1653 1229 Christus
1668 1201 1774 1227 tertiam

992 1252 1159 1279 nativitatem
1180 1250 1287 1278 ornavit
1322 1254 1402 1284 atqtte
1430 1248 1587 1281 illustravit,
1614 1255 1675 1275 cum
1718 1248 1776 1281 ipse

992 1299 1098 1333 primus
1113 1305 1127 1324 a
1152 1301 1237 1323 ntorte
1252 1296 1285 1323 ad
1314 1295 1396 1322 vitam
1422 1295 1557 1322 excitatus
1574 1298 1625 1324 est,
1645 1301 1699 1319 non
1721 1293 1775 1325 jam

992 1343 1109 1378 amplius
1130 1342 1289 1368 moriturus.
1307 1342 1395 1375 Atque
1409 1347 1441 1366 ca
1464 1340 1497 1365 de
1511 1346 1593 1365 causa
1613 1337 1776 1372 primogeni-

992 1394 1049 1416 tum
1065 1388 1153 1422 ipsum
1180 1387 1249 1413 inter
1276 1385 1376 1412 multos
1403 1385 1502 1411 fratres
1520 1383 1551 1414 “,
1569 1388 1595 1409 ct
1612 1382 1778 1416 primogeni-

993 1441 1049 1462 tuut
1075 1441 1107 1461 ex
1132 1433 1248 1460 mortuis
1258 1432 1278 1448 "
1300 1431 1400 1458 Paulus
1418 1428 1588 1461 nominavit;
1616 1428 1693 1460 illud,
1712 1427 1776 1460 quia

993 1480 1225 1515 regenerationem
1241 1485 1300 1504 cam
1318 1482 1344 1504 et
1362 1476 1547 1510 adaptionetu,
1562 1482 1624 1509 qum
1641 1473 1777 1507 baptismo

993 1530 1178 1560 comparatur,
1210 1524 1369 1558 auspicatus
1411 1527 1452 1549 cst
1485 1521 1599 1556 (primus
1627 1520 1698 1546 enim
1731 1526 1777 1552 pcr

994 1580 1091 1605 aquam
1117 1576 1143 1598 ct
1156 1571 1285 1605 Spiritum
1302 1575 1427 1596 sant-tum
1451 1567 1607 1602 baptizatus
1623 1570 1674 1597 est,
1690 1572 1778 1598 eoque

156 1619 237 1649 atque
252 1617 284 1642 ad
300 1624 446 1650 supernam
463 1619 544 1646 vitatu
560 1624 587 1646 et
619 1621 767 1655 nllngiCall]
796 1630 940 1651 comm-5a-
954 1621 976 1650 (ζ
994 1617 1102 1644 nomine
1121 1617 1319 1652 pritnogeuitus
1342 1615 1431 1642 iactus
1454 1618 1496 1640 est
1518 1613 1588 1640 inter
1605 1612 1704 1638 multos
1723 1611 1778 1636 ira—

155 1662 269 1694 tionem,
284 1669 298 1688 a
316 1670 368 1697 qua
388 1671 474 1697 genus
488 1669 611 1692 nostrum
626 1667 736 1699 excidit,
754 1676 803 1695 nos
820 1674 941 1697 revocat.

154 1705 248 1733 Tertia
279 1716 342 1736 vero
376 1709 513 1742 nativitas,
552 1710 681 1738 nimirum
719 1715 940 1746 resurrectionis,

153 1751 336 1781 fttl‘tllitiabiiis
358 1759 410 1785 est.
442 1761 552 1789 propter
569 1758 739 1784 tremendum
770 1766 801 1785 ac
829 1761 942 1786 terroris

152 1799 266 1833 plenum
291 1799 423 1833 judicium
449 1805 528 1835 atque
553 1802 633 1828 etiam
652 1802 750 1830 brevis.
779 1803 837 1831 Fiet
869 1806 941 1831 cnitn

153 1845 179 1872 in
195 1851 340 1877 momento,
369 1846 395 1872 in
421 1847 474 1873 ictu
496 1848 577 1879 oculi,
593 1849 835 1882 quemadmodum,
855 1851 944 1884 inquit

153 1891 333 1925 Apostolus”,
349 1897 386 1924 et,
397 1897 425 1919 ttt
439 1893 561 1927 cstapud
582 1894 820 1922 Ecclesiasticum:
835 1898 944 1923 Omnem

155 1940 308 1963 creaturam
333 1936 444 1962 adducet
462 1937 529 1964 Dens
545 1938 581 1964 ad
598 1938 732 1971 judicium
744 1939 775 1970 ¹⁰,
789 1943 870 1974 atque
890 1949 945 1967 0m-

156 1990 199 2009 nu
218 1984 342 2009 sistentur
358 1983 392 2008 ad
404 1984 522 2010 tribunal
533 1983 674 2017 Christi”,
690 1992 836 2019 rerumque
849 1985 876 2012 in
894 1987 945 2014 ltac

159 2029 214 2055 vita
225 2033 360 2062 gestarum
384 2026 515 2055 rationem
535 2029 690 2062 reddemus,
709 2031 767 2057 sive
791 2033 882 2059 carnis
894 2041 945 2060 cu-

159 2076 287 2110 piditates
304 2076 390 2102 secuti
404 2075 551 2106 fuerimus,
568 2076 624 2102 sive
635 2077 724 2103 anima
741 2081 834 2104 nostra
853 2079 944 2106 carnis

126 2139 128 2141 μ
158 2121 354 2155 cupiditatibus
378 2122 503 2155 superior
541 2123 686 2155 exstiterit,
721 2130 837 2157 eantque
868 2125 943 2152 humi

158 2172 329 2200 vergentem,
345 2175 378 2206 ac
401 2175 430 2194 se
445 2175 496 2194 una
513 2168 666 2202 deprimere
696 2175 841 2196 conantem
860 2170 943 2198 simul

160 2214 187 2240 in
203 2213 290 2240 altum
309 2214 432 2246 traxerit,
450 2214 633 2249 baptisutique
662 2215 824 2242 beneﬁcium
842 2224 945 2250 nequa-

158 2264 242 2293 quam
275 2260 482 2293 contempserit,
514 2268 607 2287 verum
640 2268 752 2288 sumtno
781 2262 885 2289 honore
911 2271 942 2290 ac

158 2304 314 2331 reverentia
330 2306 456 2333 coluerit.
473 2305 528 2334 Has
549 2311 603 2334 tres
625 2308 782 2335 nativitates
807 2309 833 2335 itt
852 2310 943 2343 seipso

159 2349 284 2378 Christus
300 2351 404 2379 honore
432 2351 534 2382 aii‘ecit.
555 2361 715 2388 corpoream
741 2354 877 2387 videlicet,
898 2363 945 2389 per

161 2396 277 2429 primatu
302 2397 373 2424 illam
408 2402 436 2425 et
461 2398 569 2425 vitalem
598 2399 752 2433 animmque
782 2400 944 2427 eil‘ectricetn

161 2443 376 2477 inspirationcm,
401 2453 461 2479 qua:
493 2446 576 2474 semel
601 2446 627 2473 itt
650 2447 782 2473 Adantnnt
825 2447 946 2473 immissa

161 2487 319 2523 (Insttfﬂavit
342 2491 409 2516 enim
426 2492 452 2517 in
467 2491 561 2525 faciem
575 2492 631 2523 eius
648 2492 811 2526 spiraculum
828 2493 897 2522 vita},
920 2498 945 2519 et

162 2535 248 2568 [actus
264 2539 302 2561 est
320 2535 395 2562 ltomo
409 2537 436 2563 in
454 2538 570 2564 anitttam
588 2539 711 2565 viventem
724 2538 769 2573 "),
786 2539 812 2564 in
846 2546 942 2564 omtr-s

162 2588 273 2614 quoque
302 2580 336 2607 ab
357 2589 391 2608 co
416 2583 570 2616 progenitos
588 2584 682 2611 eilicax
709 2590 759 2611 est.
790 2584 830 2611 Ac
854 2584 941 2618 prima

163 2626 272 2659 quidem
294 2626 350 2653 htec
380 2627 523 2661 inspiratio
547 2629 655 2660 dicitur.
676 2631 781 2656 ratione
803 2630 941 2664 posterio-

164 2672 214 2703 ris.
226 2680 279 2706 qua
301 2673 426 2700 Christus
440 2673 466 2699 ln
486 2675 625 2708 apostolos
651 2675 798 2702 insumavit
811 2683 842 2702 ac
857 2676 943 2702 dixit:

164 2720 280 2753 Accipite
299 2719 428 2753 Spiritum
447 2721 608 2748 sanctum".
631 2722 723 2748 \‘italis
753 2727 855 2752 autem,
883 2722 945 2756 quia

164 2766 247 2792 vitam
262 2766 414 2800 inspiravit.
443 2765 542 2793 Factus
558 2771 596 2793 est
617 2767 701 2799 enim,
713 2767 810 2801 inquit,
826 2767 902 2793 Ιιοηιυ
920 2768 946 2794 in

164 2811 280 2837 animant
309 2812 442 2843 viventem,
464 2812 489 2838 id
514 2816 564 2843 est,
594 2818 717 2846 θέυυιυιιι
735 2819 767 2839 ac
791 2812 844 2838 vim
872 2820 947 2838 suam

480 2901 489 2916 ‘
500 2900 570 2926 Psal.
586 2908 610 2931 L,
625 2899 649 2926 7.

460 2937 480 2951 ιδ
503 2936 580 2964 liottt.
601 2943 658 2962 vnl.
675 2935 720 2964 ⁸3⁸).

702 2899 730 2926 9l
746 2900 806 2926 (for.
825 2908 867 2930 xv,

762 2935 782 2950 ‘5
799 2935 903 2963 (ξριυηξ,
924 2943 940 2959 I.

201 2903 209 2914 '
228 2901 307 2927 ιιι-ιη.
326 2909 382 2931 .vttt.
403 2901 425 2927 ί.

169 2937 188 2952 ³³
207 2937 283 2963 Juan.
303 2945 346 2970 xv,
373 2937 408 2962 22

376 2955 418 2963 --ι

960 2289 981 2317 1)

988 2899 1007 2914 ¹⁰
1022 2898 1109 2924 Ecclc.
1128 2904 1175 2928 xtl,
1195 2896 1235 2923 ii.

965 2934 1000 2957 l3.
1044 2932 1143 2957 "HI-wn
1172 2941 1178 2956 t
1211 2931 1235 2954 l“

995 1669 1048 1691 trt-s
1068 1671 1144 1694 suos,
1163 1664 1208 1696 qtti
1226 1662 1349 1689 videlicet
1361 1669 1408 1696 per
1424 1660 1588 1694 baptisntutn
1610 1666 1624 1684 a
1643 1658 1697 1683 Deo
1711 1657 1778 1683 ado-

994 1710 1058 1744 ptati
1092 1715 1166 1740 sunt,
1183 1709 1216 1735 ab
1242 1716 1329 1742 coque
1351 1712 1511 1742 potestatem
1545 1708 1718 1739 acceperunt,
1750 1707 1779 1729 ut

994 1757 1040 1782 lilii
1056 1756 1101 1782 Dei
1120 1755 1246 1787 ﬂant“);
1267 1755 1328 1786 hoc,
1343 1755 1407 1788 quia
1437 1753 1565 1787 primitiae
1586 1751 1778 1777 dormientium

995 1801 1083 1828 iactus
1108 1805 1149 1827 est
1159 1801 1189 1831 ",
1203 1808 1233 1826 ac
1251 1800 1354 1833 pritnus
1376 1807 1408 1825 ex
1436 1803 1531 1824 ventre
1550 1797 1630 1823 inin-ri
1644 1796 1780 1822 redivivus

994 1848 1027 1874 ad
1043 1846 1274 1873 immortalitatem
1290 1849 1316 1870 et
1329 1844 1519 1878 setnpiternam
1537 1843 1618 1868 vitam
1630 1849 1676 1875 per
1688 1849 1780 1866 resur~

995 1893 1142 1920 rectionem
1158 1892 1257 1926 erupit,
1281 1890 1496 1923 mortalibusque
1512 1887 1639 1915 omnibus
1656 1887 1724 1913 viam
1746 1887 1778 1913 ad

994 1948 1054 1967 eam
1078 1938 1202 1964 uzunivit.

1030 1984 1087 2012 Col.
1103 1983 1155 2010 562
1170 1982 1199 2008 Β.
1219 1982 1255 2008 De
1269 1982 1372 2008 duabus
1394 1980 1498 2015 quidem
1514 1977 1706 2007 nrtlivt'tatilttts,
1733 1978 1780 2003 ltoc

995 2035 1044 2060 est,
1060 2029 1091 2055 de
1102 2029 1188 2061 prima
1206 2032 1231 2054 et
1258 2027 1366 2058 ultimo,
1385 2033 1439 2052 non
1458 2029 1496 2052 νει
1526 2032 1593 2050 nunc
1611 2023 1778 2057 disputandi,

995 2081 1047 2104 etc.
1066 2075 1133 2102 Cum
1145 2074 1242 2108 triplex
1260 2074 1304 2104 sit,
1329 2072 1428 2106 inquit,
1454 2070 1603 2097 nativitatis
1615 2076 1711 2103 genus,
1725 2068 1779 2101 p-i—

995 2129 1068 2149 tttttttt
1088 2127 1262 2155 corporeum,
1290 2119 1404 2145 alterum
1432 2116 1572 2150 baptismi,
1598 2115 1707 2142 tertium
1739 2123 1780 2140 re-

994 2165 1174 2194 surrectionis
1188 2165 1318 2200 (primum
1340 2164 1411 2190 enim
1439 2163 1589 2194 nascimur,
1608 2160 1704 2187 deinde
1732 2160 1780 2186 ba-

994 2213 1141 2248 ptizamur,
1156 2216 1293 2246 postremo
1313 2209 1505 2244 resurgimus),
1521 2215 1593 2234 ttunc
1619 2207 1652 2233 de
1681 2206 1779 2238 media,

996 2260 1047 2286 ltoc
1073 2263 1124 2290 est,
1151 2257 1276 2292 baptismi
1317 2256 1459 2282 uativitate
1501 2253 1689 2280 disserendum
1719 2257 1778 2278 est:

995 2312 1056 2339 qua:
1072 2303 1181 2338 quidem
1197 2310 1258 2329 cum
1273 2301 1437 2328 illuminatio
1456 2300 1558 2326 idcirco
1570 2302 1690 2327 vocetur.
1708 2298 1779 2330 quol

994 2351 1110 2377 animant
1123 2349 1249 2377 illustrct,
1266 2347 1364 2374 merito
1376 2353 1483 2380 quoque
1499 2345 1590 2378 ipsius
1606 2344 1661 2370 dies
1677 2351 1779 2376 cogno-

995 2401 1115 2423 mentum
1130 2394 1163 2420 ab
1178 2401 1208 2420 ea
1221 2393 1316 2424 traxit,
1335 2399 1367 2418 ac
1384 2392 1497 2426 proinde
1514 2390 1628 2416 Lumina
1658 2389 1780 2423 appella-

995 2450 1049 2469 tur.
1070 2441 1226 2474 Baptismtts
1248 2439 1339 2473 igitur,
1358 2442 1386 2464 ut
1406 2436 1527 2471 pluribus
1543 2444 1604 2462 eum
1621 2435 1780 2469 descriptio-

997 2489 1078 2515 nibus
1093 2493 1234 2515 exornem,
1264 2483 1392 2517 splendor
1409 2487 1450 2509 est
1483 2481 1649 2510 animorum,
1680 2479 1739 2504 \it;e
1755 2478 1780 2503 itt

999 2533 1096 2559 melius
1120 2530 1235 2557 mutatio
1255 2528 1394 2563 (nimirum
1424 2527 1569 2561 petulanlis
1592 2529 1619 2551 et
1642 2524 1785 2551 dissoluta:

997 2580 1060 2605 vitae
1076 2578 1107 2605 ad
1132 2584 1253 2611 gravem,
1268 2574 1425 2608 Christique
1437 2573 1504 2607 jugo
1521 2571 1682 2605 subjectum)
1704 2571 1779 2596 iniir-

995 2625 1098 2652 tttitatis
1123 2628 1222 2650 nostrae
1250 2621 1450 2654 adiumentum.
1477 2617 1611 2650 Quoniam
1639 2617 1709 2642 enim
1738 2624 1780 2641 ne-

995 2679 1132 2706 quaquam
1167 2670 1270 2696 ferreos
1294 2672 1320 2693 ct
1362 2665 1518 2695 indomitos,
1554 2663 1601 2690 sed
1635 2661 1785 2688 mutabiles

997 2723 1077 2752 atque
1106 2718 1131 2744 in
1171 2721 1314 2748 utramque
1353 2717 1454 2746 partem
1493 2710 1597 2736 ﬂexiles
1630 2716 1682 2735 ttos
1711 2707 1781 2734 licus

997 2763 1123 2795 creavit,
1165 2762 1226 2789 ideo
1269 2760 1353 2786 multa
1400 2765 1508 2792 quoque
1549 2755 1628 2783 nobis
1681 2754 1780 2780 auxilia

999 2810 1129 2845 praebuit,
1157 2809 1182 2835 itt
1209 2814 1324 2842 quorum
1355 2812 1468 2831 numero
1494 2802 1644 2836 baptismus
1671 2807 1781 2834 qttuqne

1291 2895 1309 2909 "
1327 2894 1404 2920 llont.
1425 2901 1479 2924 xtv,
1494 2892 1534 2917 10.
1589 2891 1608 2906 ¹²
1623 2890 1690 2917 Gen.
1711 2897 1740 2919 tt,
1757 2890 1785 2913 7.

1044 2932 1143 2959 κει-κω
1172 2941 1178 2956 ι
1211 2931 1249 2956 Γ).
1291 2930 1329 2954 ’⁷1
1346 2929 1406 2955 ίῖον.
1426 2937 1468 2960 νε,
1483 2928 1527 2954 21.).
