2027 3162
254 219 321 250 liii

942 213 1132 244 ADDENDA.

1807 209 1876 240 1258

251 283 305 309 est,
322 277 367 311 qui
386 276 506 310 quidem,
525 280 550 302 ut
569 274 639 301 Petri
657 273 746 300 verbis
760 277 830 305 utar,
848 280 900 298 non
915 272 1036 299 sordium
1052 273 1075 301 Α
1090 275 1116 296 ri.
1145 269 1392 303 coagmentationis
1419 272 1519 295 nostrae
1546 267 1572 294 in
1602 267 1741 294 meliorem
1775 271 1877 293 statuzn

252 323 344 349 carnis
361 321 494 355 depositio
517 324 568 350 cst,
588 320 635 346 sed
657 319 834 346 conscientia:
855 318 932 345 bona:
953 318 1036 344 inter-

253 368 358 402 roguliﬂ
373 367 405 393 ad
425 366 507 393 Dento
521 366 551 391 "‘.
574 365 735 399 interrogati
751 365 823 391 enini
850 366 875 391 in
893 365 1036 398 baptismo,

253 411 392 446 quomodo
425 418 485 437 sese
520 410 620 437 habeat
649 410 816 436 conscientia
848 415 940 436 nostra
974 417 1036 443 erga

254 459 349 488 Deum,
366 461 392 483 et
406 464 486 490 quam
507 457 532 482 in
556 464 618 482 cum
639 457 718 482 fidem
744 456 903 487 habeamus,
922 463 1036 489 respon-

254 504 349 530 demus
367 510 417 529 nos
436 503 523 537 ipsius
541 503 664 536 partibus
680 502 802 536 adiungi,
822 507 912 536 atque,
931 507 959 528 ut
984 509 1037 537 uno

254 549 335 575 vcrbo
362 549 471 580 dicant,
504 549 563 575 lidci
594 548 721 582 Symbola
754 548 923 582 profitemur.
956 547 1037 574 Juxta

253 594 420 629 Tbcolngnm
448 599 537 621 antu-ni
563 595 654 621 carnis
674 594 790 628 abjectio
811 598 853 620 est
876 594 1035 628 haptisums,

255 642 306 667 boc
327 645 369 667 est
387 641 505 667 carnalis
529 640 642 667 affusi-tus
667 645 692 666 et
707 640 866 669 voluntatis,
889 645 934 666 aut
955 639 1035 666 etiam

255 687 341 722 ipsius
360 688 450 714 carnis
469 687 634 721 contemptio
652 686 757 719 (Carnis
772 686 855 716 enim,
877 685 962 719 inquit
982 685 1036 717 ille,

252 739 345 758 curam
360 740 390 758 ne
406 731 474 766 fecer
487 732 520 757 (is
537 732 564 758 in
581 731 796 763 concupiscentiis
821 731 911 757 castris
929 730 972 765 ¹⁸),
991 734 1038 757 aut

258 778 342 804 attitni
362 783 494 812 quantum
517 778 549 804 ad
575 778 744 804 tnrlmlcntos
771 782 859 804 motus
881 778 906 803 in
929 785 1036 803 crucem

255 823 373 850 suﬂixio.
403 823 470 850 Nam
494 824 540 854 qui
564 831 673 851 carnem
703 823 864 854 contemnit.
897 824 918 850 is
944 824 1038 858 utique

257 871 376 896 animam
400 870 558 903 comitatur,
588 871 715 897 nimirttm
741 870 931 897 auctoritatem
955 875 1037 903 atque

257 916 401 950 imperium
418 917 444 942 in
464 916 537 943 illam
555 916 617 943 huic
634 917 768 944 tribuens.
787 917 942 950 Baptismus
958 915 1035 942 Verbi

258 962 438 997 participatio,
453 963 494 989 vel
509 964 573 997 quia
592 964 701 990 verbum
721 969 747 991 et
762 964 899 990 Christum
917 970 963 996 per
975 970 1036 989 eum

256 1008 406 1042 sequimur,
424 1009 465 1035 vel
481 1009 544 1044 quia
562 1009 692 1037 doctrinae
712 1016 739 1036 et
753 1009 874 1036 scientiae
890 1009 1037 1043 participes

257 1054 395 1080 elliiimur.
417 1054 589 1081 Conlatiores
613 1056 683 1081 enim
703 1059 727 1081 ct
746 1055 936 1089 prudentiores
958 1062 988 1080 ex
1005 1061 1039 1081 eo

256 1099 407 1130 teldimnr,
441 1100 538 1126 divinm
561 1101 693 1127 doctrina;
721 1105 748 1127 et
777 1101 869 1134 gratiae
894 1100 1039 1134 participes

256 1144 331 1172 farti.
367 1145 499 1180 Figtncnti
533 1147 704 1173 instaurabo.
741 1146 882 1174 itccreatio
911 1146 982 1173 enim
1014 1150 1041 1172 et

257 1191 397 1218 renovatio
419 1197 461 1219 est
485 1191 602 1219 hominis
617 1200 631 1218 a
656 1197 766 1226 peccato
797 1192 939 1223 confracti,
958 1197 1039 1226 atqttc

257 1236 290 1263 ad
322 1237 420 1264 veteris
460 1238 586 1271 imaginis
620 1239 778 1272 dignitatem
809 1237 978 1264 reforntatio.
1009 1237 1040 1264 Et

258 1282 487 1316 quemadmodum
504 1284 622 1310 tenebrae
638 1284 706 1311 lucis
730 1284 1040 1318 accessu‘dcpclluntur,

259 1332 286 1354 et
302 1328 390 1362 caligo
407 1329 525 1355 candore
543 1329 687 1363 superfuso
708 1330 740 1357 de
755 1331 844 1356 medio
861 1331 963 1356 tollitur
982 1339 988 1356 :
1005 1331 1040 1357 ita

259 1379 283 1399 et
302 1381 348 1408 per
371 1374 522 1408 spiritualis
540 1375 608 1402 luteis
631 1376 727 1402 anima:
745 1376 854 1402 oculum
879 1377 1042 1404 illustranlis

258 1427 275 1454 p
293 1420 459 1454 rceptioucm
477 1421 595 1448 tenebrm
614 1429 674 1448 eum
691 1422 870 1449 obscurantos
888 1422 1042 1450 discutiun-

260 1470 314 1497 tur,
332 1474 363 1493 ac
379 1472 457 1493 vetus
476 1467 556 1494 homo
571 1468 684 1500 justitize
703 1468 830 1502 operibus
844 1473 992 1495 exornatus
1009 1469 1041 1495 ad

259 1512 346 1538 atatis
357 1512 450 1539 ﬂorem
465 1513 545 1540 rrdit.
560 1513 714 1548 Baptismus
728 1515 880 1542 vehiculum
897 1515 930 1541 ad
946 1515 1040 1541 Deum.

259 1557 310 1584 νυν
332 1566 393 1584 eum
413 1559 484 1585 enim
507 1560 579 1586 νι-Ιιιί
596 1568 643 1594 ριϊ
669 1561 769 1587 scalam
794 1561 827 1587 ad
847 1561 928 1588 Deum
951 1560 1043 1586 evehi-

260 1611 330 1630 mur.
344 1603 394 1630 Per
408 1613 470 1631 eum
488 1605 598 1638 insuper
615 1613 677 1632 cum
699 1606 808 1632 Christo
827 1606 1041 1640 peregrinantur.
1056 1615 1077 1646 ρ

259 1647 318 1675 lina
335 1649 406 1676 cnim
433 1658 493 1676 cum
517 1658 548 1677 eo
566 1659 611 1684 per
631 1651 794 1684 baptismum
811 1652 944 1678 morimur
960 1656 1043 1685 atque

259 1691 445 1719 inbumamur.
468 1693 517 1720 llic
532 1694 592 1720 fidei
614 1695 808 1721 adtniniculutn
833 1703 864 1722 ac
890 1696 1041 1722 subsidium

259 1741 310 1764 est.
339 1737 398 1764 Duo
420 1739 519 1773 quippe
542 1739 639 1766 salutis
671 1740 743 1766 modi
770 1744 835 1767 sunt
858 1740 928 1767 inter
954 1748 982 1767 se
1007 1740 1042 1766 ita

259 1783 384 1813 connexi.
412 1788 441 1810 ut
466 1785 540 1811 nulla
563 1785 666 1812 ratione
690 1786 809 1819 separari
826 1790 936 1820 queant.
965 1786 1043 1814 Fidcs

258 1829 331 1855 enim
354 1836 401 1863 per
422 1829 586 1864 baptismum
612 1831 758 1865 perficitur,
784 1833 959 1866 numerisque
986 1833 1044 1860 suis

258 1875 391 1902 ontnibus
409 1877 570 1904 absolvitur.
594 1877 745 1912 Baptismus
762 1883 852 1906 autem
870 1879 930 1906 ﬁtit'i
947 1879 1044 1906 funda-

260 1926 352 1949 mento
378 1922 481 1955 nititur,
507 1931 538 1950 ac
560 1924 685 1959 prmcedit
711 1924 822 1959 quidem
848 1924 984 1952 confessio
1009 1925 1043 1952 ad

259 1967 374 1994 Stitllclll
395 1975 444 1995 nos
468 1969 644 1997 introduci-ns
660 1979 667 1997 :
683 1971 861 2004 subsequitur
884 1975 974 1998 autem
998 1971 1044 1998 ba-

261 2013 390 2045 ptismus,
407 2013 467 2040 lidei
480 2022 622 2042 assensum
637 2015 716 2043 nobis
727 2016 886 2051 obsignans.
899 2015 966 2043 Nam
981 2024 1043 2044 cum

262 2057 440 2091 baptizamur.
462 2066 537 2086 certo
559 2067 583 2087 et
600 2061 738 2088 luculento
752 2067 912 2095 argumento
927 2069 976 2089 nos
993 2062 1045 2089 title

261 2103 389 2136 praeditos
411 2110 473 2130 esse
494 2105 699 2131 confirmamus.
720 2104 769 2132 llic
787 2106 885 2133 mentis
902 2106 1043 2140 perfectio.

262 2148 338 2176 Mens
357 2149 428 2175 enim
444 2154 554 2182 pet-cato
573 2158 748 2184 progressum
775 2151 862 2184 ipsius
881 2151 1046 2185 impedit-nte

261 2193 336 2219 rudis
365 2198 445 2227 atque
480 2193 638 2228 imperfecta
667 2196 792 2223 manebat
824 2206 830 2224 :
855 2205 926 2224 nunc
953 2203 1044 2224 autent

261 2239 378 2265 naturali
394 2247 538 2274 progressu
554 2244 580 2266 ct
595 2240 763 2272 incremento
777 2248 884 2277 recepto
898 2243 1044 2277 perfectio-

262 2291 324 2310 nem
346 2292 422 2312 suam
447 2285 603 2319 assequitur
630 2294 662 2313 ac
683 2287 825 2315 deiformis
847 2289 973 2316 ellicitur.
995 2288 1043 2317 llic

261 2329 347 2356 clavis
365 2330 440 2364 regni
459 2330 588 2363 C(Blestis,
619 2331 684 2358 illud
704 2332 826 2359 videlicet
848 2333 880 2359 iis
894 2334 939 2368 qui
958 2334 1045 2366 bapti-

260 2376 311 2402 smi
329 2377 408 2410 aquis
425 2377 565 2412 tinguntur
592 2379 726 2411 aperiens.
748 2378 797 2406 llic
817 2379 877 2405 vita:
893 2385 1045 2406 commuta-

260 2422 309 2454 tio,
322 2430 459 2456 corporea:
471 2423 576 2450 scilicet
590 2429 614 2450 ct
626 2423 767 2458 ﬂagitiosa:
781 2425 814 2452 ad
830 2426 999 2460 spi'ritualcm
1015 2432 1042 2454 ct

258 2467 391 2495 divinam.
419 2468 467 2495 llic
490 2470 630 2497 servitutis
650 2471 800 2503 abt'ogatio,
831 2479 861 2497 ac
881 2479 928 2505 pro
952 2473 1042 2499 servili

259 2512 423 2546 dejectione.
444 2514 522 2548 plena
537 2521 562 2541 et
581 2515 669 2542 soluta
684 2515 805 2543 libertas.
823 2515 873 2543 Per
888 2524 950 2544 eum
971 2518 1043 2544 enim

261 2558 378 2586 filiorum
395 2559 569 2594 adoptionem
585 2561 731 2595 recipimus
750 2571 755 2588 :
770 2571 801 2589 ac
815 2563 928 2596 proinde
945 2563 1045 2590 clamat

259 2603 360 2632 Paulus
376 2614 383 2633 :
399 2605 469 2640 Ergo
481 2615 530 2632 non
543 2607 600 2641 jam
615 2616 640 2633 es
656 2616 756 2639 serius,
771 2609 813 2634 sed
827 2609 900 2642 [ilius
913 2616 921 2634 :
936 2610 1006 2643 quod
1020 2609 1043 2636 si

258 2653 343 2685 (ilius,
359 2659 382 2680 et
397 2654 478 2680 Itwres
496 2654 542 2680 Dei
557 2655 590 2681 ".
609 2654 657 2681 llic
674 2656 843 2682 vinculorum
862 2657 972 2688 solutio,
992 2657 1043 2684 hoc

216 2726 219 2730 ,
257 2705 310 2731 est,
329 2699 474 2727 adfectuum
494 2700 578 2726 animi
594 2705 618 2727 et
636 2702 749 2735 peccati.
770 2701 818 2728 llic
833 2703 1043 2736 composLtionis

296 2799 316 2813 ”
331 2799 339 2825 Ι
357 2799 429 2826 Pctr.
448 2807 487 2830 ιιι,
507 2799 552 2826 2!.
593 2800 613 2817 "
627 2800 703 2828 ῐιωιιι.
723 2808 781 2834 xui,
803 2803 842 2829 li.

1089 316 1244 346 Cont'Cl'sit),
1273 321 1300 342 ct
1324 316 1407 342 totius
1438 322 1534 341 massae
1559 319 1586 340 et
1609 314 1818 347 temperamenti
1850 313 1877 339 in

1089 365 1187 391 melius
1222 371 1253 390 ac
1280 363 1427 398 peifrctius
1456 362 1599 388 immutata
1627 361 1715 391 ratio,
1747 359 1878 386 nimirum

1089 409 1179 435 anima
1199 407 1231 434 ad
1250 407 1362 433 meliora
1378 409 1550 440 properante,
1574 412 1689 438 corpore
1702 408 1792 429 autem
1814 403 1880 429 sub-

1089 459 1231 489 sequente,
1256 461 1304 480 nec
1320 453 1347 479 in
1367 453 1505 479 diversum
1527 451 1640 477 nitente.
1660 450 1766 483 Quippe
1784 450 1878 479 homo,

1088 501 1179 527 anima
1195 504 1220 526 et
1235 506 1348 533 corpOrc
1362 502 1503 529 constans,
1520 504 1566 531 per
1587 496 1753 530 baptismum
1773 495 1879 521 sancti-

1089 546 1196 572 ﬁcalttr.
1217 546 1254 571 Ar.
1275 551 1308 570 ne
1325 544 1415 570 omnia
1431 549 1654 570 commemorem.
1671 548 1731 574 quae
1747 539 1878 573 baptismi

1089 592 1174 626 gratia
1203 591 1344 624 poIIFcctur
1375 593 1402 615 ct
1435 588 1567 623 porrigit,
1598 587 1650 613 hoc
1677 585 1800 613 omnium
1832 584 1877 610 l).i

1089 638 1283 665 beneﬁciorum
1300 635 1557 670 przestantissimnm
1572 638 1625 660 est.
1641 632 1674 660 Lit
1686 632 1760 658 enim
1780 631 1877 657 intima

1088 685 1172 712 divini
1195 683 1286 717 templi
1311 690 1385 717 pars.
1412 681 1512 707 Sancta
1538 685 1697 706 sanctorum
1722 677 1877 706 ιιὶριιιηιιιιτ,

1089 731 1162 757 velut
1187 729 1321 755 uberioris
1344 727 1497 754 Sanctitatis
1512 726 1669 759 particeps;
1691 729 1717 750 et
1743 722 1877 757 nzystitus

1090 777 1246 803 Salomonis
1261 775 1378 805 libellus,
1394 774 1506 800 Cantica
1524 773 1693 799 canticotutn
1713 771 1875 804 appellatur.

1089 822 1161 848 vtlut
1182 821 1289 848 creti-ris
1311 819 1482 855 pra'stztntior
1506 825 1587 853 atque
1611 817 1745 850 insignior
1761 824 1767 841 :
1781 815 1878 853 eodem

1090 877 1197 903 quoque
1223 868 1304 894 modo
1326 867 1478 901 baptismus
1502 869 1612 899 propter
1635 863 1764 890 eximiam
1793 861 1879 895 ipsius

1090 915 1248 948 dignitatem
1275 913 1445 939 llluminatio
1472 915 1607 943 vocatur,
1634 917 1689 936 non
1717 909 1790 943 quod
1819 907 1879 935 alia:

1091 969 1200 996 quoque
1224 959 1360 994 spiritales
1376 959 1469 992 gratia:
1486 955 1657 983 illttminandi
1679 955 1732 980 vim
1757 962 1810 979 non
1833 953 1880 978 ha-

1092 1008 1182 1038 beant,
1209 1006 1255 1032 sed
1279 1005 1342 1040 quia
1363 1004 1415 1030 illis
1441 1003 1586 1030 sanctitate
1610 1004 1728 1035 praestat,
1746 1006 1779 1025 ac
1804 997 1880 1024 solus

1091 1061 1185 1079 otnucs
1204 1052 1298 1078 sordes
1316 1049 1412 1079 abluit.
1430 1047 1612 1082 tnorlalesque
1628 1046 1753 1075 illustrat,
1774 1052 1805 1070 ac
1824 1043 1878 1069 Deo

1091 1099 1210 1132 adoptat,
1224 1097 1387 1130 Christoque
1402 1094 1552 1128 coniungit.

1125 1144 1184 1172 Col.
1199 1143 1251 1170 36'}
1265 1142 1296 1170 C.
1319 1140 1548 1174 Quemadmodum
1565 1143 1653 1164 autem
1670 1137 1806 1167 Christus,
1824 1141 1878 1162 etc.

1093 1190 1326 1224 Quemadmodum
1353 1187 1479 1214 Christus
1498 1185 1625 1219 baptismi
1647 1185 1763 1211 donator
1787 1184 1880 1209 multis

1094 1237 1251 1263 nominibus
1277 1234 1428 1268 appellatur
1454 1232 1578 1266 (vocatur
1600 1231 1672 1257 enim
1697 1229 1791 1258 Filius,
1812 1237 1878 1260 quo-

1093 1284 1165 1310 niam
1193 1281 1310 1309 essentia
1334 1280 1403 1306 izlt-m
1430 1286 1491 1305 cum
1513 1278 1592 1304 Patre
1618 1281 1681 1308 est;
1706 1274 1878 1310 Uuigcnitus,

1093 1329 1155 1364 quia
1176 1327 1307 1361 singulari
1333 1325 1412 1352 tnodo
1432 1325 1537 1358 gcnilus
1554 1327 1606 1354 est.
1631 1327 1658 1349 et
1681 1330 1735 1348 non
1769 1326 1798 1347 tit
1820 1328 1880 1347 cor-

1094 1382 1177 1409 pora;
1205 1372 1334 1404 \‘crbum,
1353 1376 1463 1405 propter
1484 1369 1688 1404 generationem
1705 1366 1879 1401 perpessione

1095 1420 1167 1447 omni
1188 1422 1344 1449 vacantem;
1368 1416 1517 1450 Sapientia,
1539 1419 1567 1441 ut
1582 1414 1674 1441 omnia
1696 1413 1806 1447 cognita
1831 1413 1879 1438 ba-

1096 1467 1181 1498 hcns;
1205 1464 1322 1495 Vtritas,
1341 1469 1369 1490 ut
1393 1467 1488 1488 natura
1514 1469 1610 1491 unum,
1638 1467 1670 1486 ac
1693 1466 1746 1485 non
1776 1458 1878 1487 mula;

1097 1512 1164 1542 Lux,
1183 1516 1211 1537 ut
1235 1510 1388 1536 aniuarum
1417 1507 1564 1541 splendor;
1581 1505 1702 1534 Justiti-.1,
1729 1509 1758 1530 ut
1775 1503 1877 1538 pra‘mii

1097 1564 1129 1584 ac
1147 1564 1232 1590 poetae
1250 1563 1298 1587 pio
1322 1556 1455 1588 cujusque
1479 1553 1575 1580 merito
1600 1552 1780 1582 distiibutor;
1809 1549 1878 1576 Sati-

1098 1603 1236 1632 ctilicatio.
1254 1608 1283 1629 ut
1297 1602 1418 1636 pttritas;
1435 1599 1606 1633 Redemptio,
1625 1603 1654 1624 ut
1671 1605 1721 1623 nos
1739 1604 1753 1622 a
1769 1599 1879 1630 peccato

1095 1650 1219 1676 tletcntos
1240 1649 1265 1674 in
1292 1648 1442 1674 libertatem
1466 1652 1613 1677 assert-us;
1642 1642 1827 1673 ιιι-διιττυριιυ,
1851 1645 1879 1665 ιιι

1095 1702 1146 1722 nos
1171 1699 1310 1721 emortuos
1334 1694 1367 1720 ad
1394 1693 1476 1718 vitam
1503 1697 1652 1720 revocans;
1676 1688 1752 1719 Ovis,
1781 1693 1810 1713 ut
1839 1686 1880 1711 vi-

1095 1743 1192 1774 ctima;
1208 1742 1311 1776 Agnus,
1329 1744 1359 1767 ut
1374 1739 1512 1774 perfectus
1526 1746 1534 1769 ;
1556 1735 1691 1766 Pontifex,
1703 1740 1734 1761 ut
1748 1734 1880 1761 concilia—

1096 1793 1137 1814 tor
1153 1791 1177 1813 ct
1193 1788 1356 1821 perductor;
1373 1785 1457 1819 Ignis,
1473 1789 1501 1810 ιιι
1521 1783 1604 1809 levem
1626 1781 1765 1807 materiam
1787 1788 1881 1813 rt'pttr-

1095 1840 1179 1867 gans;
1196 1831 1352 1862 Gladius,ut
1367 1830 1468 1856 bontttn
1486 1837 1501 1856 a
1518 1828 1588 1854 malo
1602 1827 1743 1857 dividens;
1757 1824 1879 1851 ventila-

1098 1881 1186 1912 brum,
1202 1885 1231 1907 ut
1249 1886 1341 1906 aream
1356 1885 1492 1912 purgans;
1510 1875 1632 1906 Securis,
1649 1878 1678 1900 ut
1698 1872 1881 1906 improbitatis

1097 1927 1201 1954 radices
1218 1924 1371 1959 evcidens),
1397 1923 1491 1950 eodem
1511 1922 1592 1948 modo
1605 1925 1632 1947 et
1648 1920 1749 1947 Christi
1768 1919 1882 1949 donum,

1096 1974 1121 2000 id
1141 1977 1183 2000 est
1202 1971 1365 2005 baptismus,
1389 1969 1463 1996 varie
1487 1975 1519 1994 ac
1542 1966 1734 2000 multipliciter
1759 1971 1881 1995 vocatur,

1096 2017 1326 2053 quemadmodum
1344 2020 1371 2042 et
1384 2015 1470 2041 Scalae
1486 2014 1633 2048 pedagogo
1649 2012 1688 2046 (8)
1705 2012 1793 2046 placet
1806 2019 1812 2037 :
1827 2010 1882 2037 sive

1096 2073 1127 2092 cx
1142 2065 1211 2091 tniro
1225 2062 1342 2098 quodam
1361 2061 1471 2092 aﬂ‘eclu,
1489 2061 1540 2086 hoc
1553 2063 1606 2088 est,
1621 2066 1653 2084 ex
1669 2056 1782 2091 profuso
1799 2055 1881 2082 animi

1096 2111 1196 2146 gaudio
1219 2110 1247 2136 id
1269 2109 1348 2135 nobis
1373 2105 1514 2136 acciderit,
1541 2111 1568 2131 ut
1584 2105 1692 2131 diversa
1710 2103 1747 2129 illi
1772 2102 1881 2128 nomina

1097 2157 1293 2190 imponamus:
1310 2153 1368 2180 sive
1391 2160 1440 2186 pro
1470 2151 1662 2185 multiplicium
1683 2148 1812 2182 baptismi
1836 2148 1882 2174 be-

1098 2203 1254 2229 ueliciorum
1280 2201 1385 2227 ratione
1404 2198 1477 2225 varia
1491 2205 1600 2232 quoque
1615 2197 1639 2223 ci
1656 2191 1767 2222 nomina
1783 2195 1881 2221 tributa

1099 2247 1209 2278 fuerint,
1232 2255 1286 2273 tino
1304 2254 1414 2281 quoque
1438 2245 1562 2271 videlicet
1583 2242 1714 2270 beneficio
1729 2241 1881 2275 appositum

1096 2299 1122 2320 et
1151 2301 1302 2326 congruum
1332 2299 1431 2319 nomen
1456 2294 1627 2325 procreante.
1657 2288 1778 2315 Primum
1809 2286 1882 2312 cnim

1097 2348 1157 2365 cuttt
1190 2339 1291 2366 donum
1323 2344 1470 2367 voramus,
1495 2336 1559 2369 quia
1590 2335 1668 2361 nobis
1698 2333 1772 2360 nullo
1809 2333 1882 2366 prius

1096 2385 1190 2411 labore
1209 2388 1337 2418 suscepto
1359 2390 1391 2409 ac
1406 2389 1518 2408 munere
1536 2381 1627 2407 oblato
1653 2379 1738 2413 gratis
1759 2377 1882 2411 imperti-

1097 2435 1150 2457 tur.
1179 2429 1279 2455 Deinde
1306 2428 1482 2461 baptismum,
1510 2425 1574 2460 quia
1598 2429 1740 2459 peccatum
1757 2422 1789 2448 in
1813 2429 1882 2455 aqua

1097 2475 1238 2510 Sepelitur.
1257 2473 1333 2500 Tune
1350 2473 1504 2500 unctionem
1521 2479 1582 2498 cum
1595 2470 1712 2500 Joanne,
1730 2474 1759 2495 ut
1775 2475 1882 2494 sacrum

1095 2526 1122 2547 ct
1141 2522 1256 2555 regium.
1282 2519 1445 2546 Sacerdotes
1471 2519 1543 2544 enim
1563 2522 1591 2543 et
1606 2524 1682 2551 reges
1698 2516 1777 2550 juxta
1803 2513 1882 2540 lllosis

1095 2568 1179 2602 legem
1199 2566 1379 2601 ungebautnr.
1397 2564 1626 2590 llluminationem
1648 2569 1724 2593 vero,
1742 2565 1771 2587 ut
1792 2560 1876 2593 splen-

1093 2613 1207 2643 dorcm.
1238 2617 1264 2638 et
1292 2612 1354 2646 quia
1379 2619 1426 2645 per
1451 2618 1514 2636 cum
1539 2614 1661 2637 Satictam
1691 2608 1764 2633 illam
1795 2607 1880 2632 ΙιιυιῚΙΙ

1094 2659 1242 2688 intuemur.
1261 2662 1340 2692 atque
1357 2657 1390 2682 ad
1412 2656 1534 2683 divinum
1556 2663 1656 2681 numen
1683 2652 1881 2687 inspiciendum

1094 2705 1233 2731 oculorum
1253 2703 1312 2730 acie
1334 2703 1479 2738 pollemus.
1506 2701 1607 2728 Adbaic
1625 2698 1842 2727 immortalitatis
1858 2700 1881 2723 et

881 2803 903 2818 ¹⁰
916 2801 1003 2829 Galat.
1020 2811 1056 2836 tv,
1074 2802 1100 2831 7.
1113 2819 1115 2822 -

296 2889 491 2928 (San-iannrut
514 2890 663 2928 Climacntn
698 2891 838 2926 intelligit,
870 2891 1039 2919 cclvbcrrimi
1071 2893 1140 2927 apud
1169 2893 1277 2923 (ξι-προς
1296 2895 1415 2923 nominis
1451 2894 1558 2925 \il'lllll,
1587 2891 1632 2928 qui
1653 2890 1785 2918 eximium
1804 2887 1867 2916 libcl

260 2921 315 2949 iam
332 2923 417 2951 Smhc
434 2925 510 2952 titulo
527 2925 620 2952 cdidil.
