2027 3162
170 194 237 226 ῙΞίθ

661 197 820 228 ΝἱίῖΕΤΛΞ
842 199 880 228 ΙΝ
900 199 1009 229 ΟΠΛΤ.
1032 200 1080 230 XL
1100 201 1132 233 S.
1151 202 1264 233 GItEG.

1719 209 1785 242 liii)

168 248 382 285 i.n-orrttptionis
412 252 612 283 indumentum.
633 254 711 289 juxta
735 256 986 283 (IonstitnnouesA
1003 255 1084 282 etiam
1111 257 1144 284 ad
1176 265 1325 292 perpaucos
1355 259 1490 292 homines,
1522 269 1570 288 eos
1601 269 1709 296 nempe.
1737 264 1783 298 qtti

167 297 338 330 apostolieas.
353 303 380 324 ut
397 297 515 325 infamia:
529 304 556 325 et
576 299 682 326 decoris
700 301 919 335 integumentum
939 310 946 328 :

167 343 272 369 ohtt-cta
292 343 363 370 enim
384 345 553 378 turpituditte
577 350 603 372 ot
621 345 732 373 infamia
755 355 805 374 nos
822 347 947 375 incorru-

169 388 259 422 ptione
272 394 297 414 et
311 389 514 418 immortalitate
528 393 672 425 convestit,
688 394 806 420 animam
820 395 948 421 videlicet

171 440 184 459 a
207 433 309 465 peccati
332 435 496 468 cerruptela,
513 440 542 462 ιιι
557 437 632 469 olim,
655 445 750 471 puram
767 443 792 465 et
814 439 946 473 integram

167 478 291 505 reddens.
309 478 459 506 Lavacrum
477 483 702 515 regenerationis,
719 483 781 516 qttia
803 492 850 518 per
871 492 945 515 eum,

164 528 204 550 est
220 524 289 557 apud
308 523 433 557 Paulum,
450 533 559 560 peccata
578 528 736 562 projicimus
760 535 786 556 et
817 530 944 557 eluitnus.

165 568 288 603 Sigillum
316 571 435 606 insuper,
464 573 592 606 quoniam
618 581 665 608 per
694 583 756 601 eum
783 576 943 610 consiguali,

164 616 307 649 cnjusnam
325 616 428 643 domini
455 625 561 650 sumus.
586 620 790 653 cognoscimur.
813 625 894 655 atque
914 622 947 648 ab

165 661 272 689 irsidiis
286 663 335 689 tuti
355 671 559 691 conservantur.
569 664 644 698 Quod
663 666 735 693 euiut
755 667 843 701 sigillo
855 667 947 701 aliquo

165 712 286 734 notatum
298 714 350 740 est,
361 709 449 736 furum
465 711 632 745 aggressioni
645 712 755 739 minime
767 717 849 747 patet.
862 714 946 741 Porro

165 754 304 780 nominum
336 756 535 783 enumerationi
574 756 749 791 Signaculum
776 765 946 793 postremum

163 798 462 840 imposuimnspvelut
493 810 524 828 ea
552 803 728 838 obsignantes
757 809 838 840 atque
866 807 947 832 obtir-

164 848 280 870 tutantes.
308 844 376 871 [luic
402 845 572 879 gratulantur
598 847 669 873 coeli.
697 847 791 874 Liceat
816 850 887 876 enim
912 849 946 876 ad

163 889 254 921 gaudii
290 891 531 924 amplificationem
547 913 554 923 ,
580 893 709 929 lmliliani'
729 902 837 929 quoque
865 896 946 924 rebus

163 933 291 962 inanimis
322 936 451 964 tribuere.
490 937 562 969 Aut,
597 939 619 965 si
651 941 753 969 mavis.
785 949 831 974 per
865 931 984 970 rmlosB

165 981 362 1014 svneedoehice
385 982 509 1010 emlestes
535 984 647 1018 angelos
671 985 798 1020 intelligo,
816 986 863 1021 qtti
886 995 946 1021 pro-

164 1031 222 1058 pter
247 1026 388 1054 hominum
416 1028 530 1054 salutem
554 1036 600 1062 per
615 1030 779 1064 baptismum
807 1037 944 1066 acceptam

163 1071 261 1103 gaudio
291 1073 440 1098 ell'eruutnr
465 1073 619 1108 (Caudium
654 1076 726 1102 enim
753 1081 792 1102 est
829 1077 857 1104 in
883 1078 946 1104 uelo

161 1123 240 1149 super
256 1125 306 1143 uno
324 1123 458 1151 peccatore
469 1120 649 1153 pmnilentiam
668 1126 759 1156 agente
773 1121 831 1157 ¹⁰“),
851 1129 883 1150 ac
900 1123 947 1150 ba-

161 1162 253 1195 ptismi
273 1163 499 1192 illuminationem
519 1170 627 1200 propter
653 1166 808 1200 splendoris
831 1168 946 1196 afﬁnita-

163 1208 215 1232 tem
241 1207 391 1236 celebrant.
413 1208 518 1236 Etenim
542 1210 587 1237 hic
603 1218 713 1246 quoque
733 1213 879 1247 praeclarus
903 1220 945 1242 est

161 1258 194 1278 ac
214 1252 334 1285 divinus,
353 1259 378 1281 et
399 1255 517 1283 cmlestis
543 1255 718 1285 beatitudinis
733 1259 833 1294 imago,
854 1261 946 1295 splen-

160 1295 290 1331 dorisque
308 1298 446 1332 jUstOI'um
473 1305 499 1327 et
514 1301 574 1328 vitae
602 1302 728 1330 rediviva:
753 1304 849 1339 figura.
877 1306 943 1334 Nam

160 1348 317 1375 quteaevnm
337 1344 401 1371 illud
427 1347 578 1374 secundum
595 1353 719 1376 naturam
747 1351 836 1383 habet,
857 1360 886 1379 ea
907 1353 943 1387 hi,

160 1388 206 1422 qui
233 1389 373 1417 salutifera
398 1399 469 1426 aqtta
497 1393 708 1428 perfunduntur,
741 1397 943 1433 anticipantes,

160 1434 252 1461 animo
266 1441 292 1462 ct
309 1437 448 1465 voluntate
463 1446 659 1474 assequuntur.

193 1480 252 1507 Col.
272 1482 323 1509 3ϋό
353 1482 382 1509 Β.
404 1484 440 1510 Ac
452 1485 557 1519 quidem
582 1486 651 1513 Deus
672 1496 804 1516 summum
825 1495 850 1516 et
870 1491 944 1518 ina/:-

159 1526 277 1553 cessibile
293 1527 379 1554 lumen
395 1535 444 1560 est,
462 1535 514 1558 etc.
537 1531 607 1558 Deus
625 1533 714 1560 lumen
737 1540 789 1567 est,
805 1544 941 1564 sumntum

157 1572 280 1605 quidem,
311 1578 340 1600 ut
367 1575 491 1610 principii
513 1585 608 1611 expers
633 1583 660 1606 et
688 1580 817 1614 primum,
846 1583 885 1609 vel
914 1588 942 1610 ιιι

158 1619 326 1650 ιιτιιλερηιιιιδ,
352 1622 533 1656 omnibusque
555 1624 636 1652 rebus
652 1626 797 1659 superius;
823 1628 942 1656 inacccs-

158 1663 236 1691 sibile
250 1671 350 1697 autctn,
370 1667 430 1700 quia
444 1674 552 1702 propter
567 1671 720 1704 splendoris
736 1674 940 1702 exuberantiam

157 1716 171 1735 a
193 1711 303 1738 uentiue
325 1713 439 1746 perferri
468 1719 565 1748 potest.
595 1716 685 1751 Neque
707 1718 779 1745 enim
796 1720 941 1754 quisquam

158 1761 210 1787 est,
227 1757 274 1790 qui
299 1757 386 1791 ipsum
410 1759 520 1786 intentis
545 1762 632 1788 oculis
647 1770 759 1791 cernere
778 1771 868 1799 queat.
885 1767 943 1793 Hoc

157 1800 250 1829 lumen
268 1804 339 1830 nulla
357 1805 480 1832 oratione
494 1807 608 1842 exprimi
624 1813 724 1843 potest,
749 1811 834 1838 multo
851 1816 940 1838 autem

156 1848 250 1875 minus
264 1849 357 1876 animo
381 1851 505 1886 intelligi.
522 1852 614 1887 Neque
629 1854 701 1881 enim
718 1856 836 1883 humana
853 1863 942 1884 mente

157 1892 229 1921 Deus
246 1896 346 1930 percipi
373 1901 471 1931 potest,
493 1906 545 1926 nec
572 1900 632 1934 ejus
662 1902 819 1934 magnitudo
839 1903 942 1936 cogita—

157 1940 232 1968 tione
255 1944 457 1976 comprehendi.
479 1945 548 1977 Quin
580 1946 662 1972 etiam
694 1947 759 1978 ille,
789 1948 812 1974 si
839 1947 942 1976 Platoni

157 1987 307 2018 credimus.
330 1989 380 2016 hoc
400 1995 441 2016 est
457 1990 482 2016 iu
510 1991 738 2026 intelligibilibus,
757 1993 829 2027 quod
854 1995 893 2021 sol
915 1995 941 2021 in

159 2031 192 2059 iis
211 2042 271 2067 qua:
285 2042 304 2059 si
316 2043 394 2062 nsmn
410 2042 527 2063 movent.
545 2036 578 2063 Ut
591 2038 663 2064 enim
676 2038 719 2065 hic
733 2039 830 2070 oculis,
851 2040 885 2067 ita
899 2041 943 2068 ille

157 2079 241 2105 menti
255 2080 342 2106 lucelli
370 2080 464 2114 aliert;
486 2089 634 2117 rursusque
652 2088 681 2109 ιιι
706 2083 749 2110 hic
764 2086 856 2110 omnia
883 2093 943 2120 qua:

157 2130 268 2158 aspectu
293 2126 459 2159 sentiuntur,
488 2127 524 2155 ita
544 2128 588 2155 ille
614 2130 706 2157 omnia
732 2138 791 2165 quae
805 2132 896 2159 animo
914 2138 941 2160 ct

156 2169 264 2196 ratione
277 2170 463 2205 intelliguntur
481 2173 684 2206 pulchritudine
698 2175 845 2201 antecellit.
861 2175 941 2203 Scala

157 2223 241 2248 porro
261 2222 343 2250 atque
359 2225 491 2244 ascensus
506 2218 538 2244 ad
557 2218 627 2245 hanc
640 2220 824 2253 cognitionem
849 2221 942 2256 hujus-

155 2262 230 2289 moili
248 2270 309 2290 esse
324 2268 414 2298 queat.
430 2265 559 2297 Purgatio
579 2265 651 2293 enim
667 2267 699 2293 ad
717 2267 938 2302 imaginationem

156 2307 294 2342 animique
320 2309 452 2336 visionem
478 2311 621 2344 subvehit,
643 2312 694 2339 hoc
718 2317 776 2344 est,
804 2313 875 2339 actio
906 2314 939 2340 ad

156 2357 429 2390 contemplationem,
451 2358 611 2393 imaginatio
637 2364 728 2386 autem
758 2360 790 2386 ad
819 2367 939 2387 amorem

156 2399 238 2434 erigit
264 2407 371 2436 propter
401 2404 565 2439 voluptatem
594 2405 726 2434 divinitus
757 2414 940 2435 emanantem.

157 2444 242 2472 Antor
256 2447 373 2482 denique
393 2449 426 2476 ad
446 2450 665 2486 intelligentiam,
681 2459 741 2486 quae
766 2452 941 2487 imaginatio-

158 2497 220 2517 nem
240 2492 357 2526 puritate
371 2499 396 2519 et
414 2496 605 2528 perspicuitate
625 2498 773 2524 antecedit.
791 2498 889 2532 Atque.
910 2502 939 2525 ut

157 2542 215 2562 rem
242 2537 314 2564 brevi
341 2539 525 2573 complectar.
547 2546 677 2576 quantum
708 2544 824 2577 quiSqne
847 2548 938 2575 amat,

158 2585 264 2609 tantum
291 2591 398 2617 quoque
419 2586 506 2612 reruit
531 2592 613 2619 atque
637 2588 762 2620 intelligit
784 2593 939 2623 :quantum

159 2634 257 2656 rursus
279 2629 413 2663 intelligit,
446 2635 550 2658 tantum
579 2633 660 2658 etiam
690 2638 763 2659 amat
781 2642 788 2660 :
805 2639 884 2668 atque
905 2635 940 2660 ita

160 2674 272 2706 pulchre
295 2675 339 2702 hic
363 2675 438 2702 orbis
463 2676 590 2702 volvitur.
612 2677 732 2704 Movetur
754 2682 844 2704 autem
871 2678 942 2706 Deus

161 2720 203 2746 sui
225 2721 311 2755 ipsius
331 2721 571 2756 contemplatione,
586 2727 666 2756 atque
682 2723 740 2757 ipse
760 2731 774 2750 a
797 2731 826 2750 se
847 2726 942 2758 cogni-

162 2765 235 2793 tione
251 2767 492 2801 comprehenditur
509 2775 516 2794 :
533 2768 565 2794 ad
577 2772 687 2795 externa
704 2776 767 2795 vero
779 2777 827 2804 per
843 2769 942 2797 illumi-

162 2812 300 2839 natiouem
314 2820 394 2847 parce
405 2813 586 2839 dill'unditur:
606 2821 654 2840 ttec
668 2818 772 2840 tantum
790 2822 880 2849 parce,
894 2816 940 2842 sed

196 2897 228 2914 ’θ’
241 2897 306 2925 Luc.
324 2906 368 2931 xv,
385 2899 409 2927 7.
447 2900 469 2915 "
482 2898 576 2927 Matth.
593 2908 617 2931 ν,
640 2900 682 2927 Η.

1000 308 1116 329 mentem
1127 311 1158 330 ac
1171 305 1300 336 rationem
1314 307 1512 341 perpurgarint.
1524 308 1562 334 Ae
1571 307 1712 336 Trinitatis
1723 317 1784 342 pro-

999 348 1088 381 prittnt
1114 354 1165 381 est,
1190 355 1294 378 naturae
1320 352 1449 379 identitas
1474 358 1501 379 et
1528 354 1672 381 itu-lfabilis
1706 356 1782 388 unio,

999 397 1081 428 alqttc
1101 402 1152 421 una
1166 399 1191 422 et
1203 397 1297 422 eadem
1313 398 1467 426 exsilientis
1488 400 1640 432 splendoris
1657 402 1781 436 emissio,

1000 439 1110 472 perinde
1122 448 1153 467 ac
1167 441 1189 468 si
1210 442 1255 476 qui
1273 447 1328 469 tres
1344 442 1416 470 faces
1429 446 1502 471 ontni
1519 453 1552 472 ex
1573 451 1646 479 parte
1668 448 1737 473 ittter
1753 455 1783 474 se

998 484 1116 518 mqttales
1139 486 1230 512 animo
1256 487 1337 520 ﬁngat
1353 489 1434 522 (quod
1460 490 1569 524 quidem
1603 491 1628 517 in
1648 492 1680 517 iis
1698 491 1780 519 rebus

999 537 1058 563 qua:
1083 531 1108 557 iit
1129 539 1238 559 sensum
1265 534 1366 560 cadunt
1392 535 1501 569 reperiri
1531 544 1581 562 nott
1607 538 1717 570 potest),
1740 543 1784 563 at-

998 583 1050 609 que
1084 584 1166 603 unum
1194 583 1219 604 et
1244 579 1369 606 eumdem
1395 580 1528 615 fulgorem
1560 590 1636 616 atque
1665 587 1691 608 et
1714 583 1781 609 citra

999 622 1078 648 ullam
1096 623 1258 650 divisionem
1287 633 1300 652 a
1320 626 1406 652 trihns
1424 627 1594 654 exsilientcm
1611 633 1634 654 et
1654 636 1782 655 entanan—

999 673 1062 695 lem.
1096 670 1214 697 Primum
1243 671 1326 706 igitur
1354 673 1443 699 lumen
1474 674 1544 701 Deus
1573 679 1634 705 est,
1663 678 1691 701 ut
1722 674 1781 701 exi-

999 713 1082 740 mium
1106 719 1186 749 atque
1214 717 1337 743 outuium
1370 718 1504 744 luminum
1526 719 1709 752 principium;
1738 727 1781 746 se-

998 757 1115 784 cundtnn
1141 764 1242 792 autem,
1260 761 1359 794 angeli,
1389 766 1418 787 ιιι
1441 762 1487 795 qui
1514 767 1575 796 post
1605 763 1687 789 Deum
1714 763 1780 795 sint,

976 801 1106 829 ’tamelsi
1131 803 1192 831 aliis
1219 806 1341 838 priores,
1371 807 1456 840 prima
1482 807 1569 833 lucida
1597 813 1692 834 natura
1722 812 1783 842 post.

956 1596 977 1626 C

999 848 1122 881 primam.
1151 851 1270 877 secunda
1288 851 1401 882 lumina,
1421 852 1543 886 primarii
1570 853 1681 880 luminis
1703 854 1781 885 radii,

998 894 1118 928 aliotque
1140 896 1219 930 pritni
1237 898 1347 923 luminis
1364 898 1569 930 inﬂationibus,
1586 907 1617 925 ae
1632 900 1705 927 velut
1721 908 1783 928 sca‘

1000 941 1116 974 tttrigine
1130 942 1329 970 collustranles.
1345 943 1462 979 Angelos
1480 953 1560 979 porro
1575 945 1653 979 primi
1671 946 1783 973 luminis

999 987 1086 1013 rivum
1112 992 1138 1014 et
1154 988 1391 1023 participationem
1416 991 1533 1024 appello,
1553 999 1606 1017 non
1627 992 1781 1019 secundum

998 1037 1136 1064 nalut'am,
1151 1041 1245 1059 verum
1262 1035 1411 1060 secundum
1433 1033 1606 1069 splendorem
1621 1039 1701 1068 atque
1718 1034 1781 1060 illu-

998 1078 1174 1105 minationcm
1203 1087 1217 1106 a
1244 1079 1300 1106 Deo
1326 1081 1503 1114 proﬂuentem
1521 1089 1527 1109 :
1544 1081 1630 1108 rivum
1659 1081 1780 1115 quidem,

996 1125 1059 1158 quia
1080 1133 1112 1153 ex
1130 1124 1183 1151 Deo
1206 1125 1248 1152 lux
1270 1125 1335 1160 ipsis
1354 1125 1519 1157 infunditur,
1544 1127 1780 1161 participationem

997 1175 1100 1202 autem,
1117 1170 1181 1204 quia
1200 1171 1356 1205 hujusmodi
1377 1172 1506 1206 splendor
1528 1172 1592 1206 ipsis
1615 1172 1780 1206 impertitur.

996 1218 1034 1244 Ac
1048 1218 1107 1244 vide
1118 1218 1350 1252 quemadmodum
1368 1219 1394 1245 in
1410 1220 1513 1254 angelis
1533 1227 1641 1254 quoque
1659 1224 1782 1246 contem-

995 1262 1080 1297 platio
1108 1267 1135 1290 et
1165 1264 1237 1290 actio
1258 1264 1373 1291 eluceat.
1403 1263 1501 1291 Mentis
1529 1264 1601 1291 enim
1633 1265 1665 1291 ad
1697 1265 1780 1291 Deum

996 1304 1136 1332 subvectio
1160 1312 1193 1331 ac
1216 1305 1316 1332 deﬁxio
1341 1305 1537 1339 contemplatio
1563 1310 1616 1337 est,
1636 1313 1684 1340 per
1699 1313 1780 1340 quam

996 1353 1028 1377 ad
1048 1350 1131 1377 Deum
1147 1350 1317 1380 eﬂ‘erunlur:
1333 1351 1514 1379 ministerium
1530 1359 1593 1378 vero
1608 1357 1689 1386 atque
1702 1351 1782 1378 obte-

995 1398 1089 1432 quium
1107 1397 1179 1425 actio
1198 1402 1250 1430 est,
1266 1405 1314 1432 per
1333 1406 1414 1432 quem
1433 1398 1531 1424 divinae
1547 1397 1639 1432 glorizc
1656 1397 1780 1424 celebra-

995 1445 1072 1476 tioni,
1095 1444 1211 1479 aliisque
1233 1446 1394 1472 muneribus
1421 1452 1447 1472 et
1471 1445 1567 1472 ofﬁciis
1593 1445 1781 1472 subserviunt.

995 1490 1129 1523 Quoniam
1144 1496 1235 1518 autem
1250 1491 1276 1518 in
1293 1492 1408 1519 ccelcstil
1422 1499 1453 1519 us
1465 1491 1628 1518 hierarchiis
1645 1491 1782 1517 illumina-

996 1535 1098 1560 tiontnn
1115 1535 1285 1562 diversitates
1307 1536 1455 1566 exsistunt,
1476 1544 1528 1562 non
1545 1544 1575 1562 ex
1594 1536 1734 1570 proposito
1753 1539 1781 1561 et

996 1579 1145 1611 voluntate,
1167 1580 1212 1606 sed
1230 1588 1262 1606 ett
1277 1585 1384 1612 natura,
1399 1586 1481 1615 atque
1497 1580 1541 1607 alii
1558 1580 1677 1606 divinam
1693 1581 1779 1607 lucem

997 1624 1081 1658 magis
1101 1624 1244 1656 complecti
1268 1632 1300 1652 ac
1330 1625 1448 1652 retinere
1475 1629 1602 1659 possunt,
1619 1625 1663 1651 alii
1689 1624 1780 1650 minus

995 1670 1073 1704 (adeo
1101 1676 1131 1697 ut
1151 1671 1188 1697 illi
1215 1671 1383 1703 immediate,
1407 1671 1496 1706 quoad
1524 1671 1582 1703 ejus
1601 1671 1657 1698 fieri
1679 1676 1778 1706 potest.

994 1723 1056 1742 Cum
1086 1724 1118 1742 eo
1145 1722 1307 1748 versentur,
1335 1717 1360 1743 hi
1392 1723 1483 1744 autem
1510 1718 1659 1751 primorum
1697 1724 1778 1750 opera

995 1762 1199 1794 collustrenlur,
1221 1763 1255 1788 ita
1278 1762 1407 1788 nimirum
1428 1763 1461 1789 ab
1476 1762 1535 1788 aliis
1554 1762 1586 1788 ad
1604 1763 1671 1788 alios
1694 1767 1733 1788 tra
1757 1770 1780 1787 s~

995 1808 1077 1834 missa
1095 1813 1122 1834 et
1137 1809 1247 1842 trajecta
1263 1808 1472 1839 illuminatioue,
1491 1816 1505 1833 a
1525 1809 1621 1841 primis
1641 1815 1727 1841 usque
1747 1809 1779 1832 a.|

994 1855 1155 1887 extremos),
1179 1853 1310 1879 addubito
1327 1857 1407 1887 atque
1424 1853 1544 1879 incertus
1571 1860 1632 1879 sutn
1656 1853 1721 1886 quid
1738 1853 1781 1878 di-

994 1905 1065 1929 cant,
1094 1906 1128 1924 an
1153 1898 1258 1925 scilicet
1281 1906 1331 1934 pro
1359 1899 1455 1925 classis
1483 1903 1508 1924 et
1532 1898 1657 1924 stationis
1683 1898 1779 1925 ordine

995 1943 1220 1970 illuminationem
1244 1943 1390 1977 accipiant,
1407 1950 1440 1969 au
1464 1947 1556 1968 contra
1574 1950 1622 1977 pro
1641 1942 1779 1968 illumina-

995 1989 1077 2016 lionis
1103 1988 1184 2015 ntudo
1208 1989 1331 2015 ordinem
1360 1997 1439 2016 suum
1469 1989 1596 2015 habeant.
1621 1987 1676 2014 lloc
1705 1993 1780 2015 certe

994 2035 1066 2065 dico.
1088 2034 1214 2062 caelestes
1239 2039 1266 2062 et
1287 2035 1379 2061 beatas
1404 2039 1521 2066 tuentes,
1550 2038 1689 2068 propterea
1706 2033 1779 2067 quod

993 2080 1049 2107 Deo
1075 2081 1234 2115 propinqua:
1269 2081 1324 2107 sint
1361 2081 1509 2115 primasque
1541 2079 1657 2113 printum
1687 2079 1779 2122 lumen

994 2126 1133 2156 hauriant.
1151 2134 1183 2153 ac
1205 2126 1380 2160 purissimum
1406 2126 1479 2153 illinc
1504 2125 1678 2160 splendorem
1709 2124 1781 2150 acci-

992 2172 1079 2207 piant,
1099 2173 1208 2199 uberins
1231 2181 1339 2209 quoqtte
1361 2172 1476 2201 fortasse
1501 2176 1528 2198 ct
1550 2170 1689 2205 copiosius
1717 2170 1780 2196 illit-

993 2219 1073 2246 sttari
1091 2227 1097 2245 :
1112 2219 1235 2253 aliosque
1253 2219 1306 2245 alio
1321 2219 1399 2245 umdo
1420 2226 1467 2253 pro
1489 2218 1625 2252 cujusque
1642 2221 1737 2243 natura
1753 2221 1780 2243 et

946 2262 980 2300 _D
994 2265 1090 2292 ordine
1114 2265 1275 2292 illuminari.
1295 2265 1415 2292 Tertium
1444 2265 1534 2290 lumen
1560 2264 1641 2290 homo
1663 2266 1714 2294 est,
1732 2263 1778 2296 qni

993 2310 1077 2336 etiam
1094 2310 1165 2343 apud
1181 2310 1310 2345 profanos
1323 2314 1450 2336 auctores
1466 2309 1525 2343 φῶς
1540 2309 1650 2338 dicitur,
1668 2309 1702 2334 οι)
1719 2315 1777 2333 eam

992 2355 1110 2383 fortasse
1126 2363 1248 2387 causam,
1265 2355 1327 2390 quia
1345 2356 1450 2382 ratione
1463 2355 1568 2389 prmditi
1586 2361 1691 2382 sumus.
1711 2353 1777 2380 Nam

993 2404 1066 2436 quod
1083 2402 1179 2428 oculus
1196 2407 1237 2428 est
1250 2402 1277 2428 in
1295 2409 1421 2435 corpore,
1440 2401 1490 2427 hoc
1506 2407 1583 2426 mens
1603 2404 1629 2427 ct
1649 2399 1717 2426 ratio
1737 2404 1779 2426 est

994 2448 1020 2474 in
1045 2447 1147 2478 anima,
1173 2453 1265 2481 utpote
1287 2455 1346 2473 eam
1365 2446 1467 2474 lumine
1494 2445 1667 2480 perfundens.
1692 2444 1778 2478 Λόγον

992 2493 1064 2521 enim
1081 2497 1191 2519 urentem
1209 2499 1302 2524 vocat;
1318 2491 1358 2519 vel
1383 2492 1463 2518 etiam
1482 2499 1528 2525 per
1543 2490 1621 2523 λόγον
1634 2497 1778 2516 sermonem

995 2539 1133 2573 intelligit.
1148 2537 1215 2564 Nam
1233 2538 1277 2564 hic
1294 2545 1402 2572 quoque
1416 2537 1523 2563 abditas
1540 2540 1621 2570 atque
1636 2531 1779 2562 abstrusas

996 2583 1142 2617 animoque
1166 2584 1286 2610 inclusas
1310 2583 1489 2617 cogitationes
1511 2581 1538 2608 in
1559 2581 1646 2608 lucem
1663 2579 1777 2615 profert.

996 2630 1055 2657 Jam
1074 2632 1144 2658 inter
1164 2631 1289 2658 homines
1308 2638 1418 2665 quoque
1438 2630 1455 2656 ii
1475 2630 1520 2664 qui
1537 2636 1583 2664 per
1599 2629 1726 2655 virtutem
1744 2628 1776 2654 ad

994 2677 1078 2704 Deum
1112 2678 1227 2712 propius
1252 2677 1406 2709 accedunt,
1440 2676 1530 2702 lumen
1568 2674 1715 2705 dicuntur,
1748 2679 1778 2700 ιιι

994 2723 1141 2750 dciformes
1155 2731 1186 2750 ac
1202 2723 1247 2750 Dei
1261 2723 1468 2750 similitudinem
1481 2721 1598 2748 assecuti
1613 2720 1683 2747 velut
1696 2720 1779 2746 disci-

993 2770 1062 2804 puli,
1079 2769 1111 2796 ad
1127 2777 1195 2804 quos
1214 2770 1315 2796 dictum
1342 2773 1404 2796 cst:
1427 2768 1477 2794 Vos
1500 2768 1562 2794 estis
1580 2767 1624 2793 (na:
1643 2765 1777 2792 mundi“.

994 2816 1125 2841 (Steterunt
1147 2815 1216 2842 Deus
1234 2816 1340 2850 proprie
1365 2815 1408 2842 lux
1441 2818 1498 2845 est:
1527 2813 1614 2847 angeli
1639 2817 1728 2837 autem
1752 2814 1779 2836 et
