2027 3162
261 199 327 231 1251

947 195 1138 226 ΛΒΠΕΝΟᾸ.

1817 199 1886 228 Ιὲὂὶ

256 256 380 282 homines
392 253 548 289 itrprnprie,
561 252 714 287 qnippequt
727 249 878 278 secundum
893 257 1040 284 supernam
1059 256 1078 280 Α
1096 250 1185 281 ιιι-Ιιτιι,
1202 249 1307 276 interna
1335 251 1458 278 videlicet
1483 251 1604 279 claritate
1630 251 1666 290 ad.
1692 259 1751 279 eam
1780 260 1888 287 quoque

257 301 467 328 illustrationem
495 299 646 333 gratiaeque
676 297 879 331 perceptionem
910 296 961 322 hoc
987 295 1045 321 clli-

258 347 380 373 ciuntttr.
408 346 494 379 Atque
520 345 577 370 luet:
600 343 711 377 quidem
739 343 842 368 lumina
870 347 990 369 mentem
1018 350 1044 367 (ν.

259 393 391 419 rationem
412 391 520 417 habent.
547 391 594 416 Est
613 395 704 416 autem
726 393 753 415 ct
777 388 849 415 aliud
866 388 956 414 lumeu
976 388 1044 414 alte-

257 438 314 465 rius
331 442 447 467 naturaa,
467 436 597 462 nimirum
613 435 717 461 ratione
734 439 815 468 alque
832 435 921 460 anima
937 441 1044 465 carens,

257 491 305 517 per
328 483 400 517 quod
419 487 443 508 et
462 482 619 516 primigena:
632 481 751 507 tenebrae
765 480 884 514 depulszr
903 484 975 509 sunt.
993 479 1044 506 hoc

255 528 367 560 est,'ad
392 533 499 562 tempus
523 527 633 561 fugatae,
653 532 692 558 et,
714 532 743 553 ιιι
761 526 909 553 dilucidius
934 526 1042 561 loquar,

258 573 404 600 intercisae.
422 573 495 599 Lure
512 574 584 599 enim
611 571 831 598 substantialiter
853 576 956 601 ereata.
975 577 999 598 et
1016 570 1042 597 in

257 627 347 646 rerum
374 625 499 645 naturam
526 618 668 652 producta,
695 618 726 644 ad
758 622 865 651 tempus
894 617 1042 643 interscela

255 666 344 700 caligo
362 670 414 692 est.
434 664 565 691 Tenelnrm
587 664 659 690 enim
677 664 748 690 cmlo
775 669 802 690 et
828 669 906 689 terrm
922 670 970 696 per
994 662 1045 688 ob-

252 712 401 746 jectionetn
421 711 491 737 velut
514 710 707 741 subsistentes,
724 709 868 736 recedente
885 715 980 736 rursus
1004 708 1045 734 lu-

258 759 331 787 mine
351 758 480 790 subeunt,
497 765 529 784 ac
545 757 676 790 deinceps
697 757 816 782 medium
836 761 940 790 tempus
959 756 1043 781 inter-

258 804 376 838 cipiente
395 803 439 830 die
455 803 579 832 redeunt.
605 810 637 829 ac
660 809 708 836 per
722 802 809 828 lucem
833 809 940 835 semper
960 800 1042 826 inter-

257 854 397 878 seeautur.
412 848 587 882 vicissimque
603 848 711 875 cedunt.
729 848 892 882 Quanquam
909 852 997 874 autem
1015 851 1042 873 et

256 895 303 922 lux
336 899 363 921 et
394 894 513 921 tenebrae
537 894 694 928 primigetne
718 894 866 923 dicantur,
896 898 984 919 tamen
1013 892 1037 919 id

257 939 426 966 discriminis
440 945 492 971 est,
509 940 581 974 quod
595 939 653 970 lux,
669 945 696 966 ut
711 939 926 967 sttbstantialiter
941 943 1040 970 creata,

257 986 293 1012 ita
320 991 452 1013 voratur:
471 987 588 1013 tenebra:
613 991 715 1018 autem,
737 991 766 1012 ut
792 985 947 1012 adventitim
966 990 993 1012 et
1014 986 1040 1012 in

254 1031 408 1058 substantia
435 1032 608 1059 exsistentes.
635 1031 728 1067 Caligo
753 1032 825 1058 enim
845 1031 971 1058 accidens
989 1036 1041 1062 est.

256 1085 306 1103 nee
319 1078 468 1112 quidquam
484 1078 557 1105 aliud
574 1085 655 1112 quam
671 1077 783 1104 luminis
798 1077 923 1112 privatio.
938 1076 1040 1104 Lumen

254 1127 344 1149 autem
363 1124 415 1150 hoc
432 1124 491 1151 loco
507 1125 579 1155 dico,
597 1124 623 1150 id
644 1124 716 1158 quod
742 1131 794 1150 non
810 1127 873 1150 ante
888 1131 931 1150 res
946 1131 1041 1150 omnes

256 1169 281 1195 in
308 1178 418 1196 sensum
449 1171 576 1197 cadentes
599 1171 762 1204 productum
788 1173 839 1200 est,
860 1176 952 1195 verum
979 1174 1041 1195 ante

254 1220 393 1242 crraturas
420 1224 466 1250 per
494 1217 582 1250 ipsum
611 1217 772 1251 conspicuas
801 1220 828 1242 ct
851 1215 1038 1250 aspectabiles.

253 1261 358 1288 (ludum
387 1262 459 1288 enim
483 1266 509 1288 et
532 1267 615 1294 terra,
643 1270 714 1297 aqua
741 1266 767 1288 et
789 1269 847 1292 aer,
873 1266 910 1293 ct,
935 1265 965 1288 ut
987 1268 1041 1288 uno

255 1306 339 1332 vrrho
355 1306 456 1337 dicant,
472 1307 564 1333 omnia
586 1314 646 1340 qure
661 1315 714 1334 non
732 1315 764 1333 ex
781 1307 941 1340 sulijaeente
955 1311 1040 1333 mate-

255 1349 295 1375 ria
311 1354 402 1375 creata
430 1353 493 1375 stmt
508 1354 571 1376 ante
589 1350 676 1376 lucent
693 1351 865 1380 exstiterunt,
881 1357 913 1376 ae
928 1350 1041 1384 proinde

255 1402 303 1420 nec
318 1394 393 1421 cerni
406 1399 542 1429 poterant,
561 1401 654 1430 utpote
671 1396 740 1422 lueis
757 1395 890 1430 expertia.
905 1395 1038 1428 Quoniam

253 1445 344 1467 autem
370 1441 517 1468 orbiculari
540 1441 627 1476 figura
653 1442 752 1468 uelum
780 1445 832 1474 est,
858 1449 890 1469 ac
913 1442 1039 1469 circulari

251 1493 325 1514 motu
349 1487 447 1519 fertur,
474 1495 527 1514 non
553 1488 671 1514 absurde
694 1495 726 1514 ac
748 1487 920 1514 dissentanea
945 1494 1039 1514 assero

251 1532 342 1559 sidera
376 1541 486 1567 quoque
509 1534 679 1561 circularitrr
712 1533 788 1566 ferri,
819 1534 949 1560 universo
979 1533 1037 1560 orbi

251 1578 341 1604 lucem
358 1583 385 1605 et
399 1579 571 1613 splendorem
593 1579 743 1606 aﬁ‘erentia.

285 1624 344 1650 Col.
363 1624 415 1650 563
432 1624 462 1651 D.
487 1625 550 1652 lam
564 1625 652 1651 lumen
682 1626 762 1652 etiam
777 1629 834 1651 erat
866 1625 1038 1660 primigenum

249 1668 318 1695 illud
332 1671 497 1702 nuunlutum,
510 1675 562 1698 etc.
578 1670 681 1697 Lumen
701 1671 782 1697 etiam
799 1675 858 1697 erat
878 1671 994 1704 primum
1010 1671 1040 1698 il-

249 1715 480 1749 lndprmcrptum,
497 1716 568 1750 quod
587 1716 675 1750 primo
699 1716 800 1743 homini
817 1717 908 1743 (latum
921 1720 973 1748 est,
999 1722 1039 1743 nt-

250 1765 313 1794 pote
325 1761 495 1795 splenderent
511 1762 655 1796 quemdam
665 1761 698 1788 ad
714 1770 803 1789 rerum
817 1761 1037 1797 dijudieationem

250 1807 419 1840 impertiens,
433 1807 511 1842 juxta
529 1808 554 1835 id
569 1809 641 1843 quod
660 1816 675 1834 tt
698 1809 844 1835 Salomone
858 1808 959 1836 dictutn
973 1813 1014 1835 est
1031 1819 1037 1836 :

249 1851 370 1879 Lucerna
395 1859 419 1880 et
433 1855 518 1880 lumen
544 1855 699 1882 mandatum
718 1856 780 1890 legis
797 1861 835 1883 est
848 1857 890 1889 ¹²;
913 1860 940 1883 et
962 1856 1038 1891 juxta

250 1898 314 1925 illud
343 1898 450 1926 Davidis
473 1909 479 1926 :
500 1899 621 1927 Lurerua
635 1901 743 1935 pedibus
770 1901 833 1928 meis
859 1901 901 1928 [ex
928 1906 985 1933 tua,
1013 1906 1038 1928 et

247 1946 336 1971 lunien
352 1946 451 1972 sentitis
464 1947 513 1972 mei
525 1947 565 1978 ¹³;
586 1951 669 1981 atque
684 1947 764 1974 etiam
777 1947 855 1982 juxta
869 1947 894 1974 id
910 1947 981 1982 qttod
997 1951 1038 1973 est

248 1989 318 2022 apud
339 1989 447 2022 Isaiam,
469 1997 600 2025 praecepta
620 1991 664 2018 Dei
682 1993 771 2019 lumen
798 1997 860 2019 Sunt
874 1993 900 2019 in
920 1998 990 2020 terra
1003 1993 1036 2020 “.

249 2033 352 2060 Lumen
371 2035 455 2069 igitur
478 2040 536 2062 erat
552 2037 709 2063 mandatum
738 2036 797 2063 Dei.
819 2036 917 2064 Verum
945 2038 1036 2064 furtim

247 2078 370 2112 irrepens
385 2086 465 2114 atque
475 2081 628 2114 ingrediens
638 2082 726 2107 invida
739 2083 824 2116 caligo
838 2083 900 2118 (hoc
909 2086 964 2115 est,
980 2083 1038 2109 dia-

247 2121 339 2156 bolus)
363 2123 461 2150 vitium
485 2125 613 2151 fabricata
639 2130 690 2152 cst.
716 2125 809 2160 Neque
836 2128 908 2153 enitn
937 2127 1036 2154 malum

247 2167 398 2195 sub-lautia
435 2169 488 2195 ulla
517 2176 567 2202 est,
590 2171 636 2197 sed
668 2172 729 2198 boni
750 2172 889 2206 privatio:
906 2172 1036 2206 quemad-

247 2211 359 2240 modum
378 2218 403 2240 et
424 2215 540 2242 teut-bra:
553 2215 665 2243 luminis
678 2224 811 2244 recessus.
826 2216 883 2244 Non
900 2219 972 2245 enitn
984 2219 1035 2246 alia

247 2262 289 2283 est
300 2259 364 2285 mali
380 2260 545 2293 substantia,
559 2269 640 2296 quam
653 2263 759 2290 virtutis
774 2263 913 2291 abcessus.
930 2263 1032 2291 Lumen
1051 2268 1070 2294 1)

246 2303 340 2331 itidem
356 2308 414 2331 erat
431 2305 472 2331 lex
491 2306 602 2340 scripta,
623 2312 649 2333 et
661 2307 750 2334 lumen
773 2309 889 2343 Iypicum
907 2316 953 2336 Seu
969 2309 1036 2344 figu-

246 2348 376 2380 rativum,
399 2355 492 2385 utpote
528 2351 667 2387 Evangelii
693 2353 832 2380 veritatem
857 2354 1034 2386 adumbratis,

244 2405 361 2432 eantque
378 2399 450 2425 velut
471 2404 706 2433 pertranseunam
732 2401 889 2433 osmndcns,
910 2410 941 2428 ac
965 2409 1033 2436 prac—

244 2450 319 2471 tcrca
332 2452 378 2478 per
392 2453 492 2478 agnum
506 2447 613 2481 aliaque
628 2447 773 2476 sacriﬁcia.
798 2448 908 2478 Christi.
931 2449 976 2482 qui
995 2449 1036 2475 lu-

244 2497 306 2516 men
323 2498 450 2525 maguum
468 2497 518 2524 est,
536 2500 567 2519 ac
583 2493 685 2520 lutnine
702 2495 775 2520 omni
800 2493 955 2526 sublimius,
975 2502 1030 2529 my-

243 2536 357 2562 sterium
375 2538 531 2571 designans.
551 2539 626 2571 Quod
642 2545 732 2566 autrtn
749 2540 839 2566 ltunen
861 2549 969 2574 quoque
989 2541 1030 2567 lex

244 2581 337 2616 fuerit,
351 2583 414 2609 hinc
430 2585 570 2618 perspicue
588 2585 714 2620 colligere
728 2586 798 2612 licet.
819 2586 885 2612 Nam
899 2594 959 2612 cum
973 2586 1030 2612 Mo-

245 2637 289 2656 ses
303 2636 362 2656 eam
375 2637 388 2654 a
407 2629 460 2656 Deo
474 2631 601 2657 dictatam
625 2631 736 2658 intentis
757 2632 842 2659 oculis
855 2632 1029 2666 respexisset,

245 2673 400 2707 Christique
424 2675 552 2708 mysteria
575 2676 756 2709 cognovisset.
789 2677 919 2710 majorem
937 2677 1029 2703 animo

245 2725 273 2746 et
296 2724 386 2746 mente
402 2719 552 2753 splendoris
579 2722 714 2755 concepit,
740 2730 771 2748 ac
798 2729 846 2756 pro
874 2722 1027 2754 hujusmodi

245 2765 417 2798 splendorem
431 2766 509 2800 signo
534 2769 561 2792 et
581 2772 740 2801 argumento
753 2768 828 2796 faciei
844 2768 957 2803 gloriati)
978 2769 1026 2796 ha-

278 2831 300 2846 "
316 2831 396 2858 Prov.
413 2841 448 2862 vt.
464 2833 509 2859 23.
548 2834 571 2849 “
586 2834 656 2862 Psal.
667 2843 759 2864 cvatt.
785 2836 845 2863 105.

240 2865 348 2902 Eun/LV
376 2867 494 2894 “Exod.
514 2869 624 2900 xut,‘2l.
662 2871 683 2885 ²⁵
700 2871 759 2898 Pszd
784 2873 935 2902 t.xx\'n,H.

243 2899 266 2915 ”
278 2900 370 2926 Matth.
389 2908 453 2932 ιιι-ιι,
470 2903 479 2927 ¹Ι
499 2911 574 2936 seqq.
614 2904 636 2919 ³⁸
650 2907 710 2932 Act.
727 2914 762 2937 ιχ,
781 2907 806 2932 ὖ.

884 2837 905 2852 ²⁴
919 2837 968 2863 lsa.
991 2845 1020 2864 ιι.

217 2998 266 3020 ,ὅ
298 2998 308 3000 -

189 3017 218 3036 μέ

158 3045 174 3056 ,ιν

1097 295 1244 327 transfusa,
1265 296 1495 330 quemadmodum
1511 301 1537 323 et
1554 297 1580 323 in
1595 296 1679 323 Exodi
1695 297 1766 323 libro
1783 305 1890 325 memo-

1097 342 1143 367 ria:
1162 342 1300 376 proditum
1321 341 1401 368 est".
1429 342 1477 369 Ubi
1505 343 1557 369 hoc
1577 344 1657 369 etiam
1675 343 1794 370 habetur
1816 343 1889 378 quod

1097 387 1184 414 Moses
1200 387 1286 422 ignem
1304 388 1429 414 cernebat
1443 388 1539 414 rubum
1553 389 1783 422 adurentem,uec
1796 394 1888 416 tamen

1096 433 1236 460 adurendo
1251 439 1455 462 consumentem
1471 435 1504 466 ",
1525 439 1553 462 ut
1568 435 1673 462 scilicet
1704 443 1736 462 ex
1753 444 1796 466 co,
1812 436 1887 470 quod

1095 479 1236 512 adurebat,
1255 479 1324 513 ignis
1343 483 1441 506 natura
1464 479 1650 507 declararctur
1666 487 1719 507 :ex
1739 488 1771 506 eo
1795 486 1886 507 autem

1095 526 1166 560 qttod
1186 534 1239 552 non
1255 527 1280 552 al
1293 526 1429 558 sumebat,
1447 527 1486 553 vis
1502 527 1573 554 illius
1583 531 1609 554 et
1623 527 1740 561 potentia
1758 527 1887 554 ostende—

1095 578 1179 603 retur,
1192 574 1236 606 qui
1264 573 1315 599 vim
1333 574 1403 607 ignis
1423 573 1545 600 frenabat
1559 578 1585 599 et
1603 573 1810 603 (‘Olnftt‘itM‘DJL
1833 574 1888 600 Il:c

1097 618 1177 653 igitur
1207 619 1313 645 ratione
1340 619 1451 653 angelus
1473 627 1581 653 quoque
1605 620 1694 646 lumen
1715 625 1768 651 est,
1794 624 1888 654 utpote

1094 664 1164 698 ig:.is
1176 672 1181 689 :
1195 664 1248 696 Qui
1263 665 1338 698 facit,
1356 666 1453 699 inqttit,
1469 665 1575 699 angelos
1587 674 1646 692 suos
1662 667 1783 699 spiritus,
1800 671 1824 692 et
1839 667 1888 692 nti-

1093 710 1189 737 nislros
1204 719 1265 737 suos
1287 711 1370 745 ignem
1386 717 1505 738 urentem
1514 712 1547 738 ".
1566 711 1709 745 Proprium
1728 713 1799 739 enim
1817 713 1886 746 ignis

1096 756 1186 782 Inmrn
1203 761 1253 782 est.
1283 756 1353 788 Quin
1379 756 1468 783 ltttnen
1484 757 1566 783 etiam
1579 761 1646 790 erat,
1663 757 1688 784 id
1705 758 1778 791 quod
1796 758 1820 783 iu
1840 766 1887 783 t0-

1093 798 1185 826 lnmna
1202 800 1271 833 ignis
1285 800 1310 826 in
1324 800 1601 828 desertoludzeisiter
1613 801 1885 834 prtemonSIrabat":

1095 846 1128 872 de
1142 853 1196 879 qtto
1209 850 1235 872 et
1250 845 1335 872 David
1352 846 1432 872 verba
1450 846 1571 878 faciens,
1594 846 1632 872 ait
1649 854 1656 872 :
1675 845 1816 872 Deduziui
1843 855 1886 873 eos

1093 891 1120 917 in
1133 891 1197 918 nube
1214 892 1276 921 diei,
1299 896 1323 917 ει
1339 896 1394 917 tota
1410 897 1485 918 nocte
1503 892 1530 917 in
1545 892 1741 918 illuminolione
1765 893 1834 927 igzis
1850 893 1885 920 ²⁹.

1058 933 1078 960 Β
1093 935 1151 962 Jam
1175 944 1238 962 vero
1252 944 1349 971 quarto
1367 937 1470 972 llegum
1490 938 1557 964 libro
1572 938 1694 970 habetur,
1706 938 1779 972 quod
1791 939 1861 972 ignei
1873 946 1886 965 ι

1040 2837 1054 2851 ΡΞ

1003 2848 1020 2864 Ι.
1039 2848 1065 2863 ὅ).
1120 2848 1141 2852 ’“’
1158 2848 1242 2863 ιιλυιι.

998 2873 1019 2887 ³⁸
1033 2871 1064 2898 ιν
1082 2871 1146 2907 Reg.
1161 2879 1190 2900 ιι.
1204 2873 1218 2907 Vl
1229 2873 1250 2897 l.

846 2908 868 2922 "
884 2907 976 2933 Matth.
994 2915 1051 2939 xm,
1075 2907 1119 2934 45.

1096 990 1194 1010 currus
1212 983 1297 1010 Eliam
1317 984 1343 1010 in
1364 985 1462 1011 ctelum
1481 983 1595 1018 arripuit
1607 983 1640 1016 ³⁸,
1655 983 1783 1010 nimirum
1800 984 1885 1018 signi-

1095 1028 1180 1055 ficans
1195 1028 1261 1063 justi
1280 1029 1361 1063 hujus
1384 1029 1433 1056 \iri
1448 1029 1624 1056 excellentem
1641 1028 1781 1059 virtutem,
1804 1032 1886 1062 atque

1095 1074 1210 1101 humana
1224 1075 1380 1102 conditione
1397 1074 1721 1108 sublimioremJnsuper
1739 1075 1811 1108 apud
1833 1074 1886 1100 Lu-

1094 1127 1152 1146 cam
1167 1121 1298 1155 scriptum
1313 1124 1365 1153 est,
1378 1121 1450 1154 quod
1466 1121 1510 1147 lux
1526 1125 1648 1154 pastores
1658 1119 1883 1152 circuvnfu'scrit,

1094 1166 1204 1200 quando
1222 1167 1313 1193 lumen
1333 1166 1463 1201 temporis
1486 1173 1595 1200 expers,
1611 1166 1637 1192 id
1651 1171 1704 1197 est,
1721 1165 1768 1192 Dei
1787 1165 1883 1197 Filius,

1095 1212 1234 1246 temporali
1262 1212 1369 1244 lumini,
1397 1213 1447 1239 hoc
1469 1217 1512 1239 est
1535 1211 1696 1238 humanitati
1722 1211 1884 1245 conjunctns

1094 1257 1177 1284 est".
1209 1256 1242 1283 Et
1271 1265 1332 1284 cum
1354 1257 1465 1292 simplex
1492 1257 1574 1283 homo
1602 1257 1691 1284 lumcn
1717 1257 1882 1288 nominetur,

1095 1302 1192 1329 nedum
1209 1303 1307 1330 eximia
1335 1307 1360 1329 et
1385 1303 1476 1329 dixina
1503 1302 1602 1329 virtute
1627 1302 1755 1337 pra-ditus
1772 1311 1779 1328 :
1798 1302 1882 1331 multo

1093 1354 1167 1376 certe
1187 1350 1272 1384 magis
1295 1350 1385 1376 lumen
1405 1350 1448 1376 ille
1468 1350 1521 1376 dici
1536 1350 1625 1381 debet,
1646 1350 1691 1383 qui
1712 1349 1767 1376 Deo
1790 1351 1882 1376 unitus

1093 1400 1144 1425 est,
1162 1400 1242 1429 atque
1254 1396 1310 1430 ipsa
1328 1397 1428 1422 unione
1442 1395 1513 1422 Detts
1531 1395 1656 1422 effectus.
1682 1395 1784 1422 Adha'c
1814 1395 1881 1421 Mat-

1095 1442 1180 1466 tlia-us
1197 1440 1222 1466 in
1240 1440 1385 1476 Evangrlio
1398 1441 1504 1467 daret"
1520 1441 1638 1467 divinant
1663 1442 1715 1466 vim
1735 1448 1767 1467 ac
1785 1445 1880 1474 poten-

1094 1485 1157 1511 tiam
1177 1485 1203 1511 in
1216 1485 1298 1512 strike
1315 1488 1398 1520 figura
1416 1485 1507 1520 Magos
1521 1486 1547 1512 in
1561 1485 1696 1512 Bethleem
1711 1486 1831 1516 duxiSse.
1851 1494 1881 1512 ac

1093 1529 1216 1556 Sillt,‘llitis’
1230 1537 1304 1556 more
1322 1531 1450 1564 stipasse,
1466 1530 1517 1556 hoc
1529 1534 1580 1561 est,
1605 1530 1696 1556 servili
1717 1530 1799 1557 modo
1815 1531 1882 1557 sub-

1093 1574 1230 1605 serviisse,
1245 1579 1270 1600 et
1287 1574 1425 1601 Christum
1444 1575 1607 1606 honorasse,
1625 1583 1705 1609 quem
1726 1583 1776 1609 ego
1790 1575 1880 1602 lumen

1093 1619 1172 1647 nobis
1201 1621 1346 1647 sublimius
1364 1628 1442 1652 voco,
1474 1621 1582 1648 etiamsi
1610 1621 1753 1647 nobiscum
1785 1621 1879 1648 fuerit.

1091 1665 1161 1698 Quin
1190 1666 1280 1693 lumen
1307 1667 1455 1694 etiamerat
1477 1667 1524 1694 ille
1552 1667 1702 1695 divinitatis
1740 1667 1830 1701 fulgor
1855 1667 1880 1694 in

1092 1717 1182 1740 monte
1196 1712 1304 1740 Thabor
1320 1713 1408 1740 obiter
1417 1713 1576 1747 patefactus,
1594 1720 1673 1747 quem
1690 1721 1739 1740 nec
1754 1714 1881 1748 discipuli

1092 1759 1177 1785 firmis
1193 1759 1280 1785 oculis
1300 1759 1407 1786 obtueri
1427 1762 1560 1794 poterant,
1590 1763 1682 1793 utpote
1708 1764 1810 1786 tantam
1828 1761 1881 1789 vim

1091 1804 1246 1834 habentem.
1264 1809 1294 1831 ut
1309 1812 1357 1831 nec
1368 1812 1408 1839 pet
1416 1805 1491 1838 ferri,
1507 1813 1555 1832 nee
1570 1806 1669 1838 audiri,
1695 1814 1744 1833 nec
1767 1811 1881 1840 aspectu

1090 1851 1189 1885 percipi
1208 1856 1299 1885 posset
1309 1852 1341 1878 ".
1363 1851 1463 1878 Lumen
1480 1853 1543 1879 item
1561 1853 1586 1879 id
1599 1859 1670 1884 erat,
1683 1853 1755 1887 quod
1765 1853 1879 1881 Paulum

1090 1897 1116 1923 in
1139 1897 1179 1924 tia
1196 1897 1298 1925 lumine
1314 1898 1498 1930 circumfudit,
1520 1899 1746 1933 quemadmodum
1776 1900 1803 1926 in
1827 1900 1881 1927 Ac-

1091 1946 1166 1969 luum
1186 1943 1256 1969 libro
1278 1949 1509 1970 commemoratur
1519 1944 1553 1976 ",
1576 1944 1655 1978 cujus
1682 1944 1879 1972 exuberanti-nt

1090 1990 1260 2024 splendorem
1280 1991 1485 2017 carnalcsoculi
1498 1998 1552 2017 non
1570 1991 1687 2018 ferentes
1702 1992 1738 2018 ita
1751 1993 1878 2020 exca‘cati

1089 2041 1162 2065 sunt,
1177 2041 1205 2062 nt
1221 2036 1329 2062 interim
1342 2037 1440 2063 animae
1452 2037 1570 2063 tenebrae
1585 2037 1684 2072 fugata:
1699 2045 1731 2064 ac
1745 2037 1878 2065 discussa:

1090 2081 1201 2108 fuerint.
1227 2081 1278 2109 Per
1295 2082 1345 2108 hoc
1366 2081 1455 2109 lutnen
1482 2082 1600 2117 cognitio
1615 2083 1704 2109 omnis
1724 2088 1750 2110 et
1762 2084 1876 2110 scicntia

1088 2127 1232 2162 detegitur,
1252 2135 1283 2155 ac
1298 2128 1369 2155 Deus
1384 2135 1446 2154 vere
1468 2128 1568 2154 animis
1593 2128 1694 2155 nostris
1720 2129 1875 2159 innotesrit.

1089 2172 1190 2200 Lumen
1206 2179 1334 2208 pra-terea
1347 2173 1453 2200 futurus
1464 2173 1600 2208 justorum
1616 2174 1757 2208 splendor.
1781 2174 1877 2209 Fulge-

1088 2220 1152 2246 bunl
1177 2221 1249 2246 enim
1277 2220 1344 2246 sicut
1367 2219 1408 2246 wl
1423 2220 1456 2252 ",
1489 2222 1715 2254 quemadnmdum
1736 2220 1875 2255 Scriptura

1087 2266 1294 2301 pollici-tumqui
1313 2267 1338 2292 in
1356 2266 1407 2293 hac
1416 2267 1468 2293 vita
1489 2266 1606 2292 animam
1620 2274 1634 2292 a
1653 2266 1781 2293 vitiorum
1798 2267 1875 2293 malis

1086 2312 1230 2346 expia7int,
1248 2319 1280 2338 ac
1297 2311 1442 2339 deiformes
1458 2311 1582 2346 appellati
1599 2311 1710 2345 fuerint,
1725 2311 1758 2338 de
1776 2312 1874 2345 quibus

1087 2357 1169 2385 lravid
1191 2358 1225 2385 ad
1240 2359 1312 2385 hunc
1328 2358 1438 2384 moduni
1458 2358 1597 2393 loquitur:
1615 2358 1683 2384 Dens
1698 2360 1770 2384 stetit
1789 2360 1814 2383 in
1830 2366 1873 2392 sy-

1086 2411 1187 2437 nagoga
1207 2403 1327 2435 deorum,
1352 2403 1378 2429 in
1396 2403 1480 2429 medio
1506 2409 1594 2429 autem
1613 2403 1674 2429 deos
1691 2403 1824 2436 dijudicat
1840 2403 1870 2434 ³⁸,

1086 2450 1137 2475 hoc
1154 2454 1204 2479 est,
1217 2450 1336 2476 co-lestis
1353 2451 1426 2484 regni
1442 2452 1597 2477 mansiones
1612 2450 1767 2484 gradusque
1782 2449 1871 2480 digni-

1087 2500 1168 2522 tatum
1188 2504 1236 2530 pro
1253 2496 1360 2523 virtutis
1376 2496 1480 2522 ratione
1498 2503 1529 2522 ac
1549 2496 1722 2531 proportione
1738 2496 1804 2530 ipsis
1819 2497 1872 2522 dis-

1087 2540 1190 2567 tribuit.
1223 2541 1363 2567 Postremo
1385 2545 1481 2575 praeter
1498 2541 1555 2568 haec
1570 2541 1661 2568 omnia
1687 2542 1816 2575 peculiari
1840 2548 1870 2567 ac

1085 2586 1192 2612 diverso
1219 2587 1298 2612 nodo
1322 2586 1449 2620 baptismi
1466 2587 1630 2613 iiluminatio
1643 2586 1733 2612 lumen
1750 2587 1869 2620 appella-

1085 2635 1138 2658 lnr.
1157 2630 1194 2658 De
1211 2639 1264 2665 quo
1284 2632 1362 2658 nobis
1380 2633 1502 2660 instituta
1514 2637 1554 2659 est
1568 2633 1667 2664 oratio,
1685 2637 1711 2658 et
1727 2639 1742 2658 a
1756 2640 1812 2667 quo
1827 2640 1869 2659 sa-

1083 2677 1148 2704 lutis
1158 2682 1256 2703 nostra-
1269 2678 1427 2712 mysterium
1442 2678 1607 2704 continetur.

1117 2722 1176 2748 Col.
1191 2722 1243 2749 366
1257 2722 1287 2749 Β.
1304 2723 1433 2755 Quoniam
1457 2724 1525 2750 enim
1541 2724 1611 2749 enini
1634 2723 1734 2756 peccati
1752 2723 1810 2749 labe
1825 2731 1866 2748 ca-

1082 2775 1148 2800 rere,
1164 2766 1212 2794 Dei
1225 2772 1274 2800 est,
1288 2774 1342 2794 etc.
1361 2767 1431 2795 Nihil
1447 2769 1559 2795 omnino
1574 2776 1696 2803 peccare,
1716 2768 1761 2794 Dei
1782 2769 1866 2795 salius

1466 2838 1488 2854 “
1509 2838 1591 2865 Exod.
1620 2845 1660 2867 ιιι,
1686 2838 1714 2864 2.
1752 2837 1775 2852 "’
1792 2836 1864 2865 Psal.

1119 2836 1242 2863 "Exod.
1260 2838 1330 2866 ΠΛ
1351 2845 1427 2872 seqq.
1466 2838 1488 2854 '“
1509 2838 1591 2865 Exod.
1620 2845 1660 2867 ιιι,
1686 2838 1714 2864 2.
1752 2837 1775 2852 "’
1792 2836 1861 2865 Psal,

1122 2881 1146 2904 g.
1161 2879 1190 2900 tt.
1209 2873 1250 2898 Η.
1303 2873 1322 2887 ⁸¹
1340 2872 1406 2899 an.
1426 2880 1455 2904 tt,
1477 2875 1502 2900 9.
1556 2874 1577 2888 "
1591 2873 1684 2899 Matth.
1708 2880 1745 2904 ιι,
1771 2872 1798 2902 9.
1820 2871 1861 2898 lt).

1303 2873 1322 2887 ⁸¹
1340 2872 1406 2899 an.
1426 2880 1455 2904 tt,
1477 2875 1502 2900 9.

1157 2908 1178 2923 “
1203 2906 1274 2934 l’sal.
1292 2915 1382 2940 LXXXI,
1404 2908 1426 2934 Ι.
