2027 3162
265 201 334 232 1253

265 257 347 284 mium
367 254 486 290 loquitur
514 261 521 280 ε

263 304 300 329 cis
314 302 493 329 abditi-tionem
507 305 530 326 et
547 299 684 330 medelam,
701 305 725 326 et
742 301 841 326 curabo
853 309 896 326 eos
912 301 946 327 ".
964 302 1052 335 Atque

264 347 321 382 ipse
335 346 443 381 quidem
460 345 602 371 cicatrices
619 352 729 380 quoque
747 345 820 379 ipsas
837 345 951 374 aboleri.
966 353 997 373 ac
1019 354 1052 373 ne

263 394 407 420 vulnerum
446 391 555 425 quidem
584 391 728 425 vestigium
753 391 869 425 relinqui
902 400 1050 426 cuperem,

264 438 485 474 quatnloqui-lcm
513 442 539 463 et
567 437 623 470 ipse
651 437 838 464 misericordia
864 445 934 472 opus
953 439 1050 465 habeo.

266 486 365 511 \‘erum
395 491 522 518 magnum
550 483 726 509 Athanasium
757 489 924 511 asserenlcm
957 485 1050 517 audio,

263 537 325 556 eum
341 529 387 563 qui
408 528 441 554 ad
461 528 606 554 tneliorem-
619 527 722 561 fruge-m
747 535 776 554 se
801 530 945 562 receperit,
964 538 1052 564 quan-

263 582 345 609 quaut
371 575 450 600 linem
486 573 614 608 peccandi
642 574 740 605 faciat,
761 574 865 601 inustas
884 579 973 602 tamen
992 577 1051 602 vul-

265 622 338 647 neris
363 620 506 647 cicatrices
530 620 652 647 habere:
673 628 734 646 cum
756 626 846 647 autem
874 622 918 655 qui
934 622 1052 656 baptiza-

264 672 307 692 tur
323 671 440 693 veterem
470 666 608 692 hominem
627 673 726 692 cxttt‘re
742 674 774 692 ac
789 669 923 699 renovari,
935 675 1051 702 superne

264 712 388 739 ridoIiCct
415 719 462 746 per
478 711 596 746 Spiritus
617 712 703 738 sancti
729 713 844 746 gratiam
865 714 1049 747 progenitum.

263 758 398 783 Ctltlcl'llln
419 762 447 783 ut
461 757 602 784 cicatrices
623 764 731 791 queque
745 758 817 791 ipsas
842 758 925 784 deleri
953 766 1051 786 ceuce-

264 805 371 835 damus,
397 803 484 830 satius
510 803 603 837 utique
629 802 710 830 iucrit
730 803 830 830 diﬂicili
845 804 889 830 illa
905 809 932 831 et
953 812 1052 831 mrum-

265 857 332 876 imsa
353 850 600 884 purgatione.qtnc
615 849 640 876 in
667 850 825 884 pmuiteutia
844 851 964 877 consistit
979 869 987 882 ,
1004 858 1052 878 nc—

266 903 404 930 quaquam
419 903 487 930 opus
505 895 614 927 habere,
631 903 724 922 verum
739 895 766 922 in
784 897 871 930 prima
888 897 1049 929 consistere,

265 949 326 975 quae
341 941 450 975 quidem
471 941 572 968 laboris
587 949 618 968 ac
641 942 772 968 tnolestize
789 950 884 976 expers
903 948 953 973 est,
968 948 1049 977 atque

265 987 368 1015 honore
397 995 477 1022 pares
501 995 550 1015 eos
576 987 622 1022 qui
660 988 692 1014 ad
719 988 881 1023 baptismum
914 990 1049 1016 accedunt

263 1034 365 1064 ellirit,
390 1039 482 1067 utpote
510 1041 570 1068 quae
593 1041 625 1060 ex
655 1041 733 1068 atque
761 1034 929 1070 accipiatur,
967 1041 1048 1070 atque

263 1087 360 1106 omnes
389 1080 448 1106 sine
477 1080 531 1106 ullo
553 1080 710 1107 discrimine
731 1080 837 1107 lustret.
865 1080 1050 1114 Qtiz-tumlmo-

263 1125 328 1150 dum
344 1125 415 1151 cuitu
436 1125 592 1152 communis
617 1129 658 1152 est
677 1126 805 1152 omnibus
825 1127 897 1152 aeris
920 1126 1047 1157 haustus.

263 1178 295 1197 ac
323 1170 392 1197 lueis
418 1170 540 1205 profusio
564 1175 591 1198 ct
607 1171 746 1206 splendor,
761 1176 788 1197 et
804 1176 920 1206 quatuor
932 1172 1048 1206 partium

264 1217 326 1242 anni
340 1216 553 1248 vicissitudines.
572 1220 599 1244 et
623 1224 715 1243 rerqu
741 1221 892 1244 creatarum
912 1223 1048 1252 aspectus,

264 1261 381 1296 fideique
395 1269 471 1299 aequa
489 1262 576 1296 portio
591 1270 598 1289 :
621 1263 716 1290 eodem
735 1264 815 1290 modo
831 1263 958 1298 baptismi
984 1273 1050 1300 quo-

263 1315 314 1341 que
329 1308 482 1334 conuuuuis
499 1313 539 1334 cst
556 1308 652 1342 gratia.

299 1353 356 1380 Col.
373 1353 426 1380 5ῗο
441 1355 472 1382 Α.
487 1353 571 1381 Grave
588 1355 655 1381 enim
672 1360 710 1381 est
727 1355 869 1389 facilior-is,
884 1360 935 1383 etc.
963 1356 1051 1384 Grave

264 1404 290 1426 et
307 1399 437 1426 miserum
460 1404 503 1426 est
524 1407 572 1434 spe
597 1400 724 1427 secunda:
740 1401 908 1435 purgationis
922 1407 983 1437 post
1001 1403 1045 1429 ha-

265 1447 393 1479 ptismum
411 1447 558 1481 inquinari,
570 1455 601 1474 ac
615 1452 707 1482 postea
724 1442 792 1475 dura
808 1454 834 1476 et
850 1450 947 1476 acerba
964 1450 1050 1477 medi-

264 1494 324 1520 cina
349 1494 480 1528 indigere,
507 1501 538 1521 ac
568 1495 688 1529 projecta
717 1495 844 1529 baptismi
859 1496 960 1530 gratia,
990 1504 1051 1530 qure

265 1541 463 1573 prmteritarum
493 1548 626 1567 noxarum
656 1541 846 1568 remissionem
874 1541 967 1572 habet.
987 1550 1051 1568 nos-

954 200 1143 230 ADDENDA.

558 253 624 280 Ecce
645 261 691 288 ego
707 253 832 280 inducant
855 255 920 288 ipsis
945 255 1088 285 ticulri-A
1105 254 1236 288 primum.
1257 252 1329 287 quod
1357 252 1548 287 suscipiendus
1574 254 1609 281 sit
1635 254 1806 290 haptismus;
1826 258 1896 284 alio-

1070 927 1088 954 Β

264 1586 338 1620 ipsos
361 1587 520 1614 excruciare
540 1592 620 1621 atque
638 1587 767 1621 aﬂligcrc,
783 1591 814 1613 ut
829 1587 1048 1613 miscricordiam
1065 1603 1087 1632 Ο

265 1640 278 1658 a
301 1631 353 1658 Deo
369 1639 581 1666 consequamur,
602 1639 634 1658 ac
656 1632 718 1658 vita:
735 1632 935 1658 correctionem
950 1633 1051 1658 admis-

265 1677 303 1704 sis
317 1678 425 1712 llagitiis
439 1685 531 1709 parem
556 1679 697 1706 exhibere.
725 1679 862 1712 Quantqu
879 1679 951 1705 enim
968 1680 1052 1714 lacry-

266 1729 371 1748 malum
394 1723 600 1756 exhauriemns,
627 1727 656 1750 ut
680 1723 706 1750 id
732 1731 783 1750 nos
809 1723 921 1758 perinde
944 1725 1051 1757 lustret,

265 1776 296 1796 ac
321 1769 397 1802 prius
427 1769 589 1802 baptismus,
616 1773 643 1796 ct
675 1770 879 1804 purgationem.
899 1778 981 1805 quam
1006 1777 1053 1804 per

264 1815 385 1841 dwiuum
415 1814 553 1842 lavacrum
591 1820 728 1850 acceptam
759 1816 922 1846 amisimus,
945 1816 1051 1843 reddatl

265 1861 331 1894 Quis
358 1864 447 1887 autem
471 1861 539 1888 satis
563 1861 684 1896 locuples
709 1868 824 1895 sponsor
849 1861 910 1891 erit,
934 1861 992 1888 fore
1024 1866 1054 1887 ut

266 1913 340 1933 mors
356 1907 526 1933 curationem
551 1911 670 1934 nostram
691 1911 840 1941 exspectet,
859 1913 892 1934 ac
914 1913 968 1933 non
991 1914 1052 1941 pec.-

232 1982 234 1984 τ
265 1952 318 1979 tati
336 1960 395 1979 reos
416 1957 442 1979 et
477 1952 644 1987 purgationis
667 1952 760 1978 debito
792 1952 955 1980 Constrictus
982 1951 1054 1986 judi-

243 1994 336 2026 'ciutn
350 1999 472 2025 divinum
498 2000 641 2033 suscipiat,
669 1999 855 2034 gehennzeque
884 1999 1051 2027 incendium.

271 2043 314 2071 Tu
355 2045 491 2078 quidem,
523 2045 706 2079 spiritualium
735 2046 886 2079 plantarum
918 2046 1052 2078 excultor,

267 2090 409 2116 hominum
428 2090 504 2124 juvla
527 2090 683 2124 parabolam
715 2091 897 2124 cvangelicam
911 2091 933 2106 δ’
948 2091 1053 2123 orabis,

267 2140 296 2162 nt
314 2136 479 2170 iufrugifera:
505 2135 578 2169 (it-ui,
595 2135 646 2162 hoc
672 2141 722 2168 cst,
749 2137 849 2163 anima:
875 2141 927 2163 tunc
949 2142 1053 2170 parcat,

267 2188 382 2215 eamque
399 2188 450 2207 non
464 2181 615 2212 exsciudat,
630 2188 723 2207 verum
742 2181 788 2208 tibi
804 2183 945 2213 concedat.
965 2186 994 2208 ut
1009 2190 1052 2214 ea,

266 2234 327 2260 qtuc
350 2227 382 2253 ad
410 2227 554 2254 tollendam
590 2227 675 2262 ipsius
705 2228 872 2255 sterilitatem
896 2228 1054 2262 adjumento

1822 199 1896 232 1236

1104 308 1180 330 rtttn,
1207 299 1278 334 quod
1307 299 1418 330 statim;
1449 299 1578 329 tertium,
1604 301 1677 334 quod
1704 302 1786 328 nobis
1811 310 1896 337 opera

1103 345 1191 372 (lauda
1219 346 1266 378 sit,
1293 350 1322 372 ut
1348 345 1400 371 hoc
1423 345 1524 372 donutn
1553 348 1586 372 ah
1610 347 1739 374 omnibus
1765 349 1898 375 sordibus

1104 398 1202 424 purum
1222 396 1356 418 tueamur.
1388 391 1535 424 Postquam
1565 391 1645 426 igitur
1669 393 1704 420 de
1725 393 1807 420 tertio
1839 401 1898 426 qua:

1103 436 1217 463 dicenda
1236 437 1396 463 videbantur
1421 436 1498 468 dixit,
1525 444 1597 463 nunc
1612 436 1646 463 de
1661 445 1693 463 eo
1711 446 1824 472 queque
1842 439 1898 465 dis-

1102 485 1179 515 putat
1205 481 1278 516 quod
1303 482 1336 507 ad
1363 481 1526 515 baptismum
1562 483 1693 508 accedere
1717 490 1833 510 necesse
1851 483 1898 514 sit,

1104 536 1134 554 ac
1161 535 1223 554 cum
1252 526 1336 554 Paulo
1357 527 1404 557 ait.
1425 535 1487 553 cttm
1515 527 1625 555 Christo
1654 535 1702 562 per
1728 529 1898 563 baptistnum

1103 574 1279 607 sepeliantur,
1297 579 1325 601 ut
1349 580 1376 600 et
1391 581 1452 600 cum
1469 581 1500 600 co
1516 581 1703 608 resurgamus.
1726 576 1802 610 Aqua
1823 577 1896 603 enim

1104 619 1201 646 mortis
1230 619 1375 654 imaginem
1411 619 1513 652 refert,
1540 628 1641 654 corpus
1668 621 1741 648 velut
1768 622 1897 655 sepulcro

1104 665 1252 699 accipiens.
1275 664 1394 700 Spiritus
1413 670 1504 692 autem
1531 666 1665 693 viviticam
1686 667 1741 693 vim
1759 668 1897 700 immittit,

1104 712 1212 738 animas
1237 716 1344 738 nostras
1370 719 1384 738 a
1414 711 1518 746 peccati
1547 717 1634 739 morte
1659 713 1692 739 ad
1714 714 1837 747 priorem
1858 715 1897 740 vi-

1105 761 1159 784 tam
1185 765 1331 785 renovatis.
1357 757 1564 784 Descendamus
1591 764 1619 785 ut
1643 759 1771 786 Christus
1798 761 1828 786 in
1855 768 1897 787 se-

1103 803 1249 838 pulcrum,
1281 805 1317 830 ita
1347 811 1398 831 nos
1429 811 1538 838 quoque
1568 805 1594 831 in
1628 804 1794 839 baptismum
1829 814 1838 832 :
1871 811 1897 832 ut

1104 849 1332 883 quemadmodum
1360 848 1403 877 ille
1431 857 1461 876 ex
1491 856 1661 877 mortuorum
1691 851 1833 884 sepulcro,
1859 851 1898 878 sic

1105 901 1154 920 nos
1178 894 1259 921 etiam
1278 902 1293 921 e
1311 894 1415 928 peccati
1444 894 1548 921 tumulo
1569 902 1600 921 ac
1619 896 1737 921 mortuis
1765 897 1898 929 operibus

1105 939 1130 965 in
1147 940 1263 966 sublime
1281 939 1415 967 feramur.
1441 939 1595 974 Baptismus
1619 940 1753 974 siquidem
1779 950 1897 976 operum

1103 986 1194 1012 carnis
1210 986 1391 1020 abjeCtionem
1408 987 1533 1021 designat
1547 991 1574 1013 et
1590 986 1701 1018 indicat,
1719 988 1898 1023 animamque

1103 1039 1118 1058 a
1139 1031 1266 1058 smdibus
1283 1036 1309 1058 et
1326 1031 1458 1066 spurcitie
1475 1040 1508 1058 ex
1532 1033 1649 1060 carnalis
1668 1033 1782 1061 amictus
1801 1042 1898 1061 conta—

1104 1078 1184 1112 gione
1199 1083 1350 1107 contracta.
1368 1079 1467 1105 lustrat
1483 1083 1511 1105 et
1525 1079 1627 1112 expiat.
1646 1079 1783 1112 Quoniam
1802 1087 1895 1108 autem

1105 1124 1254 1158 baptismus
1282 1124 1445 1152 descensum
1473 1131 1554 1160 atque
1581 1132 1726 1153 ascensum
1751 1127 1896 1158 continet.

1104 1171 1156 1198 hnc
1168 1171 1278 1204 insuper
1294 1171 1421 1205 adjiciam
1439 1179 1446 1198 :
1461 1170 1528 1197 Cutn
1540 1178 1572 1198 eo
1587 1172 1782 1203 ascendamus.
1799 1181 1847 1207 qui
1859 1181 1897 1200 m~

1104 1217 1249 1244 atmodum
1285 1217 1408 1244 videlicet
1434 1217 1478 1245 ille
1507 1217 1532 1244 iu
1562 1218 1681 1249 ccelum,
1710 1219 1745 1244 ita
1784 1226 1838 1246 nos
1871 1220 1896 1246 in

1105 1271 1163 1290 eam
1190 1263 1396 1293 sublimitatem,
1416 1263 1449 1289 ad
1470 1271 1551 1297 quam
1578 1264 1706 1298 provehit
1729 1265 1895 1299 baptismus.

1106 1314 1133 1335 ut
1152 1309 1234 1335 simul
1250 1315 1358 1343 quoque
1373 1309 1458 1343 gloria
1474 1308 1625 1337 alliciamur
1639 1309 1699 1344 (per
1714 1311 1894 1344 adoptionem

1105 1354 1244 1388 scilicet),
1272 1362 1303 1381 ac
1331 1356 1405 1389 regni
1434 1355 1553 1382 cmlestis
1583 1355 1704 1383 lmredcs
1733 1356 1896 1389 efﬁciamur,

1105 1402 1335 1436 qtnmadtnodttm
1363 1401 1406 1429 ille
1431 1402 1504 1429 sedis
1523 1402 1549 1428 in
1568 1402 1662 1429 dextra
1691 1401 1782 1430 Patris
1809 1404 1896 1431 haeres

1106 1447 1193 1475 laeuis
1213 1452 1265 1474 est.

1142 1494 1209 1520 Ibid.
1237 1494 1268 1520 Si
1292 1499 1317 1521 te
1340 1493 1447 1520 luminis
1471 1500 1622 1527 persecutor
1645 1500 1670 1522 et
1695 1500 1815 1523 tentator
1839 1503 1896 1531 post

1106 1538 1277 1572 baptismum,
1302 1545 1354 1567 etc.
1373 1539 1526 1575 Theologus
1551 1541 1634 1574 probe
1652 1547 1828 1576 perspectum
1847 1545 1892 1569 ha-

1107 1584 1182 1613 bens.
1202 1584 1347 1611 nonnullos
1366 1585 1426 1612 ideo
1449 1585 1614 1620 baptismum
1639 1587 1803 1620 detrectare,
1822 1590 1894 1622 quod

1107 1628 1195 1656 hostis
1220 1629 1350 1664 impetum
1378 1636 1439 1664 past
1462 1631 1626 1665 baptismum
1656 1633 1894 1666 pertimescerent,

1107 1674 1265 1709 hujusmndi
1291 1676 1414 1703 homines
1439 1677 1471 1703 ad
1492 1677 1565 1703 hunc
1593 1678 1703 1704 modutn
1733 1679 1893 1712 alloquitur.

1106 1720 1135 1748 Si
1164 1726 1224 1756 post
1251 1721 1416 1756 baptismum
1445 1728 1472 1750 te
1498 1723 1625 1751 diabolus
1652 1724 1766 1751 adortus
1795 1724 1894 1754 fuerit.

1105 1767 1324 1801 quandoquidem
1353 1772 1380 1794 et
1406 1767 1544 1795 Christum
1574 1769 1757 1802 oppugnavit,
1786 1775 1895 1803 propter

1105 1821 1214 1840 carnem
1243 1821 1348 1840 merum
1378 1814 1517 1841 hominem
1545 1822 1606 1841 eum
1637 1822 1698 1842 esse
1724 1815 1895 1846 arbitratus.

1105 1859 1236 1886 adversus
1263 1867 1325 1885 eum
1345 1859 1502 1886 sensibilem
1530 1867 1628 1894 aquam
1657 1860 1785 1891 obtende.
1812 1861 1894 1895 spiri-

1105 1905 1186 1933 tualis
1215 1905 1295 1940 ignis,
1326 1905 1377 1933 hoc
1403 1911 1455 1937 est,
1483 1907 1586 1940 peccati
1613 1907 1822 1934 cxstinctrieem
1851 1907 1893 1941 (id

1104 1952 1176 1987 quod
1200 1951 1354 1978 mirandum
1373 1952 1425 1986 est)
1451 1952 1530 1986 cujus
1546 1959 1597 1985 ope
1613 1959 1645 1979 ac
1663 1952 1787 1979 subsidio
1811 1953 1892 1987 ignita

1105 1999 1195 2026 omnia
1214 1999 1290 2034 pravi
1308 1999 1382 2027 illius
1400 1999 1515 2033 spiritus
1531 1999 1595 2031 tela,
1613 1999 1684 2026 sicut
1700 1999 1804 2027 Paulus
1820 1999 1892 2029 ait".

1104 2045 1321 2080 t-xstinguentur,
1357 2046 1452 2080 aqueis
1480 2045 1604 2072 videlicet
1633 2046 1737 2073 umbris
1763 2053 1778 2072 a
1813 2047 1892 2072 verbo

1106 2092 1198 2119 tinczis
1210 2099 1366 2126 compressa
1381 2096 1462 2125 atque
1477 2093 1616 2119 restincta.
1630 2093 1760 2127 Spiritum
1777 2101 1890 2126 oppone,

1105 2145 1243 2172 magnum.
1259 2138 1382 2172 inquam,
1400 2138 1474 2165 illum
1492 2144 1518 2165 et
1532 2139 1663 2170 validum.
1681 2147 1712 2165 ac
1729 2143 1848 2170 molitos.
1867 2139 1891 2165 id

1104 2189 1156 2215 est,
1179 2183 1315 2211 thctnoues
1335 2184 1540 2216 dissolrrnlem,
1559 2185 1790 2219 quemadmodum
1816 2185 1891 2211 tertio

1106 2228 1208 2263 Regum
1236 2230 1304 2256 libro
1333 2230 1449 2257 habetur
1471 2229 1505 2258 “.
1534 2230 1561 2256 Si
1589 2231 1636 2257 tibi
1667 2230 1738 2257 fame
1767 2235 1890 2264 correpto

267 2280 327 2299 esse
344 2277 467 2307 possunt,
485 2273 601 2308 injicias,
627 2274 756 2301 nimirum
772 2281 832 2301 eam
854 2275 1051 2301 correctionem
1070 2277 1090 2304 Ι)
1108 2275 1248 2309 penuriam
1271 2281 1297 2302 et
1318 2277 1508 2303 necessitatem
1538 2276 1668 2303 insidiose
1694 2277 1838 2310 objeceril,
1864 2280 1891 2303 ut

268 2327 328 2353 quae
344 2321 369 2346 in
387 2321 488 2354 peccati
508 2320 690 2353 confessione,
705 2325 785 2356 atque
799 2321 825 2348 iu
844 2327 967 2356 apertum
987 2330 1053 2357 pro-

269 2367 386 2394 ferendis
410 2375 463 2394 non
480 2368 542 2394 sine
563 2368 666 2402 pudore
690 2369 853 2396 criminibus
869 2369 1006 2400 consistit,
1023 2377 1054 2395 ac

267 2418 396 2448 pra-terea
416 2415 513 2441 animm
529 2413 715 2446 aliliclioncm,
734 2414 784 2441 hoc
797 2420 847 2445 est,
859 2415 1053 2441 contritionem

267 2465 294 2486 et
311 2459 502 2494 dejectionem,
528 2460 705 2494 corporisque
720 2461 940 2494 oppressionem,
960 2460 985 2487 id
1001 2465 1054 2493 est,

267 2506 382 2541 jejuuia,
407 2505 523 2540 vigilias,
547 2512 717 2541 caaterasqne
744 2506 917 2533 amictioncs.
952 2505 1051 2532 Verum

269 2557 391 2579 ncertum
405 2557 457 2584 est,
474 2559 508 2578 au
527 2551 597 2578 Deus
616 2552 773 2585 hujusmodi
787 2551 889 2578 homini
903 2556 1005 2585 parcet.
1021 2559 1052 2578 ac

269 2607 321 2624 non
340 2606 402 2624 eum
413 2597 566 2626 cxscindct.
580 2605 613 2624 nc
624 2598 694 2624 alius
706 2598 840 2632 quispiam
851 2605 883 2624 ex
897 2597 1053 2631 ipsinscrga

267 2653 328 2671 eum
343 2644 454 2672 lenitate
464 2648 492 2670 ct
503 2644 632 2678 patientia
646 2644 810 2676 offendatur,
822 2651 853 2670 ac
869 2643 986 2670 deterior
998 2643 1054 2675 fiat,

267 2690 327 2724 ejus
339 2690 463 2716 videlicet
486 2689 588 2717 scelera
599 2689 731 2724 impunita
746 2697 857 2716 manere
873 2689 1052 2722 conspiciens.

303 2736 362 2763 Col.
391 2735 444 2762 570
474 2736 503 2763 li.
535 2734 648 2762 Proinde
675 2743 734 2761 cum
761 2734 867 2761 Christo
895 2742 940 2768 per
968 2734 1054 2768 baptic

267 2791 364 2815 unum,
385 2787 439 2809 etc.
463 2782 530 2808 Tota
556 2781 606 2808 hac
637 2781 761 2808 oratione
789 2781 840 2807 tria
867 2784 1052 2807 asttuunlur:

303 2885 325 2901 δι
340 2883 441 2912 Jercm.
459 2892 522 2916 xxx,
539 2884 582 2912 i7.
623 2885 645 2900 η
662 2884 727 2911 Luc.
746 2891 804 2916 xui,
821 2883 842 2910 8.

271 2919 364 2950 ιι,Η.

883 2882 904 2898 ⁸³
921 2883 1018 2916 ῐῖνΙιρε.
1031 2890 1068 2914 Vt,
1088 2882 1117 2909 16

1103 2321 1223 2353 Christo,
1244 2329 1276 2348 ac
1301 2322 1419 2356 petierit,
1445 2327 1474 2348 ut
1498 2322 1601 2356 lapides
1624 2322 1650 2348 in
1674 2330 1759 2356 panes
1785 2328 1891 2349 vertan-

1105 2371 1148 2393 lur
1170 2367 1202 2397 "'.
1220 2367 1262 2394 die
1290 2376 1350 2394 cum
1378 2369 1464 2394 Paulo
1481 2377 1488 2394 :
1504 2368 1562 2395 Non
1590 2369 1687 2403 ignoro
1715 2369 1891 2402 cogitationes

1104 2418 1176 2444 tttas,
1194 2420 1210 2438 0
1228 2421 1319 2447 prave,
1345 2414 1392 2447 qui
1420 2413 1493 2441 aliud
1521 2413 1571 2444 vis,
1597 2414 1671 2440 aliud
1698 2413 1842 2447 praetendis
1857 2413 1890 2439 “.

1103 2457 1232 2484 Prtetevis
1259 2458 1448 2484 necessitatem
1471 2467 1478 2485 :
1498 2459 1538 2485 vis
1563 2464 1654 2486 autem
1680 2466 1723 2485 mc
1748 2459 1818 2486 cibis
1844 2466 1889 2485 ex-

1107 2503 1174 2538 pleri
1202 2508 1229 2530 et
1257 2504 1436 2539 ingnrgitari,
1464 2505 1648 2539 voluptatique
1676 2505 1830 2540 indulgere.
1855 2505 1890 2531 Ae

1107 2555 1249 2585 propterea
1267 2557 1320 2577 non
1335 2558 1442 2585 panem.
1457 2551 1504 2578 sed
1520 2558 1602 2584 panes
1619 2550 1675 2577 ﬁeri
1692 2551 1794 2584 poscis.
1812 2550 1889 2581 Doce,

1107 2603 1168 2629 qua:
1183 2603 1236 2621 non
1254 2595 1360 2628 didicit,
1379 2595 1442 2629 quia
1459 2595 1504 2622 Dei
1520 2595 1609 2622 cultor
1625 2601 1665 2626 es,
1682 2602 1714 2621 ac
1731 2593 1833 2621 Christi
1850 2594 1890 2619 di-

1104 2641 1237 2674 scipulus.
1259 2640 1324 2666 Nam
1347 2641 1417 2667 idem
1435 2648 1545 2675 quoque
1562 2642 1588 2666 in
1605 2640 1715 2667 Christo
1739 2641 1890 2674 ignorabat,

1104 2687 1175 2722 quod
1203 2687 1249 2714 Dci
1277 2687 1363 2714 Filius
1389 2692 1472 2715 esset.
1499 2688 1537 2714 Ac
1555 2686 1681 2714 Christus
1701 2687 1812 2721 quidem
1830 2695 1888 2714 cum

1103 2733 1138 2760 ab
1153 2741 1185 2760 eo
1201 2737 1362 2765 tentaretur,
1381 2733 1447 2760 illud
1464 2735 1591 2768 opposuit
1607 2741 1614 2759 :
1633 2732 1694 2760 Non
1710 2734 1737 2759 in
1751 2741 1822 2767 pane
1835 2733 1890 2759 δοιι)

1104 2780 1162 2807 ινίιτὶι
1184 2780 1270 2812 Ιιοιιιο,
1287 2780 1331 2806 sed
1351 2780 1378 2806 in
1393 2781 1464 2806 omni
1484 2780 1570 2812 verba,
1586 2779 1654 2814 quod
1669 2780 1789 2813 procedit
1802 2787 1834 2806 ea;
1849 2786 1891 2806 ore

1165 2881 1186 2897 “
1203 2881 1233 2908 lll
1251 2881 1316 2916 Reg.
1333 2891 1388 2914 xtx,
1411 2883 1451 2910 ll.
1483 2883 1504 2898 ³⁵
1521 2882 1614 2910 Matth.
1641 2890 1676 2915 ιγ,
1690 2883 1718 2909 3.
1757 2882 1780 2898 “
1797 2881 1816 2909 ll
1829 2880 1881 2908 Cur
