2027 3162
171 204 236 235 1⁸357

665 211 824 241 NICETAS
849 210 886 239 IN
908 210 1018 239 ORAT.
1040 209 1090 239 XL
1111 209 1140 238 S.
1164 210 1276 241 GREG.

1718 216 1784 248 1253
1797 249 1801 252 _

171 264 216 290 Dei
229 263 262 289 δ’.
280 262 319 290 Τυ
346 271 408 290 vero
425 272 531 299 oppone
550 266 666 294 Verbum
695 267 794 302 ipsum,
812 272 835 293 et
856 265 954 292 Filium
974 267 991 293 Α
1007 266 1118 292 omnino
1134 266 1301 299 sustulisset,
1319 267 1382 301 quid
1399 275 1465 303 opus
1481 269 1584 303 fuisset,
1602 275 1628 298 ut
1643 272 1688 306 qui
1705 273 1789 300 semel

169 309 224 337 Dri.
250 309 328 341 cujus
345 309 402 337 lucc
421 311 499 338 vriba
520 317 583 339 sunt
601 322 606 339 :
624 312 679 347 Ego
700 322 757 340 sum
774 314 852 347 panis
869 315 927 340 uitro
944 322 952 340 :

167 356 209 389 qui
226 357 292 381 venit
317 356 350 381 ad
376 365 423 384 me.
444 366 495 384 non
519 364 624 391 esuriat,
642 365 665 386 et
689 361 733 394 qui
754 360 836 386 credit
853 361 880 386 in
902 369 952 391 me,

167 407 300 434 nunquam
324 401 404 427 sitiet.
432 401 513 429 Panis
537 405 606 430 enim
632 404 679 431 Dri
705 405 748 432 ille
772 411 821 437 est,
846 407 891 441 qui
907 406 953 433 tle-

165 447 265 472 accndit
289 447 321 474 de
345 448 419 479 caelo.
445 455 468 475 et
495 451 541 476 dat
568 452 647 477 vitam
666 453 762 479 mundo
788 453 818 479 “.
849 454 877 480 Si
906 461 952 488 per

165 492 272 519 inanem
307 494 419 529 gloriam
446 496 492 522 tibi
519 496 632 523 insidias
655 498 787 525 struxerit
815 499 893 533 (nam
926 503 953 526 et

166 536 276 565 Christo
293 539 407 567 insidias
434 542 557 576 tetendit)
585 550 618 569 ue
644 550 691 577 per
717 544 870 578 superbiam
891 551 952 571 cor-

165 591 226 610 ruas
243 592 251 610 :
267 585 333 618 quin
352 586 443 620 potius
459 587 486 614 in
509 588 595 622 prima
612 589 760 617 tentatione
776 595 886 617 strenue
902 591 950 618 de-

162 635 246 656 rena.
260 629 326 657 Nam
341 632 362 658 si
380 632 407 659 in
422 640 452 660 ea
469 638 493 660 te
506 634 646 662 cedentem
663 643 693 662 ac
706 635 779 662 dicto
794 636 948 664 audientem

162 674 307 708 invenerit,
328 677 538 714 haudquaquam
565 680 610 707 hic
636 681 769 709 consistet
786 691 792 709 :
811 690 905 709 verum
922 687 949 710 ct

161 720 309 746 secundum
326 726 353 748 et
369 723 475 750 tertiam
496 725 672 753 tentatiouem
691 732 772 762 atque
789 728 856 756 alias
873 729 950 756 deiu—

161 771 225 798 ceps
243 766 409 797 admovebit.
427 774 519 803 utpote
549 770 706 807 inexplebili
736 774 884 808 cupiditate
901 774 949 801 lia-

160 810 441 843 grans.Lcnorinatur
451 815 570 849 quidem,
582 822 662 851 atque
673 819 770 853 objecti
785 819 847 846 boni
860 821 950 855 specie

161 859 287 888 tanquam
303 856 429 885 illecebra
441 859 559 892 quadam
574 860 710 888 hominem
724 863 824 891 mulcet
837 873 842 890 :
855 872 948 892 verum

159 900 211 926 sub
227 901 306 927 tinem
324 902 350 928 in
367 904 468 931 malum
487 908 650 941 prorumpit.
669 906 731 935 lbec
746 914 788 936 est
804 910 875 935 enim
893 910 949 937 dia—

161 945 213 971 boli
231 948 369 980 pugnandi
389 949 469 982 ratio,
496 958 592 986 nempe
613 958 641 979 ut
663 961 712 980 nos
737 955 853 983 obscure
869 961 949 992 atque

160 992 268 1017 rit-culte
285 995 468 1026 aggrediatur.
486 997 573 1030 Atque
589 999 670 1026 etiam
697 999 856 1034 Seiipturas
872 1002 950 1029 callet

158 1034 296 1064 diabolus.
315 1037 383 1064 lline
410 1040 493 1067 altera
512 1042 622 1075 quidem
649 1052 679 1070 ex
709 1050 783 1077 parte
808 1055 821 1071 a
839 1046 949 1074 Christo

157 1079 269 1111 dicitur,
297 1083 426 1117 scriptum
446 1090 496 1117 est,
528 1086 597 1119 Quia
612 1096 664 1115 non
679 1090 706 1115 in
723 1090 778 1115 solo
800 1099 866 1125 parte.
885 1093 949 1119 vivet

156 1124 235 1151 homo
247 1127 284 1160 ⁸⁹;
300 1128 382 1155 altera
397 1135 488 1157 autetn
501 1139 532 1158 ex
548 1139 622 1167 parte
637 1134 694 1168 ipso
711 1135 798 1165 hoste.
815 1137 946 1171 scriptum

156 1175 210 1200 est.
222 1172 293 1204 Quia
306 1175 406 1208 angelis
418 1177 472 1202 suis
486 1178 622 1205 mnudabit
633 1180 664 1206 de
683 1185 706 1207 te
716 1181 748 1207 ".
760 1182 804 1214 At,
814 1191 829 1208 ο
841 1184 948 1218 sapiens

157 1216 191 1243 ad
203 1218 442 1252 malefaciendum,
454 1222 553 1250 dixerit
563 1223 695 1252 Jeremias
704 1227 776 1254 "10
787 1228 843 1255 vitii
853 1216 948 1258 auctor

156 1267 184 1287 et
195 1264 334 1298 magister,
345 1266 408 1299 quid
420 1267 464 1293 tibi
475 1268 583 1300 accidit,
595 1275 621 1296 ut
632 1271 786 1298 Daridicum
795 1274 896 1301 dictum
907 1275 949 1302 iu-

156 1310 262 1341 tegrum
278 1317 329 1335 non
345 1311 516 1343 produxeris,
535 1321 628 1341 verum
647 1317 719 1350 quod
734 1319 856 1351 sequitur
883 1327 948 1354 sup-

158 1353 292 1385 presseiis
309 1364 314 1380 :
330 1355 415 1388 Super
437 1358 554 1392 (lapidem
574 1365 599 1386 et
631 1362 783 1390 basiliscnm
808 1353 946 1392 anum/alio

154 1401 179 1423 et
190 1399 351 1427 conculcabo
363 1401 395 1433 5‘,
408 1407 433 1429 et
447 1404 523 1437 juxta
538 1405 637 1433 Christi
651 1409 702 1434 utri
715 1411 889 1443 promissum,
900 1420 947 1446 po—

157 1447 284 1469 testatem
301 1445 432 1479 accipiam
456 1448 578 1475 ralcundi
597 1458 675 1484 super
691 1460 820 1486 serpentes
834 1461 857 1482 et
874 1445 946 1482 scor-

153 1488 256 1522 piones,
268 1495 294 1516 et
308 1499 408 1518 omnem
419 1495 562 1526 potentiam
574 1496 675 1523 inimici
685 1498 717 1523 ".
729 1498 805 1531 Quod
815 1501 836 1528 si
851 1509 946 1529 rursus

155 1538 182 1560 te
197 1542 245 1568 per
260 1537 401 1563 avaritiam
420 1538 548 1574 frangere
562 1548 594 1568 ac
609 1550 738 1576 superare
754 1545 871 1573 adnixus
888 1546 945 1575 fue—

967 939 986 966 Β

1007 313 1113 346 purgati
1129 317 1230 344 essent,
1247 312 1343 340 iterum
1357 322 1387 341 ac
1401 315 1490 349 tertio,
1503 322 1582 351 atque
1596 317 1663 345 adeo
1678 319 1790 346 assidue

1005 359 1206 393 purgarentur?
1221 359 1298 386 Nunc
1313 367 1376 387 vero
1390 363 1460 395 quod
1477 363 1568 389 eadem
1586 371 1628 390 res
1642 365 1787 392 identidem

1005 404 1194 438 repetebatur,
1229 406 1415 440 purgationem
1446 416 1506 435 eam
1537 410 1727 443 particularum
1758 420 1790 439 ac

1008 449 1116 476 brevem
1133 455 1160 477 et
1176 451 1306 478 caducam
1328 452 1412 479 fuisse
1423 455 1565 488 perspicue
1581 456 1680 490 arguit.
1692 465 1788 491 queui-

1004 495 1148 522 admodum
1165 501 1191 523 et
1207 496 1291 524 Paulo
1308 498 1405 532 placet.

1039 541 1098 568 Col.
1119 541 1168 568 37f
1192 542 1221 568 Β.
1243 542 1418 576 Baptizemur
1442 545 1529 578 ltodie,
1550 554 1582 572 ne
1606 555 1663 573 cras
1690 548 1712 574 vi
1737 548 1788 574 ali-

1004 595 1073 621 qua,
1102 592 1154 614 etc.
1181 587 1213 615 “.
1241 588 1387 624 Postquam
1417 589 1572 626 Theologus
1601 593 1787 627 superioribus

1004 632 1095 659 verbis
1113 633 1144 658 ad
1167 633 1330 667 baptismum
1346 635 1548 670 suscipiendum
1564 645 1613 664 nos
1627 639 1787 665 adhortatus

1003 683 1063 706 ext.
1094 686 1185 710 nunc,
1215 684 1242 705 ut
1268 679 1392 706 celeriter
1421 688 1529 715 quoque
1558 684 1608 710 hoc
1636 683 1785 715 faciamus,

1003 722 1141 757 impellere
1165 729 1288 754 conatur.
1313 725 1353 752 his
1373 726 1462 753 verbis
1484 732 1562 755 utens
1585 737 1593 755 :
1614 728 1787 763 Baptizemur

1003 769 1093 802 hodie,
1109 777 1143 796 ne
1161 777 1222 796 cras
1241 771 1263 796 vi
1282 770 1371 804 aliqua
1394 772 1496 805 majan
1516 780 1656 807 cogamur,
1675 779 1787 808 urgente

1001 814 1103 842 scilicet
1128 816 1235 846 morbo,
1263 815 1301 842 vel
1331 816 1383 843 alio
1407 817 1523 850 qundam
1543 818 1673 852 periculo,
1690 826 1720 845 ac
1737 827 1786 845 nos

1003 868 1051 895 per
1074 862 1127 888 vim
1154 862 1186 888 ad
1215 862 1380 896 baptismum
1411 865 1582 897 pertrahcnte
1599 874 1606 892 :
1625 869 1688 892 tunc
1714 866 1786 892 enim

1002 915 1055 934 non
1074 912 1126 934 tam
1143 907 1296 942 baptizatur
1311 909 1456 942 quispiam,
1475 917 1555 944 quam
1575 911 1707 937 violenter
1724 919 1785 945 pre-

1003 952 1096 978 mitur.
1111 951 1267 986 Baptismus
1285 953 1444 980 beneficium
1460 960 1511 987 est,
1525 955 1670 982 criminum
1689 957 1785 984 remis-

1001 998 1104 1024 sionem
1116 998 1243 1025 affercus.
1257 997 1354 1031 Quare,
1366 1007 1418 1025 non
1431 1001 1542 1034 perinde
1552 1006 1632 1035 atque
1644 1001 1783 1036 injuriani,

1001 1045 1022 1071 si
1036 1044 1180 1071 confestim
1198 1044 1377 1078 baptizemur,
1392 1048 1539 1079 accepturi,
1555 1048 1715 1075 beneficium
1734 1049 1785 1075 hoc

1001 1091 1026 1116 in
1046 1090 1154 1124 longius
1172 1095 1277 1124 tempus
1295 1091 1461 1125 rejiciamus,
1489 1101 1575 1127 neque
1597 1099 1784 1128 exspectemus

1000 1136 1063 1162 dum
1085 1136 1159 1170 plura
1175 1141 1283 1171 peccata
1307 1139 1535 1173 congesserimus,
1554 1143 1583 1165 ut
1601 1140 1678 1174 plura
1705 1140 1783 1167 nobis

999 1182 1197 1210 eondouentur.
1225 1183 1279 1211 Nec
1303 1184 1441 1211 Christum
1467 1192 1663 1219 cauponemur,
1690 1185 1781 1212 diven-

998 1228 1094 1256 dcntes
1119 1228 1269 1261 Christum,
1299 1232 1350 1257 hoc
1377 1235 1427 1262 est,
1452 1231 1552 1258 Christi
1580 1232 1745 1266 baptismum
1775 1240 1781 1256 :

998 1274 1070 1307 quod
1098 1274 1207 1308 quidem
1236 1275 1341 1306 accidit,
1362 1283 1423 1301 etim
1453 1283 1499 1308 per
1529 1276 1694 1310 voluptatum
1724 1276 1781 1303 illc-

998 1319 1092 1346 cebras
1116 1327 1177 1346 eum
1196 1320 1352 1354 prodimus.
1372 1319 1427 1348 Nec
1445 1320 1583 1347 Christum
1601 1328 1781 1354 entercemur,

998 1366 1049 1391 hoc
1067 1369 1118 1396 est,
1134 1365 1259 1400 baptismi
1286 1366 1399 1399 gratiam
1416 1367 1487 1393 velut
1504 1367 1589 1400 pretio
1605 1367 1779 1399 reditnentes,

997 1417 1112 1444 eamque
1128 1411 1215 1437 morbi
1227 1415 1273 1437 aut
1288 1411 1358 1438 alius
1375 1411 1516 1446 cujusdam
1533 1411 1646 1445 periculi
1662 1417 1782 1446 tempore

998 1454 1194 1488 acquircntes;
1214 1455 1332 1490 κάπηλοι
1352 1456 1422 1482 enim
1439 1456 1566 1482 dicuntur
1580 1456 1624 1490 qui
1642 1457 1759 1482 vendunt
1773 1476 1780 1486 ,

997 1500 1113 1534 ἔμποροι
1136 1504 1226 1527 autern
1265 1501 1310 1535 qui
1338 1505 1441 1527 emunt.
1470 1500 1635 1533 Timeamus,
1661 1509 1694 1528 ne
1717 1502 1780 1528 dum

998 1545 1190 1579 redemptionis
1208 1553 1238 1572 ac
1256 1547 1340 1573 venire
1359 1554 1406 1580 spe
1422 1547 1505 1574 multa
1527 1548 1589 1574 ritia
1608 1547 1686 1574 nobis
1704 1548 1781 1574 colli-

153 1580 201 1611 I'il.
219 1586 300 1616 atque
317 1584 436 1611 ostensis
461 1593 514 1613 uno
535 1589 665 1623 temporis
692 1596 829 1619 momento
852 1595 978 1636 regnisc
997 1590 1096 1623 giinus,
1123 1590 1158 1617 ita
1183 1596 1324 1624 peccatum
1353 1599 1522 1626 aggeramus,
1545 1596 1574 1618 ut
1591 1593 1780 1620 reiuissTOuem

123 1648 126 1649 ν
152 1627 283 1655 omnibus
304 1629 490 1658 adorationcm
508 1640 521 1658 a
539 1638 564 1660 te
587 1635 715 1667 cxi-gerit,
732 1644 793 1663 etim
820 1644 848 1666 tit
872 1627 940 1674 pau-

152 1679 245 1706 pcrem
262 1681 420 1708 aspernare.
438 1676 534 1703 Omnia
552 1680 623 1705 enim
642 1680 687 1706 Dei
703 1687 775 1713 sunt,
796 1691 845 1710 ucc
861 1685 941 1718 quid-

150 1725 235 1751 quam
253 1718 351 1746 diaboli
375 1726 473 1754 praeter
489 1723 596 1751 vitium.
616 1725 672 1758 Die,
688 1726 827 1754 Christum
845 1730 939 1761 indui;

151 1764 190 1790 ait
207 1764 279 1790 enim
305 1766 451 1799 Apostolus
468 1777 474 1794 :
493 1769 626 1804 Quotquot
641 1772 666 1798 in
682 1772 788 1800 Christo
813 1776 942 1809 baptizati

148 1809 225 1841 estis,
243 1809 293 1835 hoc
307 1816 357 1841 est,
373 1819 506 1848 quotquot
520 1814 596 1848 juxta
613 1817 711 1844 Christi
729 1819 782 1845 vim
800 1829 830 1846 ac
845 1825 939 1855 poteti-

148 1855 228 1887 tiain,
246 1857 404 1883 firmissimo
417 1860 544 1893 prtcsitlio
560 1862 682 1890 homines
697 1866 938 1898 communirntetn,

147 1900 277 1927 induisti:
293 1902 327 1932 ",
345 1904 383 1929 rel
401 1905 481 1931 etiam
497 1914 555 1933 eaut
573 1908 673 1935 Christi
691 1909 805 1936 fortnam
821 1918 846 1937 et
864 1913 940 1939 simi-

147 1945 302 1978 litudinem,
329 1957 409 1983 quam
437 1950 589 1985 baptismus
615 1953 768 1988 insculpsit.
786 1955 814 1982 ln
832 1956 939 1984 Christo

147 1997 350 2020 transnmtatus
377 2003 449 2026 sum,
476 1997 527 2023 hoc
551 2003 604 2029 cst,
632 2000 851 2028 tiansformatus.
879 2001 939 2036 ipse

145 2045 257 2073 quoque
286 2039 332 2065 Dei
353 2040 443 2074 imago
460 2048 533 2073 sum,
560 2051 647 2078 neque
668 2052 681 2070 a
707 2054 823 2080 superna
851 2048 936 2082 gloria

145 2089 259 2118 propter
283 2085 439 2118 Superbiam
468 2087 557 2114 adhuc
583 2091 683 2122 excidi,
707 2093 936 2126 quemadmodum

146 2131 207 2162 tibi,
225 2131 347 2164 improbe
364 2131 487 2166 spiritus,
505 2135 612 2162 accidit.
631 2136 686 2163 llac
702 2138 827 2166 oratione
842 2140 937 2167 adver-

144 2176 238 2202 sarius
263 2175 450 2210 profligahilur
467 2187 498 2206 ac
514 2181 688 2215 propelletur,
707 2185 935 2218 quemadmodum

144 2229 159 2247 τι
175 2220 286 2247 Christo
304 2223 435 2255 primario
463 2225 564 2251 lumine.
576 2246 582 2257 ,
604 2227 640 2254 i.a
656 2229 736 2255 etiam
754 2230 788 2256 ab
806 2231 846 2257 his
861 2232 905 2266 qui
922 2240 936 2258 a

996 1636 1103 1663 interim
1130 1644 1183 1664 non
1211 1645 1422 1672 consequamur.
1450 1638 1676 1673 Quandoquidem
1704 1641 1782 1667 navis

995 1683 1125 1709 mercium
1167 1684 1273 1717 pondus
1305 1684 1397 1718 aiiquo
1425 1693 1511 1720 usque
1550 1685 1643 1712 suliert
1674 1694 1680 1712 :
1710 1686 1781 1713 u'tra

995 1729 1103 1754 nnnlunt
1119 1734 1208 1756 autem
1229 1735 1339 1757 onerata
1355 1731 1528 1765 deprimitur,
1543 1732 1675 1766 aquisque
1689 1732 1781 1759 obrui-

995 1780 1048 1802 tur.
1077 1775 1238 1808 Caveamus,
1267 1785 1300 1802 ne
1324 1784 1385 1803 cum
1413 1777 1511 1803 similia
1541 1778 1586 1808 iis,
1605 1783 1686 1812 atque
1711 1778 1780 1805 adeo

993 1820 1070 1847 \cuia
1090 1821 1193 1854 majora
1217 1826 1243 1848 ct
1260 1823 1382 1855 graviora
1401 1822 1502 1856 flagitia
1522 1824 1779 1856 perpetraverimus.

992 1870 1138 1900 antequam
1169 1871 1292 1900 speratus
1322 1872 1416 1901 portus
1441 1869 1599 1901 conspicere
1627 1876 1778 1902 queamus,

993 1911 1167 1943 naufragium
1187 1911 1330 1943 faciamus,
1347 1919 1376 1938 ac
1399 1917 1484 1938 morte
1502 1913 1625 1946 praerepti
1645 1913 1779 1947 baptismo

993 1956 1148 1983 multemur.
1174 1956 1242 1989 Quid
1268 1962 1374 1991 tempus
1398 1957 1462 1983 illud
1489 1963 1641 1991 exspectas,
1669 1960 1695 1985 in
1724 1967 1778 1994 quo

991 2009 1111 2036 peisa‘pe
1138 2010 1171 2029 ne
1212 2002 1325 2028 rationis
1352 2003 1461 2037 quidem
1491 2004 1577 2037 ipsius
1605 2012 1715 2039 compos
1750 2014 1779 2032 cs

992 2048 1080 2082 (multi
1096 2048 1208 2074 cnimex
1223 2047 1306 2074 febris
1322 2053 1388 2075 aestu
1407 2048 1540 2075 insaniam
1559 2052 1778 2084 contraxerunt),

991 2094 1102 2127 quando
1116 2098 1142 2120 et
1157 2094 1248 2127 lingua
1270 2093 1354 2121 fracta
1370 2099 1396 2121 et
1412 2095 1550 2121 debilitata
1568 2100 1619 2128 cst,
1639 2103 1687 2122 nec
1704 2098 1779 2123 satu—

969 2148 971 2150 ·
992 2140 1070 2166 tifcta
1090 2140 1168 2166 verba
1198 2140 1321 2175 proloqui
1340 2144 1440 2175 potest,
1457 2147 1518 2167 cum
1538 2141 1599 2173 alia,
1627 2145 1681 2168 tum
1706 2142 1777 2176 quod

991 2186 1098 2213 Satante
1129 2186 1253 2214 nuntium
1287 2187 1420 2218 remittis,
1449 2191 1476 2213 et
1506 2186 1607 2214 Christi
1637 2187 1778 2214 ordinibus

990 2231 1165 2266 adjuugeris?
1180 2232 1214 2259 Ut
1230 2232 1297 2258 nihil
1313 2233 1423 2267 gravius
1436 2233 1535 2264 dicam,
1551 2233 1620 2260 velut
1637 2233 1709 2267 quod
1727 2241 1776 2260 nec

143 2266 256 2293 Christo
268 2267 419 2296 collustratt
435 2269 545 2297 fuerint.
562 2271 638 2299 lianc
653 2274 768 2306 gratiam
783 2275 816 2302 iis
829 2276 936 2303 confert
950 2272 976 2301 D
991 2277 1018 2303 in
1048 2277 1147 2304 cmlum
1168 2285 1264 2304 manus
1292 2278 1415 2304 attollere
1441 2283 1517 2312 potes
1530 2299 1537 2311 ,
1567 2285 1616 2305 nec
1645 2279 1669 2304 in
1697 2279 1777 2312 pedes

142 2312 309 2346 baptisinus,
336 2314 382 2347 qui
412 2314 498 2348 ipsius
522 2318 637 2350 gratiam
657 2323 821 2352 agnoscunt.
844 2319 949 2355 Baptir

142 2365 240 2383 zeinur
257 2358 348 2392 itaque
366 2364 394 2386 ιιῑ
411 2361 552 2388 victoriam
571 2362 722 2391 referamus
739 2373 746 2391 ε
762 2366 937 2401 quandoqui-

145 2403 207 2430 dem
225 2402 349 2431 Christus
367 2410 428 2439 post
449 2407 616 2442 baptismum
636 2414 798 2437 tentatorem
828 2419 937 2445 posu‘a-

141 2449 191 2478 vit,
218 2456 279 2474 cum
306 2454 360 2477 tres
386 2452 435 2485 ipsi
464 2455 629 2481 teutationes
655 2455 835 2486 adhibuisset.
864 2457 934 2492 gulae

142 2494 260 2527 scilicet,
280 2495 368 2522 inanis
382 2498 484 2531 gloriae,
501 2505 527 2526 ct
542 2501 672 2528 avaritizc.
690 2501 869 2535 Lustraliurn,
886 2511 933 2530 seu

145 2541 285 2573 baptismi,
302 2550 434 2575 aquarum
454 2546 600 2580 participes
625 2548 724 2579 simus,
750 2556 810 2582 qua:
826 2550 934 2583 quidem

145 2585 280 2619 legalibus
297 2588 503 2622 purgationibus
527 2593 728 2624 praestautiores
747 2600 822 2625 sunt,
841 2602 937 2629 nempe

147 2631 279 2665 hyssopo,
294 2634 435 2665 sanguine.
449 2639 476 2662 et
489 2636 580 2664 cinere
595 2638 696 2669 vitulee,
714 2647 773 2673 qua:
787 2648 802 2666 ιι
818 2646 935 2672 mortuo,

146 2678 187 2703 vel
207 2677 323 2711 leproso,
341 2677 381 2704 vel
397 2679 449 2706 alia
465 2682 581 2713 quadam
601 2684 757 2716 hujusmodi
775 2693 804 2712 re
820 2686 936 2719 pollutos

145 2728 170 2750 ct
204 2723 360 2758 inquinatos
397 2727 578 2760 aspergebat.
622 2737 775 2764 corpusque
806 2731 936 2758 duntaxat

144 2771 289 2805 purgabat,
304 2769 386 2805 idque
399 2771 432 2798 ad
449 2772 530 2800 breve
547 2777 663 2808 tempus.
678 2775 743 2802 Nam
758 2777 778 2802 si
794 2782 933 2811 peccatum

183 2871 204 2886 "
223 2871 315 2899 Matth.
333 2880 369 2903 tv.
385 2874 411 2900 ~l.
452 2873 473 2889 “
487 2873 564 2900 Jnau.
584 2883 609 2901 vt
638 2875 682 2905 55,

147 2906 190 2933 l9.
229 2908 252 2923 ”
269 2907 358 2935 Galat.
371 2917 412 2939 ιιι,
428 2909 472 2934 27.
512 2909 535 2924 ⁵⁵
554 2911 634 2936 llebr.
654 2918 698 2942 vn,
716 2911 761 2937 ‘27.

310 2956 433 2984 ιἈΤιυι.
468 2955 514 2985 GR
552 2956 598 2985 (1X
608 2960 624 2983 ’κ
634 2957 703 2986 VII.

788 2876 810 2892 ⁴⁹
829 2876 899 2905 Psal.
919 2885 961 2910 xc,
974 2878 1015 2905 11.

990 2330 1149 2356 exsurgere,
1178 2330 1227 2349 nec
1254 2323 1424 2350 adorationis
1451 2331 1532 2350 causa
1561 2331 1630 2357 genu
1658 2323 1776 2350 flectere.

989 2367 1125 2400 Quorirca
1154 2368 1185 2394 ad
1217 2368 1402 2402 baptismum,
1434 2369 1506 2394 velut
1532 2369 1564 2394 ad
1594 2368 1775 2401 bt‘nt'iicium,

988 2418 1117 2439 contento
1132 2418 1158 2439 et
1182 2414 1265 2439 citato
1290 2421 1370 2440 cursu
1392 2421 1517 2447 propera,
1535 2415 1654 2448 quandiu
1672 2420 1697 2441 et
1712 2422 1774 2440 cor-

990 2465 1054 2492 pore
1077 2463 1104 2485 ct
1129 2459 1221 2485 animo
1249 2459 1342 2489 vales.
1371 2466 1420 2485 nec
1446 2460 1472 2486 in
1500 2460 1615 2486 aliorum
1643 2464 1774 2494 potestate

991 2504 1093 2530 bonum
1114 2509 1189 2531 tuum
1213 2505 1296 2530 situm
1322 2509 1372 2536 est,
1395 2504 1446 2532 hoc
1471 2510 1522 2538 est,
1547 2510 1723 2540 cognatorum
1748 2511 1775 2532 et

992 2558 1091 2584 genere
1107 2550 1334 2584 propinquorum,
1349 2557 1441 2576 rerum
1459 2550 1496 2576 tui
1513 2551 1597 2583 ipsius
1611 2556 1652 2576 rst
1669 2551 1772 2576 arbitrii

992 2597 1042 2623 hoc
1059 2595 1232 2627 beneficium,
1252 2595 1384 2622 hactenus
1402 2596 1514 2628 scilicet,
1531 2601 1560 2623 ut
1578 2597 1618 2623 vel
1643 2597 1772 2631 accipias.

989 2641 1029 2667 ιρι
1062 2641 1201 2674 repudies.
1234 2641 1359 2673 Quamdiu
1393 2641 1454 2668 fidei
1487 2641 1612 2675 pietatem
1644 2643 1772 2677 consequi

989 2691 1076 2720 potes,
1095 2686 1196 2712 nullam
1213 2686 1339 2713 videlicet
1353 2687 1550 2713 dubitationem
1568 2688 1665 2714 animis
1681 2696 1773 2715 cuium

988 2733 1033 2766 qui
1065 2734 1164 2759 adsunt
1187 2733 1323 2767 injiciens,
1351 2734 1552 2768 haptismuuiuc
1582 2736 1713 2767 senseris,
1740 2745 1771 2761 an

987 2786 1049 2805 vero
1069 2779 1144 2805 nullo
1171 2787 1266 2806 eorum
1300 2787 1359 2813 que
1382 2785 1510 2814 gerantur
1535 2788 1617 2807 Sensu
1639 2782 1773 2811 animai-is,

1626 2880 1648 2895 ⁸⁷
1666 2879 1732 2905 Luc.
1748 2885 1775 2909 ι,

1055 2878 1078 2894 ¹⁰
1092 2876 1192 2906 Jcrcnt.
1210 2887 1246 2911 tv,
1263 2879 1307 2905 ‘22.
1347 2879 1367 2893 '“
1386 2879 1456 2905 l’sal.
1477 2887 1517 2911 xc,
1546 2880 1588 2906 15.

1558 2959 1594 2987 40
