2027 3162
208 227 276 259 ῙΞῗιῦ

933 218 1121 249 ADDENIH.

206 291 300 310 verum
326 290 346 308 cf
359 286 400 308 rio
428 285 507 314 atque
535 278 690 306 induhitato
709 283 770 304 eam
792 275 906 310 gratiam
935 281 996 308 pcr-
1013 275 1035 303 Α
1050 281 1082 300 ac
1096 273 1240 300 sanitatem
1258 273 1337 308 quasi
1355 273 1407 299 lata
1426 271 1561 299 sententia
1578 270 1748 306 pronuntiat.
1767 271 1800 296 Λι
1818 276 1846 296 ιιι

207 329 310 363 cipicns
332 335 338 353 :
359 334 408 352 nec
429 324 632 352 unsetationetn
658 329 769 348 movens
797 325 824 346 ut
849 326 931 345 sensu
953 325 997 344 or-

207 375 297 406 batus,
312 373 358 400 sed
375 370 582 406 gratulationem
600 373 625 394 et
642 367 760 398 laudent,
780 370 806 392 ut
823 364 932 391 t'mlestc
948 364 998 390 hoc

207 421 309 447 donum
330 418 415 452 probe
440 415 574 444 sentiens.
602 412 728 446 Quandiu
756 411 931 446 perspicuum
949 409 996 436 tibi

207 466 309 492 donum
325 469 367 490 est
391 467 418 489 et
433 466 627 496 spontaneum,
645 466 675 485 ac
693 464 745 484 non
765 465 789 482 ιιι
815 454 898 482 dubio
924 459 998 486 sunt,

208 511 253 545 qui
275 516 300 537 te
314 509 503 538 cireuntstant,
519 514 553 533 an
569 505 615 532 tibi
632 508 802 539 perspectum
816 509 847 528 ac
859 501 998 535 cognitum

208 556 298 587 fuerit,
319 562 415 582 necne.
435 552 502 579 Nam
519 553 542 580 si
557 554 608 578 hoc
625 550 786 586 mysterium
804 547 924 576 sentiens
940 547 1001 573 iil‘lO

208 607 289 636 atque
318 600 397 627 hilari
430 600 524 626 attittto
557 598 722 631 baptismum
758 594 898 628 suscipis,
928 598 1002 619 certe

209 647 337 673 intimum
357 650 452 680 pectus
468 649 550 679 atque
573 643 693 670 animam
714 641 800 676 gratia
827 639 914 674 tetigit
934 646 941 666 :
959 639 1001 665 sin

209 696 298 719 autem
319 699 372 718 non
401 697 565 726 agnoscens,
582 689 639 723 jattt
667 695 717 715 nec
743 686 896 721 baptisnttts
916 686 1003 719 bapti-

211 745 287 765 smus
299 742 455 769 est,veruttt
472 735 594 762 funebris
611 735 743 761 duntaxat
759 733 882 768 corporis
901 731 1002 758 ablutio

210 785 336 811 ellicitur.
362 783 489 817 Quandiu
515 783 588 810 circa
613 786 640 808 te
667 781 810 816 propinqui
836 785 863 806 et
887 787 1004 806 consan-

212 830 302 864 guinei
332 830 466 865 lacrymas
486 837 540 856 non
558 829 675 855 fundunt
701 827 796 853 mortis
825 826 938 856 indices,
963 825 1004 851 vel

212 876 296 903 etiam
313 877 403 910 potius
427 883 475 904 eas
500 875 624 902 itthibent
648 882 680 901 ac
707 874 868 908 reprimunt,
887 881 920 899 tte
937 878 962 899 te
977 873 1003 898 in

213 923 365 958 graviorem
389 929 535 950 rnmrorem
553 929 585 948 ac
601 921 820 956 desperationem
845 919 1004 954 conjiciant,

1053 328 1086 348 ne
1110 321 1260 354 committe,
1277 325 1307 347 ιιι
1332 319 1487 354 liujusntodi
1514 318 1643 345 sudorem
1670 323 1848 352 exspectans.

1053 367 1190 402 baptismo
1211 374 1314 393 moram
1333 366 1500 399 interponas,
1517 366 1616 400 quippe
1633 373 1696 392 curti
1720 364 1846 391 accidcre

1054 413 1151 448 possit,
1169 417 1198 439 ut
1214 420 1263 447 pro
1278 420 1310 438 eo
1327 411 1435 438 lethalis
1455 411 1539 438 sudor
1556 415 1582 437 te
1597 410 1740 445 corripiat,
1766 418 1847 444 quem

1053 459 1209 494 egrediente
1222 459 1312 485 anima
1330 466 1428 492 corpus
1444 458 1470 484 iit
1488 462 1611 484 estrezno
1628 465 1730 492 angore
1747 457 1794 484 fnn
1808 459 1851 489 Iit,

1055 506 1198 541 prmscntis
1225 506 1285 532 vitm
1309 507 1387 532 tinent
1413 504 1586 531 clamantem.
1612 504 1685 537 Quin
1713 505 1806 539 porius
1825 509 1851 532 te

1055 554 1143 588 ipsum
1163 553 1371 583 commiserare,
1390 553 1437 586 qui
1462 551 1631 578 infirmitatis
1653 551 1753 578 anima:
1776 560 1853 577 eom-

1057 599 1235 627 modissimus
1258 607 1287 626 cs
1306 598 1439 625 medicus.
1462 597 1531 624 Dum
1551 597 1674 624 secundo
1699 602 1779 624 vento
1804 604 1854 623 tta-

1057 647 1149 681 vigas,
1179 647 1240 673 ritze
1271 645 1467 680 tranquillitate
1495 652 1527 670 ac
1557 643 1713 672 valetudine
1745 643 1854 678 integia

1058 691 1164 723 fruens,
1192 691 1319 726 baptismi
1350 690 1523 725 naufragium
1554 698 1560 715 :
1592 689 1664 724 quod
1694 694 1783 716 morte
1813 690 1854 719 lit.

1059 738 1141 771 time;
1161 737 1196 765 ita
1216 737 1272 769 ﬁet,
1291 742 1319 764 ιιι
1334 737 1409 764 ttttllo
1429 737 1510 764 modo
1528 736 1703 771 naufragium
1725 735 1855 770 patiaris.

1059 784 1126 811 Nam
1141 784 1163 811 si
1181 783 1316 814 timueris,
1332 782 1458 818 profecto
1473 782 1667 817 baptizaberis.
1684 781 1757 808 Liete
1772 786 1857 815 atque

1060 828 1186 855 hilariter
1200 828 1354 862 baptismus
1368 827 1537 859 celebretur,
1552 826 1578 853 in
1594 826 1712 853 sanitate
1730 825 1859 853 videlicet

1059 879 1084 901 et
1099 874 1199 909 gaudio
1215 881 1229 900 a
1247 879 1272 901 te
1290 877 1446 908 susceptus,
1464 880 1518 899 non
1536 877 1627 899 autem
1643 871 1789 902 defle-ator,
1806 871 1859 898 hoc

1061 927 1113 953 est,
1138 927 1191 948 non
1215 920 1241 946 itt
1264 920 1361 947 morbo
1384 919 1526 954 animique
1550 926 1669 946 mcerore
1691 918 1860 952 accipiatur.

213 968 286 996 velut
302 976 334 995 ea
360 975 388 995 re
407 972 522 995 mortem
552 967 599 995 tibi
627 967 772 1002 perspicue
796 966 1001 993 denuntiantes.
1023 958 1047 989 Β
1062 967 1116 994 Nec
1143 966 1271 1002 baptismi
1299 966 1428 993 talentum
1455 966 1504 993 ιιιιε
1527 970 1552 992 te
1575 964 1741 998 defodiatur,
1768 965 1859 999 primo

214 1013 339 1047 Quandiu
359 1021 412 1040 ttou
439 1020 510 1040 uxor
525 1017 552 1040 et
568 1012 646 1039 liberi
671 1019 783 1046 peregre
806 1011 950 1038 abeuntem
974 1011 1006 1036 ad

214 1067 273 1086 sese
296 1061 471 1091 convertunt,
491 1059 585 1086 ultima
604 1059 686 1084 verba
711 1065 742 1084 cx
767 1061 792 1084 te
816 1056 912 1084 audire
927 1064 1008 1091 expe-

216 1109 314 1138 tentes,
340 1106 423 1140 idque
448 1109 535 1132 tuorte
560 1104 710 1140 adurgente
727 1109 810 1138 atque
827 1103 1007 1130 aceelerante.

215 1152 340 1184 Quandiu
370 1159 423 1178 nort
453 1156 479 1178 te
506 1158 554 1185 per
580 1150 744 1184 imperitiam
772 1149 841 1176 fallit
868 1149 1007 1180 medicus,

216 1197 386 1232 ingruentem
403 1202 485 1232 atque
500 1196 568 1224 adeo
589 1201 725 1223 astantem
745 1195 800 1230 jaut
824 1201 937 1222 mortem
955 1203 1008 1221 non

216 1250 341 1274 cernens,
360 1250 454 1270 verum
480 1243 529 1269 tibi
556 1242 636 1269 horas
654 1242 716 1268 vitae
741 1242 870 1276 largiens,
897 1241 1011 1276 perinde

217 1293 300 1322 atque
324 1296 408 1323 penes
434 1289 522 1323 ipsunt
550 1288 697 1315 arbitrium
715 1294 811 1315 earum
839 1295 871 1314 ac
890 1292 1012 1322 potestas

218 1334 264 1360 sit.
279 1333 330 1366 Qui
346 1334 428 1360 etiam
455 1333 539 1360 dubio
552 1335 650 1368 capitis
667 1338 735 1361 nutu
750 1334 860 1361 dubiam
878 1341 910 1361 ac
923 1334 1011 1360 ambi-

219 1386 298 1412 gnam
326 1379 373 1406 tibi
398 1379 513 1406 salutem
538 1378 614 1410 facit,
639 1385 667 1406 ut
689 1380 739 1407 hac
765 1383 824 1406 arte
850 1384 1011 1414 sequentem

220 1429 313 1459 postea
329 1424 574 1459 reprehensionem
591 1430 672 1459 atque
697 1425 814 1452 inscitia:
839 1426 968 1459 probrum
987 1431 1013 1452 et

221 1471 429 1499 insectationem
456 1470 554 1507 fugiat,
579 1476 661 1506 atque
679 1477 742 1498 ante
769 1476 883 1498 tuortettt
901 1470 1012 1506 quidem

221 1516 323 1544 recedit
339 1517 390 1552 (vel
409 1516 591 1552 copiosiorem
617 1519 771 1544 mercedem
789 1525 837 1552 per
857 1517 1014 1552 hujusmodi

222 1570 359 1590 recessum
385 1571 557 1598 exposcens,
587 1565 628 1590 vel
656 1563 816 1598 significans
843 1571 872 1590 se
899 1563 1014 1591 salutent

223 1613 296 1634 tuam
313 1616 361 1642 pro
373 1609 516 1643 desperata
532 1617 565 1636 ac
578 1609 718 1644 deplorata
735 1610 845 1640 habere,
858 1617 889 1636 ac
901 1609 1015 1643 proinde

223 1661 273 1680 nec
297 1655 394 1682 adesse
419 1655 499 1690 velle)
528 1660 588 1689 post
607 1659 721 1681 inertem
748 1659 839 1682 autem
863 1655 897 1682 de
923 1658 1016 1682 utorho

223 1700 355 1735 disputat,
369 1709 412 1734 ac,
430 1709 463 1728 ne
483 1702 550 1728 artis
567 1709 666 1735 expers
689 1705 715 1728 et
741 1701 854 1736 ignarus
880 1701 1017 1733 viieatur,

223 1753 323 1773 causas
337 1747 469 1781 quasdam
488 1746 601 1781 profert,
621 1747 727 1778 dicens,
746 1748 769 1774 si
786 1747 837 1774 hoc
855 1751 937 1782 atque
954 1748 1018 1773 illttd

225 1791 334 1820 fecisset
358 1792 402 1820 ltic
417 1793 509 1826 ltomo,
534 1793 748 1828 haudquaquam
762 1801 777 1819 e
791 1793 844 1820 vita
864 1794 1018 1828 migrasset.

227 1837 398 1873 Baptisntuttt
425 1839 546 1875 suscipe,
572 1839 695 1874 quattdiu
722 1839 836 1866 minime
862 1839 967 1865 circuttt
995 1844 1020 1866 te

225 1890 358 1920 pugnant,
378 1887 400 1912 is
415 1887 462 1921 qui
482 1892 507 1913 te
529 1886 658 1920 baptisuti
678 1893 749 1920 aqua
767 1885 872 1920 tingere
888 1890 978 1919 parat,
995 1889 1021 1911 ct

226 1932 273 1966 qui
300 1934 480 1967 pecuniarum
511 1937 619 1959 tuarum
648 1933 734 1959 lite-tes
762 1931 870 1958 futurus
895 1935 948 1962 est,
976 1931 1022 1958 ille

226 1977 357 2005 ttintirum
381 1979 506 2006 studiose
529 1986 624 2014 agens,
644 1984 725 2013 atque
746 1978 928 2010 contendens,
946 1982 1021 2004 utea

226 2032 288 2059 quae
305 2025 338 2051 ad
359 2026 420 2052 \ita:
445 2027 549 2052 exitum
574 2025 732 2052 necessaria
751 2029 826 2056 sunt,
854 2024 1022 2058 suppeditet,

229 2071 281 2096 hoc
298 2077 349 2103 est,
367 2076 394 2097 ut
412 2076 438 2097 te
452 2071 567 2097 salutari
585 2078 655 2104 aqua
675 2072 771 2104 tingat.
797 2074 825 2096 et
849 2069 1022 2096 DontiniCum

229 2122 329 2149 corptts
344 2114 484 2148 itnpertiat
501 2122 507 2140 :
526 2114 570 2141 hic
585 2120 694 2146 contra,
711 2118 740 2140 ut
756 2118 919 2141 testamento
937 2114 1024 2140 haeres

231 2161 380 2187 scribatur.
396 2159 467 2192 Quid
487 2165 631 2194 exspectas
647 2164 675 2186 ut
691 2159 846 2194 baptistnus
863 2160 912 2186 tibi
928 2159 1022 2192 febris,

231 2211 277 2232 :tut
293 2205 440 2240 periculosi
459 2206 603 2240 temporis,
618 2212 650 2232 ac
666 2213 720 2232 ttott
747 2205 839 2239 potius
864 2205 980 2232 rationis
998 2210 1024 2233 cl

229 2253 382 2286 prudentia:
407 2252 554 2286 liberteque
580 2251 730 2278 \olutttatis
757 2251 890 2278 bcttelicio
912 2258 1024 2286 eumpa~

1062 1021 1172 1048 quoque
1192 1016 1315 1046 tempore
1341 1011 1448 1039 scilicet
1475 1011 1610 1038 morituro
1627 1019 1634 1036 ε
1650 1017 1746 1037 verum
1773 1017 1861 1044 nego-

1063 1059 1178 1086 tiatione
1194 1063 1313 1092 crescat,
1337 1065 1388 1093 per
1409 1058 1491 1085 vitam
1509 1062 1571 1093 p0st
1593 1057 1760 1092 baptismum
1786 1063 1862 1084 recte

1063 1114 1094 1133 ac
1108 1106 1237 1141 praeclare
1250 1105 1414 1132 institutam.
1426 1104 1498 1131 lnter
1512 1104 1679 1140 baptismum
1691 1107 1719 1130 et
1731 1107 1858 1133 mortem.

1064 1153 1168 1188 aliquid
1195 1153 1326 1187 tetttporis
1344 1151 1506 1182 intercedat,
1531 1155 1559 1177 ut
1577 1158 1631 1177 tton
1657 1150 1741 1177 modo
1764 1158 1861 1177 sacra-

1066 1204 1186 1226 mentum
1209 1203 1236 1226 et
1252 1203 1427 1234 peccatorum
1452 1197 1654 1229 remissionem,
1671 1204 1754 1231 quant
1773 1198 1863 1231 bapti-

1066 1253 1142 1273 sntus
1167 1245 1255 1278 aﬂ'erl,
1281 1245 1384 1271 habeas
1406 1251 1524 1270 :veruttt
1549 1244 1632 1274 etiam
1656 1243 1811 1270 mercedem
1830 1251 1864 1270 ac

1066 1291 1317 1319 remunerationem
1345 1290 1475 1326 accipias,
1503 1294 1532 1318 ut
1558 1289 1605 1325 qui
1632 1289 1744 1316 virtutis
1769 1291 1864 1317 studio

1067 1338 1237 1365 incubueris.
1271 1336 1339 1363 Nam
1371 1344 1461 1370 parvae
1491 1335 1602 1370 quidem
1633 1339 1716 1369 atque
1748 1335 1864 1369 abjectze

1068 1384 1167 1412 animae
1192 1383 1354 1418 praeclarum
1383 1386 1515 1410 censetur
1541 1388 1652 1416 poenam
1680 1381 1768 1408 solam
1795 1381 1867 1408 cﬂu~

1069 1437 1132 1465 gere
1150 1439 1156 1456 :
1172 1434 1201 1463 at
1216 1430 1262 1464 qui
1279 1428 1363 1456 animi
1381 1427 1571 1463 magnitudine
1590 1427 1722 1462 przeditus
1737 1431 1792 1459 est,
1809 1434 1865 1454 non

1069 1476 1151 1502 modo
1178 1474 1297 1502 salutent
1324 1478 1350 1501 et
1379 1475 1508 1506 veniam,
1539 1473 1585 1501 sed
1614 1473 1703 1507 majus
1731 1472 1864 1507 quiddam

1068 1521 1150 1549 etiam
1168 1521 1276 1557 quaerit,
1298 1520 1437 1547 cwlestcttt
1461 1527 1558 1554 nempe
1578 1518 1695 1554 gloriam
1717 1523 1745 1545 et
1769 1518 1866 1553 splen-

1069 1567 1174 1594 dorem.

1106 1613 1163 1639 (Iul.
1179 1611 1232 1639 5Ὶῦ
1242 1611 1273 1640 C.
1289 1614 1348 1640 Tres
1375 1612 1445 1638 enim
1461 1619 1551 1638 eorum
1573 1611 1619 1646 qui
1643 1610 1759 1638 salutem
1776 1619 1869 1637 cunu-

1070 1665 1199 1695 quuntur,
1215 1664 1268 1686 etc.
1287 1658 1448 1686 Postremus
1472 1665 1568 1684 eoruut
1585 1657 1631 1692 qui
1650 1661 1753 1683 interna
1774 1657 1867 1684 salute

1071 1706 1219 1736 donantur,
1237 1706 1349 1740 gradus,
1379 1710 1523 1731 servorum
1551 1707 1604 1734 est,
1621 1709 1683 1729 cum
1715 1701 1779 1736 quis
1798 1710 1866 1736 sup-

1071 1749 1216 1784 pliciorum
1245 1754 1330 1780 metu,
1367 1747 1477 1775 virtutis
1512 1747 1633 1774 studium
1675 1747 1867 1781 amplectitur.

1071 1793 1179 1821 Medius
1205 1793 1438 1820 mercenariorunt
1455 1813 1463 1825 ,
1501 1800 1564 1819 eutrt
1593 1791 1666 1827 quis,
1707 1791 1866 1819 futurorqu

1074 1842 1209 1869 bonorum
1225 1840 1422 1876 pollicitatione
1435 1840 1553 1871 illectus,
1567 1839 1660 1874 probis
1679 1843 1762 1872 atque
1779 1838 1868 1866 hone-

1073 1889 1123 1916 slis
1146 1886 1302 1915 actionibus
1317 1888 1439 1921 seipsum
1467 1886 1580 1914 addicit.
1609 1885 1730 1917 Primus,
1750 1885 1866 1919 aliisque

1073 1935 1180 1963 duobus
1210 1934 1396 1969 prrestantior,
1429 1933 1548 1961 filiorum
1576 1939 1629 1964 est,
1648 1940 1711 1959 cum
1727 1932 1791 1967 quis
1818 1931 1867 1958 Dei

1074 1987 1169 2008 amore
1184 1980 1315 2015 ﬂagtans,
1332 1980 1461 2015 praeclare
1476 1980 1560 2006 vitam
1578 1979 1698 2007 instituit.
1720 1988 1727 2006 :
1741 1978 1870 2013 quando-

1073 2027 1183 2062 quidem
1199 2025 1282 2058 tilius,
1299 2033 1349 2053 nec
1371 2025 1518 2052 verborum
1537 2030 1624 2057 metu,
1648 2031 1698 2051 nec
1712 2024 1819 2058 praemii
1838 2031 1868 2050 ac

1075 2072 1210 2100 merCedis
1225 2079 1282 2107 spe,
1295 2071 1342 2099 sed
1354 2078 1448 2098 amore
1464 2075 1570 2105 patrem
1585 2070 1652 2097 colit
1674 2074 1758 2104 atque
1776 2069 1870 2097 obser-

1076 2124 1131 2146 vat.
1147 2117 1279 2151 Quamvis
1295 2117 1368 2145 enim
1386 2116 1461 2144 nulla
1473 2116 1506 2143 ad
1527 2123 1591 2143 eum
1616 2115 1800 2143 observantia:
1815 2122 1870 2142 sua

1076 2169 1102 2193 et
1123 2164 1248 2199 obsequii
1264 2171 1370 2192 merces
1387 2163 1509 2191 reditura
1533 2162 1579 2195 sit,
1596 2162 1648 2190 hoc
1664 2162 1753 2197 ipsum
1779 2169 1870 2189 tamen

1078 2211 1214 2238 mercedis
1236 2210 1296 2238 loco
1312 2210 1399 2243 ducit,
1421 2210 1553 2236 nimirum
1570 2216 1602 2236 ea
1617 2216 1680 2243 quae
1699 2208 1770 2243 patri
1794 2212 1871 2243 grata

1076 2265 1101 2284 et
1121 2261 1231 2292 accepta
1245 2260 1320 2288 sunt,
1337 2257 1461 2290 exsequi.
1480 2254 1543 2282 Haec
1571 2261 1655 2289 porro
1676 2254 1729 2281 tria
1754 2261 1788 2280 ne
1808 2261 1875 2280 con-

233 2299 324 2326 retur?
340 2299 410 2332 Quid
427 2304 581 2334 exspectas,
599 2304 624 2326 ut
642 2299 677 2326 ab
692 2299 782 2326 atttico
799 2305 874 2326 certo
890 2299 1023 2326 resciscas
1041 2315 1064 2342 ο
1080 2309 1244 2334 nummulos,
1271 2301 1350 2329 nobis
1368 2300 1519 2328 cavendum
1551 2305 1604 2331 est,
1620 2299 1715 2334 plagas
1731 2298 1870 2330 videlicet,

232 2351 257 2372 te
270 2347 383 2381 jamjam
402 2347 577 2380 ntOritttrutn,
601 2347 647 2382 qui
674 2347 796 2381 quidem,
814 2351 951 2381 quatenus
976 2347 1024 2373 tibi

231 2393 361 2428 baptismi
377 2393 557 2423 mentionem.
572 2398 601 2420 ut
614 2394 849 2428 perturbationem
867 2394 1025 2425 allaturatn,

232 2442 344 2476 iwjicere
362 2446 504 2477 gravatur,
522 2441 712 2468 insidiatorem
731 2441 778 2467 tibi
795 2448 824 2467 Se
841 2441 952 2475 prmbet,
971 2449 1025 2467 ttott

232 2488 374 2514 anticum?
403 2489 486 2515 Estne
501 2489 574 2514 enim
592 2489 651 2523 ejus
677 2490 722 2522 qui
753 2492 838 2519 atnat,
865 2495 1024 2521 [ICI'CillIiCIII

232 2534 350 2560 auticuttt
364 2541 397 2560 ac
411 2535 471 2561 sine
488 2534 624 2569 baptismo
638 2534 783 2560 abeuntem
799 2533 959 2568 negligere?
972 2533 1028 2559 Cur

234 2580 316 2613 igitur
344 2580 458 2608 liberam
488 2585 651 2615 potestatem
687 2589 740 2608 trort
771 2579 902 2615 pra-fers,
933 2588 1026 2607 rerum

233 2627 335 2659 tuorbi,
363 2632 410 2653 alit
437 2627 508 2653 alius
533 2628 676 2661 cujusdam
706 2627 815 2653 adversi
842 2634 944 2657 casus,
973 2626 1026 2651 vim

234 2679 317 2708 atque
328 2673 534 2706 oppressiunem
547 2678 706 2707 exspectas;
721 2673 787 2707 quid
805 2672 932 2699 criticum
946 2671 1029 2697 sudo-

235 2728 304 2752 rertt,
328 2721 380 2747 hoc
401 2724 443 2746 est
464 2719 592 2746 sanitatis
608 2724 634 2746 et
652 2719 711 2745 \ita:
728 2719 912 2754 praenuntium
931 2725 1029 2751 exspe-

235 2767 364 2794 ctandum
382 2772 463 2801 putas
481 2776 487 2792 :
506 2771 625 2800 quatuor
643 2766 714 2792 enim
733 2769 797 2792 suttt
815 2765 887 2799 apttd
909 2764 1031 2791 medicos

234 2812 293 2840 dies
314 2813 348 2839 de
373 2814 533 2847 aegrotantis
560 2812 715 2845 valetudine
739 2812 874 2847 judicium
900 2811 1029 2842 ferentes,

236 2862 364 2890 quartus,
391 2858 538 2891 septimus,
567 2865 658 2884 ttonus
690 2863 717 2884 et
745 2857 918 2888 undecimus,
949 2860 1032 2889 atque

236 2902 320 2928 etiam
345 2910 417 2937 saepe
440 2904 562 2930 decimus
587 2904 685 2930 tertius
707 2912 715 2930 :
742 2904 768 2928 in
794 2910 912 2936 quorum
938 2901 1031 2935 aliquo

238 2948 322 2975 sudor
348 2948 460 2974 obortus
479 2949 615 2981 morbum,
642 2949 757 2983 iudicat,
785 2955 835 2975 hoc
860 2954 910 2978 est,
938 2947 1032 2980 solvit,

1078 2356 1104 2376 et
1130 2350 1295 2380 mercedem,
1325 2356 1357 2375 ac
1381 2347 1441 2379 Dei,
1466 2351 1597 2382 tanquam
1635 2345 1738 2378 Patris.
1767 2345 1872 2372 cultum

1078 2400 1160 2430 atque
1191 2395 1409 2422 observantiam.
1441 2393 1575 2428 l’erquam
1608 2393 1681 2420 enim
1723 2392 1873 2419 absurduut

1080 2442 1173 2474 fuerit,
1201 2441 1223 2468 si
1252 2441 1362 2475 quidem
1389 2447 1487 2467 aurum
1515 2438 1624 2474 publice
1638 2443 1780 2472 erogetur,
1808 2437 1873 2463 ιιιιιιι

1080 2496 1135 2522 prae
1164 2488 1225 2514 aliis
1255 2487 1415 2514 hominibus
1445 2493 1552 2521 rapere,
1578 2484 1750 2520 spiritualem
1782 2488 1872 2510 autem

1079 2535 1239 2565 sanitatem,
1255 2541 1315 2568 qua:
1328 2533 1467 2566 baptismo
1482 2537 1669 2566 comparatur,
1696 2530 1723 2557 itt
1750 2531 1872 2556 futurum

1080 2581 1194 2615 rejicere
1213 2588 1220 2606 :
1236 2584 1263 2607 et
1277 2587 1339 2606 cum
1366 2579 1445 2605 bilem
1471 2585 1602 2605 evomere
1627 2576 1753 2611 cupiens,
1772 2581 1874 2608 nequa-

1081 2634 1163 2662 quam
1175 2633 1236 2654 eam
1249 2634 1330 2660 prava
1344 2631 1370 2652 et
1389 2624 1524 2660 ﬂagitiosa
1543 2624 1631 2650 victus
1643 2620 1748 2647 ratione
1761 2627 1874 2653 augeas,

1082 2681 1176 2700 rerum
1205 2673 1328 2699 molestis
1349 2672 1439 2704 potius
1469 2669 1632 2696 humoribus
1648 2674 1750 2701 c0rpus
1771 2666 1875 2693 exhau-

1081 2719 1147 2750 tias,
1164 2719 1262 2744 animae
1289 2722 1378 2743 tamen
1407 2716 1597 2750 purgationem
1618 2715 1645 2742 in
1664 2714 1739 2741 aliud
1769 2719 1875 2747 tempus

1083 2770 1225 2791 reservare
1244 2770 1276 2789 ac
1310 2762 1517 2789 transmittere:
1545 2768 1665 2796 euntque
1689 2760 1711 2786 si
1732 2759 1873 2786 hominum

1085 2811 1217 2842 servitute
1241 2809 1415 2843 prctnereris,
1434 2816 1465 2835 ac
1481 2809 1592 2843 publico
1612 2807 1748 2842 prarconio
1764 2806 1875 2832 libertas

1084 2857 1171 2885 servis
1200 2857 1405 2886 decerneretur,
1438 2855 1506 2881 nihil
1532 2862 1585 2882 non
1614 2853 1736 2880 facturus
1763 2853 1803 2879 sis
1824 2859 1877 2885 quo

1083 2909 1143 2929 eam
1158 2901 1327 2935 assequaris,
1343 2908 1374 2927 ea
1404 2905 1494 2926 tamen
1521 2908 1582 2926 esse.
1599 2899 1738 2928 veconlia.
1765 2903 1794 2923 nt
1814 2905 1875 2923 eum

1085 2954 1110 2976 lc
1122 2956 1176 2976 non
1195 2948 1350 2979 hominum,
1361 2948 1407 2974 st
1421 2947 1522 2979 peccati
1542 2954 1661 2975 servent.
1671 2945 1704 2972 ad
1725 2944 1876 2972 libertatem
