2027 3162
210 171 272 204 ιειαι

672 174 834 204 NICETAS
858 175 894 204 IN
916 174 1029 204 ORAT.
1077 175 1128 204 XL

1198 176 1228 206 Ξ.
1248 176 1367 206 Gl‘tliG.
1765 182 1831 214 12ῖὲ

208 237 297 262 μιη-ιιυ
309 232 395 260 vocet,
423 229 542 256 nonduin
572 228 618 255 tilui
648 229 822 256 commodum
850 235 910 255 csse
932 235 992 254 eam
1009 230 1031 258 Α
1046 227 1189 260 perfusum
1211 228 1351 261 habueris,
1383 231 1612 265 quemadmodum
1627 235 1691 262 olim
1709 235 1834 266 llrbraao.

207 273 329 308 accipere
346 274 422 302 ilieas
456 283 462 300 :
491 282 618 308 eumque,
646 279 673 301 et
699 279 812 307 vestem,
837 278 863 301 et
882 274 992 301 domum

209 319 378 355 magnificam
391 325 417 348 et
428 326 552 347 ornatam
569 321 680 352 habeas,
695 321 856 356 egregieque
875 319 993 347 instruc-

206 371 274 397 tam,
288 367 403 400 tripsum
423 370 514 394 tamen
535 367 614 393 vilem
632 367 789 402 nulliusque
808 366 885 401 pretii
904 365 992 393 homi-

206 420 267 438 ncin
281 412 398 444 facere:
418 420 535 447 cumque
551 413 573 439 si
593 413 756 447 baptismus,
782 417 810 440 et
828 413 991 440 beneficium

203 464 236 483 ex
253 465 287 484 eo
315 465 440 491 manans,
460 459 548 493 pretio
576 464 755 491 qurercretur,
783 458 866 487 nullis
881 458 992 486 omnino

204 504 328 538 pecuniis
343 505 498 539 parciturus
510 505 560 537 sis,
576 513 650 532 nunc
673 510 774 537 tamen,
792 505 855 539 quia
870 508 991 539 prompta

203 553 287 584 atque
300 549 378 576 obvia
402 555 429 577 et
446 555 606 584 exporrecta
633 551 718 585 gratia
742 549 913 584 proponitur,
931 556 990 576 eam

203 601 316 630 propter
344 595 500 623 facilitatem
524 596 601 623 nihili
630 596 756 631 pendere.
783 594 929 622 Enimvero
958 594 991 621 ad

202 639 320 667 salutem
353 648 401 674 per
434 641 600 675 baptismum
637 640 855 675 consequendam
887 640 990 667 nullum

202 690 311 719 tempus
338 685 456 712 alienum
490 686 656 713 censendum
689 691 742 718 est,
771 687 990 721 quandoquidem

203 738 253 757 nec
288 730 375 757 ullum
405 735 522 766 tempus.
552 735 662 766 propter
678 733 740 759 vitae
759 731 990 764 incertitudinem,

202 776 324 803 alienum
338 784 352 803 a
366 783 453 805 morte
465 783 516 804 est.
533 776 599 804 Ecce
614 786 681 804 nunc
705 783 805 812 tempus
818 777 990 812 acceptabile,

203 821 293 856 inquit
318 822 465 856 Apostolus
478 823 511 849 ⁵⁵.
543 823 604 850 llaec
633 828 723 851 autem
752 823 896 858 particula.
915 823 992 850 Nuttc

202 877 256 895 non
274 877 357 896 uititui
395 869 532 903 quoddam
557 874 664 904 tempus
697 869 802 901 definit,
830 870 876 896 sed
901 870 991 896 omnia

201 919 336 948 tempora.
375 919 457 949 atque
494 922 719 950 unumquemque
754 914 838 947 diem,
868 915 990 949 quandiu

201 961 283 987 hodie
298 967 420 987 vocatur.
433 962 471 987 Ac
492 969 588 988 rursus
605 961 675 988 idem
688 961 835 995 Apostolus
848 961 988 996 clamat“,

201 1007 394 1040 Expergesrere
401 1006 564 1041 quia‘ormis,
577 1011 742 1041 etquantuin
755 1006 788 1032 ad
797 1007 935 1038 virtutem,
947 1007 992 1034 dc-

199 1051 270 1080 sidia
280 1056 306 1080 et
318 1051 415 1078 inertia
426 1053 558 1086 torpescis
571 1060 578 1079 :
596 1057 633 1083 et.
647 1060 758 1087 exsurge
775 1061 791 1079 α
806 1053 928 1085 mortuis,
940 1054 991 1081 huc

198 1102 253 1130 est,
277 1106 292 1126 a
312 1097 414 1126 faetidis
436 1099 541 1132 peccati
554 1099 694 1133 operibus.
712 1105 744 1126 ac
760 1106 808 1133 per
823 1100 989 1133 baptismum

199 1144 345 1177 revivisce,
364 1150 446 1179 atque
458 1144 626 1173 illuminare.
637 1144 866 1180 Quandoquidem
883 1145 927 1177 iis,
943 1146 989 1180 qni

199 1190 228 1218 in
244 1195 417 1225 peccatorum
434 1191 553 1218 tenebris
569 1198 584 1218 a
603 1196 690 1218 morte
715 1192 919 1226 opprimuntur,
935 1197 990 1219 tre-

199 1236 299 1263 menda
313 1243 376 1270 spes
393 1243 425 1263 ac
451 1236 568 1264 formido
592 1242 632 1264 est
650 1237 735 1265 futuri
763 1237 900 1272 supplicii.
915 1237 989 1265 Con-

197 1282 349 1309 ducibilius
373 1287 465 1310 autem
493 1283 571 1311 nobis
600 1283 691 1316 fuerit,
716 1283 738 1311 si
779 1292 829 1312 nos
857 1284 990 1312 matutino

197 1327 328 1355 diabolus
344 1327 490 1356 incursans
508 1329 636 1364 reperiat,
663 1330 713 1357 hoc
735 1335 787 1362 est,
813 1331 839 1356 iu
863 1330 988 1364 baptismi

195 1374 261 1402 luce
277 1373 452 1401 exsistentes.

234 1419 296 1447 Col.
309 1419 363 1447 575
384 1419 416 1448 Β.
448 1419 523 1453 Sere,
547 1429 605 1448 cum
631 1422 738 1449 serendi
772 1427 873 1457 tempus
895 1424 986 1458 fuerit,

195 1469 254 1494 etc.
276 1465 344 1493 Aliis
360 1466 469 1501 quidem
495 1467 577 1495 rebus
598 1468 649 1494 alia
682 1474 802 1503 tempora
822 1470 931 1503 propria
961 1475 988 1496 et

194 1512 345 1540 commoda
362 1516 434 1539 sunt.
453 1512 593 1540 Salomoni
612 1514 686 1540 enim
704 1521 763 1542 mos
784 1516 920 1550 gerendus
935 1520 987 1548 est,

196 1558 266 1586 utile
279 1557 424 1585 consilium
438 1557 561 1586 Iderenti
586 1567 618 1586 ac
633 1559 734 1587 dicenti
752 1568 759 1586 :
776 1559 873 1588 Omnia
887 1566 987 1596 tempus

193 1611 276 1632 suum
292 1604 387 1630 habent
401 1603 434 1634 ",
448 1609 475 1630 at
503 1604 630 1637 baptismi
660 1610 766 1640 tempus
788 1607 915 1633 universa
937 1607 987 1634 ho-

192 1641 304 1678 iuinum
317 1650 371 1677 vita
384 1655 434 1677 est.
462 1651 696 1684 Quemadmodum
714 1652 787 1678 enim
802 1660 915 1687 corpus,
935 1653 987 1680 nisi

193 1697 295 1732 spiret,
312 1697 403 1724 vivere
415 1704 469 1723 nou
483 1700 583 1731 potest,
604 1698 645 1724 sic
662 1704 711 1724 nec
730 1697 822 1725 anima
837 1697 989 1725 consistere

190 1750 281 1780 atque
296 1745 465 1777 conservari,
480 1744 532 1772 nisi
552 1744 711 1771 Creatorem
731 1752 811 1772 suum
828 1749 987 1779 cognoscat.

191 1789 275 1824 Quod
302 1789 325 1815 si
355 1789 521 1823 baptismum
536 1796 643 1823 semper
667 1789 809 1824 protrahas
836 1790 862 1823 (a
879 1789 988 1816 diabolo

192 1835 304 1863 scilicet
331 1834 454 1865 delusus,
474 1834 517 1861 his
545 1834 635 1861 verbis
663 1838 756 1861 utente
781 1842 788 1860 :
820 1831 987 1860 Hodiernum

191 1881 269 1908 diem
286 1880 352 1906 mihi
369 1880 415 1911 da,
442 1879 593 1906 crastinum
622 1878 755 1912 Domino;
786 1879 852 1906 mihi
878 1884 987 1906 tetatcm

191 1927 228 1957 ad
250 1926 404 1960 voluptates
430 1925 591 1960 proclivem,
622 1925 661 1952 illi
692 1926 805 1952 senilem
828 1930 854 1952 et
878 1925 987 1953 effetam

191 1977 280 2007 atque
301 1966 436 2003 inutilem,
454 1971 582 2004 eumjam
603 1970 724 1998 membra
746 1975 773 1998 et
796 1978 896 2006 organa
912 1972 989 1999 elan-

192 2018 316 2053 guerint,
335 2025 385 2044 nec
406 2017 461 2052 jam
479 2017 563 2043 ullum
576 2016 618 2044 sui
639 2024 718 2043 usum
739 2016 861 2051 praebere
873 2017 988 2051 queant)

192 2056 260 2092 vide
277 2071 311 2091 tte
340 2062 476 2097 ejusmodi
499 2061 712 2097 pollicitationes
729 2062 826 2094 facias,
843 2071 904 2098 qua:
926 2063 988 2090 vitae

191 2111 317 2146 spatium
335 2110 504 2145 longitudine
525 2114 665 2145 superent.
683 2110 755 2144 Quot
775 2110 847 2138 enim
862 2110 987 2138 homines

193 2154 328 2183 violentis
342 2155 452 2182 caslbus
468 2155 569 2189 abrepti
582 2160 656 2188 sunt,
674 2162 706 2182 ac
722 2163 754 2182 ne
767 2162 860 2182 vocem
877 2154 987 2189 quidem

192 2201 280 2236 ullam
296 2208 351 2236 pra;
365 2200 469 2228 doloris
480 2201 666 2236 magnitudine
680 2201 803 2236 proferre
819 2201 988 2236 potuerunt?

1045 280 1106 299 rum
1128 279 1219 316 postes
1234 277 1368 310 sanguine
1376 278 1515 311 conspersi
1529 278 1631 307 fuerint
1641 281 1674 314 ⁵⁸,
1690 288 1747 310 tum
1761 293 1832 319 vero,

1044 317 1125 344 etiam
1147 318 1169 345 si
1188 318 1321 351 dormias,
1338 327 1385 348 nut
1414 322 1520 355 sedeas,
1541 329 1587 351 aut
1604 325 1676 353 aliud
1695 317 1833 364 quidpiam

1044 362 1141 396 facias,
1158 373 1223 391 cura
1235 370 1261 392 et
1280 366 1464 396 sollicitudine
1492 370 1614 403 vacabis,
1630 379 1661 400 ea
1694 362 1722 401 re
1747 362 1834 404 fretus

1043 411 1115 444 quod
1131 411 1239 438 etiamsi
1255 413 1315 446 quis
1331 421 1412 441 casus
1424 415 1470 442 tibi
1488 417 1666 453 necopinanti
1685 420 1744 448 vita:
1754 422 1833 450 fidem

1044 457 1174 490 attulerit,
1204 466 1377 494 nequaquam
1405 466 1495 489 tamen
1529 464 1654 498 baptismi
1694 475 1834 502 sset-atquc

1045 502 1206 529 initiationis
1218 511 1316 538 expers
1331 506 1457 535 abiturus
1481 516 1522 536 es.
1538 509 1569 536 Et
1587 511 1658 545 quod
1673 512 1710 538 ait
1728 513 1809 540 David
1825 524 1831 540 :

1045 546 1106 573 Non
1135 549 1238 575 timebis
1264 557 1279 576 a
1301 551 1395 578 timore
1422 558 1550 580 nocturna
1562 555 1595 588 δν,
1623 563 1636 582 a
1660 557 1833 585 ilzeinoiiibus

1045 594 1155 627 inici-to,
1172 601 1218 622 aut
1235 597 1316 625 etiam
1333 600 1422 626 medio
1436 608 1467 628 ac
1492 602 1572 635 pleno
1598 604 1642 630 die
1657 612 1756 639 pl’iBlL‘l‘
1773 608 1834 640 opi-

1043 648 1153 668 nionem
1182 647 1208 669 ct
1224 646 1458 678 exspectationem
1484 649 1635 677 accidente.
1665 651 1722 679 lloc
1742 658 1831 679 attlt’ltt

1043 686 1210 714 daemonium
1226 689 1406 718 meridianum
1421 692 1531 726 quidam
1545 695 1646 723 aredia:
1657 701 1685 724 et
1701 699 1832 733 langoris.

1044 733 1088 759 alii
1109 733 1291 763 obscenarum
1322 737 1530 772 cogitationum,
1565 741 1611 768 alii
1638 743 1757 771 libidinis
1778 745 1834 772 dae—

1045 786 1151 806 monem
1172 779 1399 816 interpretantur.
1415 784 1480 811 Nam
1500 785 1527 812 lti
1540 795 1651 822 qtioque
1674 793 1729 816 tum
1745 791 1832 817 maxi~

1044 831 1096 856 me,
1125 825 1334 859 ingravescente
1354 828 1478 856 ciborum
1504 831 1583 865 copia
1601 838 1705 865 ventre,
1728 834 1832 862 homini

1045 869 1221 899 insidiantur.
1239 871 1406 906 Baptismus,
1433 879 1459 901 et
1482 876 1585 903 viventi
1605 877 1652 904 tibi
1671 880 1832 912 praeclarum

1045 919 1086 942 est
1101 915 1135 943 ad
1165 917 1340 945 securitatem
1367 920 1523 953 praesidium
1549 925 1590 956 (ut
1615 924 1686 950 enim
1702 924 1833 952 thesauro

1045 969 1100 988 non
1118 961 1272 997 obsignato,
1301 964 1430 998 nulloque
1452 967 1616 995 emblemate
1638 974 1732 996 notato
1759 969 1832 997 fures

1044 1006 1124 1035 facile
1137 1009 1290 1042 imminent,
1306 1017 1338 1036 ac
1363 1012 1458 1044 pecudi
1482 1013 1557 1040 nttllo
1569 1014 1646 1047 signo
1662 1014 1760 1041 inusta:
1774 1019 1833 1042 tuto

1045 1054 1171 1082 aclibere
1183 1055 1297 1082 insidias
1311 1061 1422 1084 struunt
1442 1066 1448 1083 :
1465 1059 1506 1085 sic
1525 1066 1540 1086 e
1553 1061 1693 1087 contrario
1715 1061 1740 1088 id
1757 1060 1830 1095 quod

1044 1100 1218 1134 obsignatum
1247 1106 1297 1133 est,
1317 1110 1367 1129 nec
1394 1108 1496 1130 temere
1526 1105 1633 1132 insidiis
1649 1105 1760 1139 petitur,
1782 1113 1832 1133 nec

1044 1145 1124 1173 facile
1134 1146 1265 1181 capitur);
1282 1152 1309 1174 et
1321 1147 1343 1174 si
1358 1156 1389 1175 ex
1408 1149 1458 1176 hac
1469 1150 1523 1176 vita
1537 1150 1674 1183 discedas,
1690 1152 1828 1186 egregium

1044 1192 1182 1227 parentale
1198 1193 1245 1220 tibi
1263 1194 1325 1226 erit,
1339 1201 1370 1221 ac
1391 1199 1447 1221 tum
1465 1196 1606 1223 sterilibus
1621 1201 1703 1231 atque
1725 1196 1831 1223 infruc-

1044 1238 1131 1266 tuosis
1144 1238 1319 1266 libaminibus
1330 1240 1367 1275 (9)
1385 1242 1558 1275 praistantius
1575 1243 1644 1275 (lucc
1658 1250 1740 1276 porro
1756 1243 1830 1275 vino,

1044 1284 1140 1317 melle,
1172 1285 1241 1313 lacte
1260 1291 1288 1314 et
1313 1287 1374 1314 oleo
1404 1288 1578 1320 constabant,
1601 1295 1634 1315 ac
1660 1292 1829 1315 mortuorum

1043 1331 1179 1366 sepulcris
1205 1331 1240 1359 ab
1262 1332 1296 1359 iis
1320 1332 1366 1366 qui
1386 1333 1598 1368 propinquitatis
1627 1334 1832 1361 necessitudine

1044 1377 1104 1404 illos
1118 1376 1294 1412 attingebant,
1325 1377 1550 1414 infuinlebantur)
1581 1384 1637 1407 tum
1660 1385 1829 1407 maturatum

1043 1421 1148 1457 frugum
1178 1423 1306 1457 primitiis
1335 1424 1445 1456 utilius,
1486 1432 1546 1459 qua:
1584 1425 1685 1452 mortui
1713 1426 1831 1452 mortuis

1043 1472 1182 1501 praestant,
1201 1470 1253 1496 hoc
1277 1473 1328 1500 cst,
1345 1470 1378 1496 ad
1397 1470 1528 1497 virtutem
1543 1471 1642 1505 torpidi
1662 1475 1744 1505 atque
1757 1471 1831 1497 incr-

1044 1519 1096 1545 tes,
1107 1514 1219 1548 verique
1231 1515 1312 1542 otiicii
1340 1515 1439 1550 ignari,
1455 1516 1650 1544 consuetudini
1665 1517 1755 1544 stultae
1770 1524 1829 1544 ser-

1042 1559 1158 1587 vientes.

1075 1606 1133 1633 Col.
1144 1606 1196 1634 578
1212 1606 1242 1634 ϐ.
1254 1607 1349 1633 Omnia
1363 1607 1411 1634 tibi
1424 1612 1543 1641 pereant,
1559 1609 1649 1635 omnia
1657 1608 1830 1643 diripiantur,

1039 1657 1093 1680 etc.
1109 1652 1175 1679 Esto
1192 1659 1268 1684 sane,
1283 1653 1376 1680 omnia
1391 1659 1505 1688 pereant
1517 1661 1548 1680 ac
1563 1654 1742 1689 dissipentur,
1756 1661 1830 1689 quae-

1039 1704 1149 1731 cunque
1173 1697 1308 1724 versatilis
1327 1697 1408 1731 hujus
1424 1698 1486 1724 vita:
1512 1702 1576 1725 sunt
1596 1706 1628 1725 ac
1643 1704 1758 1726 terrena
1768 1699 1828 1733 jac-

1040 1742 1153 1769 tationis
1175 1747 1202 1769 et
1219 1743 1379 1778 vertiginis,
1402 1750 1435 1770 es
1465 1743 1526 1770 aliis
1553 1743 1671 1771 subinde
1699 1745 1733 1771 ad
1760 1744 1830 1771 alios

1040 1788 1221 1815 commeantis
1251 1796 1258 1814 :
1290 1792 1318 1815 tu
1344 1796 1410 1815 vero
1442 1789 1508 1815 hinc
1532 1789 1669 1816 excedens
1685 1789 1830 1824 diligenter

1040 1841 1116 1867 cave,
1126 1842 1160 1862 ne
1173 1834 1303 1869 praeclaro
1317 1834 1416 1861 viatico
1429 1842 1462 1862 ac
1476 1834 1591 1862 donaria
1605 1842 1710 1862 careas.
1727 1835 1828 1863 Verum

1040 1880 1155 1907 fortasse
1167 1879 1281 1911 dixeris,
1297 1879 1425 1914 quoniam
1454 1879 1546 1906 nullus
1568 1879 1639 1906 alius
1656 1884 1740 1907 restat
1758 1880 1828 1914 bap-

1041 1924 1150 1954 tismus,
1177 1923 1284 1951 idcirco
1301 1924 1435 1958 baptizari
1448 1923 1555 1957 differo,
1571 1925 1643 1959 quod
1671 1932 1775 1957 verear,
1795 1934 1828 1953 ne

1039 1977 1101 1996 eum
1130 1968 1304 1996 labe-factam.
1327 1969 1410 2004 Atqui
1441 1969 1536 1997 eadem
1564 1971 1670 1998 ratione
1697 1978 1730 1998 ne
1750 1971 1828 1998 Chri-

1039 2015 1146 2043 stianus
1161 2014 1269 2050 quidem
1285 2014 1333 2042 llas
1349 2024 1356 2042 :
1374 2015 1592 2050 quandoquidem
1612 2016 1761 2050 periculum
1775 2022 1827 2046 est.

1040 2069 1073 2088 ne
1089 2061 1158 2088 forte
1175 2065 1270 2088 exorta
1289 2061 1479 2096 persecutione
1488 2061 1592 2089 Christi
1610 2061 1688 2088 fidem
1706 2062 1826 2097 ahjures.

1038 2105 1136 2134 Procul
1161 2107 1197 2134 sit
1224 2107 1276 2134 ista
1292 2107 1373 2133 ratio.
1397 2106 1491 2141 Neque
1515 2107 1588 2134 enim
1611 2108 1755 2142 quisquam
1774 2114 1825 2139 est.

1039 2154 1085 2188 qui
1099 2153 1169 2180 bona
1185 2153 1352 2188 repudianda
1368 2157 1395 2180 et
1414 2153 1562 2188 rejicienda
1576 2158 1663 2187 putet,
1678 2153 1751 2188 quod
1771 2162 1827 2181 me-

1038 2203 1097 2226 tuat
1109 2206 1144 2226 ne
1162 2199 1196 2226 iis
1213 2199 1362 2234 aliquando
1387 2200 1529 2234 spolictur.
1554 2199 1592 2227 Ac
1613 2206 1686 2227 certe
1713 2199 1827 2227 Satanas

191 2248 275 2282 Smpe
288 2246 371 2275 etiam
399 2247 482 2282 (quod
512 2247 669 2275 levissimus
692 2249 746 2281 est)
777 2246 846 2274 tnica
876 2254 930 2273 una
956 2245 983 2272 in
998 2241 1024 2272 D
1037 2245 1164 2279 quamvis
1179 2245 1266 2280 caligo
1281 2246 1316 2273 sit
1330 2250 1463 2278 tamen,nt
1476 2253 1539 2273 cum
1552 2246 1682 2280 Apostolo
1695 2246 1826 2281 loquar“,

191 2293 291 2322 fauces
319 2294 428 2328 oblique
453 2293 608 2326 incurrens,
637 2298 719 2328 atque
742 2293 769 2320 in
794 2296 887 2328 guttur
916 2291 985 2318 inci—

190 2341 275 2371 dens,
297 2339 434 2366 hominem
452 2339 597 2374 oppressit,
615 2343 662 2366 aut
689 2339 868 2373 pharmacum
887 2337 987 2364 intere-

191 2387 256 2416 mit,
282 2386 407 2413 consulto
435 2394 468 2413 ac
496 2386 624 2414 meditato
650 2389 847 2420 temperatum,
878 2388 926 2411 aut
952 2382 984 2410 ad

192 2431 387 2464 purgationem
410 2432 520 2466 quidem
535 2438 562 2460 et
587 2433 715 2465 salutem,
741 2431 908 2459 medicorum
926 2429 986 2465 opi-

190 2477 280 2505 nione
295 2482 460 2510 porrectum,
479 2483 608 2506 caeterum
631 2483 729 2506 eventu
749 2478 808 2513 ipso
828 2476 938 2504 exitiale
954 2482 987 2503 ac

191 2522 295 2549 letlzate
315 2524 463 2550 inventum.
479 2524 556 2557 Quod
571 2525 593 2551 si
618 2529 645 2552 tu
675 2528 861 2557 antevertens,
881 2527 908 2550 et
922 2522 984 2549 ani-

192 2575 270 2595 niani
299 2569 401 2602 Spiritu
431 2570 640 2605 consignatam,
667 2577 693 2599 et
716 2578 818 2605 corpus
845 2573 984 2603 unguento

230 2644 255 2661 ⁵³
281 2644 301 2671 ll
319 2644 382 2671 Cor.
402 2653 436 2679 vl,
452 2646 480 2673 2.

208 2689 253 2713 xt,
271 2680 311 2707 li.

230 2737 271 2773 (9)
293 2737 471 2774 Infructuosis
500 2737 681 2765 fibamiuibus.
701 2738 819 2774 ’Δγόνῳν
837 2740 919 2774 χοῶν,
951 2741 978 2767 in

190 2774 293 2801 codice
303 2773 430 2810 rlteginae,
444 2777 471 2810 et
490 2773 525 2810 ita
546 2774 610 2807 legit
624 2774 757 2810 interpres
772 2773 882 2802 Gnaeus
893 2775 979 2810 μὶγό-

191 2817 250 2835 νων
265 2809 337 2834 enim
365 2807 478 2843 exponit
501 2809 647 2843 ἀκάρπων.
667 2807 732 2835 Mihi
749 2815 838 2837 tatnen
853 2807 979 2844 aliquan-

190 2844 230 2870 do
262 2843 384 2879 frigidius
411 2843 516 2869 videtur
545 2845 596 2871 hoc
620 2845 782 2878 epitlietuiu.
809 2847 847 2872 Ac
868 2843 981 2879 proinde

191 2884 258 2906 meo
279 2878 381 2912 judicio
412 2879 582 2907 commodius
609 2880 752 2914 legi-retur,
773 2878 887 2914 ἀγώνων
910 2889 980 2915 χθων

518 2646 541 2662 ⁵⁸
556 2647 656 2681 Ephes.
674 2655 699 2679 v,
726 2648 768 2675 li.
806 2646 929 2674 “’vﬁccle.
947 2654 988 2678 ιιι.

1025 2645 1050 2672 t.
1103 2645 1126 2661 ἰ
1141 2637 1238 2673 Εκικιί
1256 2653 1305 2678 XII,
1324 2645 1379 2672 7-8.

1029 2291 1067 2318 'in
1084 2292 1209 2326 angelum
1223 2292 1292 2318 lucis
1308 2292 1517 2327 transfiguntur
1541 2297 1567 2319 et
1584 2300 1647 2318 cum
1668 2298 1760 2327 aperte
1777 2299 1827 2319 nos

1041 2336 1157 2372 dejicere
1177 2343 1209 2364 ac
1238 2340 1412 2372 prosternere
1439 2337 1543 2372 nequit,
1572 2337 1696 2364 obscuris
1719 2337 1826 2364 insidiis

1040 2382 1215 2417 aggreditur:
1233 2388 1260 2410 et
1277 2390 1338 2410 cum
1363 2383 1451 2411 malus
1478 2383 1525 2415 sit,
1551 2382 1627 2417 probi
1655 2388 1745 2410 tamen
1760 2390 1826 2409 con-

1036 2428 1149 2456 sultoris
1158 2428 1275 2462 speciem
1288 2435 1343 2463 pra:
1361 2436 1390 2455 se
1403 2428 1455 2455 fert
1475 2437 1481 2454 :
1497 2429 1729 2464 queni.ulmodniu
1748 2432 1775 2455 et
1797 2428 1825 2455 in

1035 2474 1172 2509 baptismo
1187 2474 1285 2501 callide
1298 2481 1329 2500 ac
1346 2475 1508 2502 veteratorie
1521 2474 1595 2501 facit.
1610 2473 1720 2501 llostem
1735 2474 1826 2501 anim-

1036 2520 1148 2548 adverte
1175 2529 1182 2547 :
1205 2527 1260 2547 non
1297 2519 1378 2547 audet
1420 2520 1574 2552 consulere,
1607 2524 1635 2546 nt
1660 2520 1781 2546 animum
1811 2527 1824 2544 :-

1037 2567 1092 2594 Deo
1118 2566 1228 2602 penitus
1258 2571 1366 2593 avertas
1399 2566 1495 2601 (probe
1526 2566 1626 2593 ctenim
1670 2566 1744 2592 no\it
1776 2565 1824 2592 hoc

1429 2645 1451 2662 "
1464 2645 1535 2673 Psal.
1555 2653 1596 2678 xc,
1680 2644 1702 2659 ‘°
1716 2643 1736 2670 ll
1761 2644 1822 2670 tior.

1033 2740 1242 2775 εὐσεϐέστερον,
1260 2747 1286 2767 nt
1301 2740 1327 2767 iu
1340 2741 1512 2775 Hervagiauo
1530 2739 1688 2772 exemplari.
1712 2736 1778 2776 Nam
1797 2736 1823 2762 in

1035 2776 1177 2803 funeribus
1198 2783 1307 2810 quoque
1322 2777 1541 2803 clarissimorum
1563 2782 1680 2800 virorum
1693 2775 1759 2810 olim
1777 2779 1808 2797 va

1035 2811 1075 2837 via
1091 2807 1240 2838 certamina
1258 2807 1489 2846 proponebantur,
1504 2814 1532 2836 ut
1549 2814 1622 2846 patet
1648 2816 1679 2835 ex
1703 2807 1823 2833 Homero

1037 2846 1155 2872 Patrocli
1180 2844 1265 2872 funus
1286 2844 1468 2878 déserioente,
1489 2851 1515 2872 et
1541 2853 1573 2872 ex
1604 2844 1723 2871 l5ucratc
1740 2847 1823 2867 vitam

1037 2881 1167 2915 Evagone
1186 2882 1286 2908 litteris
1307 2881 1464 2912 mandante.
