2027 3162
244 200 312 234 1Ξ31

948 198 1135 228 ADDENDL
1151 229 1156 232 ,

1807 202 1872 234 1240

242 255 318 284 lianc
346 255 419 284 enltn
449 254 533 291 legem
552 255 641 282 sanxit
658 264 664 281 ε
684 254 711 282 Si
726 255 790 289 qttis
816 258 956 281 ntortuttnt
984 257 1030 280 aut
1045 253 1066 281 Δ
1080 258 1133 285 est,
1151 253 1222 288 quod
1241 255 1371 289 martyrio
1389 259 1415 281 et
1427 255 1568 290 sanguinis
1581 255 1715 284 eﬁusione
1729 264 1874 292 compara-

242 304 380 339 lcprosum
396 302 556 336 cantigerit,
582 306 626 328 aut
652 309 713 328 cum
734 301 847 329 ethnico
870 300 1030 332 comederit,

241 354 287 376 aut
317 349 398 376 aflam
428 347 509 375 aliam
543 347 651 374 sordem
677 347 870 378 contraxerit,
897 354 968 381 aqua
997 345 1031 372 ad

243 401 380 428 vesperam
405 398 570 428 repurgetur
582 392 623 419 ".
650 393 740 428 Atque
759 397 822 420 ante
842 392 927 427 legem
948 392 1029 419 etiam

242 441 378 468 lsraelitas
397 441 422 467 itt
435 441 507 467 nube
521 445 547 468 et
563 440 630 466 mari
657 439 849 475 baptizavit",
879 447 1030 474 eorumque

240 487 314 514 sitim
335 493 405 521 aqua
422 495 454 513 ex
470 492 543 521 petra
557 487 723 514 scaturiente
741 487 877 518 restinxit,
893 491 919 513 et
932 492 1028 512 manna

240 534 340 560 fantem
362 533 512 560 sedavit".
528 534 592 561 Erat
608 538 699 560 autem
715 537 790 568 petra
809 533 922 567 mystico
935 541 1027 564 sensu,

238 579 314 606 Velut
340 576 427 606 Paulo
454 587 564 615 quoque
586 580 697 614 placet,
717 580 864 612 Christus,
896 585 922 607 et
946 585 1029 615 petra:

237 633 319 659 aqua,
334 625 424 653 vitalis
453 625 534 653 Verbi
556 626 595 652 vis
622 630 649 653 et
674 625 788 653 facultas
805 625 848 659 (Si
870 627 928 661 quis
954 626 1026 652 enim

236 671 292 696 sitit
307 691 314 703 ,
333 671 432 706 ittquit,
450 672 536 698 ueniat
567 671 602 698 ad
627 679 666 698 me
691 676 714 698 et
728 672 798 698 bibat
814 671 859 706 7‘),
886 676 913 698 et
929 679 1027 698 manna

237 718 328 744 vivunt
346 725 444 752 partem
460 718 654 745 adumbrabat.
667 717 701 744 At
717 725 782 743 vero
798 725 872 743 mare
887 721 912 743 et
929 716 1027 748 nubes,

237 764 265 790 in
282 772 401 798 praesens
418 764 527 798 quidem
549 765 657 791 animos
683 762 826 791 hominum
852 763 889 790 rei
907 763 1025 790 admira—

237 810 312 838 tione
335 811 476 845 perculsos
489 811 522 838 ad
542 811 622 839 ﬁdem
649 811 813 838 inducebant
832 821 839 838 :
858 811 885 838 in
906 810 1027 838 futurum

239 862 330 884 autem
343 857 502 884 all'nlsuraut
524 857 639 892 gratiam
657 865 703 892 per
726 857 839 892 ﬁguram
856 857 1025 884 indicabant.

239 901 306 936 Quis
317 904 435 939 sapiens,
451 910 475 931 et
494 904 623 939 intelliget
646 905 754 932 lucc"?
776 911 831 940 quo
847 909 925 940 pacto
952 912 1027 931 mare

238 948 404 983 baptismum
431 949 602 984 designabat,
628 948 756 976 llebrzeos
782 949 937 977 videliceta
953 949 1026 976 Pha-

238 1002 323 1022 raone
348 994 520 1031 disjungens,
538 996 768 1030 quemadmodum
782 1000 808 1023 et
825 996 876 1023 hoc
887 996 1023 1024 lavacrum

238 1049 289 1069 nos
304 1049 318 1069 a
342 1041 446 1069 diaboli
462 1042 606 1078 tyrannide
622 1042 737 1070 dirimit.
766 1041 833 1070 Illud
852 1043 964 1071 hostiles
979 1051 1025 1071 co-

240 1087 300 1122 pias
322 1089 401 1122 aquis
415 1088 530 1116 obrutas
559 1089 700 1117 interfecit
716 1099 722 1116 :
741 1089 767 1116 in
782 1090 918 1125 baptismo
935 1096 1027 1118 nostra

237 1134 371 1161 adversus
398 1134 480 1161 Deum
508 1134 652 1162 inimicitia
670 1136 797 1163 ntoritur.
826 1135 929 1162 lllresus
944 1140 1026 1170 atque

239 1179 388 1208 incolumis
402 1187 416 1207 ι
432 1178 574 1208 Pharaone
589 1189 715 1216 egressus
729 1186 770 1208 est
787 1181 953 1208 lsraeliticus
979 1189 1026 1216 pos

240 1226 320 1260 pulus
333 1234 340 1259 ;
354 1227 448 1253 eodettt
464 1225 545 1254 modo
563 1235 613 1254 nos
632 1235 743 1262 qttoqtte
764 1227 798 1254 ab
814 1234 884 1262 aqua
901 1227 1027 1254 ascendi-

238 1279 311 1302 mus,
331 1272 410 1306 quasi
438 1279 454 1298 a
480 1277 568 1300 morte
586 1272 618 1299 ad
637 1273 718 1300 vitam
737 1274 876 1305 revocati,
901 1273 962 1308 ejus
979 1273 1026 1308 qui

237 1324 288 1344 nos
297 1317 416 1348 vocavit,
433 1317 520 1353 gratia
545 1319 661 1345 salutent
677 1320 829 1346 consecuti.
846 1318 906 1346 Jam
922 1320 1021 1352 nubes,

238 1362 361 1390 beneﬁcii
380 1363 464 1395 illius,
481 1365 553 1398 qttod
569 1372 583 1390 a
600 1363 706 1398 Spiritu
723 1365 890 1399 acccpintus,
910 1367 1024 1400 ligttrattt

236 1409 346 1443 gerebat
362 1418 370 1436 :
388 1409 434 1444 qui
453 1410 561 1444 quidem
577 1410 698 1445 Spiritus
713 1411 795 1438 anitni
813 1412 897 1438 nostri
915 1416 1024 1445 pertur-

237 1455 364 1484 hationcs
381 1457 522 1492 opprimit.
543 1456 738 1493 ﬂammamque
765 1459 799 1485 ab
818 1459 851 1486 iis
875 1459 1022 1486 excitatam

237 1501 343 1537 mitigat
367 1506 394 1530 et
420 1503 573 1538 refrigerat.
603 1504 759 1532 Secundum
787 1505 921 1540 baptisma
949 1506 1021 1538 fuit,

237 1548 369 1583 baptisma
386 1547 508 1582 Joannis,
523 1550 549 1576 in
565 1558 634 1585 aqua
658 1551 780 1585 quidem.
794 1557 820 1578 et
832 1552 864 1579 ad
884 1552 1020 1586 paeniten-

1084 304 1138 331 tur,
1155 308 1210 334 quo
1227 301 1284 335 ipse
1301 309 1410 335 quoque
1430 301 1557 330 Christus
1586 304 1690 330 tittctus
1708 308 1762 337 est,
1789 310 1817 331 et
1839 305 1873 332 de

1082 352 1138 381 quo
1149 346 1257 373 dicebat
1272 347 1427 382 :Baptismo
1438 348 1521 376 habeo
1535 349 1679 382 baptizari,
1691 356 1716 377 et
1731 359 1783 385 quo
1796 352 1872 378 modo

1081 397 1213 424 coaretor,
1229 393 1310 419 donec
1325 394 1530 427 perficiatur"?
1543 395 1576 422 Et
1587 395 1619 422 ad
1638 395 1708 422 ﬁlios
1727 397 1871 423 Zebeda‘i:

1081 436 1195 464 Potestis
1211 438 1297 466 bibere
1309 440 1430 472 calicem,
1443 448 1517 475 quem
1530 449 1576 474 ego
1595 441 1653 468 bibo
1666 449 1676 468 :
1690 448 1712 468 et
1729 443 1872 476 baptismo,

1080 493 1130 520 quo
1147 493 1194 520 ego
1213 485 1332 520 bnptizar
1345 506 1353 518 ,
1373 486 1558 521 baptizari"?
1579 487 1610 514 Et
1636 488 1747 521 quidem
1782 490 1872 522 bapti—

1081 539 1168 563 Stnus,
1183 533 1228 566 qui
1244 533 1271 559 in
1289 540 1357 567 aqua
1378 533 1416 564 ﬁt,
1430 534 1525 560 mortis
1545 535 1752 561 similitudinem
1771 535 1871 562 italu-Ii

1080 583 1209 605 czrlcrum
1230 579 1352 606 nonnulli
1369 587 1401 607 ex
1420 580 1452 608 iis
1465 581 1512 615 qui
1538 581 1564 608 in
1587 581 1785 608 certaminibus
1811 583 1871 616 pit--

1081 624 1146 651 tntis
1161 632 1244 652 causa
1263 626 1399 661 susceptis
1414 634 1463 660 pro
1480 627 1596 654 veritate
1617 632 1701 661 atque
1715 627 1872 654 imitatione

1079 671 1180 698 Christi
1199 672 1293 698 mortis
1311 672 1474 706 supplicium
1494 673 1680 707 pertulerunt.
1692 681 1868 708 nequaquam

1079 717 1111 743 ad
1130 718 1244 744 salutem
1271 718 1474 752 adipiscendam
1489 726 1566 752 aqum
1580 719 1667 754 signis
1683 727 1752 753 opus
1768 719 1872 746 hahue-

1080 767 1154 793 runt,
1173 767 1268 798 tttpote
1293 763 1321 790 in
1345 763 1457 798 proprio
1479 757 1614 798 sanguine
1633 765 1774 798 baptizati.
1792 764 1872 793 Unde

1079 814 1104 835 et
1134 808 1259 843 martyrii
1286 808 1441 843 baptismtts
1461 816 1494 836 eo
1518 811 1629 836 nomine
1653 810 1721 836 alios
1737 810 1872 845 dignitate

1079 855 1225 887 antecellit,
1251 856 1323 890 quod
1353 856 1400 890 qui
1427 856 1561 891 martyrio
1588 856 1742 891 baptizatus
1755 862 1808 890 est,
1827 865 1872 885 se-

1078 901 1188 936 quentis
1206 902 1268 928 vita:
1295 902 1391 929 Sordes
1406 909 1458 928 non
1479 903 1646 929 extimescit.
1663 902 1796 935 Quintum
1823 903 1872 930 δας

1079 947 1176 982 ptisnta
1190 947 1298 983 longum
1324 952 1365 974 e~t
1391 953 1419 975 et
1438 956 1640 981 aerumnosum,
1658 957 1756 984 nempe
1782 950 1873 985 lacry-

1080 1002 1196 1026 marum,
1212 1002 1267 1029 quo
1279 993 1362 1021 David
1375 1002 1484 1029 quoque
1507 995 1704 1028 baptizabatur.
1720 1003 1750 1022 ar
1758 995 1872 1030 proinde

1080 1041 1210 1068 diccbat:
1230 1040 1335 1068 Larabo
1349 1049 1396 1076 per
1420 1041 1542 1076 singula:
1554 1047 1641 1068 naues
1658 1041 1754 1068 lectum
1772 1047 1871 1074 meum,

1079 1086 1205 1123 larrymis
1230 1089 1295 1114 meis
1328 1093 1442 1114 atratum
1474 1096 1560 1115 meum
1591 1088 1727 1123 rigabo".
1755 1088 1789 1115 Et
1817 1089 1872 1114 alio

1079 1133 1139 1160 loco
1159 1143 1164 1160 :
1183 1133 1249 1160 Tota
1265 1135 1307 1160 die
1321 1134 1496 1161 contristatur
1516 1133 1683 1169 ingrediebar
1693 1134 1728 1160 ⁷³.
1752 1133 1785 1160 Et
1810 1141 1872 1160 rur-

1078 1189 1126 1208 sus
1145 1188 1151 1208 :
1172 1181 1256 1212 Quasi
1269 1181 1359 1215 lugens
1373 1187 1396 1208 et
1414 1181 1600 1213 contristatus,
1618 1182 1656 1208 sic
1668 1179 1869 1207 humiliubur".

1080 1225 1144 1253 Item
1161 1235 1167 1253 :
1197 1226 1230 1253 Ut
1257 1226 1320 1260 quid
1337 1226 1459 1261 repuliin
1477 1235 1526 1257 me.
1541 1231 1564 1254 et
1591 1235 1673 1261 quare
1696 1228 1871 1254 contristatur

1078 1271 1217 1299 incedo"?
1233 1271 1263 1298 Et
1286 1280 1403 1299 rursus:
1428 1272 1590 1300 Putruciunt
1610 1279 1635 1300 et
1657 1281 1791 1307 corrup'tr
1808 1279 1870 1300 sunt

1079 1319 1330 1345 ricutrircsnww“.
1356 1318 1411 1346 11ου
1427 1323 1518 1346 autem
1539 1319 1706 1353 prenitentia:
1728 1328 1792 1354 pars
1816 1324 1868 1351 est,

1078 1372 1110 1390 ac
1125 1365 1320 1399 resipiseentia‘.
1340 1365 1449 1399 signu'tt
1461 1386 1468 1394 .
1487 1373 1548 1392 cum
1565 1366 1628 1399 quis
1646 1365 1754 1393 ltetoris
1771 1373 1869 1400 peccas

1079 1415 1167 1437 torunt
1184 1419 1295 1437 suorum
1317 1419 1400 1438 sensu
1416 1411 1543 1439 aliicitur.
1564 1411 1630 1438 Nam
1656 1411 1692 1438 ita
1712 1412 1821 1439 demum
1839 1420 1870 1438 ea

1077 1457 1156 1490 digna
1180 1457 1368 1483 exsecratione
1395 1457 1583 1491 prosequitur.
1611 1457 1685 1484 ldt-m
1711 1458 1794 1484 etiam
1814 1458 1870 1484 Μι-

1079 1501 1169 1529 nassis
1207 1504 1415 1530 cottvcrsionettt
1446 1503 1590 1537 imitatur,
1620 1511 1702 1538 quam
1731 1504 1870 1530 secundus

1078 1548 1303 1582 Paralipomenon
1336 1549 1404 1576 liber
1429 1550 1568 1576 memoriae
1586 1550 1743 1584 prodidit“.
1766 1549 1870 1577 Ninivi-

236 1593 313 1626 tiam,
336 1599 463 1622 caeterum
490 1603 544 1622 non
570 1596 597 1623 in
627 1596 739 1630 ερῑιοίιυ,
759 1596 891 1630 Tertium,
921 1606 1017 1633 nempe
1032 1603 1053 1630 ε
1074 1602 1160 1624 rarum
1184 1594 1247 1620 item
1265 1594 1426 1622 humilitatis
1441 1595 1570 1622 aemulum
1595 1603 1624 1622 se
1641 1596 1762 1631 pra-bet,
1787 1604 1868 1630 quant

236 1638 338 1666 Christi
369 1640 505 1674 baptisma
523 1660 530 1673 ,
564 1641 715 1675 perfectum
744 1648 805 1674 est,
836 1645 966 1678 quoniam
997 1646 1024 1674 in

237 1684 350 1719 Spiritu.
369 1684 420 1712 llic
432 1692 469 1714 est
479 1686 561 1718 enim,
579 1687 677 1721 inquit,
689 1689 733 1722 qui
747 1689 865 1723 bnptizal
879 1690 905 1716 in
922 1690 1024 1726 Spiritu

237 1731 366 1758 sancto".
384 1731 416 1760 Et
430 1741 437 1759 :
454 1731 514 1767 Ipse
526 1733 672 1768 baptizabit
682 1743 725 1762 ros
735 1735 762 1762 in
773 1735 877 1769 Spiritu
887 1743 979 1765 sancto
991 1738 1024 1765 ".

237 1775 262 1804 ls
277 1776 360 1810 enim,
380 1778 426 1812 qui
441 1778 596 1812 baptizandi
609 1787 722 1808 tuuuerc
740 1779 815 1816 fungi
830 1781 915 1813 iubet,
932 1782 1021 1818 bapti-

237 1830 300 1850 zare
314 1823 426 1851 dicitur.
449 1824 583 1857 Quocirca
604 1824 717 1854 Joannis
742 1826 896 1862 baptismus
912 1828 1026 1862 puerilis

235 1868 380 1902 cujusdam
416 1870 598 1898 institutionis
631 1871 690 1898 vicc
709 1876 787 1899 erat:
804 1871 905 1900 Christi
934 1879 1025 1900 autent

237 1913 390 1949 blptistnus
406 1914 601 1950 perfectionem
615 1916 756 1945 aﬁ‘erebat.
778 1916 823 1945 Ille
841 1919 1024 1954 ptenitentim:

238 1961 282 1988 hie
296 1961 464 1996 adoptionis.
492 1962 538 1990 Ille
564 1964 686 1991 seceSSio
709 1969 770 1992 erat
795 1972 810 1991 a
828 1970 960 1999 peccato:
983 1966 1028 1994 hic

237 2007 378 2042 utljunctio
407 2008 441 2036 ad
474 2009 569 2037 Deum.
600 2010 678 2042 Quod
705 2011 729 2038 si
765 2011 884 2045 Spiritus
903 2013 1027 2040 homines

239 2054 354 2088 perﬁcit,
379 2062 412 2082 ac
430 2055 572 2083 divinitate
602 2056 700 2089 allicit,
718 2057 784 2091 quid
809 2057 900 2084 alierri
924 2063 1026 2093 potest,

238 2099 304 2134 qttin
322 2101 380 2135 ipse
395 2100 466 2128 Deus
479 2102 534 2128 sit?
547 2101 556 2138 (
567 2102 631 2128 libet
642 2103 713 2129 en'm
728 2103 817 2130 oLiter
830 2104 881 2130 hoc
897 2109 1027 2131 excutere

239 2150 266 2172 et
281 2146 443 2180 disputare.)
463 2146 588 2181 Cuntqtte
613 2153 641 2174 tu
669 2154 780 2182 propter
803 2148 936 2183 Spiritum
957 2147 1029 2176 Deus

239 2192 289 2224 sis,
305 2200 359 2226 quo
373 2192 482 2219 tandem
496 2193 577 2219 modo
594 2192 714 2228 Spiritus
730 2201 744 2220 a
759 2194 903 2222 divinitate
919 2195 1028 2222 alienus

239 2238 361 2266 erit?!“
383 2237 508 2274 profecto
526 2239 650 2267 divinum
678 2240 811 2275 Spiritum
829 2245 855 2268 et
871 2249 904 2269 ex
919 2241 982 2272 Deo.
1001 2246 1027 2268 et

1076 1639 1160 1667 Jonas
1195 1640 1325 1675 propheta
1358 1640 1487 1667 describit
1503 1641 1537 1667 ⁸³.
1565 1641 1654 1676 Atque
1686 1641 1767 1668 etiam
1804 1649 1867 1668 cum

1078 1687 1221 1722 publicano
1230 1687 1296 1714 dicit
1310 1687 1406 1720 :Deus,
1421 1688 1553 1722 propitius
1561 1692 1616 1714 esto
1626 1687 1688 1714 mihi
1697 1687 1869 1722 pet-calori“.

1077 1735 1115 1761 Ac
1134 1738 1264 1769 prtcterea
1293 1735 1466 1761 contrahitur
1495 1739 1522 1761 et
1540 1733 1717 1769 deprimitur,
1747 1734 1799 1761 ltoc
1817 1739 1867 1766 est,

1079 1781 1153 1808 ltuuti
1170 1781 1336 1816 procumbit,
1366 1784 1448 1815 atque
1468 1781 1502 1808 ad
1531 1781 1614 1816 pedes
1640 1780 1809 1812 advolvltur,
1840 1785 1870 1807 ut

1077 1827 1242 1860 Chanantea,
1270 1827 1412 1863 tuicasque
1425 1847 1432 1860 ,
1458 1827 1484 1854 id
1500 1833 1553 1860 est,
1569 1828 1693 1860 exiguam
1710 1827 1869 1854 misericor-

1078 1874 1161 1905 diatn,
1177 1874 1273 1909 poscit.
1291 1873 1338 1901 Sic
1351 1874 1422 1901 enim
1444 1874 1552 1900 dicebat
1566 1873 1721 1901 Chananzea
1740 1882 1747 1900 :
1764 1873 1867 1903 Etiam,

1079 1920 1201 1952 Domine;
1221 1928 1282 1946 nam
1297 1924 1321 1946 et
1337 1919 1425 1946 catelli
1454 1919 1532 1946 edunt
1555 1919 1586 1946 de
1608 1919 1682 1945 micis
1696 1927 1755 1953 qua!
1770 1918 1867 1945 cadunt

1079 1974 1111 1993 ex
1129 1973 1219 1993 meum
1235 1966 1403 1993 dominorum
1424 1965 1576 1992 suorum".
1593 1964 1647 1993 Nec
1667 1969 1758 1992 tamen
1776 1965 1868 1992 existi-

1080 2013 1208 2039 mandum
1233 2016 1283 2044 est,
1300 2019 1359 2038 eam
1385 2011 1570 2039 Chananream
1599 2011 1673 2038 illam
1693 2010 1790 2043 fuisse,
1809 2017 1868 2045 qua:

1080 2058 1236 2085 inﬁrmitate
1253 2057 1406 2087 laborabat.
1421 2065 1452 2084 ac
1473 2062 1616 2092 propterea
1640 2057 1866 2085 contrahebatur.

1081 2104 1127 2130 Illa
1140 2104 1211 2130 enim
1227 2101 1338 2130 Iudaica
1357 2109 1414 2130 erat
1432 2103 1533 2130 tnttlier
1550 2113 1556 2130 :
1573 2103 1630 2131 haec
1645 2108 1736 2131 atttem
1749 2103 1866 2138 gentilis.

1081 2149 1167 2181 Quam
1196 2150 1277 2176 etiam
1302 2149 1429 2176 contralti
1461 2149 1607 2184 theologus
1626 2149 1702 2181 dicit,
1735 2150 1788 2176 hoc
1817 2154 1866 2179 est,

1081 2195 1219 2221 humiliari
1244 2199 1326 2229 atque
1342 2195 1368 2221 itt
1397 2199 1497 2221 terram
1516 2194 1654 2228 inclinari,
1669 2194 1867 2222 obsecrationis

1081 2248 1174 2271 causa.
1189 2248 1242 2268 non
1265 2241 1442 2268 inﬁrmitatis.

239 2284 324 2312 Deum
340 2292 402 2313 esse
423 2293 536 2313 necesse
547 2291 599 2319 est,
615 2287 661 2322 qtti
681 2294 765 2314 causa
778 2293 831 2319 est,
855 2294 904 2314 cur
922 2288 972 2322 ipsi
989 2288 1025 2315 dii
1042 2269 1067 2301 D
1115 2286 1174 2314 Col.
1191 2286 1243 2314 355
1259 2286 1289 2314 Β.
1307 2286 1366 2321 Ipse
1385 2287 1489 2322 quidem
1505 2287 1636 2314 hominem
1651 2296 1689 2314 me
1703 2295 1758 2314 esse
1773 2288 1866 2321 fatear,

238 2339 347 2364 sumus,
377 2332 608 2366 quemadmodum
637 2333 676 2365 id,
705 2333 777 2368 quod
806 2334 939 2361 adurendi
973 2334 1026 2361 vim

237 2375 325 2409 atl‘ert,
344 2376 501 2404 adustivum
520 2385 583 2405 esse
601 2381 730 2413 oportet:
749 2384 776 2406 et
801 2379 873 2414 quod
895 2380 1029 2406 sanctita-

237 2422 273 2449 tis
286 2429 397 2450 causam
423 2422 512 2456 all'ert,
539 2429 663 2451 sanctum
680 2432 740 2452 esse
764 2432 876 2452 necesse
888 2429 941 2452 est.
961 2425 1027 2452 lllu-d

237 2468 380 2496 enimvero
395 2468 466 2496 scire
478 2477 568 2504 operat
593 2470 711 2505 pretium
729 2475 780 2502 est,
806 2470 951 2498 Dominum
969 2471 1030 2497 vita:

237 2520 336 2543 nostra:
365 2516 563 2543 moderatomm
597 2517 724 2551 baptismi
755 2517 842 2545 ft‘edus
882 2518 1024 2545 nobiseum

236 2561 392 2596 pepigisse,
422 2562 517 2589 tnortis
545 2567 572 2589 et
591 2562 652 2589 vita:
683 2564 798 2596 ligurum
828 2563 1023 2597 complectens.

236 2606 303 2634 Nam
319 2612 346 2634 ct
363 2607 460 2635 mortis
476 2608 622 2643 imaginem
640 2609 769 2643 exprintit
783 2616 854 2643 aqua
870 2615 877 2635 :
896 2608 1025 2643 quoniam

236 2652 256 2679 ii
271 2652 317 2687 qui
343 2651 528 2687 haptizantur,
545 2653 571 2680 in
601 2660 699 2688 aquam
728 2654 938 2688 immerguntur,
955 2661 1025 2687 quo-

236 2699 355 2732 damque
369 2698 449 2725 modo
466 2698 639 2732 sepeliuntur
657 2703 704 2726 :et
720 2707 816 2727 rursus
836 2698 954 2734 Spiritus
968 2699 1028 2726 vitae

237 2744 419 2771 nrrhabonem
433 2744 512 2771 nobis
525 2745 650 2780 porrigit.
662 2745 793 2777 Quartum
810 2745 945 2780 baptisma
961 2744 1026 2771 illud

272 2823 293 2839 ⁸⁸
310 2822 396 2850 Lovit.
423 2831 449 2850 xt
463 2843 472 2855 ,
489 2822 532 2850 1-2.
571 2824 593 2840 ⁶⁹
609 2823 618 2850 1
632 2823 696 2851 Cor.
715 2831 741 2856 κ,
759 2824 786 2851 2.

239 2863 258 2885 1.
276 2856 322 2885 55.
360 2859 382 2873 “
396 2857 490 2885 Matth.
509 2867 548 2890 ttt,
572 2860 612 2886 11.
669 2860 690 2874 ⁷⁵
709 2859 774 2885 Luc.
790 2868 837 2890 \ll,
855 2861 898 2888 fill.

237 2890 258 2907 ’τ’
276 2893 347 2919 l's-l.
361 2900 452 2924 xxxtv,
472 2895 514 2919 H.

239 2923 261 2942 "
278 2927 344 2955 Luc.
364 2935 439 2962 mu,
460 2929 499 2955 l5.
539 2930 560 2945 ἐτ
578 2929 672 2957 Matth.
693 2923 735 2963 xv,
749 2929 792 2957 27.

825 2825 846 2840 ’°
865 2825 949 2852 I-Ixod.
961 2833 1027 2855 xvii,
1043 2826 1053 2851 1
1076 2832 1152 2859 seqq.

966 2861 988 2876 ⁷⁶
1005 2861 1100 2887 Matth.
1117 2868 1162 2888 xx,
1179 2859 1224 2886 ‘23.

552 2896 573 2910 “
590 2894 660 2921 Psal.
679 2902 734 2925 XLI,
754 2895 795 2921 10.
812 2897 832 2910 ⁵¹
851 2896 919 2923 l's‘ul.
940 2903 1040 2928 xxxv",
1059 2897 1084 2922 li.

1077 2337 1131 2360 etc.
1149 2333 1216 2360 Cum
1230 2332 1356 2360 srevicnte
1373 2334 1563 2367 persecutione
1575 2333 1687 2368 quidam
1705 2333 1866 2363 Christiani,

1079 2384 1278 2406 tonttentoruttt
1295 2378 1483 2414 magnitudine
1498 2378 1574 2410 victi,
1588 2379 1620 2405 ad
1638 2378 1700 2405 ﬁdei
1715 2378 1866 2413 abjuratio-

1078 2433 1138 2452 nem
1155 2425 1273 2460 prolapsi
1289 2430 1394 2455 essent,
1410 2433 1442 2452 ac
1457 2425 1566 2457 deinde,
1592 2425 1685 2451 sedata
1701 2425 1867 2459 persecutio~

1079 2472 1121 2498 nis
1145 2475 1314 2506 tempestate,
1332 2469 1467 2505 supplices
1496 2479 1556 2497 cum
1580 2469 1711 2506 lacryntis
1739 2470 1866 2497 Eculrsic

1078 2516 1215 2544 antistites
1229 2520 1369 2550 rogarent,
1387 2521 1416 2543 ut
1434 2517 1486 2543 sibi
1502 2517 1668 2550 paenitentia:
1694 2521 1804 2551 tempus
1821 2515 1866 2542 da-

1078 2565 1148 2593 rent,
1164 2558 1295 2591 Novatus,
1313 2558 1442 2587 Ecclesia:
1465 2559 1594 2587 liontana:
1610 2560 1770 2595 presbyter,
1793 2559 1862 2586 fastu

1077 2607 1215 2641 animique
1232 2606 1376 2633 insolentia
1400 2606 1498 2638 elatus,
1525 2607 1640 2633 ntiseros
1660 2606 1862 2633 subtttovebat:

1077 2654 1202 2687 quamvis
1224 2653 1305 2678 etiam
1324 2652 1380 2686 ipse
1398 2652 1553 2687 periculoso
1571 2657 1694 2686 tempore
1718 2651 1862 2678 sacerdotii

1077 2698 1237 2732 dignitatem
1255 2697 1419 2732 a‘ijurassct.
1446 2699 1480 2724 At
1504 2698 1650 2733 cpiscopus
1675 2705 1723 2725 eos
1741 2698 1861 2732 quidem,

1077 2744 1123 2779 qui
1140 2744 1172 2770 ad
1193 2743 1301 2778 pietatis
1324 2742 1487 2770 Christiantc
1504 2741 1704 2777 altjuratiouetu
1728 2741 1863 2776 provoluti

1477 2823 1499 2838 τ’
1515 2823 1585 2850 Psal.
1604 2831 1658 2853 cvt,
1681 2821 1728 2849 45.
1750 2822 1774 2838 ⁷³
1787 2821 1864 2848 Joan.

1559 2859 1581 2874 ⁷⁸
1608 2857 1678 2884 νεαι.
1717 2856 1864 2884 Πκνιι.7.

1557 2894 1580 2910 ⁸³
1596 2892 1680 2925 Jour,
1695 2900 1736 2924 ιιι,
1756 2892 1764 2918 1
1787 2899 1862 2926 seqq.

1192 2825 1213 2839 "'
1229 2823 1308 2851 Joan.
1330 2832 1377 2855 vtt,
1394 2823 1439 2850 37.

1278 2860 1299 2875 ⁷⁷
1330 2859 1400 2885 Psal.
1418 2867 1454 2890 vI,
1471 2858 1495 2885 7.

1124 2895 1145 2910 ‘“
1159 2894 1179 2921 11
1197 2894 1282 2922 l‘aral.
1302 2902 1399 2927 χχχιιι,
1414 2894 1422 2921 1
1442 2901 1517 2929 seqq.
