2027 3162
128 226 191 258 1241
581 226 739 259 NICETAS
762 229 800 258 1N
821 229 931 258 ΟΙῙᾹΤ.

954 217 1077 259 Χὲίχιχ
1097 230 1127 260 s.
1150 228 1266 261 cum.

1675 233 1743 265 121?

126 289 212 316 erant,
243 283 371 319 congruis
390 284 528 312 laboribus
547 289 574 312 et
602 286 713 312 salutari
746 284 903 319 pmniteutia
923 288 942 314 Α
959 292 1013 310 non
1033 285 1177 316 dubitavit,
1195 285 1291 312 dicens
1309 295 1314 312 :
1335 286 1398 313 Volo
1409 287 1630 316 adolescentiam
1650 290 1743 318 viduas

126 336 200 358 certo
225 337 346 366 tempore
367 331 496 365 imperata
511 350 519 363 ,
551 333 722 367 recupermit
740 341 746 359 :
772 332 906 359 Novatum

127 383 215 404 autent
230 377 264 403 ab
289 377 418 404 Ecclesia:
431 383 502 404 coetu
519 378 689 412 proscripsit.
713 377 758 404 llic
784 385 847 404 vero
864 378 905 404 in-

126 422 274 449 scientibus
298 423 425 450 omuibus
455 423 482 450 in
509 423 598 450 locum
615 424 759 458 quemdam
784 423 905 450 abditum

126 471 207 500 atqtte
226 467 382 494 abstrusum
408 472 462 494 tres
488 469 633 502 episcopos
660 473 740 495 (etate
763 474 906 502 provccms

125 512 221 544 allieit,
249 520 351 547 eosque
369 514 512 540 verborum
545 515 684 541 blanditiis
709 515 848 542 inescatos
874 522 906 542 eo

125 558 218 591 adigit,
236 563 263 584 ιιι
282 567 378 586 manus
395 559 443 585 sibi
463 561 612 594 imponant.
637 561 674 588 ita
695 562 728 588 ab
754 562 787 588 iis
801 562 908 595 episco-

127 610 177 636 pus
191 604 348 639 designatus
373 610 423 632 est.
444 606 501 638 Qua
529 607 658 640 dignitate
689 615 769 641 supra
798 608 907 634 modum

125 649 222 680 elatus,
233 655 363 684 quotquot
376 658 390 677 e
402 651 491 678 stultis
503 658 534 678 ac
544 652 651 678 vesanis
667 652 821 679 hominibus
833 653 865 679 ad
880 659 909 679 se

127 695 254 728 pellicere
269 697 365 730 potuit,
377 697 520 729 Catharos,
540 698 565 724 id
583 702 635 730 est,
651 705 734 732 puros
747 699 907 726 nominavit.

125 739 177 771 Qui
195 745 284 767 autent
302 742 424 768 eamdem
443 742 599 776 Opinionem
626 743 758 778 complexi
776 749 850 774 sunt,
868 752 909 771 sc-

125 786 230 813 cundas
249 794 357 822 quoque
374 789 484 823 nuptias
496 789 705 824 prohibuerunt.
723 790 764 816 Ad
780 789 908 817 Novalia-

125 841 174 860 nos
195 833 276 867 igitur
288 843 440 862 sermonem
459 842 621 865 convertens
644 837 799 873 Thcoiogus
812 859 818 870 ,
848 839 885 866 ait
901 849 907 866 :

126 877 182 912 Ego
196 880 304 911 quidem
327 881 490 914 poenitentia:
503 887 529 909 et
543 883 724 918 lacrymarum
741 885 908 918 baptismum

124 925 283 959 amplector,
306 931 386 961 atque
402 928 461 961 eius
477 929 634 956 donatorem
651 930 734 957 Deum
757 931 853 962 a'loro,
876 940 907 959 ac

123 969 213 996 sciens
235 979 278 998 tne
291 980 399 1008 quoque
415 973 574 1002 infirmitate
598 976 719 1010 undique
747 977 864 1004 cinctum
881 983 907 1005 et

123 1015 282 1044 obvolutum
298 1026 368 1049 esse,
388 1019 573 1048 misericordia
590 1022 672 1049 etiam
685 1030 747 1058 erga
768 1024 837 1051 alios
849 1024 906 1051 alii-
932 1039 937 1044 -

124 1063 193 1095 cior,
209 1069 236 1091 ιιι
254 1065 467 1093 misericordiam
490 1068 544 1102 ipse,
558 1076 719 1103 consequar.
737 1069 797 1102 Qua
824 1070 906 1103 enim,

124 1108 149 1135 iu
163 1109 222 1142 ιυὶι,
241 1118 362 1138 mensura
382 1114 464 1140 mensi
493 1114 606 1148 fueritis,
626 1117 776 1142 remetietur
799 1116 906 1144 vobis".

123 1151 163 1180 'i‘u
180 1159 270 1182 autem
299 1157 362 1190 quid
385 1159 444 1190 ais,
464 1159 509 1193 qui
535 1160 616 1186 etiam
644 1161 670 1187 in
691 1162 796 1189 somnis
810 1163 909 1190 obver-

124 1206 230 1228 santem
247 1202 339 1229 animo
355 1203 474 1232 libidinis
485 1206 603 1240 speciem
618 1206 818 1235 Pharismorum
833 1217 909 1236 more

123 1248 246 1279 graviter
269 1248 424 1283 insectaris,
440 1252 486 1286 qui
503 1252 584 1280 etiam
599 1252 740 1286 Pharisaei,
756 1262 787 1282 ac
810 1263 907 1283 ttotncn

122 1292 214 1320 aulum
230 1293 339 1322 Cathari
366 1297 458 1330 habes,
478 1307 531 1326 non
550 1305 639 1327 antem
669 1309 725 1328 rezn
759 1302 856 1335 ipsam,
870 1308 907 1334 ct,

122 1345 186 1364 eum
208 1339 301 1367 cadent
321 1350 428 1370 mecum
458 1344 617 1372 infirmitate
646 1347 832 1375 circumdatus
858 1351 906 1380 sis.

123 1384 283 1413 intumescis
298 1393 407 1421 tamen,
421 1390 493 1417 velut
515 1400 629 1426 magnus
656 1394 792 1428 quispiam
815 1395 856 1421 vir
882 1402 909 1422 et

122 1431 270 1459 excelsus?
285 1433 452 1463 Pteuitentes
474 1445 528 1464 non
545 1439 643 1473 reeipis
660 1448 720 1470 ,ncc
741 1447 851 1475 propter
860 1450 907 1469 eos

122 1476 257 1512 lacrymas
269 1479 424 1514 profundis,
445 1487 474 1509 ιιι.
487 1483 572 1510 vicem
591 1493 684 1512 eorum
694 1487 789 1513 dolens
804 1488 815 1514 ?
832 1488 908 1515 Absit

122 1528 150 1549 ut
165 1525 289 1552 eamdem
317 1526 342 1553 in
366 1527 515 1562 judicando
546 1531 678 1558 rationem
712 1538 801 1560 teneat
819 1534 906 1561 Deus!

121 1569 226 1597 Christi
251 1572 437 1601 misericordia
458 1580 484 1602 et
515 1575 674 1610 ignoscendi
702 1578 830 1606 facilitate
854 1588 907 1607 non

958 330 1095 363 nubere”,
1128 330 1238 363 Paulus,
1269 331 1390 366 inquam,
1420 332 1475 366 ille,
1500 334 1546 368 qui
1572 335 1605 361 ad
1634 336 1743 363 tertium

957 376 1055 402 cmlum
1081 381 1162 411 atque
1191 377 1216 404 in
1237 378 1391 411 paradisum
1417 384 1509 413 raptus
1534 384 1575 407 est
1591 381 1625 412 ",
1653 382 1700 416 qui
1728 390 1743 410 a

958 419 1106 448 Jerusalem
1124 427 1148 448 et
1161 429 1209 456 per
1220 431 1314 458 gyrum
1332 431 1418 458 usque
1431 424 1464 451 ad
1490 424 1625 460 Illyricum
1642 426 1743 454 Christi

961 466 1132 501 Evangeiiunt
1162 468 1323 503 implevit".
1349 469 1388 496 lla
1409 474 1447 502 tu,
1476 475 1506 498 ut
1535 471 1651 504 vitetur,
1667 472 1742 499 l‘auii

959 518 1067 545 quoque
1080 513 1208 546 magister
1216 521 1257 545 es,
1267 514 1343 548 quasi
1355 515 1386 542 ad
1399 520 1525 549 quartum
1535 516 1633 543 malum
1646 524 1743 550 perro-

960 556 1035 588 laris,
1054 561 1136 591 atque
1164 557 1190 584 iu
1206 559 1360 592 paradisum
1378 560 1461 587 aliutn
1483 566 1579 594 raptus
1597 561 1692 593 fueris,
1710 564 1743 589 ad

959 603 1096 636 quemille
1112 608 1205 638 raptus
1221 612 1272 631 non
1291 605 1381 637 fuerit,
1401 607 1590 641 maioremque
1607 607 1742 634 circulum

959 649 1120 676 Christiana:
1133 649 1462 685 doctrinmprzeilicatione
1476 653 1634 686 complexus
1647 652 1741 679 fueris.

961 695 1061 721 Verum
1082 695 1167 728 dices,
1195 695 1370 724 Novatiaue:
1404 696 1479 724 lianc
1507 698 1692 731 poenitentia-tt
1717 703 1741 723 et

961 743 1066 768 veniam
1090 746 1150 776 post
1175 743 1339 777 baptismum
1362 743 1418 777 jam
1446 743 1536 770 locum
1563 752 1616 771 non
1634 745 1743 776 habere,

960 792 1006 815 aut
1018 788 1189 816 Corinthium
1218 790 1305 822 illum,
1322 791 1368 825 qui
1387 791 1471 825 stupri
1501 792 1607 826 piaculo
1623 793 1743 826 seipsum

961 835 1173 868 constrinxerat,
1197 844 1211 864 a
1228 836 1312 881 ξηιιιο
1336 843 1398 864 ante
1420 838 1583 872 baptismum
1606 843 1744 871 receptum

960 889 1030 915 csse,
1048 890 1101 909 non
1119 883 1181 910 itetn
1196 889 1256 918 post
1271 884 1447 918 baptismum.
1461 884 1532 917 Quin
1545 889 1573 911 tu
1603 892 1668 918 ergo
1694 885 1745 910 hoc

961 929 1071 962 probas,
1087 934 1143 961 aut,
1161 930 1183 957 si
1205 930 1229 956 id
1245 938 1298 957 non
1314 935 1400 965 potes,
1426 931 1608 958 condemnare
1624 938 1655 957 ac
1682 930 1745 963 reji-

960 982 1020 1001 rcrc
1046 975 1149 1002 desinis
1161 983 1208 1003 eos
1222 978 1267 1011 qui
1284 982 1342 1011 post
1365 977 1530 1011 baptismum
1557 976 1583 1004 in
1602 981 1743 1010 peccatum

961 1021 1111 1047 labuntur?
1128 1021 1205 1054 Quod
1224 1022 1246 1050 si
1263 1023 1376 1050 dubium
1392 1028 1433 1050 est
1461 1030 1516 1056 quo
1533 1028 1653 1055 tempore
1668 1030 1745 1048 rere-

961 1067 1039 1100 peril,
1061 1066 1111 1101 legi
1133 1067 1260 1095 Romanm
1276 1068 1444 1102 obtempera,
1461 1067 1561 1094 dicenti
1581 1077 1586 1095 :
1606 1067 1634 1094 in
1654 1067 1746 1093 dubiis

961 1113 1051 1140 vincat
1066 1114 1219 1141 clementia.
1237 1114 1312 1147 Quod
1331 1115 1352 1141 si
1370 1113 1489 1141 Novatus
1515 1121 1563 1141 eos
1595 1115 1641 1148 qui
1667 1121 1743 1147 gras-

960 1164 1037 1187 sante
1062 1161 1252 1194 persecutione
1269 1161 1336 1193 lapsi
1356 1161 1475 1192 fuerant,
1506 1168 1559 1186 non
1588 1160 1702 1194 recepit,
1718 1163 1746 1186 ct

959 1207 1070 1241 quidem
1086 1208 1194 1241 dignam
1220 1209 1407 1242 pmnitentiam
1430 1208 1574 1234 afferentes
1602 1216 1609 1234 :
1639 1211 1667 1233 at
1693 1214 1744 1241 ego

961 1254 1033 1280 illius
1061 1254 1214 1288 cxmuplum
1230 1254 1340 1280 minimc
1358 1261 1468 1288 sequar.
1487 1253 1583 1280 Parem
1597 1252 1668 1279 cnim
1687 1259 1744 1278 [illa

960 1301 1068 1335 quidem
1083 1301 1214 1328 sententia
1233 1301 1472 1335 reprehensionem
1500 1306 1665 1334 pmnamque
1687 1305 1745 1325 me-

960 1351 1064 1378 rentur,
1087 1347 1132 1381 qni
1160 1347 1199 1373 vel
1231 1352 1376 1381 peccantes
1403 1346 1474 1373 nulla
1504 1353 1583 1381 poma
1612 1344 1745 1375 alliciunt,

961 1394 1079 1428 ipsisque
1109 1402 1204 1421 oumes
1231 1394 1350 1421 habenas
1378 1394 1528 1424 retuittnnt,
1560 1392 1600 1418 vel
1630 1398 1678 1418 eos
1708 1390 1745 1416 ila

960 1441 1155 1472 colttleltlllaltl,
1186 1444 1215 1466 ut.
1244 1447 1319 1474 spem
1337 1439 1390 1466 illis
1428 1437 1628 1472 consequentia:
1661 1436 1747 1463 venia:

960 1487 1060 1514 ttullatn
1085 1487 1248 1520 relinquant.
1270 1485 1325 1513 Nec
1349 1493 1414 1512 vero
1431 1486 1501 1520 apud
1533 1492 1576 1510 tne
1605 1484 1656 1508 vim
1681 1482 1747 1517 legis

961 1534 1085 1560 habitura
1101 1539 1142 1560 est
1166 1532 1260 1559 Novati
1291 1532 1448 1562 crudelitas,
1476 1531 1522 1565 qui
1553 1535 1677 1564 stuprum
1710 1529 1745 1555 ita

961 1581 1058 1606 acerbe
1089 1579 1292 1609 condemnavit.
1317 1583 1398 1612 atque
1425 1577 1588 1611 inexpiabile
1605 1582 1746 1610 peceatum

121 1616 259 1648 moveris,
291 1619 337 1652 qui
380 1621 531 1648 secundum
574 1622 673 1650 isaiam
684 1624 706 1640 ⁸⁷
733 1624 907 1653 infirmitates
921 1626 941 1653 C
959 1634 1019 1653 esse
1033 1625 1229 1660 pronuntiavit.
1248 1626 1325 1660 quasi
1343 1626 1401 1660 ipse
1422 1629 1497 1652 extra
1510 1631 1618 1650 carnem
1633 1630 1747 1656 corpus-

121 1666 232 1690 nostras
248 1668 274 1690 et
291 1666 411 1698 morbos,
432 1667 485 1694 hoc
500 1671 554 1700 est,
567 1675 676 1703 peccata
693 1669 816 1698 humeris
839 1672 904 1699 sub-

121 1708 171 1736 lata
214 1711 329 1743 portavit
357 1711 597 1747 (quemadmodum
623 1715 729 1750 typicus
745 1723 842 1750 agnus,
861 1718 908 1752 qui

120 1761 168 1788 pro
191 1757 280 1790 populi
296 1758 415 1791 peccatis
429 1759 621 1795 mactabatur),
635 1767 661 1788 et
673 1769 721 1796 pro
731 1763 808 1790 nobis
819 1771 908 1791 cmsus

118 1806 168 1832 est,
192 1809 225 1828 ac
245 1809 293 1836 pro
314 1804 404 1837 nobis,
419 1806 552 1839 supplicio
563 1807 702 1839 obnoaiis,
719 1816 814 1842 pennas
836 1810 906 1842 iuit;

119 1849 162 1884 qui
175 1851 239 1878 ait:
256 1849 314 1876 Non
332 1851 390 1877 veni
407 1859 500 1878 vocare
508 1852 606 1886 justas,
629 1854 674 1880 sed
698 1861 849 1888 pecratorea
874 1855 909 1882 ad

118 1895 353 1930 pwnitcntiam“;
372 1903 404 1924 ac
418 1905 466 1932 per
475 1896 572 1925 Oseant
593 1908 598 1926 :
615 1898 825 1926 Miserirordiam
839 1901 908 1932 volo,

119 1950 141 1971 et
155 1945 424 1979 "numeri/icium”;
441 1951 469 1973 et
482 1947 632 1974 sciscitanti
648 1947 738 1980 Petro,
756 1955 789 1974 an
809 1949 909 1983 septies

121 1990 249 2023 peceanti
264 1989 342 2016 fratri
366 1992 465 2018 noxam
483 1992 644 2024 remitteret,
666 1993 808 2026 respondit
823 2001 830 2020 :
847 1992 909 2020 Non

123 2036 180 2062 dico
194 2037 242 2062 tibi
258 2037 361 2070 septies,
377 2037 422 2063 sed
440 2039 588 2073 tepittngies
601 2038 634 2069 ",
661 2039 712 2065 hoc
731 2044 782 2071 est,
800 2040 910 2074 quoties

122 2081 155 2108 ad
174 2082 313 2108 meliorem
330 2088 446 2109 mentem
464 2085 593 2112 rellierit?
608 2085 644 2112 Νι)
657 2085 784 2112 υιιιίιιειιι
800 2086 908 2119 quidem

123 2128 238 2162 recipis,
253 2127 288 2155 ob
301 2128 413 2156 admissi
425 2129 550 2157 adulterii
567 2132 668 2163 scelus,
682 2137 709 2159 et
725 2140 819 2159 necem
838 2131 910 2160 Uriae

124 2174 239 2206 illatam,
250 2174 333 2200 animi
341 2175 433 2202 dolore
443 2176 614 2205 affectumac
624 2186 683 2206 seso
693 2179 908 2210 excruciantem,

122 2223 169 2256 qui
182 2229 233 2248 nec
244 2222 393 2256 prophetiae
402 2222 503 2249 donum
521 2229 629 2258 propter
641 2225 828 2259 pteuitentiam
841 2225 910 2252 ami-

124 2267 171 2294 sit?
181 2267 235 2295 Nec
247 2267 356 2295 Petrum
369 2268 501 2301 admittis,
513 2269 575 2302 quia
586 2270 719 2303 passionis
726 2270 827 2298 Christi
840 2276 909 2298 tent-

122 2322 187 2348 porc
198 2319 237 2341 ter
244 2321 305 2341 eum
319 2315 472 2348 abnegavit,
481 2323 511 2341 ae
521 2323 615 2342 rursus
628 2316 706 2343 tertio
713 2325 742 2344 sc
750 2318 809 2352 ejus
818 2325 910 2345 amore

122 2360 279 2387 devinctum
300 2368 360 2388 esse
383 2361 527 2388 confessus
550 2366 602 2393 est,
624 2362 718 2397 sicque
737 2363 911 2398 abnegatinni

124 2405 286 2432 medicinam
297 2407 399 2438 attulit,
413 2414 444 2433 ac
455 2413 549 2442 postea
568 2409 659 2442 capite
669 2408 702 2435 ad
716 2413 815 2435 terram
831 2417 912 2436 verso

122 2459 172 2485 pro
179 2451 279 2478 Christi
292 2455 400 2480 nomine
409 2454 483 2481 cruci
494 2454 589 2482 allixus
599 2455 657 2482 est?
673 2455 726 2482 Nec
739 2456 911 2482 Corinthium

124 2497 202 2524 illum
226 2499 272 2531 qui
284 2506 344 2525 cttm
357 2507 470 2527 noverca
480 2501 564 2535 stupri
573 2502 767 2528 ροιιιιιιιῚἿ-Ῐυῐιι
777 2501 911 2528 habuit“?

126 2544 160 2570 At
172 2543 284 2575 Paulus,
293 2550 432 2578 perspecta
443 2545 528 2580 ipsius
542 2546 741 2580 resipisccntia,
752 2546 909 2573 Corinthios

128 2590 265 2622 hortatur,
284 2595 312 2617 ut
333 2592 493 2618 charitntem
519 2592 545 2618 in
572 2593 659 2626 ipsum
687 2594 812 2624 firment;
841 2601 909 2619 eau-

127 2643 241 2669 samque
255 2637 395 2670 adiungit:
415 2638 457 2664 Ne
466 2638 534 2672 forte
546 2638 698 2673 hnjusmodi
716 2638 793 2664 homo
812 2639 910 2664 intuta-

126 2683 186 2709 dica
204 2684 314 2711 tristitia
327 2685 539 2715 absorbeatur",
552 2685 602 2711 hoc
627 2690 679 2715 est,
697 2685 723 2710 in
739 2684 909 2718 desperatio-

127 2737 188 2756 nent
203 2730 284 2756 autin
298 2734 412 2757 mortem
431 2738 551 2765 pran‘eps
568 2734 639 2758 ruat.
654 2730 744 2762 Quid?
759 2738 792 2757 ne
807 2737 908 2756 secun-

126 2775 176 2802 das
196 2776 303 2810 nuptias
325 2776 468 2810 permittis,
496 2784 545 2803 nec
572 2777 719 2811 juvenibus
751 2775 841 2803 viduis
858 2783 909 2802 nu-

127 2820 208 2848 bendi
225 2825 385 2856 potestatem
409 2821 496 2850 iacis?
517 2823 599 2857 Atqui
628 2824 680 2849 hoc
704 2822 805 2848 Paulus
821 2821 909 2848 facere

161 2910 184 2925 “
203 2910 296 2939 Matth.
315 2920 362 2944 \'ll,
376 2912 403 2939 Ξ.
442 2913 463 2928 ⁸¹
489 2913 538 2939 lsa.
554 2921 611 2942 ιλιι,
624 2914 648 2940 4.

127 2950 205 2978 seqq.
232 2947 253 2963 "
271 2947 291 2975 il
304 2947 366 2976 Cor.
381 2955 410 2978 tt,
425 2948 450 2976 7.

687 2913 709 2928 ”
719 2913 817 2939 Matth.
839 2921 876 2941 lx,
895 2912 937 2938 i3.

927 2289 948 2317 D

489 2949 510 2964 “
525 2948 535 2975 i
551 2947 622 2976 Tim.
638 2956 662 2979 ν.
686 2949 726 2976 Η.
748 2950 769 2964 9"
782 2947 802 2976 ii
816 2948 879 2976 Cor.
898 2955 946 2978 xu,
958 2947 985 2974 2.

960 1679 1012 1706 que
1032 1672 1137 1706 positus
1155 1676 1227 1698 esset
1256 1680 1263 1698 :
1287 1671 1430 1698 avaritiam
1460 1675 1549 1697 autem
1575 1675 1747 1704 nequaquam

960 1719 1099 1752 repressit,
1109 1725 1190 1752 quam
1204 1722 1294 1744 tamen
1312 1717 1494 1744 idololatrian)
1506 1715 1606 1743 Paulus
1620 1719 1699 1741 vocat
1713 1714 1748 1746 ⁸⁸,

961 1763 1078 1791 fortasse
1103 1760 1174 1799 qn'od
1204 1771 1251 1790 eos
1274 1764 1347 1790 solos
1366 1764 1520 1790 divitiarum
1536 1770 1614 1789 amor
1639 1761 1746 1790 doceat,

960 1811 1006 1845 qui
1022 1810 1104 1837 Deum
1131 1810 1258 1837 neseiunt
1273 1818 1279 1836 :
1305 1810 1345 1836 vel
1362 1810 1436 1844 quia,
1457 1809 1529 1835 sicut
1541 1807 1668 1834 ethnicus
1684 1814 1750 1834 cou-

960 1857 1041 1884 s-rtis
1057 1857 1183 1883 manibus
1194 1855 1372 1882 simulacrum
1385 1855 1566 1889 amplectitur,
1592 1854 1627 1880 ita
1645 1858 1671 1880 et
1683 1860 1749 1880 ava-

961 1908 1008 1928 rus
1026 1909 1122 1928 aurum
1147 1901 1246 1928 annuis
1274 1905 1301 1928 et
1331 1901 1469 1935 repagulis
1494 1899 1650 1930 committit,
1667 1904 1749 1933 atque

961 1946 1024 1973 illud
1040 1946 1119 1981 quasi
1136 1953 1244 1973 sacrum
1273 1946 1411 1981 quoddam
1432 1945 1576 1972 donarium
1602 1949 1749 1971 attrectare

961 1992 1073 2018 minime
1089 1992 1180 2018 audet.
1204 1992 1280 2024 Quod
1303 1991 1450 2026 siquando
1466 1991 1499 2017 ad
1528 1989 1554 2016 id
1586 1989 1749 2016 necessitate

961 2037 1094 2071 impulsus
1115 2036 1207 2068 fuerit,
1227 2037 1298 2064 haud
1321 2037 1400 2063 aliter
1414 2037 1506 2063 animo
1523 2035 1648 2066 aiiicitur,
1666 2041 1748 2069 quam

960 2083 983 2110 si
1000 2082 1098 2110 nefarii
1118 2082 1220 2117 aliquid
1240 2087 1431 2117 perpetrassct.

1174 2129 1245 2162 Quid
1262 2129 1372 2155 dit-itis?
1390 2129 1429 2155 An
1453 2136 1497 2155 vos
1526 2127 1565 2154 Itis
1583 2127 1676 2159 verbis,
1694 2132 1747 2153 etc.

960 2175 1041 2208 Quid,
1060 2175 1158 2210 inquit,
1176 2175 1277 2206 dicitis,
1293 2182 1310 2202 0
1333 2174 1495 2202 Novatiaui?
1518 2174 1546 2201 Si
1565 2174 1689 2200 oratione
1702 2181 1751 2199 no-

960 2229 1017 2250 stra
1044 2222 1158 2257 pennati
1189 2223 1267 2254 estis,
1299 2226 1369 2249 state
1394 2229 1408 2247 a
1436 2221 1524 2250 nobis,
1551 2220 1596 2255 qui
1625 2219 1750 2246 homines

962 2273 1043 2302 atque
1071 2267 1104 2294 ad
1130 2273 1270 2302 peccatunt
1298 2268 1430 2302 proclives
1458 2274 1565 2298 sumtu,
1592 2265 1749 2300 acproiudc

962 2315 1077 2342 aliorum
1107 2315 1193 2341 vieem
1225 2314 1303 2340 facile
1334 2314 1483 2340 dolemus:
1517 2317 1596 2342 state,
1622 2312 1746 2346 inquam,

961 2368 1020 2392 vos,
1045 2359 1091 2393 qui
1128 2367 1209 2393 supra
1237 2358 1386 2389 hominem,
1418 2357 1473 2383 imo
1498 2356 1640 2383 inhumani
1667 2355 1746 2385 estis,

961 2406 996 2432 ob
1025 2406 1105 2440 idque
1131 2412 1163 2431 ex
1195 2404 1312 2431 aliorum
1341 2405 1415 2437 lapsu
1447 2409 1576 2436 angorem
1605 2408 1658 2426 non
1680 2408 1746 2426 con-

961 2451 1071 2486 cupitis.
1100 2451 1243 2477 Dominum
1274 2458 1327 2476 una
1355 2449 1533 2479 celebremus,
1561 2447 1606 2481 qui
1637 2453 1686 2480 pro
1699 2452 1748 2472 tua

964 2496 1149 2523 misericordia
1178 2495 1367 2530 ιὶαιιιὶῐεηιὶξιιιι
1398 2493 1475 2521 nobis
1491 2492 1648 2524 concessit;
1665 2497 1747 2524 atque

963 2543 1062 2570 lsaiam
1100 2542 1261 2573 audientes,
1300 2541 1434 2567 dicentem
1468 2548 1474 2566 :
1507 2539 1551 2566 Va:
1571 2539 1616 2573 qui
1641 2538 1749 2569 dicitis,

966 2589 1064 2615 Procul
1090 2597 1106 2614 η
1139 2595 1179 2614 me
1207 2587 1314 2618 reretle,
1346 2594 1376 2612 ne
1408 2586 1518 2612 accedas
1542 2585 1576 2610 ad
1604 2592 1660 2615 me,
1684 2591 1748 2616 qtto~

966 2635 1037 2661 niam
1059 2642 1142 2669 purus
1167 2642 1245 2665 sum;
1287 2633 1370 2659 nolite
1401 2639 1466 2662 vos,
1500 2631 1546 2665 qui
1585 2630 1644 2665 puri
1671 2630 1748 2660 estis,

966 2688 1141 2716 congressum
1177 2685 1311 2711 nostrum,
1336 2683 1365 2706 ut
1400 2678 1569 2712 impterIntn
1597 2676 1748 2706 hominum.

966 2727 1078 2762 fugere:
1094 2727 1159 2761 quin
1178 2727 1269 2761 potius
1286 2725 1427 2752 nobiseum
1447 2728 1559 2755 stantes,
1574 2728 1668 2750 vestra:
1681 2730 1747 2756 quo-

965 2782 1018 2808 que
1033 2773 1157 2807 puritatis
1182 2780 1231 2799 nos
1251 2771 1394 2806 participes
1413 2770 1534 2798 facite".
1554 2769 1631 2806 Quod
1653 2769 1674 2795 si
1701 2775 1748 2794 vos

952 2827 1020 2854 _nun
1035 2819 1180 2850 tlcctitnus,
1205 2825 1253 2853 pro
1281 2817 1368 2850 vobis,
1381 2821 1474 2851 utpote
1498 2814 1640 2842 incurabili
1654 2814 1748 2841 morbo

975 2911 998 2927 ⁸³
1014 2910 1083 2938 Osce
1098 2919 1134 2940 vi,
1147 2909 1173 2936 6.
1213 2909 1234 2925 ⁵⁸
1255 2909 1349 2936 Matth.
1368 2917 1443 2940 xvttt,
1459 2908 1504 2934 2'2.
1543 2910 1564 2925 ⁰¹
1585 2909 1591 2934 l
1609 2909 1672 2935 (lor.
1688 2915 1715 2936 v.
1737 2907 1744 2932 i

1024 2947 1046 2963 θ⁵
1058 2946 1136 2974 item.
1153 2953 1196 2978 xv,
1217 2944 1258 2972 l9.
1291 2945 1313 2961 ἐ
1326 2943 1424 2979 Ephes.
1448 2951 1472 2970 ν.
1488 2943 1516 2972 5.
1537 2946 1558 2962 ³⁷
1577 2944 1628 2972 1;;ι.
1643 2950 1707 2975 ιιιν,
1721 2941 1748 2968 5.
