2027 3162
285 205 356 238 1233

979 180 1172 232 ΛΠΟΕΝΒᾸ.

1858 206 1922 238 ιὲΗ

283 262 426 296 correptis,
452 261 588 295 lar‘rymas
613 260 796 287 cﬂ'undemns.
826 259 882 293 Igni
912 259 984 286 enim
1002 267 1074 284 sem-
1093 261 1114 287 Λ
1131 259 1271 286 rcddum‘.
1285 260 1378 287 Virmn
1410 265 1499 289 autent
1517 262 1680 297 sanguinum
1700 263 1784 288 David
1801 270 1864 288 cum
1878 271 1922 289 νυ-

284 308 392 342 piterrro
422 307 670 342 lraptizabinrini",
687 307 732 341 qui
753 311 888 334 terrenam
910 311 937 333 et
951 313 1074 333 crassam

287 355 426 381 materiam
442 359 571 388 tanquam
588 353 679 381 fenum
701 353 831 386 comedit,
852 358 879 380 ut
895 352 972 380 lsaia:
986 352 1076 379 verbis

287 406 358 431 utar,
370 400 421 426 hoc
440 404 491 430 est.
505 400 608 426 crassis
623 404 650 426 et
670 399 800 427 obscenis
813 399 937 434 corporis
952 399 1077 433 volupta-

287 447 358 472 tibus
390 446 539 473 servientes
562 446 663 478 exurit,
698 451 780 480 atque
816 447 941 473 homines
967 450 1077 480 peccato

285 491 358 518 leves
379 497 406 518 et
425 492 518 519 aridos
532 492 567 518 ita
579 492 731 523 excrm-iat,
748 497 776 518 ut
799 496 891 518 tamen
911 499 964 518 non
990 491 1076 518 absu-

285 541 350 563 mat,
373 537 608 569 Quemadmodum
638 537 710 564 enim
744 538 770 564 in
801 537 851 564 hac
867 538 921 564 vita
948 537 1076 564 Christus

286 583 410 610 homines
425 583 569 610 snrclitate
584 583 682 618 dignos
703 583 728 610 in
746 582 848 617 Spiritu
871 583 1010 618 baptizat,
1039 582 1075 608 ita

285 629 410 663 inrtignos
431 631 464 656 ad
489 630 576 664 ignem
595 630 765 662 trausrnittit,
797 630 902 656 alienos
923 629 1046 656 ridi-licet
1061 638 1075 657 a

284 674 358 701 bono
385 675 493 709 spiritui
518 676 590 702 tnalo
608 677 730 703 tradens.
747 675 832 703 Porro
854 683 901 710 per
925 675 995 710 ignis
1027 676 1075 702 La-

285 720 416 754 plismntn
446 728 561 748 examen
593 729 794 756 ccnsurautque
835 720 948 749 extremi
977 720 1075 754 judicii

285 766 423 801 intelligit,
437 767 513 800 juxta
532 767 557 794 id
571 768 642 802 quod
655 768 692 794 ait
715 767 879 801 Apostolus:
898 766 1076 801 Uuiuscujus-

284 821 334 848 que
359 821 434 848 opus,
456 814 534 847 quale
562 819 612 847 est,
632 815 700 849 ignis
726 813 889 848 probabit".
906 813 935 840 Et
958 821 1074 841 rursus:

289 859 346 885 Dies
362 860 431 886 enim
442 861 600 891 declarabit,
616 861 679 895 quia
695 861 720 887 in
736 860 794 895 ἰριιέ
810 859 966 886 ret'elubilur
983 861 1002 886 '.
1021 859 1075 888 Nos

286 909 375 930 ar-tvnr
393 904 467 931 Laio:
495 906 610 932 consilio
627 914 783 940 pareamus,
814 906 848 932 ad
870 907 942 932 hunc
964 905 1074 932 modum

1128 306 1204 338 cat’,
1219 307 1265 340 qui
1285 307 1350 334 vitio
1370 308 1444 334 onrni
1463 313 1489 334 ct
1505 309 1607 335 scelere
1623 313 1770 340 coopertus
1789 313 1841 334 est.
1860 309 1922 334 Per-

1128 351 1227 378 fectum
1243 353 1315 378 enim
1333 352 1381 378 viri
1403 353 1514 380 nomine
1538 353 1685 388 appeilavit
1708 362 1715 380 :
1739 354 1920 387 quemadmo-

1127 396 1191 423 dum
1213 400 1240 423 ει
1261 396 1358 424 Paulus
1383 407 1390 425 :
1409 398 1549 432 Quousque
1568 398 1752 432 perveniamus
1777 400 1804 425 in
1838 399 1920 424 t'irum

1126 443 1271 477 perfectum
1281 444 1301 469 ⁸.
1316 443 1375 470 ειίηιι
1391 452 1455 471 vero
1466 444 1585 471 hominis
1599 452 1683 471 causa
1693 445 1784 470 omnis
1797 445 1919 471 doctrina

1127 489 1189 516 data
1205 495 1256 521 est,
1273 495 1326 516 tam
1343 490 1438 524 legalis
1465 498 1547 524 quam
1561 490 1729 525 evangeliea,
1740 495 1824 524 atque
1844 498 1921 516 omne

1128 536 1298 571 mysterium,
1315 541 1341 562 ct
1357 537 1446 563 omnis
1460 536 1563 563 Christi
1579 537 1660 568 actioI
1673 543 1697 563 et
1714 536 1814 564 festum
1843 544 1921 563 omne

1130 583 1259 618 mysticas
1287 582 1408 609 rationes
1438 582 1553 609 habens.
1572 582 1730 617 Purgerniui
1756 582 1853 617 igitur,
1883 586 1911 608 ut

1127 628 1198 662 quod
1214 629 1248 655 ait
1270 628 1378 658 l‘aulus,
1395 629 1454 654 silis
1471 632 1597 662 tanquam
1611 628 1759 654 huninaria
1772 628 1799 653 in
1813 627 1920 659 mundo,

1126 674 1230 700 verbum
1256 675 1315 701 vita:
1335 675 1494 701 sustinentes
1510 675 1530 700 ⁵.
1559 673 1627 700 Nam
1647 674 1740 700 lumen
1761 673 1919 707 lrujusnmdi

1126 721 1272 755 quamdam
1292 720 1346 747 vim
1373 719 1464 752 trahet,
1483 724 1511 746 ut
1524 727 1573 747 eos
1591 718 1637 754 qui
1666 719 1692 746 in
1709 719 1833 746 tenebris
1851 719 1922 746 \‘riul

1126 766 1242 794 ctnortui
1263 771 1327 793 sunt
1345 765 1378 792 ad
1397 766 1480 792 vitam
1495 766 1605 793 excitet.
1623 765 1659 792 ita
1675 766 1731 796 liet,
1750 769 1780 792 ut
1795 766 1824 791 in
1839 766 1922 791 altero

1127 812 1226 839 satculo
1260 811 1403 838 Trinitatis
1428 811 1534 846 fulgore
1565 811 1672 846 plenius
1704 810 1921 841 cullustremini,

1126 857 1205 892 cujus
1222 865 1305 884 nrrum
1337 861 1420 892 atque
1443 856 1569 884 eumdem
1593 857 1768 891 splenderent
1789 863 1804 882 a
1835 856 1920 882 tribus

1127 903 1327 930 uniusdeitatis
1347 903 1472 937 personis
1500 902 1663 929 emicantem
1697 909 1772 927 num:
1796 899 1923 933 suscepi-

281 951 420 984 toprentis
438 961 443 978 :
461 950 611 982 Lut‘alttini,
627 939 723 979 rruumli
748 956 850 979 estote:
870 956 894 978 et
923 952 946 978 si
976 951 1074 986 fuerint
1093 939 1112 965 Β
1130 949 1180 977 stis
1198 949 1245 976 :in
1267 951 1327 984 ipso
1342 949 1454 977 Christo
1471 948 1586 976 Domino
1607 951 1715 979 nostro,
1729 947 1774 974 cui
1792 946 1881 982 gloria
1898 950 1923 971 ut

283 1002 390 1031 peccata
405 1004 489 1024 vestra
513 1003 541 1024 ut
567 999 734 1030 vermiculus,
751 999 836 1024 instar
859 997 924 1024 nivis
944 1005 974 1024 ea
999 997 1075 1024 deal‘

284 1041 372 1069 bubo:
389 1042 411 1068 si
427 1049 514 1069 autent
538 1049 566 1070 ut
583 1044 730 1075 coccinum,
759 1044 845 1069 instar
863 1042 932 1069 (una!
959 1042 1077 1069 candida

1131 996 1275 1031 imperium
1293 995 1321 1023 in
1337 996 1433 1024 saecula
1453 995 1628 1023 saeculorum.
1645 993 1744 1020 Amen.

802 1249 865 1295 IN
907 1246 1268 1296 OBA'I‘IONEM
1308 1247 1411 1291 XL.

552 1426 806 1458 ARGUMEN'I‘UM.

321 1483 385 1511 Ila'e
404 1484 490 1510 oratio
508 1485 565 1511 acri
584 1490 608 1511 et
625 1485 766 1512 re/reruenti
779 1484 960 1518 disputatione
987 1482 1074 1516 bapti-

283 1538 369 1556 smum
388 1538 553 1565 nequaquam
569 1531 745 1564 (li/ferendum
760 1539 790 1557 ac
805 1529 1001 1565 prorogandam
1017 1535 1072 1554 esse

282 1573 457 1600 demonstrat.
486 1575 523 1601 Ac
542 1583 600 1600 turn
630 1575 786 1608 μηνί-θάριηί
821 1574 924 1608 quidem
954 1573 1111 1606 oratiortec

283 1621 406 1652 rohrrret,
435 1629 525 1647 verum
549 1621 672 1655 temporis
694 1620 819 1646 brevitate
844 1624 923 1653 atque
949 1618 1074 1652 angustia

283 1666 382 1700 ['thth
397 1672 483 1697 cst,ut
504 1667 536 1692 ab
554 1674 584 1692 ea
600 1667 790 1701 distinguatur.

459 1734 596 1762 NltZETzE
616 1733 905 1773 COMMENTARIUS.

319 1793 376 1818 (Iul.
387 1792 438 1819 359
446 1792 473 1819 Β.
483 1791 615 1824 Quoniam
623 1792 662 1818 her
671 1792 679 1818 r‘
688 1791 864 1824 splendidum,
877 1796 930 1818 ctr.
943 1790 1076 1818 Hesterno

284 1840 337 1868 die.
354 1839 451 1874 inquit.
481 1839 626 1865 Luminurn
648 1838 746 1865 festum
763 1838 977 1865 celebravimus.
1000 1837 1075 1864 Con-

285 1885 412 1912 veniebat
426 1892 448 1911 er
462 1884 498 1910 im
513 1884 549 1910 ob
578 1883 692 1910 salutent
721 1887 842 1910 nostram
860 1883 959 1917 gaudio
973 1882 1074 1914 eﬂ'erri,

282 1938 398 1965 t'antqnc
415 1930 563 1958 eelelrrare.
578 1930 662 1964 quue
682 1930 768 1956 rrrulto
783 1930 890 1964 aequius
903 1933 975 1961 erat,
990 1936 1075 1963 quam

283 1977 356 2011 quod
379 1977 507 2004 mortales
525 1975 601 2003 carui
627 1975 711 2002 dediti
735 1976 825 2002 lacere
854 1975 954 2007 solent,
986 1975 1032 2009 qui
1049 1978 1076 2002 et

283 2023 409 2056 ysvftt‘ua
422 2024 571 2055 celebrant,
589 2023 615 2050 id
630 2028 682 2053 est,
701 2023 771 2049 diem
787 2030 842 2057 quo
860 2022 886 2049 in
903 2023 990 2050 lucem
1009 2022 1077 2048 editi

283 2073 358 2098 sunt.
373 2073 399 2095 et
416 2069 551 2103 γαμήλια,
582 2069 634 2095 hoc
648 2073 699 2098 est.
715 2076 777 2094 eunt
804 2068 874 2095 diem
906 2075 960 2102 quo
980 2067 1076 2094 malri‘

284 2114 406 2140 tnoninrn
423 2118 631 2143 contraxerunt.
645 2118 672 2139 et.
686 2114 886 2149 ὁνομητήρια,
903 2115 1013 2148 quam'o
1026 2121 1077 2140 no-

285 2167 301 2183 ιι
313 2165 346 2184 eu
373 2158 440 2192 ipsis
468 2157 625 2192 impositum
647 2163 698 2188 est,
731 2163 758 2184 ct
784 2158 948 2191 κουρόσυνα,
967 2160 1077 2193 quando

283 2206 399 2231 det-ursa
420 2207 447 2230 ct
475 2207 569 2230 exacta
585 2203 781 2236 adolescentia,
809 2203 837 2230 in
855 2203 986 2238 juvenem
1002 2206 1078 2232 ordi-

1129 1427 1202 1455 tione
1215 1424 1428 1460 consumimus),
1443 1429 1500 1451 tum
1524 1432 1557 1452 nc
1578 1424 1719 1452 fastidium
1738 1429 1763 1451 ct
1796 1424 1923 1451 saturiza-

1127 1477 1181 1500 tem
1213 1471 1351 1498 sermonis
1379 1470 1523 1505 prolixitas
1556 1466 1674 1505 parerei.
1703 1470 1820 1504 Semper
1851 1471 1921 1496 enirn

1127 1521 1281 1552 suspectam
1309 1517 1396 1544 habeo
1424 1517 1590 1549 satietatem,
1619 1517 1691 1543 velut
1716 1517 1863 1542 molestam
1894 1526 1922 1541 ac

1128 1563 1198 1590 tcedii
1225 1563 1344 1598 plenam,
1363 1564 1498 1597 rebusque
1520 1563 1649 1589 omnibus
1668 1563 1808 1597 puellaris
1827 1563 1924 1589 θάνω-ι

1127 1615 1246 1642 sauteru,
1264 1615 1345 1644 atque
1371 1617 1403 1637 ea
1420 1618 1480 1644 quae
1499 1609 1571 1636 dicta
1589 1614 1664 1641 sunt,
1681 1608 1846 1641 infrugifcra
1862 1610 1922 1635 red.

1127 1657 1246 1684 dentem.
1273 1656 1341 1684 Nam
1359 1665 1421 1684 cum
1448 1664 1479 1683 ea
1497 1656 1533 1684 sit
1563 1656 1865 1690 anirni_irnbecillitas.
1895 1660 1922 1682 ut

1127 1703 1220 1730 omnia
1246 1703 1329 1730 simul
1352 1702 1497 1737 complecti
1528 1707 1611 1736 atque
1637 1702 1760 1736 arripere
1790 1707 1921 1736 nequeat,

1127 1749 1197 1776 idem
1213 1749 1326 1775 omnino
1347 1748 1385 1775 illi
1413 1748 1523 1778 accidit.
1538 1748 1611 1782 quod
1629 1748 1728 1778 ventri.
1742 1749 1789 1781 qui
1811 1753 1922 1782 prort-r

1127 1795 1300 1822 immodicam
1330 1795 1484 1822 satietatem
1517 1794 1695 1821 transmissos
1725 1794 1805 1821 cibus
1823 1802 1921 1821 cum-o-

1127 1849 1211 1876 quere
1225 1848 1279 1868 non
1294 1845 1392 1875 potest.
1405 1839 1546 1874 Oportebit
1561 1845 1653 1866 autent
1668 1847 1699 1867 ea
1714 1848 1776 1874 qua:
1805 1847 1820 1866 τι
1847 1842 1922 1867 nobis

1128 1886 1267 1918 dicentur,
1290 1890 1396 1912 attento
1425 1886 1518 1912 animo
1535 1886 1630 1912 audire
1656 1894 1663 1912 :
1696 1886 1920 1921 quandoquidem

1128 1933 1180 1959 hoc
1190 1939 1301 1967 quoque
1321 1931 1476 1966 splendoris
1499 1939 1562 1966 pars
1577 1936 1629 1963 est,
1648 1932 1779 1959 nimirum
1795 1933 1921 1967 baptismi

1129 1978 1182 2005 vim
1210 1982 1237 2005 et
1254 1977 1411 2005 facultatem
1432 1977 1516 2011 probe
1545 1976 1683 2011 cognitam
1702 1982 1730 2003 et
1760 1978 1920 2011 explicatam

1128 2025 1241 2052 habere.

1162 2069 1221 2097 Col.
1237 2070 1290 2097 559
1313 2069 1344 2097 C.
1362 2070 1466 2104 Triplex
1491 2069 1640 2097 natiuitatis
1674 2077 1756 2103 genus
1784 2073 1918 2102 agnoscat.

1127 2120 1180 2141 etc.
1198 2115 1278 2146 Tres,
1293 2115 1393 2150 inquit,
1423 2115 1583 2143 nativitates
1599 2120 1673 2141 reeta
1690 2118 1717 2141 et
1732 2114 1920 2140 ecelesiastira

1128 2161 1252 2188 doctrina
1271 2163 1434 2196 prolitetur:
1465 2162 1579 2196 primam
1605 2167 1778 2195 corpoream,
1805 2168 1861 2194 qua
1881 2159 1920 2185 atri

1128 2214 1160 2232 ex
1197 2207 1259 2234 aliis
1283 2207 1440 2240 nascimur;
1469 2209 1618 2234 secumlam
1645 2206 1796 2241 baptismi;
1815 2207 1920 2232 tertiam

285 2259 345 2277 nent
363 2250 475 2284 ascripti
489 2253 564 2282 sunt,
587 2253 634 2276 aut
651 2249 762 2284 quando
779 2250 896 2284 primum
913 2251 981 2286 ipsis
997 2259 1074 2279 conm
1095 2249 1115 2276 D
1131 2254 1352 2280 resurreetioniS.
1373 2255 1410 2281 Ac
1434 2261 1567 2289 corporea
1596 2254 1706 2288 quidem
1730 2256 1868 2278 nocturna
1883 2256 1921 2277 est

286 2299 313 2324 iu
342 2297 511 2332 superﬂuum
540 2303 703 2324 excrcscens
731 2301 840 2325 attonsa
865 2303 923 2331 est,
941 2305 968 2326 et
987 2308 1079 2327 κατοι-

285 2345 366 2372 κέσια
390 2345 432 2372 vel
450 2343 628 2371 habitationis
653 2343 795 2377 encaenia,
820 2346 932 2379 quando
960 2346 1076 2380 printurn

283 2395 386 2418 terram
401 2390 549 2425 quamdam
577 2394 626 2417 aut.
656 2390 770 2418 domum
798 2391 982 2420 incoluerunt.
1016 2392 1078 2420 ιιιυε

285 2444 368 2471 porro
384 2435 476 2463 omnia
492 2436 590 2471 ὲτήτια
607 2436 826 2468 celebrabantur,
846 2437 872 2464 id
889 2442 942 2469 est,
962 2443 1080 2472 quotan—

286 2482 339 2509 nis.
357 2480 484 2509 Nonnulli
501 2487 591 2509 autem
609 2483 717 2517 ἐτήσια,
741 2484 913 2515 consulatus,
930 2488 978 2511 aut
1001 2485 1074 2511 mili-

285 2529 353 2555 laris
381 2527 563 2562 pra-fectum,
583 2533 632 2556 aut
658 2529 730 2556 alius
745 2530 887 2564 cujusdam
917 2530 1074 2565 huiusmodi

284 2574 462 2609 magistratus
488 2574 619 2609 przelndia
644 2580 671 2601 et
694 2575 820 2602 tirocinia
846 2575 1074 2610 interpretantur,

282 2620 421 2647 autetiam
437 2619 491 2647 diei
509 2620 591 2653 illius,
609 2628 664 2655 quo
684 2621 831 2656 quisquam
859 2623 1008 2649 maximum
1027 2631 1074 2657 pe-

284 2666 402 2693 rieuhrrn
419 2665 524 2701 etl‘ugit.
545 2665 631 2693 Hodie
654 2667 688 2694 de
717 2667 853 2701 baptismo
880 2668 1072 2696 disseremus:

284 2713 391 2740 etiamsi
410 2713 468 2739 lteri
489 2720 538 2740 nos
552 2713 641 2739 oratio
652 2713 684 2739 de
700 2720 733 2740 eo
748 2713 870 2740 instituta
887 2713 1073 2748 prmtertiuxit,

284 2763 342 2785 turn
357 2759 420 2793 quia
437 2764 545 2794 tempus
570 2763 680 2793 urgeret
710 2758 799 2794 (feSIis
820 2759 892 2786 enint
905 2759 1001 2787 diebus
1019 2768 1078 2786 trra-

285 2805 386 2832 ximam
411 2805 542 2840 temporis
567 2809 671 2840 partem
702 2805 730 2831 in
758 2804 929 2833 Psalmorum
950 2805 1076 2833 cantilla-

598 2893 646 2920 ³³1
679 2894 741 2921 t‘or.
766 2901 806 2923 nt.
827 2895 870 2922 13.

573 2930 583 2944 ‘
596 2929 667 2957 [δεδι.
684 2937 814 2960 cuum.
833 2930 873 2957 tG.

319 2895 341 2908 ”‘
355 2893 406 2920 lsa.
422 2901 494 2921 uvr.
513 2894 558 2921 2i.
598 2895 620 2910 ³³
638 2893 646 2920 I
679 2894 741 2921 σοι’,
766 2901 806 2922 nt.
827 2895 870 2922 13.
909 2896 915 2910 ¹
933 2895 998 2922 ibid.

284 2927 350 2960 lipp.
368 2936 398 2956 ιι,
422 2929 463 2957 is.
493 2930 534 2956 16.

1037 2897 1047 2912 ²
1063 2895 1114 2923 lsa.
1133 2903 1152 2929 ι,
1182 2895 1224 2930 16,
1247 2896 1288 2924 l8.

1128 2299 1248 2334 (proprie
1259 2300 1332 2326 enirn
1345 2307 1513 2334 congressus
1526 2299 1634 2326 venerei
1660 2304 1781 2333 tempus,
1801 2305 1855 2324 nox
1871 2302 1918 2328 est,

1128 2351 1238 2380 propter
1257 2346 1428 2373 honestatem
1459 2350 1485 2372 et
1504 2345 1712 2373 Verecundiam)
1732 2349 1817 2378 atque
1841 2344 1918 2369 etiam

1129 2399 1218 2422 serva.
1238 2392 1338 2426 quippe
1359 2399 1441 2426 quam
1465 2391 1587 2418 libidinis
1611 2390 1724 2418 aﬂ'ectus
1752 2391 1917 2423 auspiremr,

1128 2446 1160 2464 ex
1178 2438 1327 2472 voluptatis
1344 2438 1418 2464 enim
1438 2445 1532 2464 amore
1563 2436 1769 2464 matrimonium
1797 2434 1918 2462 contrahi

1128 2484 1209 2511 solet.
1234 2483 1367 2518 Baptismi
1383 2488 1476 2510 autent
1507 2482 1648 2512 tratit‘itas.
1663 2482 1759 2508 diurna
1781 2488 1796 2507 a
1824 2480 1919 2506 Datirlr:

1126 2531 1249 2557 dicitur:
1275 2530 1336 2556 Dies
1366 2530 1452 2561 enim,
1484 2528 1584 2563 inquit,
1615 2527 1845 2563 forrnabuntur‘;
1866 2527 1919 2552 sive

1128 2576 1193 2611 quia
1209 2576 1308 2602 diurno
1326 2580 1451 2610 tempore
1469 2581 1497 2602 ut
1514 2576 1662 2610 plurimum
1681 2574 1836 2608 baptismus
1850 2572 1919 2599 relc-

1130 2622 1235 2653 bretur,
1249 2621 1307 2648 sive
1321 2626 1432 2656 propter
1455 2622 1633 2649 excellentem
1651 2621 1779 2655 baptismi
1795 2620 1920 2654 splendo-

1129 2675 1186 2694 rcut
1213 2675 1238 2696 et
1265 2668 1420 2702 puritatem.
1437 2667 1473 2695 Ea
1490 2676 1572 2702 porro
1593 2676 1647 2694 non
1677 2667 1757 2693 modo
1773 2674 1788 2692 a
1809 2666 1919 2692 libidine

1129 2721 1196 2748 pura
1213 2719 1239 2740 et
1269 2714 1354 2741 libera
1374 2719 1416 2741 cst
1445 2723 1452 2741 :
1480 2715 1527 2741 sed
1555 2714 1670 2741 vitiosos
1693 2714 1776 2740 etiam
1807 2713 1919 2740 alTeetus

1127 2761 1244 2787 omnino
1264 2761 1335 2787 delet
1349 2767 1431 2795 atquc
1453 2761 1621 2796 exstinguit;
1638 2765 1666 2787 et
1688 2759 1918 2793 quemadmodum

1125 2805 1301 2834 circumcisio
1323 2809 1486 2843 superﬂuam
1513 2807 1627 2835 ruembri
1651 2806 1778 2842 genitalis
1813 2812 1918 2840 pallent

1828 2894 1838 2909 '
1856 2894 1919 2921 Phi-

1326 2898 1336 2913 ³
1353 2897 1425 2925 Psal.
1444 2905 1468 2930 γ,
1480 2897 1506 2923 7.
1547 2897 1555 2911 ‘
1570 2895 1669 2930 Eplres.
1687 2903 1724 2929 ιν,
1746 2894 1787 2921 15.
