2027 3162
164 230 232 266 1Ξὲ5

667 228 826 263 NICETAS
846 232 884 261 1N
905 229 1016 260 ORAT.
1037 226 1087 258 XL
1109 229 1137 258 S.
1160 229 1276 259 GREG.

1716 229 1782 258 1216

163 292 346 320 abscintlebat-
361 301 366 318 :
386 291 417 318 ad
433 291 558 318 eumdem
570 299 677 326 quoque
702 292 812 318 tnodum
828 292 944 317 circum-
958 289 982 316 A
996 293 1162 314 exerentem.
1182 287 1248 314 Nam
1263 287 1406 320 inspiratio
1422 286 1478 316 illa.
1492 294 1551 321 quae
1565 287 1695 321 apostolis
1715 296 1782 314 eon-

163 339 231 367 cisio
245 346 275 366 ea
296 345 376 372 quant
394 337 542 371 baptismus
562 337 650 371 affert,
667 346 718 365 non
743 346 851 365 omnem
872 337 947 364 roln-

165 388 275 418 platem,
295 383 340 410 sed
357 383 520 417 superﬂuam
549 389 654 411 tantum
668 384 834 418 minimeque
853 391 948 411 ncces-

165 430 264 457 sariam
286 432 403 455 truncat.
431 429 609 457 Circumeidit
632 431 704 457 enim
737 439 817 457 omne
842 430 906 457 illud
934 437 948 456 a

165 475 306 501 nativitale
321 480 491 502 contractum
510 477 642 508 relatnen,
671 478 721 504 hoc
738 482 790 510 est,
805 478 950 511 perturba-

165 526 205 548 tos
223 521 305 547 animi
333 526 432 554 motus,
463 530 495 549 ac
525 523 667 557 ealiginem
698 524 732 550 ah
761 524 800 550 eis
823 523 949 555 uﬂusam,

167 567 264 593 anima:
295 567 403 593 oculum
435 568 514 594 nubis
544 568 629 595 instar
666 569 857 596 obduceutem.
882 569 948 596 Nam

165 617 317 646 peccatum,
343 620 357 638 .1
394 613 490 646 primis
517 614 674 647 parentibus
700 623 747 648 per
771 615 891 641 mandati
907 615 950 640 di-

165 658 220 684 vini
237 658 408 684 violationem
425 659 585 691 admissum,
610 668 750 687 veneream
779 661 951 694 eoujuuetio-

165 712 226 731 nem
244 705 362 736 advexit,
382 710 463 739 atque
477 713 506 731 ea
526 713 619 733 rursus
638 706 670 732 ad
689 706 809 740 ipsorqu
825 711 949 740 posteros

167 750 289 777 nonnihil
319 750 440 778 sordium
459 756 485 777 et
511 751 708 785 inquinamenti
739 760 830 779 secum
859 752 949 779 traxit.

167 794 328 830 Quanquam
356 795 428 822 enim
462 796 665 823 matrimonium
688 796 734 822 Dei
764 797 952 823 benedictione

168 840 327 869 honombile
358 841 458 868 factum
485 842 556 873 cst',
577 847 685 878 propter
713 843 859 870 liberorum
888 851 952 876 pro-

167 887 342 919 ereationem,
378 893 474 915 natura
502 894 590 915 tamen
616 896 630 915 a
662 895 774 923 peccato
798 889 885 916 ﬂuxit.
917 889 950 916 In

1000 334 1069 368 ligil,
1086 342 1139 360 non
1157 334 1250 363 vitam.
1268 333 1313 360 sed
1335 333 1452 359 divinam
1473 333 1586 367 gratiam
1604 334 1669 366 ipsis
1682 334 1781 360 attulit.

999 381 1032 407 At
1047 387 1111 406 vero
1126 379 1252 407 Christus
1268 379 1395 413 baptismi
1413 379 1577 405 nativitatem
1596 379 1782 406 incarnatione

1000 433 1049 454 Sua
1065 430 1091 452 et.
1116 426 1253 459 baptismo
1271 425 1471 452 cohonestarit.
1497 425 1630 452 Ca-terum
1656 426 1781 451 incarna-

999 473 1100 498 tiottem
1129 479 1181 498 non
1211 479 1272 498 cum
1306 479 1436 505 corporea
1471 471 1623 500 nativitate,
1652 473 1697 498 sed
1721 479 1781 497 euut

1001 518 1138 553 baptismo
1154 518 1256 544 idcirco
1279 517 1480 551 conjunximus.
1497 517 1625 552 quoniam
1642 517 1782 546 Dominus.

1001 565 1156 599 priusquam
1185 571 1294 590 carnem
1327 567 1488 593 assumeret.
1522 570 1681 596 corpoream
1709 563 1781 588 illam

1002 610 1104 636 honore
1121 609 1220 641 ail'ecit,
1236 616 1291 643 quo
1306 614 1427 643 tetnpore
1450 608 1644 643 intelligentetu
1662 608 1782 634 animum

1002 654 1155 688 inspiravit,
1184 654 1234 680 hoc
1250 659 1302 684 est,
1325 661 1386 681 cum
1409 654 1546 680 hominem
1575 654 1608 680 ad
1637 654 1782 687 imaginem

1004 701 1049 727 Dei
1064 700 1193 728 condidit.
1218 700 1314 726 Postea
1339 704 1428 726 atttem
1449 700 1605 726 iurat-natus
1631 707 1662 726 ac
1684 707 1784 726 ³011111-

1003 747 1066 773 dum
1087 753 1196 772 carnem
1224 745 1360 779 baptismo
1378 745 1477 771 tinctus
1494 745 1593 778 (neque
1609 745 1680 770 enim
1706 744 1784 770 aliter

1003 800 1156 828 quamcum
1183 799 1265 818 carne
1288 790 1420 824 baptizari
1449 790 1591 824 licuisset).
1620 790 1784 823 baptismum

1003 845 1111 874 quoque
1142 837 1245 863 honore
1267 840 1294 862 et
1321 835 1405 870 gloria
1436 833 1596 861 cumulavit.
1621 833 1688 859 Illud
1713 834 1784 859 enim

1004 892 1068 912 vero
1094 883 1244 912 sciendum.
1259 882 1331 915 quod
1355 882 1381 907 in
1403 887 1532 914 corporea
1548 887 1655 913 quoque
1675 886 1787 912 geuma-

168 931 281 964 peccatis
308 931 390 964 enim,
417 932 515 966 inquit,
540 935 658 966 concepit
687 941 726 960 me
755 938 839 960 mater
861 934 949 962 mea',
966 951 989 981 Β
1006 930 1087 960 tione.
1104 937 1164 963 qure
1193 935 1285 955 revera
1310 935 1363 954 una
1387 931 1438 960 cst,
1464 927 1556 953 animo
1570 930 1596 952 et
1621 925 1787 960 cegiiatioue

168 975 294 1009 Figuram
323 984 404 1012 porro
423 977 552 1012 baptismi
570 979 744 1006 circumcisio
758 979 838 1014 gerit.
851 980 952 1012 Quem-

169 1021 313 1048 admodum
348 1023 420 1049 enim
453 1023 522 1054 illa,
555 1032 616 1057 qua:
642 1026 750 1059 generis
777 1025 951 1053 Abrahamici

169 1067 275 1101 signum
300 1072 369 1100 erat,
386 1076 440 1096 non
459 1073 561 1103 partem
591 1071 713 1105 corporis
733 1071 838 1103 utilem,
858 1079 952 1099 verum

169 1118 372 1141 excrementum
403 1114 497 1142 inutile
527 1117 685 1150 amputabat
716 1124 723 1143 :
747 1118 842 1144 eodem
871 1119 953 1145 modo

169 1164 361 1187 sacrosanctus
391 1160 552 1195 baptismus,
569 1163 616 1197 qtti
634 1162 848 1190 Christianorum
860 1164 953 1198 signa-

168 1205 260 1231 culum
274 1211 325 1238 est,
336 1213 459 1234 crassum
478 1212 505 1234 et
530 1208 665 1235 carnalem
683 1209 867 1243 improbarent
880 1211 954 1245 cogi-

170 1251 302 1277 talionum
319 1251 444 1279 aﬂ‘cctum
460 1258 488 1280 et
502 1259 644 1288 peccatum
660 1255 805 1282 exscindit.
827 1255 886 1283 Non
902 1257 952 1283 du-

171 1294 245 1320 bium
260 1300 301 1322 est
312 1300 401 1323 autem
428 1297 493 1331 quin
509 1303 651 1332 peccatum
677 1299 953 1334 sitconcupisccutiaa

169 1346 386 1372 excrementum.
402 1350 434 1370 ac
458 1351 511 1370 non
534 1345 675 1371 commoda
701 1347 823 1380 quaedam
839 1351 867 1373 et
879 1347 954 1374 utilis

169 1385 314 1420 cupiditas.
349 1387 402 1416 Nec
429 1389 500 1416 ettitn
532 1389 589 1417 ﬂeri
619 1394 725 1425 potest,
752 1395 780 1418 ut
807 1393 952 1426 quisquam

171 1432 244 1459 nulla
269 1433 380 1460 omnino
408 1435 555 1469 cupiditate
590 1440 726 1471 tangatur,
747 1443 794 1465 aut
822 1439 857 1465 ab
880 1441 952 1467 ouuti

170 1477 315 1512 voluptatis
342 1487 424 1506 sensu
449 1481 484 1507 sit
511 1481 648 1508 immunis.
680 1483 812 1510 Caeterum
830 1484 952 1512 inutilem

169 1522 343 1556 cupiditatem
371 1531 402 1551 ac
430 1526 604 1561 voluptatem,
629 1527 655 1554 id
671 1532 723 1560 est,
743 1534 894 1563 peccatum,
914 1539 954 1558 re-

169 1573 243 1594 secat
267 1568 429 1603 baptismus,
456 1578 487 1598 ac
510 1579 560 1600 nos
583 1573 617 1600 ab
640 1574 794 1603 inﬁdelibus
822 1579 951 1608 secernit.

1004 976 1152 1002 dividentes
1166 975 1192 1001 in
1215 974 1419 1008 inspirationem
1443 977 1470 999 et
1487 973 1652 999 creationem
1674 980 1680 997 :
1699 979 1787 1005 q'zan-

1003 1021 1147 1057 doquidem
1165 1026 1191 1047 et
1204 1020 1300 1054 duplex
1310 1024 1362 1050 est,
1377 1022 1507 1052 quantum
1525 1018 1556 1044 ad
1572 1017 1788 1051 generationem,

1005 1067 1130 1094 humana-
1148 1071 1253 1092 natura:
1266 1066 1346 1096 ratio,
1363 1065 1446 1091 altera
1464 1063 1568 1090 scilicet
1582 1064 1690 1094 anitmc,
1704 1062 1787 1088 altera

1004 1113 1136 1148 corporis.
1154 1113 1250 1139 Anima
1272 1111 1370 1138 etenim
1395 1109 1523 1137 ittclfabili
1551 1109 1632 1136 modo
1649 1117 1680 1135 ex
1703 1108 1789 1142 inspi-

1004 1159 1112 1186 ratione
1129 1158 1220 1185 divina
1235 1157 1395 1192 producitur
1413 1165 1420 1183 :
1436 1163 1536 1190 corpus
1558 1160 1648 1181 autetn
1667 1162 1699 1180 ex
1725 1154 1787 1180 sub-

1003 1206 1110 1240 jacente
1128 1204 1238 1230 materia
1253 1208 1371 1229 creatur.
1389 1201 1448 1228 Jam
1462 1209 1525 1228 vero
1539 1199 1666 1228 Christus
1681 1200 1787 1226 tertiam

1005 1251 1171 1277 nativitatem
1192 1249 1300 1276 ornavit
1334 1253 1415 1282 atque
1443 1247 1600 1279 illustravit,
1627 1254 1688 1273 cum
1731 1246 1789 1279 ipse

1005 1297 1110 1332 primus
1125 1303 1140 1322 a
1164 1299 1250 1321 morte
1264 1294 1298 1321 ad
1327 1295 1408 1320 vitam
1435 1293 1570 1320 excitatus
1587 1297 1638 1323 est,
1658 1300 1712 1318 non
1733 1291 1788 1325 jam

1005 1342 1121 1377 amplius
1143 1340 1302 1367 moriturus.
1320 1341 1408 1373 Atque
1422 1346 1453 1365 ea
1477 1339 1509 1364 de
1524 1345 1605 1364 causa
1625 1336 1790 1371 primogeni-

1005 1392 1061 1414 tum
1078 1387 1166 1421 ipsum
1193 1386 1263 1412 inter
1289 1384 1389 1411 multos
1416 1385 1515 1410 fratres
1532 1383 1564 1414 “,
1581 1387 1607 1408 et
1625 1381 1790 1416 primogeni-

1006 1438 1062 1460 tum
1088 1440 1119 1459 ex
1145 1431 1260 1458 mortuis
1271 1431 1292 1447 ¹⁵
1312 1430 1413 1456 Paulus
1431 1427 1601 1460 nominavit;
1629 1427 1706 1459 illttd,
1725 1426 1788 1460 quia

1006 1479 1238 1513 regenerationem
1253 1483 1313 1503 eam
1330 1481 1356 1502 ct
1374 1475 1560 1509 adoptionem,
1575 1480 1636 1507 quae
1653 1472 1790 1506 baptismo

1006 1528 1190 1558 comparatur,
1223 1522 1382 1557 auspicatus
1423 1525 1465 1548 cst
1497 1520 1611 1555 (primus
1639 1519 1710 1545 enim
1743 1525 1790 1552 per

1007 1579 1104 1605 aquam
1130 1575 1156 1597 et
1168 1569 1297 1604 Spiritum
1314 1573 1439 1595 sanetum
1463 1567 1620 1601 baptizatus
1635 1569 1686 1596 est,
1703 1571 1791 1597 coque

170 1618 250 1648 atque
265 1616 298 1641 ad
314 1622 459 1650 supernam
476 1618 557 1644 vitam
573 1623 600 1646 et
632 1621 780 1654 angelicam
809 1630 953 1651 COthel‘sa-
967 1620 989 1649 C
1007 1617 1115 1643 nomine
1134 1615 1331 1651 primogenitus
1354 1613 1443 1641 factus
1466 1617 1508 1640 est
1531 1612 1601 1639 inter
1617 1611 1715 1638 multos
1735 1610 1790 1636 fra-

171 1660 282 1693 tionem,
297 1668 311 1687 a
329 1669 382 1696 qua
402 1670 488 1696 genus
502 1668 625 1691 nostrum
639 1666 749 1698 excidit,
768 1675 816 1695 nos
833 1674 954 1697 revocat.

171 1704 261 1732 Tertia
292 1715 356 1734 vero
389 1708 527 1741 nativitas,
566 1710 694 1738 nimirum
732 1715 954 1745 resurrectimus,

171 1750 350 1780 formidabilis
372 1758 424 1785 est,
456 1760 565 1788 promer
582 1757 752 1784 tremendum
783 1766 815 1785 ac
842 1761 955 1786 terroris

171 1797 279 1832 plenum
304 1798 436 1832 judicium
462 1804 542 1834 atque
566 1801 646 1828 etiam
665 1801 762 1829 brevis.
792 1803 850 1831 Fiet
882 1806 954 1831 enim

171 1844 197 1870 in
214 1850 353 1877 momento,
382 1846 409 1872 in
435 1846 488 1872 ittu
509 1847 590 1879 oculi,
607 1849 848 1882 quemadmodum,
868 1851 957 1884 inquit

170 1891 346 1924 Apostolus’,
363 1896 398 1923 et,
410 1896 438 1918 ut
453 1896 494 1918 est
505 1893 574 1926 apud
595 1893 814 1922 Ecelesiasticum
827 1905 833 1922 :
848 1898 957 1923 Omnem

172 1939 321 1961 creaturam
346 1936 457 1962 adducet
475 1937 543 1962 Dens
559 1937 594 1962 ad
611 1937 745 1970 judicium
757 1939 788 1969 "',
802 1943 883 1973 atque
903 1949 958 1966 om-

171 1988 215 2007 ne:
230 1982 355 2008 sistentur
371 1982 405 2008 ad
417 1982 686 2016 tributmlC/nrieti”,
702 1991 848 2018 rerumque
862 1985 889 2012 in
907 1987 958 2014 hac

174 2027 227 2053 vita
238 2032 374 2060 gestarum
397 2027 529 2055 rationem
547 2028 703 2062 reddemus,
722 2030 781 2057 sive
804 2033 895 2059 carnis
908 2040 958 2060 cu-

174 2074 301 2108 piditates
318 2074 403 2101 secuti
417 2074 564 2105 fuerimus,
580 2075 637 2102 sive
648 2077 737 2103 animo
754 2081 847 2104 ucstra
866 2079 957 2106 carnis

136 2138 139 2140 -
172 2119 367 2153 cupiditatibus
391 2121 516 2154 superior
553 2122 699 2154 exstiterit,
734 2130 850 2157 eamque
881 2124 956 2152 ltutui

172 2171 341 2199 vergentem,
358 2174 390 2204 ac
413 2174 443 2193 se
458 2175 509 2194 una
526 2167 679 2202 deprimere
709 2174 854 2196 eonautetu
873 2170 956 2198 simul

173 2212 200 2238 in
216 2213 302 2239 altum
321 2213 444 2245 traxerit,
463 2213 645 2248 baptismique
674 2215 837 2242 beneﬁcium
855 2224 958 2250 nequa-

172 2262 255 2291 quam
287 2259 495 2292 contempserit,
527 2267 619 2286 verum
653 2267 765 2288 summo
793 2261 898 2289 honore
924 2271 956 2290 ac

172 2303 327 2330 reverentia
343 2305 469 2332 coluerit.
486 2305 540 2333 Has
561 2310 615 2333 tres
637 2307 794 2335 nativitates
820 2308 845 2335 in
865 2309 956 2342 seipse

172 2347 297 2377 Christus
313 2350 416 2378 honore
444 2351 546 2381 aﬂ‘ecit.
567 2360 727 2387 corpoream
754 2353 890 2387 videlicet,
910 2362 957 2389 per

174 2395 289 2428 prituam
314 2396 386 2423 illam
420 2401 448 2424 et
474 2397 582 2424 vitalem
610 2399 764 2433 animmque
795 2399 957 2427 eﬂcctricem

174 2442 388 2476 inspirationem,
413 2452 473 2478 quae
505 2445 588 2473 semel
613 2445 639 2472 itt
662 2446 795 2472 Adatnum
837 2447 959 2473 immissa

174 2485 332 2522 (Insuﬂlavit
355 2489 422 2515 enim
438 2491 464 2516 in
480 2491 574 2524 faciem
587 2491 643 2522 eius
660 2491 823 2525 spiraculum
840 2492 909 2522 υιιω,
932 2498 958 2518 et

175 2533 261 2566 [actus
277 2539 315 2559 est
332 2534 408 2561 homo
422 2536 448 2562 in
466 2538 582 2563 animum
600 2539 723 2564 viventem
737 2537 782 2572 “),
799 2538 825 2564 in
859 2546 954 2564 omtr-s

175 2586 285 2613 quoque
315 2579 348 2606 ab
369 2588 403 2606 eo
428 2582 583 2615 progenitos
600 2583 694 2610 eﬂicax
720 2590 772 2610 est.
802 2583 842 2610 Ac
866 2583 953 2617 prima

175 2625 284 2658 quidem
306 2625 363 2652 haec
392 2626 535 2660 inspiratio
559 2628 668 2659 dicitur,
688 2630 793 2655 ratione
815 2629 954 2663 posterio—

176 2671 292 2705 ris.qua
314 2672 438 2698 Christus
452 2672 479 2698 in
499 2675 636 2707 apostolos
663 2675 810 2702 insumat-it
823 2682 855 2702 ac
869 2675 956 2701 dixit:

176 2719 292 2752 Accipite
311 2718 440 2752 Spiritum
459 2726 577 2746 sanctum
589 2721 620 2747 ¹².
642 2721 735 2748 \‘italis
765 2726 867 2752 autem,
896 2721 957 2755 quia

176 2765 259 2791 vitam
275 2765 426 2799 inspiravit.
455 2764 554 2792 Facms
570 2771 608 2792 Bal
628 2766 713 2799 enim,
725 2767 822 2800 inquit,
839 2766 915 2792 Immo
933 2767 958 2792 in

176 2810 292 2836 animam
321 2811 454 2842 viventem,
476 2811 500 2837 id
526 2816 576 2842 est,
606 2817 729 2845 agentem
747 2818 779 2838 ac
803 2811 856 2837 vim
884 2819 959 2838 suam

213 2901 221 2913 ⁷
240 2899 319 2926 11ι-1›1·.
339 2908 395 2930 xm.
416 2900 437 2926 L

180 2936 200 2951 ¹²
219 2935 294 2962 δυλιιιν
316 2944 358 2969 xx,
386 2936 420 2961 '22

492 2899 582 2926 ‘l‘snl.
598 2907 622 2929 L,
636 2898 661 2925 7.
715 2898 742 2924 ⁰1
757 2899 818 2925 Cor.
836 2907 880 2929 xv,

472 2936 492 2950 “
514 2935 593 2962 lium.
613 2943 670 2961 rut.
687 2934 732 2964 ‘20,
775 2934 794 2949 ”
810 2934 915 2963 Ωυιυηέ.

973 2289 994 2317 1)

936 2942 952 2959 ι,
977 2933 1013 2957 lR.

1007 1669 1061 1690 tres
1081 1671 1156 1694 suos,
1176 1663 1220 1695 qui
1239 1662 1362 1688 videlicet
1374 1669 1420 1695 per
1436 1660 1600 1694 baptismum
1622 1665 1637 1684 a
1655 1657 1708 1683 Deo
1723 1656 1791 1683 ado-

1007 1710 1071 1744 ptati
1105 1708 1229 1739 sttut,ab
1255 1716 1342 1742 eoqtte
1364 1711 1523 1742 potestatem
1557 1708 1730 1739 acceperunt,
1762 1707 1792 1728 ut

1007 1756 1052 1782 tibi
1069 1755 1114 1782 Dei
1132 1755 1236 1787 ﬁant”)
1252 1763 1259 1787 ;
1279 1755 1340 1785 hoe,
1355 1755 1418 1788 quia
1450 1753 1577 1787 prituitim
1599 1750 1790 1778 dormientium

1008 1801 1096 1828 factus
1121 1800 1202 1831 est",
1216 1808 1246 1826 ac
1263 1800 1366 1833 primus
1389 1807 1420 1825 ex
1449 1803 1543 1824 ventre
1563 1797 1642 1822 inl'rri
1656 1796 1792 1822 redivivus

1007 1848 1040 1874 ad
1056 1846 1286 1873 immortalitatem
1303 1848 1329 1870 et
1341 1844 1532 1877 sempiternam
1549 1842 1631 1868 vitam
1642 1848 1688 1874 per
1700 1848 1792 1866 resur-

1008 1893 1154 1920 rectionem
1171 1892 1270 1925 erupit,
1294 1889 1508 1923 mortalibusque
1524 1887 1651 1914 omnibus
1667 1887 1736 1913 riam
1758 1886 1790 1913 ad

1007 1948 1067 1967 eam
1091 1937 1214 1964 munivit.

1043 1984 1101 2011 Col.
1116 1983 1168 2009 56-2
1183 1982 1212 2008 Β.
1231 1982 1267 2008 De
1282 1981 1385 2007 duabus
1407 1980 1510 2015 quidem
1527 1977 1718 2007 nativitatilms,
1745 1977 1792 2003 hoc

1008 2034 1057 2060 est,
1072 2029 1104 2055 de
1115 2029 1201 2062 prima
1219 2032 1243 2054 et
1270 2027 1379 2058 ultima,
1398 2033 1451 2052 non
1470 2029 1509 2051 ut
1539 2031 1606 2050 nunc
1623 2022 1790 2057 disputandi.

1008 2081 1060 2103 etc.
1079 2075 1146 2102 Cum
1159 2074 1254 2108 triplex
1272 2073 1317 2104 sit,
1342 2072 1440 2106 inquit,
1466 2069 1616 2097 nativitatis
1627 2076 1723 2102 genus,
1737 2067 1791 2101 p-i—

1008 2129 1081 2148 mum
1101 2127 1274 2154 corporeum,
1302 2119 1417 2145 alterum
1445 2116 1584 2150 baptismi,
1610 2115 1718 2142 tertium
1750 2122 1792 2140 re-

1007 2165 1187 2194 surrectionis
1201 2164 1330 2199 (primum
1352 2163 1423 2190 enim
1451 2162 1601 2193 nascimur,
1620 2160 1716 2187 deinde
1744 2159 1792 2185 ba-

1007 2213 1154 2248 ptizamur,
1169 2216 1305 2245 postremo
1326 2208 1517 2243 resurgimus),
1533 2215 1605 2234 nunc
1631 2206 1664 2233 de
1692 2205 1791 2237 media,

1009 2260 1059 2286 hoc
1085 2263 1137 2289 est,
1164 2256 1288 2291 baptismi
1330 2255 1472 2282 nativitate
1513 2253 1701 2280 disserendum
1731 2256 1790 2277 est:

1008 2312 1068 2338 quas
1085 2303 1194 2337 quidem
1210 2310 1271 2329 cttm
1285 2301 1450 2328 illumiuutio
1469 2299 1570 2326 idcirco
1583 2301 1702 2327 vocetur,
1719 2297 1792 2330 quol

1006 2351 1123 2377 animum
1136 2348 1261 2376 illustret.
1279 2346 1376 2373 merito
1388 2353 1495 2379 quoque
1512 2344 1602 2377 «ipsius
1618 2344 1673 2370 dies
1689 2350 1791 2376 cogno-

1008 2401 1128 2422 mcuttnu
1142 2394 1176 2420 ab
1190 2401 1221 2419 ea
1233 2393 1328 2423 traxit,
1348 2399 1379 2418 ac
1396 2391 1509 2425 proinde
1526 2389 1640 2415 Lumina
1671 2389 1792 2422 appella-

1008 2449 1062 2469 tur.
1084 2440 1239 2474 Baptistnns
1261 2439 1351 2472 igitur.
1370 2441 1398 2463 ut
1418 2436 1540 2471 pluribus
1556 2443 1616 2461 eum
1634 2434 1792 2468 descriptio-

1010 2488 1090 2514 nibus
1106 2492 1247 2514 exeritum,
1276 2482 1404 2516 splendor
1421 2486 1462 2508 est
1495 2480 1661 2510 animorum,
1692 2479 1752 2503 vita:
1767 2477 1791 2503 itt

1011 2533 1108 2559 melius
1133 2529 1247 2556 mutatio
1267 2528 1406 2562 (nimirum
1436 2526 1581 2560 petulantia
1604 2528 1631 2551 et
1654 2523 1794 2550 dissoluta!

1009 2580 1072 2605 vita:
1088 2578 1120 2604 ad
1144 2583 1265 2610 gravem,
1281 2573 1437 2607 Christique
1450 2572 1516 2606 jugo
1533 2570 1694 2605 suljectant)
1717 2570 1792 2595 intir-

1007 2624 1111 2651 mitatis
1135 2627 1234 2649 nostrze
1263 2620 1462 2653 adjumcntum.
1489 2616 1623 2650 Quoniam
1651 2616 1722 2642 enim
1751 2623 1792 2640 ne.

1007 2678 1144 2705 quaquam
1180 2669 1282 2695 ferreos
1306 2671 1333 2693 et
1374 2664 1530 2695 indomitos,
1566 2662 1612 2689 sed
1647 2661 1796 2687 mutabiles

1009 2717 1144 2751 atquein
1183 2720 1326 2748 utramque
1365 2716 1466 2746 partem
1505 2709 1608 2735 ﬂexiles
1642 2715 1693 2734 nos
1723 2706 1793 2733 Deus

1009 2763 1136 2794 crearit,
1178 2761 1238 2788 ideo
1281 2759 1365 2786 multa
1411 2764 1520 2791 quoque
1561 2754 1639 2782 nobis
1692 2753 1792 2780 auxilia

1012 2809 1142 2844 przebuit,
1169 2809 1195 2834 iu
1222 2814 1336 2841 quorum
1367 2811 1480 2831 numero
1506 2801 1655 2836 baptismus
1683 2807 1792 2834 quoque

1303 2894 1321 2908 ”
1339 2893 1416 2919 llont.
1437 2900 1490 2923 xtv,
1506 2891 1547 2917 10.
1601 2890 1620 2905 ι’
1635 2889 1700 2916 Cen.
1721 2897 1750 2920 ιι,
1768 2889 1793 2913 7.

1303 2929 1341 2953 ’⁷1
1357 2929 1419 2954 Co".
1439 2935 1480 2958 \"-',
1494 2927 1539 2953 211.

1000 2898 1020 2913 ¹⁰
1034 2897 1122 2923 Eccle.
1141 2904 1188 2927 xu,
1208 2895 1247 2921 li.

1056 2931 1156 2958 ι⁶,1;›;εμ
1185 2939 1191 2954 l
1223 2930 1262 2954 i".
