2027 3162
252 185 319 216 1251

939 180 1129 211 ADDENDA.

1811 185 1879 213 1352

247 241 372 268 homines
385 238 540 274 improprie,
553 237 652 272 quippe
661 243 706 271 qut
719 234 870 263 secundum
885 241 1030 269 supernam

1088 235 1176 266 bebat,
1194 234 1299 261 interna
1327 235 1450 262 videlicet
1475 235 1596 264 claritate
1623 237 1657 274 ad
1684 244 1744 263 eam
1773 245 1880 272 qunque

249 286 460 313 illustrationem
487 283 638 318 gratimque
668 282 870 316 perceptionem
901 281 953 307 hoc
979 280 1036 306 clli-

250 332 372 358 ciuutur.
400 331 487 364 Atque
511 330 568 356 huic
592 327 702 362 quidem
730 327 833 354 lumina
862 332 982 354 mentem
1010 334 1036 352 e'.

251 379 383 404 rationem
404 377 512 402 habent.
540 376 586 401 Est
605 380 695 401 autem
718 378 745 400 ct
769 373 841 399 aliud
858 373 948 399 lumen
968 373 1036 398 alte-

250 423 306 450 rius
323 427 439 451 naturae.
459 421 589 447 nimirum
605 420 709 446 ratione
726 424 807 454 atque
824 419 912 446 anima
929 425 1035 450 carens,

249 476 297 502 per
320 468 392 502 quod
411 471 436 493 ct
454 467 611 501 pritnigrna:
625 466 743 492 tenebrae
757 465 875 499 depulsu‘
895 469 967 494 sunt.
985 464 1036 490 hoc

247 513 359 545 est,'atl
384 518 492 547 tempus
515 512 625 546 fugane,
645 517 684 543 ct,
706 516 735 537 ut
753 511 900 538 dilucidius
927 511 1034 545 loquar,

249 558 396 585 intercisa).
414 558 486 584 Luce
504 559 576 584 enim
603 556 823 584 substantialiter
845 561 948 586 creata,
967 561 992 582 et
1008 555 1034 582 itt

249 612 339 631 rerum
365 610 491 630 naturam
519 603 660 637 producta,
686 603 718 628 ad
750 606 857 635 tempus
886 602 1035 628 intersecla

247 651 337 684 caligo
354 655 406 677 est.
426 649 557 676 Tenebrae
579 649 651 675 euitn
670 649 740 675 cmlo
768 653 794 674 et
820 653 898 674 terra:
914 654 962 681 per
986 647 1037 673 ob-

244 697 393 731 jectionem
413 696 483 722 velut
506 695 699 726 subsistentes,
717 694 860 721 recedente
877 700 972 720 rursus
996 693 1037 719 lu-

251 744 323 771 mine
343 743 472 774 subeunt,
489 750 522 769 ac
538 742 668 775 deinceps
689 741 808 768 ntediutn
828 746 932 774 tempus
951 740 1035 766 inter-

250 788 369 822 cipiente
388 788 431 814 die
448 788 571 817 redeunt,
597 795 628 814 ac
652 794 699 821 per
714 787 802 813 lucem
825 793 932 820 semper
952 785 1034 811 inter-

250 839 390 863 sccanlur.
404 833 580 867 vicissimque
595 832 704 859 cedunt.
721 833 885 867 Quanquam
901 837 988 858 autem
1007 835 1034 858 et

249 881 296 906 iur
329 883 356 906 et
385 879 505 906 tenebrae
529 879 686 913 primigcnm
710 878 858 907 dicantur,
888 883 976 904 tamen
1005 876 1030 903 id

1089 280 1235 311 transfusa,
1257 281 1487 315 quemadmodum
1503 286 1529 308 ct
1547 282 1572 307 in
1588 281 1671 308 Exodi
1688 282 1759 308 lihru
1777 291 1881 310 memo-

1088 327 1135 352 rite
1153 327 1292 361 proditutn
1312 327 1393 353 est".
1421 327 1469 354 [Ibi
1498 328 1549 354 hoc
1569 329 1649 354 etiam
1667 328 1787 355 habetur
1810 329 1881 363 quod

1089 372 1176 398 Mases
1192 372 1278 406 ignem
1295 373 1422 399 cernebat
1435 373 1532 399 rubum
1545 374 1715 407 adureutcm,
1726 382 1776 401 nec
1789 379 1880 402 tamen

1088 417 1227 444 adurendo
1243 424 1447 446 consumentcm
1464 419 1496 451 ’°,
1517 424 1545 446 ut
1561 420 1665 447 scilicet
1696 428 1729 447 ex
1745 428 1788 451 eo,
1806 421 1880 454 quod

1087 463 1227 496 adurebat,
1247 464 1316 498 ignis
1335 468 1433 491 natura
1456 464 1642 491 declararetur
1658 474 1665 492 :
1679 472 1712 491 ex
1732 473 1764 491 eo
1788 471 1879 492 autent

1087 511 1158 545 quod
1178 518 1230 537 non
1247 512 1272 537 al
1285 511 1422 543 sumebat,
1439 512 1478 538 vis
1494 511 1566 538 illius
1575 517 1602 538 ct
1615 512 1733 546 potentia
1751 513 1880 539 ostende-

1087 563 1171 587 retur,
1184 559 1228 591 qui
1255 557 1307 584 vim
1325 558 1395 591 ignis
1415 558 1537 584 frenabat
1551 562 1577 584 et
1595 558 1803 588 comprimcbat.
1827 558 1881 585 ll:c

1089 603 1169 638 igitur
1199 604 1305 630 ratione
1332 604 1444 638 angelus
1465 611 1573 638 quoque
1597 605 1687 631 lumen
1708 610 1760 636 est,
1787 609 1881 638 utpote

1086 649 1156 683 ig:.is
1168 657 1173 674 :
1187 648 1239 681 Qui
1255 650 1329 683 facit,
1348 650 1445 684 inquit,
1461 650 1567 684 angelos
1579 659 1638 676 suos
1654 651 1776 684 spiritus,
1793 655 1818 676 et
1834 652 1882 676 mi-

1085 695 1180 721 nistros
1196 703 1257 721 suos
1279 696 1362 730 ignem
1378 697 1540 723 urentem".
1558 695 1701 730 Proprium
1720 698 1793 724 enim
1810 697 1880 731 igni:

1088 741 1178 767 lumen
1195 746 1246 767 est.
1274 740 1345 773 Quin
1371 741 1461 768 lumen
1476 742 1558 768 etiam
1571 746 1639 774 erat,
1656 742 1681 768 id
1698 742 1771 776 quod
1789 743 1815 768 in
1834 751 1880 767 ιο-

1085 782 1177 810 luntna
1193 784 1263 818 ignis
1277 785 1303 811 ιιι
1316 785 1423 811 deserto
1432 784 1533 812 Jutlzeis
1542 787 1593 812 iter
1605 786 1880 819 praemonstrabat":

1087 830 1120 857 de
1134 837 1188 864 quo
1201 834 1227 856 et
1241 830 1327 856 David
1344 830 1424 857 verba
1442 830 1562 863 faciens,
1586 831 1625 857 ait
1642 839 1649 857 :
1667 830 1810 857 Deduxisti
1838 839 1880 857 eos

1085 876 1112 901 in
1125 876 1189 902 nube
1206 876 1269 906 diei,
1292 881 1315 902 et
1331 881 1386 902 tam
1402 881 1477 902 nocte
1495 877 1522 902 in
1537 876 1734 902 illumitmtione
1758 877 1828 911 igtzis
1845 877 1880 905 ".

249 924 417 952 discriminis
432 929 484 956 est,
501 925 573 958 quod
587 925 645 956 lux,
661 929 689 951 ut
702 923 919 951 substantialitcr
933 927 1033 954 creata,
1051 918 1070 944 Β
1085 920 1144 947 Jan)
1167 928 1230 947 vero
1244 928 1341 956 quarto
1360 921 1462 957 Regum
1482 922 1550 948 libro
1563 923 1687 954 habt-tur,
1699 923 1772 956 quod
1785 924 1856 957 ignei
1868 930 1880 950 ε

249 971 286 997 ita
311 976 444 998 voratur:
462 971 581 998 tenebrat
605 975 707 1003 autem,
729 975 758 997 ut
785 970 939 997 adventitiaa
958 974 985 997 et
1006 971 1032 997 in

246 1017 401 1043 substantia
426 1017 600 1044 exsistentes.
627 1017 721 1051 Caligo
745 1017 817 1044 enim
837 1016 963 1043 accidens
981 1021 1033 1047 est.

249 1070 297 1088 nee
311 1063 460 1096 quidquatu
476 1063 550 1089 aliud
566 1070 647 1097 quam
663 1062 776 1088 luminis
789 1062 915 1096 privatio.
930 1061 1033 1089 Lumen

246 1113 337 1134 autem
356 1109 407 1135 hoc
425 1109 483 1136 loco
499 1109 571 1140 dico,
589 1109 615 1135 id
637 1109 709 1143 quod
734 1115 787 1135 non
803 1112 865 1134 ante
881 1115 923 1135 res
939 1115 1034 1135 omnes

248 1154 273 1180 iit
300 1163 411 1181 sensum
441 1155 568 1182 cadentes
592 1155 755 1189 productum
779 1158 831 1184 est.
852 1161 944 1180 verum
971 1159 1034 1180 ante

246 1205 386 1227 creaturas
412 1208 458 1235 per
486 1202 575 1235 ipsutn
603 1201 765 1235 conspicuas
793 1205 820 1227 et
843 1199 1030 1234 aspectabiles.

246 1246 351 1272 leutn
379 1246 451 1273 enim
475 1251 502 1273 et
525 1251 607 1278 terra,
636 1254 707 1281 aqua
733 1251 759 1273 ct
782 1254 839 1276 aer.
865 1250 902 1278 et,
927 1250 957 1272 ιιι
979 1252 1033 1272 ιιιιο

248 1291 332 1316 verbo
347 1291 448 1322 dicam,
465 1292 556 1317 omnia
579 1299 638 1325 qua)
654 1299 707 1319 non
725 1299 756 1318 cx
775 1291 933 1325 sultjaeenlc
948 1295 1033 1317 mate-

247 1333 288 1359 ria
304 1340 395 1360 creata
423 1337 486 1360 sunt
501 1339 564 1360 ante
581 1335 669 1361 lucent
686 1335 858 1365 exstiterunt,
874 1341 905 1360 ac
920 1334 1033 1368 proinde

247 1387 296 1405 net:
311 1379 386 1406 cerni
400 1384 534 1413 poterant,
554 1385 647 1414 utpote
664 1380 732 1407 lucis
749 1380 883 1414 expertia.
898 1380 1031 1412 Quoniam

245 1429 336 1451 autem
362 1425 510 1452 orhiculari
533 1425 619 1460 figura
646 1426 745 1452 coelum
772 1429 824 1459 est,
851 1433 883 1453 ac
905 1426 1030 1453 circulari

245 1477 318 1498 motu
341 1471 440 1504 fertur,
466 1480 520 1498 non
545 1472 664 1499 absurde
686 1479 718 1498 ac
740 1472 912 1499 dissentanee
938 1479 1032 1499 assero

243 1517 334 1544 sidera
368 1525 478 1552 thOque
502 1518 672 1545 circularitt-r
705 1517 781 1550 ferri,
811 1518 942 1545 universo
971 1518 1030 1545 0tbi

245 1563 333 1589 lucent
351 1568 377 1590 et
392 1564 563 1598 splendorem
585 1563 736 1591 aii'crentia.

278 1609 337 1635 Col.
356 1609 408 1636 563
425 1609 455 1635 D.
479 1609 542 1636 Jatn
557 1610 644 1637 lumen
674 1611 755 1637 etiam
769 1614 826 1636 erat
858 1610 1031 1644 primigenum

242 1654 311 1680 illud
325 1655 489 1687 mandatum,
503 1659 555 1683 etc.
571 1655 673 1682 Lumen
693 1656 774 1682 ctiatn
791 1660 850 1682 erat
871 1657 987 1690 primum
1003 1656 1032 1682 il-

242 1699 473 1734 Judprmcrptum,
490 1701 560 1735 quod
579 1701 667 1735 primo
691 1701 792 1728 homini
809 1701 900 1728 (latum
914 1705 965 1732 cst,
992 1707 1032 1727 ut-

243 1751 306 1779 pote
318 1746 487 1780 splendorem
504 1747 647 1781 qucmdatn
657 1747 690 1773 ad
707 1755 795 1774 rerum
809 1747 1030 1782 dijudicationem

242 1792 412 1825 impertiens,
426 1792 503 1827 juxta
522 1793 546 1820 id
561 1794 634 1828 quod
653 1801 667 1819 a
690 1794 836 1821 Salomone
850 1794 952 1820 dictum
966 1798 1006 1820 est
1023 1803 1030 1820 :

242 1836 363 1865 Lucerna
387 1844 411 1865 et
426 1840 511 1865 lumen
536 1840 692 1867 mandatum
710 1841 772 1876 legis
790 1842 882 1873 est";
906 1845 933 1868 et
953 1841 1030 1876 juxta

243 1883 307 1910 illud
336 1883 443 1911 Davidis
465 1894 471 1911 :
494 1884 613 1912 Lucerna
627 1885 736 1920 pedibus
762 1886 826 1912 meis
851 1886 893 1912 lex
920 1891 978 1917 tua,
1006 1891 1030 1912 et

240 1931 328 1956 lumen
345 1931 444 1957 sentitis
456 1932 505 1957 inci
518 1932 558 1963 ¹³;
579 1936 661 1966 atque
677 1932 757 1959 etiam
770 1932 847 1966 juxta
861 1932 886 1958 id
902 1932 974 1967 quod
990 1936 1031 1958 est

240 1974 311 2007 apud
332 1974 439 2006 Isaiam,
462 1981 593 2010 praecepta
612 1976 657 2003 Dei
674 1978 763 2004 lutneu
790 1981 852 2004 snnt
867 1978 892 2004 itt
912 1983 982 2004 terra
995 1978 1028 2005 ".

241 2018 345 2045 Lumen
364 2020 448 2054 igitur
470 2025 529 2046 erat
544 2021 701 2047 mandatum
730 2021 789 2048 Dei.
810 2021 910 2049 Verum
938 2023 1029 2049 lurtitn

239 2063 362 2097 itrepens
378 2065 620 2099 atqueingredirns
630 2066 718 2092 invida
732 2067 817 2101 caligo
830 2067 892 2102 (hoc
901 2071 957 2099 est,
972 2068 1030 2094 dia-

240 2105 331 2141 bolus)
356 2108 454 2135 vitium
477 2109 606 2135 fabricata
632 2115 682 2137 est.
709 2110 801 2144 Neque
829 2112 900 2138 enim
929 2112 1029 2138 malum

239 2152 391 2179 subiitantia
427 2153 480 2180 ulla
509 2161 560 2187 est,
583 2156 629 2182 sed
661 2156 722 2183 boni
743 2156 857 2190 privatio
874 2165 881 2183 :
898 2157 1029 2191 quemad—

240 2196 352 2225 modum
370 2203 396 2225 et
416 2199 533 2226 tenebrae
546 2200 658 2227 lttminis
671 2209 804 2229 recessus.
819 2201 876 2229 Non
894 2203 965 2230 enim
977 2203 1028 2230 alia

1088 975 1187 994 cutrus
1204 968 1290 995 Eliatn
1309 968 1335 994 in
1357 969 1454 995 cmlum
1473 968 1633 1002 arripuit”,
1647 968 1777 994 nimirum
1793 969 1880 1003 signi—

1087 1013 1172 1040 ficans
1187 1013 1253 1047 justi
1272 1014 1353 1047 hujus
1377 1013 1425 1040 \iri
1440 1013 1616 1040 excellentem
1634 1013 1774 1044 virtutem,
1797 1017 1880 1047 atque

1087 1058 1203 1086 humana
1216 1059 1373 1086 conditione
1389 1059 1588 1086 sublimiorem.
1600 1058 1713 1093 Insuper
1732 1059 1805 1093 apud
1827 1059 1880 1085 Lu-

1086 1111 1145 1131 cam
1159 1105 1290 1139 scriptum
1305 1109 1357 1138 est,
1370 1105 1442 1139 quod
1458 1105 1502 1131 lux
1519 1109 1640 1138 pastores
1651 1103 1878 1137 cit'euvtdu‘serit,

1087 1151 1196 1185 quando
1215 1151 1306 1178 lutnen
1325 1151 1455 1185 temporis
1478 1158 1587 1184 expers,
1604 1150 1630 1177 id
1644 1155 1696 1181 est,
1714 1150 1761 1177 Dei
1780 1150 1878 1182 Filius,

1087 1197 1227 1231 temporali
1254 1197 1361 1229 lumini,
1390 1197 1440 1224 hoc
1462 1201 1504 1223 est
1527 1196 1689 1223 humanitati
1715 1196 1879 1230 conjunctus

1086 1242 1170 1268 est“.
1201 1241 1234 1268 Et
1264 1249 1325 1268 cum
1346 1242 1458 1276 simplex
1485 1242 1567 1268 homo
1595 1242 1684 1268 lumen
1710 1242 1877 1273 nominetur,

1087 1287 1185 1314 nedum
1201 1287 1300 1314 eximia
1327 1291 1352 1314 et
1378 1287 1468 1314 divina
1496 1287 1594 1314 vittutc
1619 1287 1749 1322 praeditus
1765 1295 1772 1313 :
1790 1287 1878 1315 multo

1086 1338 1159 1360 certe
1179 1334 1264 1369 magis
1287 1334 1378 1360 lumen
1397 1334 1441 1360 ille
1460 1334 1513 1361 dici
1529 1334 1618 1366 debet,
1639 1335 1684 1368 qui
1705 1334 1760 1360 Deo
1783 1335 1877 1361 unitus

1085 1384 1137 1410 est,
1155 1385 1234 1413 atque
1247 1380 1303 1414 ipsa
1321 1381 1420 1406 unione
1435 1380 1506 1406 Deus
1524 1379 1648 1407 clieclus.
1675 1380 1777 1406 Adhuc
1807 1380 1876 1406 Mat-

1087 1426 1173 1450 tltatts
1189 1425 1214 1450 itt
1233 1424 1377 1460 Evangrlio
1390 1425 1497 1452 itaret“
1512 1426 1632 1451 divinam
1656 1427 1708 1450 vim
1728 1433 1761 1451 ac
1778 1430 1875 1459 poten-

1087 1470 1149 1496 tiam
1170 1470 1195 1496 itt
1209 1470 1291 1496 strlhc
1307 1473 1390 1504 ligura
1409 1470 1500 1504 Magos
1514 1471 1540 1497 in
1554 1469 1689 1497 Bethleem
1704 1471 1824 1500 duxisse.
1845 1479 1876 1497 ac

1086 1514 1208 1540 Satelliis‘
1223 1522 1296 1540 more
1314 1515 1442 1549 stipasse,
1459 1515 1509 1541 hoc
1522 1519 1572 1546 est,
1597 1515 1688 1541 servili
1710 1515 1792 1542 modo
1808 1515 1876 1542 sub-

1085 1559 1222 1590 set‘viisse,
1237 1564 1262 1585 ct
1279 1559 1417 1586 Christum
1437 1560 1600 1591 honorasse,
1618 1568 1697 1594 quem
1719 1568 1770 1594 ego
1783 1560 1874 1587 lumen

1085 1604 1164 1631 nobis
1193 1605 1339 1632 sublimius
1356 1613 1435 1637 voco,
1467 1605 1574 1632 etiamsi
1602 1606 1746 1632 nobiscum
1778 1605 1873 1633 fuerit.

1083 1650 1154 1683 Quin
1182 1651 1272 1677 Iunu-n
1299 1652 1447 1679 etiamcrat
1470 1651 1516 1678 ille
1545 1651 1694 1679 divinitatis
1733 1651 1823 1686 fulgor
1848 1652 1874 1678 in

1084 1701 1175 1724 monte
1188 1697 1296 1724 Thahor
1312 1697 1400 1725 obiter
1409 1697 1569 1732 patefactus,
1587 1705 1666 1732 quem
1682 1706 1732 1725 nec
1746 1699 1874 1733 discipuli

1084 1743 1169 1770 firmis
1186 1744 1272 1770 oculis
1293 1743 1399 1770 oblueri
1419 1747 1553 1778 poterant,
1582 1748 1676 1778 utpote
1700 1748 1803 1771 tantam
1820 1745 1873 1772 vim

1083 1789 1238 1819 habentem.
1256 1793 1286 1815 ut
1302 1797 1350 1816 ttee
1360 1789 1484 1824 perferri,
1499 1797 1548 1817 nec
1562 1791 1662 1823 audiri,
1687 1798 1737 1818 nec
1762 1796 1873 1825 aspectu

1082 1835 1182 1870 percipi
1201 1840 1292 1869 posset
1301 1836 1334 1862 ³³.
1355 1835 1455 1862 Lumen
1473 1838 1535 1863 item
1554 1838 1579 1864 id
1592 1843 1662 1869 erat,
1676 1838 1748 1872 quod
1758 1838 1871 1865 Paulum

1082 1881 1108 1908 in
1131 1882 1171 1908 via
1188 1882 1290 1910 lumine
1307 1883 1490 1914 circumfudit,
1513 1883 1739 1918 quemadmodum
1770 1885 1796 1911 in
1819 1885 1872 1912 Ac-

1083 1931 1159 1954 tttum
1178 1927 1249 1954 libro
1270 1933 1502 1955 commemoratur
1512 1928 1545 1960 ³ι,
1569 1929 1648 1963 cujus
1675 1929 1870 1956 exuberantcnt

1082 1975 1254 2009 splendorem
1272 1975 1396 2002 carnales
1406 1975 1477 2002 oculi
1491 1983 1545 2002 non
1563 1976 1680 2003 ferentes
1695 1976 1731 2003 ita
1744 1978 1869 2005 exva-cati

1082 2026 1155 2050 stitit,
1170 2025 1197 2047 ttt
1213 2020 1321 2047 interim
1335 2021 1432 2048 anima:
1446 2021 1563 2048 tenebrae
1578 2021 1677 2056 fugatm
1692 2029 1724 2048 ac
1739 2022 1869 2049 discussa:

1082 2066 1193 2093 fuerint.
1219 2066 1271 2094 Per
1287 2067 1338 2093 hoc
1358 2066 1448 2093 lumen
1475 2067 1593 2101 cognitio
1608 2067 1697 2094 ontnis
1716 2073 1743 2094 et
1756 2069 1867 2095 scientia

1081 2113 1224 2147 detegitur,
1245 2120 1276 2140 ac
1290 2113 1361 2140 Deus
1377 2119 1439 2139 vero
1461 2112 1560 2139 animis
1586 2113 1687 2140 nostris
1713 2113 1866 2142 iunotescit.

1082 2156 1183 2184 Lumen
1199 2163 1326 2192 put-terea
1340 2158 1446 2185 fttturtts
1456 2158 1593 2193 justorum
1609 2159 1750 2193 splendor.
1776 2159 1867 2194 Fulge-

1081 2204 1144 2230 bunt
1170 2205 1242 2230 enim
1270 2205 1337 2231 sicut
1359 2204 1400 2230 sal
1415 2204 1448 2237 ",
1481 2206 1708 2239 quemadmodum
1729 2205 1865 2240 Setiplura

240 2244 357 2270 estutali
373 2245 538 2278 substantia,
552 2254 633 2280 quam
645 2247 752 2274 virtutis
767 2247 906 2275 abcessus.
923 2248 1024 2276 Lumen
1044 2252 1064 2278 ιι
1080 2250 1287 2285 pullict-tur,qui
1305 2251 1331 2276 in
1349 2250 1399 2277 hac
1409 2252 1461 2278 vita
1482 2251 1599 2277 animam
1613 2259 1627 2277 a
1646 2251 1775 2277 vitiorum
1792 2252 1865 2278 malis

238 2287 334 2315 itidem
349 2293 407 2316 erat
424 2290 465 2316 lex
484 2291 595 2325 scripta,
616 2297 642 2318 et
654 2291 743 2319 lutncn
766 2293 883 2327 typicum
899 2300 946 2320 Seu
961 2293 1029 2328 ﬁgu-

239 2333 368 2365 t'ativutn,
393 2340 485 2370 utpote
521 2336 660 2372 Evangelii
686 2338 824 2364 veritatem
851 2339 1027 2370 adumbratis,

236 2390 354 2417 eamque
371 2383 443 2410 velut
464 2389 698 2418 pet-transennam
726 2385 882 2417 ostendens,
903 2394 934 2412 ac
958 2394 1025 2420 prte-

238 2435 311 2455 terea
325 2437 371 2463 per
385 2437 484 2463 agnum
499 2431 606 2465 aliaque
621 2432 766 2460 sacrificia.
791 2432 901 2462 Christi,
923 2433 969 2467 qui
988 2433 1028 2459 itt-

237 2482 299 2501 men
316 2482 443 2509 ntagnunt
461 2481 511 2508 est,
528 2485 560 2503 ac
577 2478 678 2504 lumine
695 2479 768 2504 omni
793 2478 948 2510 sublimius,
967 2486 1023 2513 my-

237 2521 350 2547 sterium
369 2522 524 2556 designans.
544 2523 619 2555 Quod
635 2529 724 2551 autem
743 2525 832 2551 lutncn
854 2533 962 2559 quoqth
982 2526 1023 2552 lex

237 2567 330 2600 fuerit,
344 2567 406 2594 hinc
424 2569 564 2603 perspicue
581 2570 707 2605 colligere
721 2571 791 2596 licet.
812 2571 878 2597 Nam
892 2578 952 2597 cutn
966 2570 1023 2597 Mo-

239 2621 282 2640 ses
296 2621 355 2640 eatn
368 2622 381 2639 a
400 2614 453 2640 Deo
467 2615 594 2642 dictatam
619 2616 729 2643 intentis
749 2617 835 2644 oculis
848 2617 1022 2651 respexisset,

239 2657 394 2692 Christique
417 2660 545 2693 mysteria
568 2661 749 2694 cognovisset.
782 2662 912 2695 majorem
930 2661 1022 2687 animo

238 2710 266 2731 ct.
288 2709 379 2731 mente
395 2704 545 2738 splendoris
573 2707 707 2740 concepit,
734 2714 765 2733 ac
790 2714 839 2741 pro
867 2707 1020 2739 huiusmodi

238 2750 410 2784 splendorem
425 2751 502 2785 signo
527 2755 554 2778 et
574 2757 733 2786 argumento
746 2753 821 2780 faciei
837 2753 950 2788 gloriati)
971 2753 1018 2780 ha-

271 2817 293 2831 "
310 2816 389 2843 Prov.
407 2826 441 2848 vt,
457 2819 502 2845 25.
541 2819 564 2834 “
579 2819 649 2847 Psal.
661 2828 752 2848 σπι-ιιι.
779 2821 838 2848 105.

233 2858 292 2880 cut.
305 2851 330 2878 4.
369 2853 390 2867 ’⁸
404 2852 487 2879 Exod.
506 2854 617 2885 xut,2l.
655 2856 676 2870 ’⁸³
693 2856 751 2883 Psal
776 2864 875 2886 Lxxvn,
890 2858 928 2883 lit.

236 2886 259 2901 ³³
271 2886 363 2912 .\latth.
382 2894 446 2918 xvn,
463 2889 472 2914 -Ι
491 2896 568 2922 seqq.
608 2890 629 2905 ³⁸
644 2891 702 2917 Act.
721 2899 756 2922 ix,
774 2892 799 2918 5.

876 2823 899 2837 ⁸⁵
912 2822 961 2848 lsa.
984 2830 1013 2850 11,
1032 2822 1058 2848 5.

991 2858 1012 2872 ⁵⁰
1025 2856 1057 2883 iV
1075 2857 1139 2892 Reg.
1154 2864 1183 2885 It.
1198 2857 1243 2892 VH.

839 2893 861 2906 "
877 2891 969 2918 Matth.
988 2900 1044 2923 xm,
1068 2893 1112 2919 45.

1078 2297 1223 2330 expiazint,
1241 2303 1273 2322 ac
1290 2296 1435 2323 deiforu:es
1451 2297 1575 2330 appellati
1592 2295 1702 2329 fuerint,
1718 2296 1751 2323 de
1769 2298 1865 2330 quibus

1081 2342 1162 2369 [avid
1184 2343 1217 2369 ad
1234 2343 1305 2369 hunc
1321 2342 1430 2369 modum
1451 2342 1590 2377 loquitur:
1608 2343 1676 2369 Deus
1691 2345 1763 2369 stetit
1781 2345 1808 2368 in
1823 2351 1864 2377 sy-

1079 2395 1180 2421 nagoga
1200 2387 1320 2419 deorum,
1344 2387 1371 2414 in
1389 2388 1473 2414 medio
1499 2393 1587 2414 autem
1607 2388 1667 2414 deos
1684 2388 1816 2421 dijudicat
1833 2387 1861 2419 "‘,

1079 2434 1129 2460 hoc
1147 2439 1197 2463 est.
1210 2434 1328 2460 ca'lestis
1346 2435 1419 2468 regni
1435 2437 1591 2462 mansiones
1605 2434 1760 2468 gradusque
1775 2435 1862 2465 digni-

1079 2485 1161 2506 tatum
1181 2488 1229 2514 pro
1245 2480 1353 2506 virtutis
1369 2480 1474 2507 ratione
1491 2488 1522 2508 ac
1542 2480 1716 2515 proportione
1731 2481 1798 2514 ipsis
1813 2481 1863 2506 dis-

1080 2525 1183 2551 tribuit.
1216 2525 1356 2552 I'ostremo
1378 2530 1474 2559 printer
1491 2526 1548 2553 hmc
1563 2526 1654 2552 omnia
1680 2527 1810 2559 peculiari
1833 2532 1861 2552 ac

1078 2571 1184 2596 diverso
1212 2580 1226 2595 ll
1239 2571 1291 2596 odo
1315 2571 1441 2605 baptismi
1459 2571 1623 2598 illuminatio
1636 2571 1726 2597 lumen
1744 2572 1860 2605 appella-

1078 2620 1132 2642 tttr.
1151 2615 1187 2643 De
1204 2625 1257 2650 quo
1277 2617 1355 2643 nobis
1372 2618 1494 2644 instituta
1507 2621 1547 2643 est
1561 2617 1659 2649 oratio,
1678 2622 1704 2643 et
1721 2624 1736 2643 a
1749 2625 1805 2652 quo
1820 2625 1860 2644 sa-

1076 2662 1141 2689 lutis
1151 2667 1249 2688 nostra'
1262 2662 1420 2697 mysterium
1435 2663 1599 2689 continetur.

1111 2707 1169 2734 Col.
1184 2708 1236 2734 586
1250 2707 1280 2734 Β.
1297 2707 1425 2740 Quoniam
1450 2709 1518 2734 enim
1534 2708 1604 2734 omni
1627 2707 1727 2739 peccati
1746 2708 1804 2734 labe
1818 2716 1857 2733 ct:-

1075 2760 1141 2785 rcre,
1157 2751 1206 2779 Dei
1218 2757 1268 2785 est,
1281 2759 1335 2779 etc.
1353 2752 1424 2780 Nihil
1440 2753 1552 2780 omnino
1567 2760 1689 2788 peccare,
1709 2753 1754 2779 Dei
1776 2754 1856 2780 Solius

1459 2823 1481 2839 ¹⁶
1501 2822 1584 2849 Exod.
1613 2830 1653 2851 ιιι,
1680 2823 1706 2849 2.
1746 2823 1768 2837 ’τ
1786 2821 1854 2849 Psal.

1112 2822 1134 2838 "
1151 2821 1235 2849 Exod.
1253 2830 1297 2851 ax,
1314 2823 1323 2848 Ι
1344 2830 1419 2856 seqq.
1459 2823 1481 2839 ¹⁶
1501 2822 1584 2849 Exod.
1613 2830 1653 2851 ιιι,
1680 2823 1706 2849 2.
1746 2823 1768 2837 ’τ
1786 2821 1852 2849 Psal.

1115 2866 1139 2890 g.
1154 2864 1183 2885 It.
1202 2857 1243 2883 11.
1296 2858 1315 2872 ⁵¹
1333 2857 1399 2884 Lttc.
1419 2865 1448 2887 ll,
1470 2859 1495 2884 9.
1549 2859 1569 2874 "
1584 2858 1677 2884 Matth.
1701 2865 1738 2890 ιι,
1765 2858 1791 2886 9,
1812 2857 1852 2883 it).

1296 2858 1315 2872 ³¹
1333 2857 1399 2884 Lttc.
1419 2865 1448 2887 ll,
1470 2859 1495 2884 9.

1150 2893 1171 2908 ³⁶
1195 2891 1268 2919 l‘sal.
1286 2900 1375 2925 tum,
1396 2894 1419 2919 i.
