2027 3162
137 199 203 231 πᾶξαι

633 198 794 228 NlCETAS
815 199 855 228 IN
877 199 988 228 ORAT.
1011 199 1060 228 XL
1081 199 1111 228 S.
1132 200 1249 230 GREG.

1688 202 1756 232 Ιῗῖῗιὶ

134 262 187 287 est,
208 259 300 289 utpote
330 253 520 284 immutabilis.
547 254 710 288 proprieque
738 254 871 289 simpliris
896 260 923 282 et
938 257 957 284 Α
975 262 1035 281 nent
1054 256 1187 285 continet.
1208 263 1257 282 nec
1272 255 1415 290 superficie
1428 259 1505 284 tenus
1521 264 1636 292 carpara
1651 264 1758 292 purgat.
1780 280 1781 283 η

135 301 297 336 ἰιιεονροτθί.
317 301 386 327 Vera
404 302 474 327 enim
489 303 515 326 et
541 300 650 334 propria
666 301 825 335 simplicitas
840 301 922 328 dissi-

135 348 206 375 diuut
225 352 306 381 atque
325 346 528 373 contentionem
542 354 595 373 non
624 346 751 373 admittit.
768 346 861 380 Angeli
876 355 923 373 au-

135 399 186 421 tem
200 393 410 427 haudquaquam
424 393 536 419 omnino
550 393 732 420 immutabiles
744 397 818 425 sunt,
828 384 922 419 verunt

134 446 156 466 el
184 440 247 466 boni
265 445 291 466 et
309 438 372 465 ntali
391 446 515 472 rapaces,
541 443 571 465 ut
584 438 630 473 qui
651 439 759 473 proptie
787 439 923 473 simplices

135 494 188 512 mu
202 486 257 512 sitit
272 494 278 511 :
295 491 321 512 at
333 486 356 512 si
369 485 510 511 nobiseum
528 484 712 516 conferantur,
734 485 766 511 ad
779 489 877 512 statum
890 485 924 511 ab

133 532 206 558 omni
227 536 338 565 peccato
366 532 513 557 immunem
542 531 665 565 proxime
684 532 825 562 accedunt,
852 531 924 557 velut

135 579 188 604 lteo
205 579 239 604 ita
259 578 415 612 propinqui,
436 581 465 604 ut
483 578 566 604 :rtlter
578 577 611 603 ad
628 578 723 604 solent.
754 577 788 604 At
802 585 851 604 nos
873 577 923 604 levi

134 629 208 650 motu
226 624 259 650 ad
273 624 366 650 vilium
388 623 564 657 impellimur,
577 629 668 658 utpote
680 631 731 650 con
744 623 834 658 positi.
845 623 924 649 Com-

133 670 232 704 positio
247 669 320 696 enim
335 668 441 695 dissidii
460 673 595 695 causaest
614 678 620 695 :
643 668 876 702 quattloquizlem,
895 672 924 695 ut

134 721 249 743 teStatur
264 715 408 749 Apostolus
426 723 434 742 :
449 714 517 742 Caro
533 715 693 748 (attcnpisril
708 715 832 740 adversus
847 714 924 748 spiri-

134 768 200 793 tum,
216 762 326 796 spiritus
346 761 471 788 adversus
485 769 611 794 caruerit,-
641 766 719 796 atque
738 761 792 787 Ιιατ
812 762 879 787 inter
899 769 925 787 se

135 807 309 835 adversantur
322 806 355 833 ".
375 805 506 833 Vincente
519 807 609 841 itaque
617 814 681 833 earn
692 815 708 838 ι,
723 812 861 841 peceatum
877 807 924 834 ad-

135 853 262 879 mittitur.
279 852 414 885 Quoniam
432 853 514 888 igitur
526 851 598 879 Dens
615 860 663 880 nos
677 853 746 879 inter
763 853 926 886 ntagnitudiv

136 907 198 925 ttcttt
212 903 239 926 et
254 899 434 926 humilitatem
450 899 553 926 medios
569 899 719 931 constituit.
735 907 766 926 ac
782 900 924 927 mutabiles

134 946 237 973 creavit
254 953 260 971 :
277 945 380 972 idcirco
395 946 474 972 etiam
489 945 521 972 ad
537 946 631 973 vitiuttt
650 946 732 973 animi
743 946 923 974 destinatione

137 995 245 1018 ruentes
260 998 430 1025 nequaquam
456 990 589 1025 despexit,
610 999 659 1018 nec
683 992 774 1018 auxilii
799 996 923 1026 expelles

136 1037 256 1071 reliquit.
278 1037 397 1071 atquein
411 1044 443 1064 eo
466 1045 557 1064 rerttm
576 1038 731 1064 discrimine
749 1038 922 1071 constitutos,

135 1088 161 1111 ut
175 1083 324 1117 periculum
337 1089 419 1114 esset,
434 1092 467 1110 ne
481 1084 557 1111 aDeo
571 1092 683 1119 prorsus
696 1084 922 1119 disjungeretuur.

135 1129 236 1156 Verrunt
249 1130 475 1164 quemadmodum
492 1138 551 1162 nos,
563 1139 624 1158 cum
635 1132 709 1166 prius
721 1139 773 1158 tton
788 1139 922 1164 essemus,

135 1174 161 1201 itt
183 1182 272 1200 rerum
299 1180 423 1201 naturam
446 1176 574 1209 produxit
594 1185 601 1202 :
620 1176 658 1203 sic
676 1182 735 1211 post
758 1178 922 1203 creationem

135 1221 267 1254 dilapms,
286 1220 312 1247 in
329 1221 469 1256 antiquum
489 1226 588 1248 statum
602 1230 648 1256 per
665 1223 791 1256 optimam
809 1231 840 1248 ac
855 1231 924 1256 prte-

134 1266 334 1292 stanlissitttam
365 1266 490 1301 baptismi
517 1267 677 1294 eflictiouent
703 1268 924 1302 creationemqu

136 1311 268 1343 restituit,
296 1319 356 1346 quae
377 1313 484 1347 quidem
506 1319 534 1340 ut
556 1313 705 1340 infamibus
730 1322 762 1340 ac.
788 1322 924 1349 corporere

134 1357 226 1384 a‘tatis
244 1364 354 1383 Cursum
373 1358 528 1385 ineuntibus
541 1359 710 1392 signaculum
728 1365 778 1389 est.
799 1367 847 1386 eos
863 1367 924 1394 per—

135 1402 232 1428 ficieus
246 1407 326 1436 atque
340 1402 493 1435 absolvens,
521 1404 724 1438 dmnininmqne
744 1405 900 1439 significans
915 1412 921 1430 :

135 1447 169 1474 ita
189 1447 222 1474 iis
238 1448 282 1482 qui
297 1448 489 1482 attatelongins
504 1450 700 1484 provebnntur,
717 1459 770 1477 non
792 1451 870 1478 modo
888 1451 924 1478 si-

133 1494 281 1528 gnaculum
307 1499 358 1526 est,
385 1495 430 1521 sed
455 1496 536 1522 etiam
564 1497 659 1530 gratia,
675 1497 824 1531 praeteritas
842 1505 925 1524 noxas

133 1539 205 1573 ipsis
221 1540 370 1572 remittens,
384 1545 464 1575 atque
480 1541 623 1575 imaginem
637 1551 650 1568 a
665 1543 926 1576 peecatolaltefacta-

975 308 1068 327 verum
1084 302 1202 327 animant
1218 307 1243 328 et
1262 302 1408 336 penetralia
1424 303 1479 336 ipsa
1496 304 1596 337 expiat.
1611 303 1662 336 Qui
1677 305 1757 330 etiam
1779 304 1783 307 ’

975 347 1069 380 prima:
1103 353 1203 374 nostra:
1238 348 1388 375 nativitatis
1415 349 1545 375 auxilium
1572 354 1633 381 ext,
1665 354 1759 385 utpote

973 401 1054 420 omne
1084 394 1146 420 illud
1180 395 1371 425 velamentum,
1388 395 1461 428 quod
1491 403 1505 420 a
1533 395 1675 422 nativitate
1690 404 1758 423 cott-

975 438 1118 469 traximus,
1135 439 1309 467 abseindens.
1326 444 1353 465 et
1366 446 1398 466 ex
1415 440 1552 466 veteribus
1571 448 1655 467 novos
1670 441 1758 467 lruni-

975 492 1021 511 nes
1039 483 1152 515 faciens,
1173 490 1334 511 vetustatem
1348 485 1473 512 videlicet
1489 491 1570 519 atque
1586 487 1758 513 imbecillita-

976 535 1027 557 tent
1046 536 1072 557 et
1089 530 1274 557 illﬁt'lltiln‘t‘lll
1292 539 1306 557 a
1323 537 1434 565 peccato
1452 532 1598 563 invectam.
1615 541 1661 567 per
1677 541 1756 567 quam

974 579 1127 605 danttonum
1160 579 1274 612 imperio
1302 584 1383 613 caput
1413 579 1661 610 submittebantus,
1692 579 1756 614 abji-

974 624 1077 652 cientes
1103 633 1110 652 :
1135 632 1248 659 eosque,
1270 625 1316 659 qui
1341 631 1402 651 ante
1429 625 1593 660 baptismum
1620 630 1762 660 acceptum

975 669 1111 697 deformes
1139 675 1217 696 erant
1242 675 1269 697 et
1286 670 1403 704 squalidi
1430 678 1461 696 ac
1490 670 1592 705 rugosi,
1610 669 1759 696 deiforntes

975 716 1102 745 reddens,
1121 715 1210 749 prisca
1226 715 1352 741 videlicet
1367 715 1484 749 imagine
1498 719 1618 748 recepta.
1634 715 1673 741 Ac
1690 714 1759 740 fabri

974 761 1083 796 quidem
1099 760 1201 793 aerarii,
1222 765 1250 787 et
1264 761 1308 793 qui
1324 768 1355 787 ex
1374 761 1470 794 argilla
1490 768 1553 786 vasa
1567 760 1682 794 lingunt.
1697 767 1760 786 cuin

976 807 1077 842 aliquid
1095 811 1231 833 vetustate
1247 807 1400 833 obsoletum
1415 814 1546 832 renovare
1565 805 1688 840 cupiunt,
1706 805 1763 839 pri-

976 861 1049 880 mum
1067 853 1133 881 illud
1152 853 1338 887 confringunt,
1358 861 1390 880 ac
1405 852 1502 879 deinde
1521 852 1617 879 iterum
1631 851 1761 878 conflant.

978 899 1132 934 Baptisntus
1148 903 1239 925 autem
1259 905 1308 925 nos
1323 899 1412 924 denuo
1429 897 1539 928 confiat,
1556 905 1609 923 tton
1629 897 1683 931 igni
1700 903 1762 922 sen-

976 947 1067 978 sibili,
1096 947 1142 973 sed
1172 946 1286 980 spiritus
1313 945 1421 971 flamma
1455 944 1613 978 spurcitietn
1651 949 1762 970 omnem

975 993 1130 1020 excutiente
1147 999 1228 1026 atque
1251 991 1387 1019 abolente.
1416 991 1537 1018 llenovat
1552 991 1633 1016 etiam
1652 997 1683 1016 ac
1699 988 1761 1015 refi-

975 1040 1022 1073 eil,
1038 1048 1091 1066 non
1111 1039 1225 1066 forntant
1251 1047 1310 1065 eattt
1332 1046 1412 1072 quatit
1438 1037 1623 1064 renovandam
1648 1035 1762 1069 suscipit

976 1086 1178 1118 eonuninuens,
1204 1093 1299 1112 verum
1322 1092 1380 1111 eaut
1404 1092 1463 1118 qum
1478 1084 1585 1110 occulta
1599 1088 1625 1109 ct
1641 1083 1759 1109 absron-

975 1132 1030 1159 dita
1048 1136 1099 1158 est.
1128 1131 1198 1163 Quin
1224 1133 1325 1166 potius,
1356 1135 1386 1157 ut
1416 1130 1501 1164 magis
1527 1129 1636 1164 proprie
1660 1129 1761 1160 dicamI

976 1185 1140 1204 renovantur
1167 1177 1268 1211 absque
1287 1176 1460 1206 conﬂttione,
1488 1182 1643 1202 recreantur
1657 1174 1761 1208 absque

976 1224 1207 1255 comminuti-tne,
1253 1231 1382 1250 curamur
1427 1223 1528 1256 absque
1566 1221 1621 1247 ttllo
1658 1220 1762 1246 doloris

975 1278 1068 1298 sensu.
1110 1269 1169 1296 Jaut
1207 1277 1271 1296 vero
1303 1269 1325 1296 is
1357 1268 1403 1303 qui
1431 1267 1600 1302 baptizatur,
1635 1265 1763 1292 sevundat

975 1317 1038 1343 vitta
1075 1315 1251 1349 nteliorisque
1285 1315 1390 1341 vivendi
1435 1313 1547 1340 rationis
1585 1316 1612 1338 et
1645 1311 1761 1337 instituti

976 1368 1083 1398 paetum
1113 1370 1174 1389 cuttt
1205 1361 1258 1388 Deo
1285 1361 1345 1390 init.
1378 1360 1461 1395 priori
1482 1364 1508 1386 et
1538 1358 1677 1392 ﬂagitiosa:
1702 1357 1763 1382 vitat

977 1409 1102 1436 nuntium
1121 1410 1271 1439 remittens,
1285 1407 1366 1441 eique
1380 1407 1509 1432 moriens.
1526 1404 1671 1437 Quocirca,
1684 1403 1761 1436 juxta

978 1455 1135 1483 Salomonis
1160 1454 1315 1482 tonsiliutn.
1339 1453 1435 1479 tintore
1459 1451 1651 1485 corripiantur,
1680 1454 1763 1483 atque

977 1503 1051 1529 outni
1076 1501 1198 1528 custodia
1220 1508 1268 1526 cor
1289 1506 1411 1526 nos:rum
1435 1496 1622 1527 scrvetttus",
1649 1503 1682 1521 ne
1697 1501 1761 1520 eum

979 1549 1085 1584 propria
1112 1546 1275 1582 syngrapha,
1295 1553 1376 1580 quam
1402 1544 1428 1570 in
1455 1543 1630 1570 fideinostra:
1656 1539 1765 1567 centes-

131 1590 189 1613 tant
217 1588 382 1615 instaurans.
407 1587 473 1615 Nam
496 1589 518 1616 si
544 1595 716 1624 peccatorum
740 1593 854 1625 gratiam
879 1599 961 1630 perc
979 1596 1055 1622 simio,
1078 1594 1253 1628 protulimus,
1279 1596 1431 1626 pugnantes
1455 1590 1634 1624 reperiantur.
1656 1586 1764 1614 Etenim

132 1632 301 1666 baptismum
332 1641 384 1660 non
416 1641 661 1668 cottsequereuutr,
681 1636 750 1662 haud
775 1637 856 1663 dubie
878 1644 926 1670 per

132 1682 277 1711 peccatum
302 1678 327 1704 in
354 1679 569 1712 desperationem
589 1681 802 1714 prolabexetnur,
822 1689 853 1709 ac
879 1690 926 1716 per

132 1721 353 1754 desperationem
364 1731 378 1750 a
393 1724 491 1751 virtute
501 1725 611 1752 omnino
626 1726 823 1759 exciziet‘ctnns,
835 1727 926 1753 uobis-

131 1775 187 1801 que
208 1767 232 1794 id
245 1770 473 1804 accideret,quod
490 1781 502 1796 a
521 1771 785 1805 Salotnnnedieitnr,
812 1773 925 1808 Impius,

132 1819 195 1838 rttm
212 1813 238 1838 in
259 1813 389 1840 nmlurum
409 1815 571 1849 profundum
590 1819 686 1844 venerit
702 1840 706 1847 ,
732 1820 873 1845 contemnit
892 1820 924 1846 ⁸⁸.

131 1857 217 1884 Nunc
243 1864 332 1885 autem
349 1881 356 1892 ,
382 1862 612 1894 quemadmodum
636 1864 754 1890 viatores
781 1865 807 1890 in
836 1865 925 1890 diver~

131 1904 212 1930 surio
229 1905 345 1937 qttodant
361 1909 395 1932 ab
417 1907 522 1934 itineris
547 1909 639 1936 labore
658 1911 783 1942 recreati,
802 1911 926 1945 pr0posi-

133 1954 190 1976 tant
213 1950 284 1976 viant
305 1952 432 1979 alacriori
459 1955 552 1980 animo
581 1955 749 1981 emetiuntur
778 1965 784 1981 :
816 1957 851 1982 ita
876 1964 925 1983 nos

131 2003 248 2031 qu0que
274 1998 344 2023 viam
374 1999 434 2025 vita:
455 2000 672 2033 promptioribus
699 2001 797 2028 animis
813 2001 926 2028 confici-

131 2049 211 2068 mus.
230 2043 317 2076 Atque
342 2044 412 2071 hanc
431 2045 484 2072 vim
509 2046 589 2073 all'ert
616 2047 779 2081 baptismus.
798 2049 836 2075 Ae
853 2048 925 2075 dilu-

130 2089 212 2115 vium
240 2089 350 2123 quidem
379 2090 456 2123 illud,
488 2099 543 2126 quo
574 2096 695 2127 tempore
725 2092 781 2120 Noe
800 2095 924 2128 contigit.

132 2136 233 2161 orbem
249 2136 406 2163 universum
429 2137 616 2166 internecione
632 2140 732 2167 delevit
749 2150 755 2167 :
775 2141 926 2176 ltaptismus

133 2187 230 2208 autem
248 2186 370 2215 peccata,
389 2183 489 2217 quibus
510 2185 602 2212 obruti
618 2190 700 2221 atque
715 2188 847 2222 inquinati
865 2196 925 2214 era-

133 2234 212 2258 mus,
230 2228 346 2261 detergit
362 2237 394 2255 ac
410 2234 517 2264 purgat.

171 2273 233 2299 Col.
250 2273 300 2300 567
314 2275 346 2301 Α.
365 2274 586 2310 Quandoquidem
608 2283 695 2305 autent
718 2279 818 2306 duabus
840 2281 926 2315 parti-
944 2271 965 2297 θ

135 2319 198 2349 bus,
216 2319 263 2346 hoc
284 2325 333 2351 est,
359 2325 412 2348 etc.
441 2322 669 2357 Quandoquidem
702 2327 869 2359 compositus
898 2334 929 2353 ac

135 2373 194 2391 non
211 2366 325 2400 simplex
343 2368 424 2396 homo
448 2374 501 2401 est,
529 2370 632 2397 idcirco
648 2371 748 2406 dttpliei
765 2377 846 2407 atque
862 2380 930 2399 con-

133 2412 236 2446 iuncto
263 2419 375 2446 cognata
398 2419 425 2442 et
453 2415 553 2444 similia
580 2418 780 2445 medicamenta
796 2419 828 2445 ad
844 2419 930 2454 ipsius

134 2458 316 2484 curationem
339 2461 467 2488 attributa
493 2467 566 2494 sunt,
580 2463 688 2497 corpoxi
707 2463 836 2490 nimirum
853 2472 932 2498 aspe-

133 2504 232 2531 ctabili
262 2511 331 2538 aqua
361 2506 521 2540 sensibilis,
550 2509 642 2536 animo
674 2515 764 2536 autent
795 2510 926 2537 invisibili

135 2550 255 2585 spiritus
270 2550 411 2577 oculorum
426 2553 552 2580 obtutum
575 2554 692 2589 fugiens,
709 2556 756 2590 qui
778 2563 825 2590 per
845 2556 925 2582 fidem

135 2601 266 2628 vocatus,
285 2597 413 2624 ineffabili
442 2599 523 2626 modo
545 2601 660 2627 accedit.
688 2601 720 2628 Et
734 2602 841 2635 quidem
857 2610 926 2636 aqua

136 2642 314 2676 purgationis
331 2642 444 2676 figurant
466 2645 544 2678 gerit.
562 2644 691 2679 Purgatio
704 2647 788 2678 enim,
806 2655 865 2681 quae
880 2654 927 2681 per

137 2695 241 2721 aquam
260 2688 298 2720 lit,
320 2696 378 2715 eam
400 2697 460 2723 qua:
475 2696 522 2723 per
536 2690 660 2724 spiritum
678 2697 863 2726 comparatur,
879 2691 928 2718 dc-

137 2734 243 2768 s‘ignat.
261 2735 294 2761 L‘t
310 2735 382 2761 enim
406 2742 506 2770 corpus
531 2736 565 2762 ab
579 2744 660 2770 aqua,
677 2737 717 2764 sic
733 2738 822 2764 anitna
838 2746 852 2764 a
871 2738 927 2773 spi—

137 2780 196 2806 ritu
225 2780 356 2807 lustratur
371 2790 377 2807 :
406 2785 486 2815 atque
503 2782 538 2808 ita
561 2789 604 2808 res
621 2782 646 2808 in
661 2784 756 2809 oeulos
774 2785 874 2810 cadens
890 2783 927 2809 rei

137 2824 290 2853 invisibilis
304 2827 413 2862 signum
430 2832 481 2854 est.
503 2828 537 2853 At
553 2827 665 2862 spiritus
680 2835 771 2855 veram
790 2828 928 2862 purgatio-

178 2917 202 2933 ³⁷
226 2916 283 2944 Gal.
304 2926 328 2949 v,
345 2926 410 2948 xvn,
449 2918 470 2933 ³⁸
488 2917 566 2946 l‘rov.
594 2926 670 2951 svnt,
689 2919 714 2945 5.

755 2919 776 2934 ³⁸
797 2919 876 2945 Prov.
904 2927 940 2950 tv,
953 2917 996 2944 ‘25.

979 1641 1000 1667 si
1030 1644 1108 1674 pacta
1136 1646 1197 1666 cunt
1232 1637 1388 1664 hominibus
1417 1636 1483 1663 inita
1507 1634 1577 1661 Dens
1605 1633 1764 1667 interiectus

978 1687 1133 1716 confirmat,
1159 1689 1291 1719 quantum
1313 1683 1421 1710 tandem
1445 1681 1597 1716 perieulnttt
1616 1681 1639 1706 ei
1658 1682 1764 1712 impen-

978 1732 1041 1758 dere
1069 1731 1217 1766 putandum
1234 1733 1286 1761 est,
1311 1729 1358 1762 qui
1387 1727 1596 1754 conventionem
1625 1733 1685 1750 (‘llllt
1705 1726 1764 1757 Ipso

979 1777 1077 1804 factattt
1104 1775 1272 1811 perfregerit,
1291 1775 1443 1808 salutisque
1466 1772 1567 1799 hedera
1588 1771 1690 1797 nefarie
1707 1770 1763 1796 vio-

978 1824 1083 1852 laverit.
1099 1830 1130 1849 ac
1147 1827 1242 1856 pra-ter
1258 1822 1310 1848 alia
1334 1821 1436 1848 scelera
1460 1819 1546 1851 ipsius
1561 1824 1670 1851 quoque
1686 1823 1764 1842 men--

978 1869 1047 1896 daeii
1066 1868 1135 1902 apud
1158 1867 1241 1893 Deum
1263 1874 1327 1893 reus
1350 1869 1506 1900 peragatur,
1525 1862 1589 1897 quia
1607 1862 1684 1888 fidem
1713 1860 1766 1893 ipsi-

978 1917 1070 1942 datant
1089 1914 1234 1945 fefellerit;
1259 1913 1341 1946 idque
1357 1919 1418 1937 eum
1445 1911 1499 1944 jam
1519 1909 1609 1935 ttullus
1627 1908 1697 1933 alius
1717 1907 1765 1932 ba-

979 1961 1094 1995 ptismus
1110 1969 1132 1987 Sl
1145 1959 1240 1994 parsit.
1254 1957 1421 1992 Impossibile
1436 1961 1474 1983 est
1489 1956 1568 1986 enim,
1594 1954 1682 1988 inquit
1697 1952 1764 1979 Pau-

979 2008 1030 2038 lus,
1047 2015 1089 2033 ρος
1111 2007 1155 2041 qui
1178 2005 1259 2032 semel
1273 2010 1333 2032 sunt
1352 2003 1507 2034 illumiuati,
1532 2009 1624 2028 rursus
1642 2006 1766 2026 renovare

978 2052 1012 2079 ad
1041 2052 1219 2087 paenitentiam
1249 2051 1283 2078 ".
1312 2049 1388 2077 Unus
1418 2056 1498 2084 porro
1529 2047 1684 2081 baptisutus
1713 2049 1765 2077 est,

979 2098 1199 2133 quandoquidem
1216 2105 1268 2124 una
1287 2101 1328 2124 est
1344 2103 1417 2122 mors
1433 2102 1482 2130 pro
1498 2093 1601 2121 mundo
1617 2095 1741 2122 suscepta
1758 2099 1764 2116 :

978 2148 1059 2178 atque
1077 2150 1130 2169 una
1144 2150 1158 2168 a
1175 2141 1291 2168 ntortuis
1313 2139 1489 2170 resurrectio,
1511 2146 1592 2173 quatit
1613 2137 1766 2170 baptismus

977 2189 1111 2223 designat.
1138 2187 1255 2214 Proinde
1278 2186 1405 2214 Christus
1424 2184 1551 2220 baptismi
1581 2183 1659 2210 nobis
1678 2181 1766 2209 fmdus

979 2235 1080 2266 sanxit,
1098 2234 1194 2260 mortis
1209 2241 1241 2260 ac
1253 2233 1314 2259 vita:
1333 2232 1447 2266 figuram
1467 2231 1580 2261 habens.
1600 2237 1670 2264 aqua
1686 2228 1763 2255 nimi-

981 2289 1041 2307 rum
1069 2280 1165 2306 ntortis
1191 2279 1336 2313 imaginem
1369 2277 1537 2312 exprimente
1555 2277 1663 2311 (horum
1693 2274 1766 2300 enim

979 2327 1024 2361 qui
1044 2326 1218 2359 ltaptizantur
1243 2332 1360 2359 corpora
1384 2324 1410 2350 itt
1429 2331 1498 2358 aqua
1532 2321 1611 2348 veluti
1629 2320 1761 2355 sepeliuit»

981 2372 1048 2406 tur),
1076 2371 1172 2405 spiritu
1209 2375 1297 2397 aulcttt
1323 2370 1384 2396 vitm
1412 2369 1593 2395 artltabonem
1625 2366 1765 2392 afferente.

980 2419 1163 2452 Quamobrem
1192 2417 1265 2443 nulla
1298 2417 1381 2442 altera
1421 2419 1547 2448 superest
1575 2412 1765 2446 regeneratio,

979 2471 1068 2498 neque
1095 2465 1120 2490 in
1146 2467 1262 2489 vetereut
1289 2466 1390 2488 statum
1417 2460 1564 2490 restitutio,
1588 2458 1638 2484 ltoe
1665 2461 1716 2488 est,
1738 2457 1765 2482 in

981 2509 1171 2543 purgationem
1190 2507 1273 2539 illaut,
1297 2514 1377 2541 quam
1395 2503 1609 2540 regenerationis
1627 2503 1765 2529 lavacrum

982 2555 1082 2581 attulit.
1100 2554 1261 2587 Quanquam
1280 2553 1351 2579 enim
1381 2552 1562 2586 laerymarum
1586 2556 1696 2584 quoque
1717 2549 1764 2574 lla-

982 2601 1098 2634 ptismus
1124 2603 1176 2631 est,
1222 2598 1429 2631 haudquaquam
1471 2602 1559 2622 tamen
1600 2595 1636 2621 ita
1670 2598 1766 2628 purgat

983 2649 1011 2670 ut
1030 2646 1134 2678 printus
1151 2644 1310 2677 baptisntus.
1333 2641 1366 2668 Ut
1385 2641 1455 2668 enim
1478 2642 1552 2667 varia
1577 2643 1640 2666 sunt
1656 2639 1766 2672 superni

981 2690 1133 2724 splendoris
1147 2697 1254 2723 genere,
1271 2689 1310 2715 sic
1328 2692 1353 2715 et
1371 2688 1573 2722 purgatimtunt.
1597 2685 1662 2712 Nam
1689 2685 1765 2719 juxta

981 2743 1069 2762 meam
1097 2736 1182 2769 legem
1217 2743 1248 2761 ac
1275 2734 1448 2764 sententiam,
1472 2732 1685 2759 Novatianornm
1719 2731 1762 2756 dn-

982 2782 1064 2816 gmati
1081 2782 1245 2815 oppositam,
1277 2788 1348 2815 (egre.
1371 2780 1478 2806 tandem
1504 2785 1551 2813 per
1580 2776 1765 2812 poutitentiam

983 2827 1097 2854 cicatrix
1113 2827 1267 2858 obducitur,
1287 2825 1519 2860 quemadmodum
1538 2824 1608 2850 Dezts
1627 2831 1674 2858 per
1691 2821 1763 2848 Jeru-

1036 2918 1057 2933 ⁵ο
1082 2916 1162 2944 llcbr.
1182 2925 1216 2949 vt,
1246 2918 1272 2943 6.
