2027 3162
265 202 334 233 12ὃῆ

264 257 348 284 miam
367 255 486 290 loquitur
514 262 521 280 :

262 304 300 329 eis
314 302 492 329 obdttrtioucm
506 305 529 326 et
545 299 682 330 medelam,
700 305 724 326 et
740 300 839 326 curabo
851 308 894 326 vos
911 301 945 326 δ’.
962 302 1051 335 Atque

263 348 321 382 ipse
335 346 443 382 quidem
459 344 600 371 cicatrices
618 352 728 379 quoque
746 345 819 378 ipsas
835 345 950 373 aboleri.
965 353 996 372 ac
1017 353 1051 373 ne

263 394 406 419 vulnerum
445 390 553 424 quidem
583 390 727 424 vestigium
751 391 867 424 relinqui
901 399 1049 426 cuperem,

263 437 483 473 qttattdoqttidctu
511 441 537 462 et
565 436 621 469 ipse
650 436 837 463 misericordia
863 444 932 471 optts
952 438 1048 465 habeo.

265 485 364 511 Verum
393 490 521 517 maguum
548 482 724 509 Athanasium
756 489 923 511 asserentem
956 485 1048 516 audin,

261 536 323 555 cuttt
340 528 385 562 qui
406 527 439 553 ad
459 527 604 554 meliOrem-
618 526 721 560 frugem
746 535 775 554 se
800 529 943 562 receperit,
963 537 1050 564 quan-

261 582 343 608 quam
369 574 448 599 liuent
483 572 612 606 peccandi
640 573 738 604 faciat,
760 573 864 601 inustas
883 579 972 601 tamen
991 576 1050 602 vul-

263 621 336 646 neris
361 619 504 646 cicalrices
529 619 650 646 habere:
671 628 732 646 eum
755 626 844 646 autent
872 622 916 655 qui
933 622 1050 656 baptiza—

263 671 305 691 tur
322 671 438 692 veterem
468 665 605 691 hominem
625 672 724 692 exuere
741 673 773 691 ac
787 668 922 698 renovari,
933 675 1049 702 superne

262 711 386 738 videlicet
413 718 460 745 per
476 711 594 745 Spiritus
615 711 701 737 sancti
727 713 843 746 gratiam
863 713 1047 747 progenitum.

261 756 396 783 (La-ternm
417 761 445 782 ut
459 756 601 783 cicatrices
621 764 729 790 quoqtte
743 757 815 790 ipsas
841 757 924 784 deleri
951 765 1050 785 coace-

262 805 369 835 datuns,
395 803 482 830 satius
507 802 601 836 utique
627 801 708 829 iucvit
729 803 828 829 tliﬂicili
843 803 886 830 illa
903 808 930 830 ct
952 811 1050 831 ternm-

263 856 329 875 u0sa
351 849 598 883 purgatione,qu:c
613 849 638 875 in
666 849 823 884 ptenitentia
841 850 961 876 consistit
977 869 985 882 ,
1002 858 1050 877 ne-

263 902 402 928 quaquam
417 902 485 929 opus
503 895 612 927 habere,
629 902 722 922 verum
737 895 764 922 in
782 896 869 929 ptima
887 897 1048 929 consistere,

263 948 324 974 qua:
340 941 448 974 quidem
469 941 570 967 laboris
585 948 616 967 ac
639 941 770 968 moleslim
787 949 882 975 expers
901 947 952 972 est,
966 948 1047 976 atque

263 987 367 1014 honore
396 994 475 1021 pares
500 995 548 1014 eos
574 987 620 1021 qui
658 987 690 1014 ad
717 987 879 1022 l-aptisnnuu
912 990 1047 1016 accedunt

261 1033 363 1064 eil‘uit,
387 1038 480 1067 utpote
508 1041 568 1068 qua:
591 1041 622 1060 ex
653 1041 731 1067 tnqttu
759 1034 927 1068 accipiatur,
965 1040 1046 1070 atque

262 1086 357 1106 outnes
387 1079 446 1106 sine
475 1079 528 1105 ullo
550 1079 708 1106 discrimine
729 1079 835 1106 lustret.
863 1079 1047 1113 Qu--tuadmo-

262 1124 326 1150 dum
342 1124 413 1150 enim
434 1125 589 1152 communis
615 1128 655 1152 est
675 1125 803 1152 omnibus
823 1126 895 1152 acris
917 1125 1045 1157 haustus,

262 1177 293 1196 ac
321 1169 390 1196 lucis
416 1169 538 1204 profusio
562 1174 589 1197 ct
605 1170 744 1205 splendor,
759 1175 786 1196 et
802 1175 918 1205 quatuor
930 1171 1047 1206 partitttu

261 1215 325 1241 attni
338 1215 551 1247 vicissitudines.
570 1220 597 1242 et
621 1223 713 1242 rerum
738 1220 890 1244 creatarum
909 1223 1045 1252 aspectus.

263 1260 379 1296 ﬁdeique
393 1269 470 1297 aequa
487 1262 574 1295 portio
588 1270 596 1288 :
619 1262 714 1289 eodem
733 1262 813 1289 modo
828 1262 956 1297 baptismi
982 1272 1048 1299 quo-

262 1315 313 1340 que
327 1307 480 1333 con-munis
498 1312 538 1334 est
555 1308 650 1342 gratia.

297 1353 355 1379 Col.
371 1353 424 1380 570
438 1355 470 1382 Α.
485 1353 569 1380 Gram:
586 1354 653 1380 enim
669 1359 709 1381 est
724 1355 867 1389 facilioris,
882 1360 933 1382 etc.
960 1355 1048 1383 Grave

262 1403 288 1425 et
305 1399 435 1426 miserum
459 1404 501 1426 est
522 1407 569 1434 spe
595 1400 722 1427 secunda:
738 1402 906 1435 purgationis
920 1406 981 1436 post
999 1403 1043 1429 ha-

263 1446 390 1478 ptisnntm
409 1447 556 1481 inquinari,
569 1455 598 1474 ac
613 1452 705 1482 postea
721 1442 789 1475 dura
806 1454 833 1475 et
848 1449 944 1476 acerba
962 1449 1048 1476 medi—

262 1493 322 1519 cina
347 1494 478 1527 indigere,
504 1501 536 1521 ac
566 1495 686 1529 proiecta
716 1494 958 1530 baptisntigratia,
987 1503 1049 1530 qua":

263 1540 461 1573 prmlcrilarnm
490 1547 624 1567 noxarum
654 1540 843 1567 remissionem
872 1541 964 1572 habet,
985 1549 1048 1568 nos-

262 1586 335 1619 ipsos
359 1587 518 1613 excruciare
537 1591 618 1620 atque
636 1586 765 1620 afﬂigere,
781 1590 811 1612 ut
827 1586 1046 1613 miscricordiam
1063 1602 1085 1632 ε

262 1639 275 1657 a
298 1631 350 1657 Det)
367 1639 578 1665 consequamur,
600 1638 631 1657 ac
653 1631 716 1658 vitze
732 1631 932 1657 correctionem
947 1632 1048 1658 admis-

262 1677 300 1703 sis
314 1677 422 1711 ﬂagitiis
437 1685 529 1708 parem
554 1678 694 1704 exhibere.
722 1678 860 1710 Quantum
877 1679 949 1704 enim
965 1679 1049 1713 lacry-

263 1728 368 1748 tnattnn
391 1722 598 1755 exltaurietnus,
625 1726 653 1749 ut
677 1722 704 1749 id
730 1730 781 1750 nos
806 1723 918 1758 perinde
942 1723 1049 1757 lustret,

262 1775 294 1795 ac
318 1768 394 1802 prius
425 1768 586 1801 baptismus,
614 1773 641 1795 et
673 1769 876 1804 purgationem,
897 1777 978 1804 quam
1004 1777 1050 1804 per

262 1814 382 1840 d’.vinutn
412 1814 550 1841 lavacrum
589 1819 726 1849 acceptant
757 1815 919 1845 amisimus.
942 1815 1048 1844 reddat!

262 1860 328 1893 Quis
355 1864 444 1887 autem
469 1860 536 1888 satis
561 1860 682 1896 locuples
706 1868 821 1895 spensor
847 1861 907 1891 erit.
931 1860 989 1887 fore
1022 1865 1051 1886 ιιι

263 1913 337 1932 mors
353 1906 524 1933 c'ut‘ationem
548 1911 668 1933 nostram
689 1910 838 1941 exspectet,
856 1913 889 1933 ac
912 1913 965 1932 non
988 1913 1049 1940 pec-

229 1980 233 1983 ,
263 1952 315 1978 tati
333 1960 393 1979 reos
413 1957 440 1979 et.
475 1952 642 1986 purgationis
664 1951 758 1978 debito
789 1951 952 1979 constrictos
980 1951 1052 1985 judi-

240 1993 333 2025 'ciutn
348 1998 469 2025 divinutn
496 1999 638 2033 suscipiat,
667 1999 852 2033 gehennaeth
881 1998 1048 2027 incendium.

268 2043 311 2071 Tu
352 2044 462 2076 quidem
481 2064 489 2077 ,
520 2044 704 2078 spiritualium
732 2045 884 2078 plantarum
915 2046 1050 2077 excultor,

263 2089 406 2116 hominum
425 2089 501 2124 juxta
524 2090 680 2124 parabolam
712 2090 895 2124 evangelicae)
908 2091 930 2106 δ’
945 2091 1050 2122 orabis,

265 2139 293 2162 ut
311 2135 476 2170 iufrugifertc
502 2135 576 2168 [it-ui,
592 2135 644 2162 hoc
670 2140 720 2167 est,
747 2136 846 2162 anima:
873 2140 924 2162 tuze
947 2140 1050 2170 parcat,

264 2187 378 2214 camque
396 2188 447 2206 non
461 2180 612 2212 exscindat,
627 2188 721 2206 verum
739 2181 785 2207 tibi
801 2182 943 2212 concedat,
963 2185 992 2207 ut
1006 2189 1049 2213 ea,

263 2234 325 2260 qua:
347 2226 379 2252 ad
407 2226 552 2253 tollendam
587 2227 673 2261 ipsius
702 2227 870 2254 sterilitatem
893 2227 1051 2262 adjtttttento

953 200 1142 230 ADDENDA.

557 253 623 280 Ecrr
645 261 690 288 ego
706 254 830 280 inducant
853 254 919 288 ipsis
943 255 1088 285 Ναυῆ-Λ
1104 254 1235 288 primum,
1256 252 1327 286 and
1356 253 1546 288 suscipiendus
1573 254 1607 281 sit
1633 254 1806 290 baptismus;
1825 257 1896 284 διιε-

1822 199 1896 232 1226

1103 307 1179 330 rtnn,
1205 299 1277 333 quod
1306 299 1416 330 statim;
1448 299 1576 330 tertium.
1603 301 1675 334 qttod
1703 302 1784 328 nobis
1810 311 1896 337 opt-ra

1102 345 1190 372 danda
1217 346 1264 378 sit,
1292 350 1322 372 ut
1347 345 1399 372 hoc
1422 345 1522 372 donum
1551 348 1585 373 ab
1608 348 1738 375 omnibus
1764 349 1898 375 sordibus

1102 398 1201 424 purum
1221 397 1355 418 tueamur.
1387 390 1534 424 Postquam
1563 392 1644 426 igitur
1668 393 1702 420 de
1724 394 1806 420 tertio
1837 402 1898 427 quia:

1101 436 1216 463 dicenda
1234 437 1395 463 videbantur
1420 436 1497 468 dixit,
1524 444 1596 463 nunc
1610 437 1644 463 de
1659 445 1691 464 eo
1709 446 1822 473 queque
1839 439 1897 465 dis-

1101 484 1178 515 putat
1203 481 1276 515 quod
1301 483 1334 507 ad
1361 481 1524 515 baptismqu
1560 483 1691 509 accedere
1715 491 1830 510 necesse
1847 483 1898 515 sit,

1102 535 1133 554 ac
1160 535 1222 554 cum
1251 526 1334 554 Paulo
1355 527 1402 557 ait.
1424 534 1486 553 cum
1513 527 1622 555 Christo
1652 535 1700 562 per
1726 529 1897 563 baptismum

1101 574 1277 607 sepeliantur,
1296 578 1324 601 ιιι
1348 580 1374 600 et
1389 581 1451 600 cum
1467 581 1499 600 eo
1514 582 1701 608 resurgamus.
1723 576 1800 610 Aqua
1819 577 1895 603 enim

1102 619 1199 646 mortis
1229 619 1373 653 imaginem
1408 619 1511 652 refert,
1538 628 1639 655 corpus
1666 622 1738 648 velut
1766 622 1896 656 sepulcro

1102 665 1250 699 accipiens.
1273 664 1392 700 Spiritus
1411 671 1502 692 autem
1529 666 1663 693 viviticam
1684 667 1739 694 vim
1757 668 1896 700 immittit,

1102 712 1210 738 animas
1235 716 1343 737 nosmts
1369 719 1383 738 a
1412 711 1516 746 pccmti
1545 718 1632 739 morte
1657 714 1690 738 ad
1712 715 1832 747 priorem
1853 715 1896 741 vi-

1103 761 1157 783 tam
1183 765 1329 784 renovatis.
1355 757 1562 784 Descendamus
1588 764 1617 785 ut
1641 759 1769 786 Christus
1796 761 1824 786 ιιι
1850 769 1896 787 se-

1102 803 1247 837 pulcrum,
1279 805 1315 830 ila
1345 811 1396 831 nos
1427 811 1536 838 quoque
1566 805 1592 831 in
1626 804 1791 839 baptismum
1825 814 1833 832 :
1867 811 1896 832 ut

1102 848 1330 882 quemadmodum
1358 848 1402 876 ille
1428 857 1459 876 ex
1489 857 1658 877 mortuorum
1689 851 1829 885 sepulcro.
1855 852 1896 879 sic

1103 901 1152 920 uos
1176 894 1258 920 etiam
1276 902 1291 920 e
1309 894 1414 928 peccati
1442 895 1546 921 tumulo
1567 902 1598 922 ac
1617 896 1735 921 mortuis
1763 897 1896 930 operibus

1103 939 1128 964 in
1146 939 1261 966 sublime
1279 939 1413 966 ferantur.
1439 939 1593 974 Baptismns
1616 941 1751 974 siquidem
1776 949 1895 976 operum

1101 985 1192 1012 carnis
1208 985 1389 1020 abjectionem
1407 986 1531 1020 designat
1545 990 1572 1013 et
1588 987 1699 1018 indicat.
1716 988 1895 1023 animamque

1101 1038 1116 1057 a
1137 1031 1264 1058 sordibus
1281 1036 1307 1058 et
1324 1031 1455 1066 spurcitie
1473 1040 1505 1058 ex
1530 1033 1647 1060 carnalis
1666 1033 1780 1061 atIt-ctns
1799 1042 1896 1061 conta-

1102 1078 1182 1112 gione
1196 1084 1348 1107 contracta.
1366 1078 1464 1105 lustrat
1481 1082 1508 1104 et
1522 1080 1625 1113 expiat.
1644 1079 1781 1112 Quoniam
1799 1087 1893 1108 autem

1102 1123 1252 1158 baptismns
1280 1123 1443 1151 descensum
1471 1130 1552 1160 atque
1579 1133 1723 1152 ascensum
1748 1127 1893 1158 continet,

1103 1170 1154 1197 hoc
1166 1171 1276 1204 insuper
1292 1170 1418 1204 adjiciam
1436 1179 1444 1198 ί
1458 1170 1525 1197 Ctttn
1537 1178 1570 1198 eo
1585 1172 1779 1203 ascendamus,
1797 1181 1842 1207 qui
1855 1181 1895 1200 nt-

1102 1217 1246 1244 almodntn
1283 1217 1406 1244 videlicet
1432 1217 1476 1245 ille
1504 1217 1531 1243 in
1559 1218 1679 1249 calum,
1708 1218 1743 1244 ita
1781 1226 1833 1245 nos
1867 1219 1893 1246 in

1102 1270 1161 1290 eam
1188 1262 1394 1293 sublimitatem,
1414 1263 1446 1289 ad
1468 1270 1548 1297 quam
1575 1264 1702 1298 provehit
1727 1264 1892 1299 baptismus.

1104 1313 1130 1335 ut
1149 1308 1232 1335 simul
1247 1315 1355 1343 quoque
1371 1308 1456 1342 gloria
1471 1308 1622 1336 adiciantur
1636 1310 1696 1344 (per
1711 1310 1890 1344 adoptionem

1102 1354 1242 1388 scilicet),
1269 1361 1301 1381 ac
1328 1355 1403 1388 regni
1431 1355 1551 1382 cmlestis
1581 1355 1702 1382 hatredes
1730 1356 1893 1389 eﬂiciamur,

1103 1402 1333 1435 qtumadmodum
1361 1401 1404 1429 ille
1429 1402 1501 1429 sedis
1521 1401 1547 1428 in
1565 1402 1660 1429 dextra
1688 1401 1779 1430 Patris
1805 1403 1892 1432 haeres

1103 1446 1191 1474 factus
1211 1452 1262 1474 est.

1140 1493 1206 1519 Ibid.
1235 1494 1265 1520 Si
1290 1498 1314 1520 te
1337 1493 1444 1520 luminis
1469 1500 1620 1527 persecutor
1643 1500 1667 1522 et
1693 1500 1811 1522 tentatur
1835 1502 1892 1530 post

1104 1538 1275 1572 baptismum,
1299 1544 1351 1566 etc.
1370 1538 1523 1574 Theologus
1548 1541 1632 1574 probe
1649 1547 1824 1576 perspectum
1843 1544 1888 1568 ha-

1105 1584 1180 1612 bens.
1199 1583 1344 1610 nonnttllos
1363 1585 1424 1611 ideo
1447 1585 1611 1619 baptismum
1637 1586 1799 1619 detrectare,
1818 1588 1890 1621 quod

1105 1627 1193 1655 hostis
1218 1629 1347 1664 itttpetum
1375 1635 1437 1664 post
1460 1631 1624 1665 baptismum
1653 1632 1891 1666 pertimescerent.

1104 1674 1262 1709 hujusmodi
1289 1675 1412 1703 homines
1436 1676 1468 1702 ad
1490 1676 1562 1703 hunc
1591 1677 1700 1704 modum
1730 1678 1889 1712 alloquitur.

1104 1720 1132 1747 Si
1162 1725 1221 1755 post
1249 1721 1413 1756 baptismum
1443 1727 1469 1750 te
1495 1722 1622 1750 diabolus
1649 1723 1763 1750 adortus
1792 1723 1890 1753 fuerit.

1102 1766 1322 1801 quandoquidem
1351 1772 1378 1793 et
1403 1767 1541 1794 Christum
1571 1768 1754 1802 oppugnavit,
1783 1775 1892 1802 propter

1103 1820 1212 1839 carnem
1240 1820 1346 1840 merum
1375 1813 1514 1840 imminent
1541 1821 1603 1840 eutn
1634 1821 1695 1841 esse
1721 1815 1892 1845 arbitratus.

1102 1858 1234 1885 adversus
1261 1866 1322 1884 eum
1342 1858 1500 1886 sensibilth
1527 1866 1625 1893 aquam
1653 1859 1783 1890 obtende,
1809 1861 1892 1894 spiri-

1103 1905 1184 1932 tualis
1212 1905 1292 1939 ignis,
1323 1905 1374 1932 hoc
1400 1911 1452 1936 est.
1479 1906 1583 1939 peccati
1610 1906 1819 1933 exstinctricem
1848 1907 1891 1940 (id

1102 1951 1173 1986 quod
1198 1950 1352 1978 mirandum
1370 1951 1422 1986 est)
1448 1951 1527 1985 Cujus
1543 1958 1594 1985 ope
1610 1958 1642 1978 ac
1659 1951 1784 1978 subsidio
1807 1951 1891 1986 ignita

1102 1999 1193 2026 omnia
1211 1998 1287 2033 pravi
1305 1998 1379 2026 illius
1398 1998 1511 2033 spiritus
1529 1998 1592 2030 tela,
1610 1997 1681 2025 sicut
1698 1997 1801 2026 Paulus
1817 1998 1891 2028 ait".

1101 2045 1319 2080 cxstiuguenlur,
1355 2045 1449 2079 aqueis
1477 2045 1601 2071 videlicet
1629 2045 1734 2072 umbris
1759 2052 1775 2072 a
1810 2047 1892 2072 verbo

1103 2091 1195 2118 tiuc:is
1207 2099 1363 2125 compressa
1379 2095 1459 2124 atque
1474 2092 1612 2118 restincta.
1626 2091 1757 2126 Spiritum
1773 2099 1890 2125 oppone.

1103 2144 1241 2172 magnum,
1257 2137 1379 2172 inquam.
1397 2137 1471 2164 illum
1489 2142 1515 2164 et
1530 2138 1660 2168 validum.
1677 2145 1709 2164 ac
1726 2143 1848 2169 mentes,
1867 2139 1891 2165 id

1101 2188 1153 2214 est,
1176 2183 1313 2210 daemones
1332 2183 1538 2215 dissolvcntem,
1556 2183 1786 2218 quemadmodum
1813 2184 1892 2210 tertio

1103 2227 1206 2263 Regum
1234 2229 1302 2255 libro
1331 2229 1446 2256 habetur
1468 2228 1502 2258 “.
1531 2229 1558 2255 Si
1586 2229 1632 2255 tibi
1663 2229 1735 2256 fame
1763 2234 1892 2263 correpto

264 2279 325 2299 esse
341 2277 464 2307 possunt,
482 2272 598 2308 injicias,
624 2273 753 2300 nimirum
769 2280 829 2300 eam
852 2273 1048 2300 correctionem
1066 2276 1088 2304 D
1105 2275 1245 2308 penuriam
1267 2279 1295 2301 et
1316 2276 1505 2302 necessitatem
1535 2275 1664 2302 insidiose
1691 2275 1837 2309 obiecerit,
1865 2280 1893 2303 ut

265 2327 325 2352 qua:
341 2320 366 2346 in
384 2320 485 2354 peccati
505 2320 688 2352 eottfessione,
702 2325 783 2355 atque
796 2320 822 2347 in
841 2326 964 2355 apertum
985 2329 1051 2356 pro-

266 2367 384 2394 lerendis
407 2375 460 2394 non
478 2367 539 2394 sine
560 2368 664 2402 pudore
687 2368 850 2396 criminibus
866 2368 1004 2399 cousiSIit,
1020 2376 1052 2394 ac

265 2417 394 2447 pra-terea
413 2413 510 2440 anitum
527 2413 712 2444 atilictionem.
731 2413 781 2440 hoc
794 2419 844 2444 est.
857 2414 1050 2440 contritinnetn

264 2464 291 2485 et
308 2459 499 2493 dejectionem,
525 2459 702 2494 corporisque
717 2459 937 2494 oppressionem,
957 2459 982 2486 id
999 2464 1050 2492 est,

264 2506 379 2540 jejuuia,
404 2505 519 2539 vigilias,
544 2511 714 2540 craterasque
742 2505 914 2532 adﬂictiones.
949 2504 1048 2531 Verum

266 2556 388 2578 uccrtnm
402 2556 454 2584 est,
472 2559 505 2577 an
524 2550 594 2577 Deus
613 2551 769 2584 ltujnsmodi
784 2550 886 2577 hmuini
900 2555 1002 2584 parcet,
1018 2557 1049 2576 ac

266 2606 318 2624 tton
338 2606 399 2623 eum
411 2597 563 2625 exscinch
577 2604 610 2623 nc
621 2597 691 2623 alius
703 2596 837 2631 quispiam
849 2604 880 2623 ex
894 2596 979 2630 ipsius
988 2603 1050 2630 erga

264 2652 325 2670 euut
341 2643 451 2670 lenitate
461 2647 489 2669 ct
501 2643 629 2677 patientia
643 2643 807 2674 oﬂ‘eudatnr,
819 2650 850 2669 ac
866 2642 984 2669 deterior
995 2642 1051 2674 fiat,

265 2689 324 2723 ejus
336 2689 461 2716 videlicet
484 2689 584 2716 scelera
596 2688 728 2723 impunita
743 2696 854 2715 manere
869 2687 1050 2722 conspiciens.

300 2735 360 2762 Col.
388 2735 441 2761 570
472 2735 500 2761 Β.
533 2733 645 2760 Proinde
672 2742 731 2760 cum
758 2733 864 2760 Christo
892 2741 937 2767 per
965 2733 1051 2767 bapti-

265 2789 362 2814 unum,
382 2785 436 2808 etc.
460 2781 527 2807 Tota
553 2779 603 2807 hac
634 2780 758 2807 oratione
787 2780 836 2806 tria
864 2783 1049 2806 asttuuutur:

300 2883 322 2899 “
338 2882 438 2910 levem.
457 2891 519 2915 xxx,
536 2883 579 2910 17.
620 2884 642 2899 "
659 2883 724 2910 Luc.
744 2890 802 2915 xui,
819 2882 838 2909 8.

269 2918 361 2949 ιι,11.

880 2881 901 2896 ⁸³
919 2881 1014 2915 Ephcs.
1028 2889 1065 2912 Vt,
1085 2881 1122 2907 Ιῦ.

1100 2320 1220 2353 Christo,
1242 2328 1274 2348 ac
1298 2321 1416 2354 petierit,
1442 2326 1472 2347 ut
1495 2321 1598 2355 lapides
1620 2320 1647 2347 in
1670 2329 1755 2355 panes
1782 2327 1892 2348 vertan-

1102 2371 1145 2393 tur
1167 2366 1199 2397 ",
1217 2367 1260 2394 die
1286 2375 1348 2393 cum
1376 2367 1460 2393 Paulo
1478 2375 1485 2392 :
1501 2366 1558 2394 Non
1587 2367 1684 2401 ignoro
1711 2368 1893 2401 cogitationes

1101 2417 1173 2444 tttas,
1191 2420 1207 2438 ο
1225 2420 1316 2446 prave.
1343 2413 1389 2446 qui
1417 2412 1489 2439 aliud
1518 2411 1568 2442 vis,
1594 2412 1668 2439 aliud
1694 2412 1841 2445 prmtendis
1859 2412 1891 2438 “.

1100 2456 1230 2483 Prtetexis
1257 2456 1445 2483 necessitatem
1468 2465 1474 2483 :
1495 2457 1535 2484 vis
1560 2463 1650 2484 autem
1677 2464 1720 2484 me
1744 2457 1816 2485 cibis
1843 2465 1890 2484 ex-

1105 2503 1171 2537 pleri
1199 2507 1226 2529 et
1254 2502 1432 2537 ingnrgitari,
1460 2503 1644 2537 voluptatique
1673 2503 1828 2538 indulgere.
1854 2505 1891 2530 At:

1104 2554 1246 2583 propterea
1264 2556 1317 2575 non
1332 2556 1439 2583 panem.
1454 2549 1500 2576 sed
1516 2556 1599 2583 panes
1616 2548 1672 2576 (ieri
1689 2549 1791 2583 poscis.
1808 2549 1889 2580 Doce,

1104 2601 1165 2628 qum
1180 2601 1233 2620 non
1251 2593 1356 2626 didicit,
1375 2593 1439 2627 quia
1455 2592 1500 2620 Dei
1517 2593 1606 2620 cultor
1622 2600 1661 2624 es,
1678 2600 1711 2619 ac
1727 2592 1830 2619 Cltristi
1849 2594 1890 2619 di-

1101 2640 1234 2673 scipulus.
1256 2638 1322 2665 Nam
1344 2639 1414 2665 idem
1432 2646 1541 2673 quoque
1559 2640 1584 2664 in
1602 2638 1711 2665 Christo
1736 2639 1890 2672 ignorabat,

1101 2686 1172 2721 quod
1201 2685 1247 2712 Dei
1274 2685 1360 2712 Filius
1386 2690 1469 2713 esset.
1496 2686 1534 2712 Ac
1552 2684 1678 2712 Christus
1697 2686 1809 2719 quidem
1828 2693 1887 2712 cum

1100 2732 1134 2759 ab
1150 2739 1182 2758 eo
1198 2736 1359 2763 tentaretur,
1377 2731 1444 2758 illud
1461 2733 1588 2766 opposuit
1603 2740 1610 2757 :
1629 2730 1691 2758 Non
1706 2732 1734 2758 in
1747 2739 1819 2765 parte
1833 2732 1889 2758 εοιυ

1101 2779 1159 2806 vivit
1181 2778 1268 2810 homo,
1284 2778 1329 2804 sed
1349 2778 1375 2804 in
1390 2778 1461 2804 omni
1481 2778 1567 2810 verbo,
1582 2778 1651 2812 quod
1665 2778 1785 2811 procedit
1799 2786 1832 2804 ex
1847 2785 1888 2804 ora

1162 2879 1182 2896 “‘
1201 2879 1230 2906 lil
1249 2879 1313 2914 Reg.
1330 2888 1385 2912 xxx,
1407 2881 1448 2907 11,
1479 2880 1500 2895 ³³
1518 2879 1611 2907 )latth.
1637 2889 1673 2913 tv,
1687 2881 1714 2907 5.
1752 2880 1777 2896 “
1793 2880 1813 2907 ll
1827 2879 1877 2907 Cur
