2027 3162
182 206 249 237 ῘῖΞΓΙ

679 214 838 244 NlCETAS
861 213 900 242 ΙΝ
921 213 1032 242 ΟΙῖᾹΤ.
1054 212 1104 241 XI.
1124 212 1153 241 S.
1176 213 1289 243 GREG.

1731 218 1798 250 125R
1811 251 1815 255 ,

183 267 230 292 mi
242 266 275 293 ".
294 265 332 293 Tu
359 275 422 293 vero
439 276 545 302 oppone
563 269 680 297 Verbum
708 271 808 304 ipsum,
826 275 849 295 ct
869 268 967 295 Filium
988 269 1005 296 Α
1020 269 1132 294 omnino
1147 269 1314 301 sustulisset,
1332 270 1396 304 quid
1412 278 1478 306 opus
1494 272 1597 305 fuisset,
1615 278 1641 301 ut
1656 274 1701 309 qui
1718 275 1802 303 semel

181 311 238 340 Dei.
264 313 342 344 cujus
359 312 416 340 haec
434 314 513 341 rrtba
534 319 597 342 sunt
614 325 620 342 :
638 316 693 350 Ego
714 325 770 342 sum
788 317 864 350 panis
882 317 940 343 vita:
958 325 966 342 :

180 359 223 392 qui
240 359 306 384 venit
330 359 363 384 ad
390 368 436 387 me.
458 369 508 386 non
533 367 638 394 esuriat,
656 368 679 388 et
702 363 746 396 qui
767 363 849 389 credit
867 364 894 389 in
916 371 965 394 me,

179 409 314 436 nunquam
337 404 418 431 sitiet.
446 405 527 432 Patris
551 408 620 432 enim
646 407 693 434 Dri
719 409 762 434 ille
785 415 835 441 est,
859 410 904 444 qui
920 409 966 436 de-

178 449 278 476 sreitdit
302 451 335 477 de
359 451 433 483 caelo,
459 458 482 478 et
509 454 554 479 dat
582 454 662 480 vitam
680 456 776 482 mundo
802 456 832 482 “.
862 457 890 482 Si
919 465 965 491 per

179 495 286 522 inanem
321 497 433 532 gloriam
459 499 506 525 tibi
533 499 646 526 insidias
668 501 800 528 struxerit
829 502 906 536 (nam
940 506 966 529 et

179 539 289 568 Christo
307 542 421 570 insidias
448 545 572 579 tetendit)
599 553 632 571 ne
657 553 705 580 per
730 547 884 580 superbiam
905 555 965 574 cor-

178 594 241 613 rnas
257 596 265 613 :
281 589 347 621 quin
365 589 457 623 potius
473 590 499 616 in
523 591 609 624 prima
626 592 773 619 tentatione
789 598 900 620 strenue
916 594 963 621 de-

175 639 260 660 rcrta.
274 632 340 661 Nam
355 635 376 662 si
394 635 421 662 in
436 643 466 663 ea
483 641 507 663 te
519 637 660 664 cedentem
676 645 707 665 ac
720 639 793 666 dicto
807 639 962 666 audientem

176 678 320 711 invenerit,
342 680 552 717 haudquaquam
580 683 624 710 hic
650 685 805 712 consistet:
825 693 918 712 verum
936 690 963 713 et

175 723 323 750 secundam
341 729 367 751 et
383 727 489 753 tertiam
509 728 685 756 tentationem
704 734 786 765 alque
802 731 870 758 alias
887 732 963 759 dein-

175 775 240 801 ceps
257 769 422 801 admovebit.
441 778 533 806 utpote
563 773 720 810 inexplebili
749 777 898 811 cupiditate
914 777 962 805 ﬂa-

174 813 455 846 grans.LenOcinatttr
464 818 583 852 quidem.
596 825 676 854 atque
687 822 784 856 objecti
798 823 860 850 boni
874 823 963 857 specie

175 862 301 892 tanquam
317 859 443 888 illecebra
456 863 573 895 quadam
587 863 723 891 hominem
738 866 838 894 mulcet
850 875 856 893 :
868 875 961 895 verum

174 903 225 930 sub
241 904 320 930 tinem
338 905 364 932 in
381 906 482 933 malum
500 910 664 944 prorumpit.
683 909 744 938 Ihec
759 917 802 939 est
817 913 889 939 enim
906 913 962 940 dia-

175 947 227 974 boli
246 951 382 983 pugnandi
403 952 483 985 ratio,
509 961 605 989 nempe
626 961 654 982 ut
677 964 726 984 nos
751 957 866 986 obscure
882 964 962 995 atque

175 995 282 1020 ol-ciiltc
299 997 482 1029 aggrediatur.
500 1000 587 1033 Atque
603 1002 684 1028 etiam
710 1002 870 1037 Seriptnras
885 1006 963 1032 callet

173 1037 309 1067 diabolus.
329 1039 397 1067 lliuc
424 1043 507 1069 altera
525 1045 635 1078 quidem
662 1055 693 1073 ex
722 1053 796 1080 parte
822 1058 834 1075 a
853 1049 962 1077 Christo

172 1082 283 1114 diritur.
311 1086 439 1120 scriptum
460 1092 510 1119 est,
541 1089 611 1122 Quia
626 1099 677 1118 non
693 1093 719 1118 in
737 1094 792 1119 solo
813 1102 878 1128 pane
898 1096 962 1122 viret

171 1127 249 1154 liomo
261 1130 297 1163 ης
313 1131 395 1158 altera
411 1138 501 1160 autem
515 1143 546 1162 cx
562 1141 636 1170 parte
651 1137 708 1171 ipso
725 1139 811 1169 hoste.
828 1141 960 1174 scriptum

171 1178 224 1203 est.
236 1175 307 1207 Quia
319 1177 420 1210 angelis
431 1179 486 1206 suis
500 1181 635 1208 mnitdabit
646 1183 678 1209 de
696 1188 720 1210 te
729 1185 761 1210 ".
774 1186 817 1217 At,
827 1194 843 1211 0
855 1187 962 1221 sapiens

172 1219 205 1246 ad
218 1221 456 1255 malefaciendum,
468 1225 566 1253 dixerit
577 1226 709 1255 Jeremias
718 1230 739 1245 "
751 1231 756 1256 l
769 1231 789 1257 0
801 1231 857 1258 vitii
867 1219 962 1260 auctor

172 1270 199 1290 et
210 1267 348 1300 magister,
359 1269 422 1302 quid
434 1271 479 1295 tibi
489 1271 597 1303 accidit,
608 1278 635 1299 ut
646 1274 800 1302 Davidirum
809 1277 909 1304 dictum
920 1278 962 1305 in-

172 1314 276 1344 tegrum
291 1319 343 1338 non
359 1315 530 1346 produxeris,
549 1324 642 1344 verum
661 1320 732 1352 quod
748 1322 869 1354 sequitur
897 1331 961 1357 sup-

173 1356 307 1388 presselis
323 1367 328 1383 τ
343 1358 428 1392 Super
451 1361 568 1395 aspidem
589 1368 613 1389 ct
645 1365 797 1393 basi/iscum
821 1356 959 1395 ambulatio

169 1404 194 1426 et
204 1402 364 1430 conculcabo
377 1405 409 1436 ",
421 1411 447 1432 et
461 1407 537 1440 juxta
552 1408 650 1436 Christi
665 1412 716 1437 inci
729 1414 903 1446 promissum,
914 1423 961 1449 po-

173 1450 298 1472 testatem
315 1449 446 1482 accipiam
470 1451 592 1478 calcundi
611 1462 688 1487 super
705 1463 834 1490 serpentes
847 1464 871 1485 et
888 1467 959 1485 scor—

169 1492 270 1525 piones.
283 1498 308 1519 et
323 1502 422 1521 omnem
434 1499 576 1529 potentiam
590 1499 689 1526 inimici
699 1501 731 1526 ".
743 1501 850 1534 Quodsi
865 1512 959 1532 rursus

171 1541 197 1563 te
212 1545 259 1572 per
275 1540 415 1566 avaritiam
435 1541 562 1577 frangere
577 1552 607 1571 ac
623 1554 752 1579 superare
768 1548 884 1576 adnixus
901 1549 959 1578 fue-

980 942 999 970 Β

1020 315 1127 348 purgati
1142 319 1244 347 essent,
1260 314 1356 342 iterum
1370 324 1401 343 ac
1415 318 1503 351 tertio,
1516 325 1595 353 atque
1609 321 1676 348 adeo
1690 322 1803 349 assidue

1018 362 1220 396 purgarentur?
1234 361 1311 388 Nunc
1327 370 1390 389 vero
1404 365 1474 397 quod
1490 365 1580 391 eadem
1599 374 1640 393 res
1655 367 1800 395 identidem

1018 407 1207 440 repete-batur,
1242 408 1428 442 purgationem
1460 417 1520 437 eam
1551 413 1740 445 partirularem
1771 423 1803 442 ac

1021 452 1129 479 brevetn
1147 458 1174 480 et
1190 453 1320 480 caducam
1342 454 1425 482 fuisse
1437 457 1579 490 perspicue
1595 459 1694 493 arguit,
1706 467 1802 493 quem-

1018 498 1162 525 admodum
1178 504 1205 526 et
1220 498 1304 526 Paulo
1322 500 1419 534 placet.

1052 543 1111 570 Col.
1133 544 1181 570 571
1206 544 1234 571 Β.
1257 545 1432 578 Baptizemur
1457 547 1543 580 hodie,
1565 556 1595 575 nc
1620 557 1678 575 cras
1704 550 1727 575 vi
1751 551 1802 577 ali-

1017 599 1086 624 qua.
1115 595 1167 617 ctc.
1195 590 1226 617 ".
1254 590 1401 626 Postquam
1431 592 1586 628 Thcologus
1615 595 1802 629 Superioribus

1017 635 1108 662 verbis
1126 635 1157 661 ad
1180 635 1344 670 baptismum
1360 638 1562 672 suscipiendum
1578 647 1627 667 nos
1641 641 1801 668 adhortatus

1016 686 1076 710 cat.
1107 689 1199 713 nunc,
1228 686 1256 708 ut
1281 682 1406 709 celeriter
1434 691 1543 718 quoque
1572 686 1622 712 hoc
1649 685 1800 718 faciamus,

1016 725 1154 760 impellere
1179 732 1302 757 conatur,
1326 728 1367 754 his
1387 729 1476 756 verbis
1497 735 1576 758 utens
1599 739 1606 758 :
1628 731 1801 766 Baptizcmur

1016 772 1106 804 hodie,
1123 780 1157 799 ne
1175 779 1236 799 cras
1254 773 1276 799 vi
1296 773 1385 807 aliqua
1407 775 1510 809 majore
1529 783 1670 810 cogamur,
1689 782 1801 811 urgente

1015 817 1117 844 scilicet
1142 818 1248 849 morbo.
1276 818 1314 845 vel
1344 819 1396 846 alio
1420 821 1536 854 quodam
1556 821 1687 856 periculo,
1703 829 1734 849 ac
1751 830 1799 849 nos

1017 871 1064 898 per
1088 865 1141 890 vim
1167 865 1200 891 ad
1229 865 1394 898 baptismum
1424 868 1594 900 pertrahente
1611 877 1618 896 ε
1637 873 1701 896 tunc
1727 870 1799 896 enim

1016 918 1069 937 non
1087 915 1139 936 tam
1157 910 1309 944 baptizatur
1325 911 1469 945 quispiam,
1488 920 1569 947 quam
1588 914 1720 941 violenter
1737 923 1798 949 pre-

1017 955 1109 981 mitur.
1124 954 1281 989 Baptismus
1299 956 1457 983 beneticinm
1474 963 1524 990 est,
1538 958 1683 985 criminum
1702 961 1798 987 remis-

1015 1001 1118 1027 sionem
1130 1000 1257 1028 efferens.
1271 1000 1368 1034 Quare,
1380 1010 1431 1028 non
1445 1003 1555 1037 perinde
1565 1009 1645 1038 atque
1657 1005 1796 1039 injuriam,

1014 1048 1036 1074 si
1049 1046 1194 1074 confestim
1211 1047 1390 1081 baptizemur,
1406 1057 1478 1082 accc;
1490 1051 1553 1082 tnri,
1569 1051 1729 1078 beneficium
1748 1053 1798 1078 hoc

1014 1094 1040 1120 in
1060 1093 1168 1128 longius
1185 1098 1291 1127 tempus
1309 1094 1475 1128 rejiciamus.
1502 1103 1588 1130 neque
1611 1102 1797 1131 exspectemus

1013 1139 1077 1165 dum
1098 1139 1172 1173 plura
1189 1145 1297 1173 peccata
1321 1142 1549 1175 congesseritnus,
1567 1147 1597 1168 ut
1615 1143 1691 1177 plura
1718 1143 1797 1170 nobis

1012 1185 1211 1213 eondonentur.
1238 1186 1293 1214 Nec
1317 1187 1455 1214 Christum
1481 1195 1676 1222 cauponemur,
1703 1189 1794 1216 dirext-

1012 1231 1107 1258 dentes
1133 1231 1283 1264 Christum,
1313 1234 1364 1260 hoc
1390 1237 1440 1265 cst,
1466 1233 1565 1261 Christi
1594 1235 1758 1268 haptismuu.
1789 1243 1794 1260 :

1012 1276 1084 1310 quod
1111 1277 1220 1311 quidem
1249 1278 1355 1310 accidit,
1375 1286 1437 1304 cum
1467 1287 1513 1312 per
1543 1279 1708 1314 voluptatum
1738 1279 1795 1307 illc-

1011 1322 1105 1349 Cehras
1129 1330 1191 1350 eum
1210 1323 1366 1357 prodimus.
1385 1323 1440 1351 Nec
1459 1324 1596 1351 Christum
1615 1332 1794 1358 emercemnr,

1011 1369 1062 1394 hoc
1081 1372 1131 1399 est,
1148 1368 1273 1403 baptismi
1299 1370 1413 1402 gratiam
1430 1371 1501 1396 velut
1517 1371 1602 1404 pretio
1619 1371 1793 1402 redimentes,

1011 1420 1126 1447 eantque
1141 1414 1228 1440 morbi
1240 1419 1286 1441 aut
1302 1415 1372 1441 alius
1388 1414 1529 1449 cujusdam
1546 1415 1659 1449 periculi
1675 1421 1795 1450 tempore

1012 1457 1186 1490 acquirentes
1201 1466 1208 1491 ;
1228 1459 1346 1493 κάπηλοι
1365 1459 1435 1485 enim
1452 1459 1580 1486 dicuntur
1593 1460 1637 1494 qui
1655 1460 1773 1486 vendunt
1787 1479 1793 1489 .

1010 1503 1126 1538 ἔμποροι
1149 1508 1239 1530 autem
1278 1504 1323 1538 qui
1352 1508 1455 1530 emttnt.
1484 1503 1648 1537 Timeamus,
1675 1512 1708 1531 ne
1730 1505 1793 1532 dum

1011 1548 1203 1582 redemptionis
1221 1556 1252 1576 ae
1269 1550 1354 1576 venia:
1373 1557 1419 1584 spe
1436 1550 1518 1577 multa
1540 1551 1602 1577 vitia
1621 1551 1699 1578 nobis
1718 1551 1794 1578 colliv

170 1583 216 1614 Γῑιι
234 1589 315 1619 atque
331 1587 450 1614 extensis
474 1596 528 1616 uno
550 1593 679 1625 tctnpmis
705 1599 843 1622 momento
866 1598 991 1638 regnisc
1011 1592 1109 1626 gimus,
1136 1593 1171 1620 ita
1197 1599 1337 1628 peccatum
1366 1603 1535 1629 aggeramus,
1558 1600 1587 1622 ut
1605 1597 1793 1623 retniss‘oncm

169 1631 296 1658 omnibus
318 1632 504 1661 adorationcm
521 1643 535 1662 ει
553 1641 577 1663 te
600 1639 729 1670 ('Xt‘gctll,
745 1647 807 1666 cum
833 1647 862 1668 ιιι
886 1631 953 1676 pau-

170 1682 259 1708 perem
276 1684 434 1711 aspernare.
452 1679 548 1706 Omnia
566 1683 638 1708 enim
656 1683 700 1709 Dei
717 1690 789 1717 sunt,
810 1694 858 1713 nec
875 1687 955 1721 quid-

167 1728 249 1754 quam
267 1722 364 1749 diaboli
389 1730 487 1758 przetcr
503 1727 610 1754 vitium.
629 1729 685 1762 Dic,
702 1730 840 1758 Christum
859 1733 952 1764 indui;

168 1766 205 1792 ait
223 1767 294 1793 enim
318 1769 464 1802 Apostolus
482 1780 488 1797 :
507 1772 640 1807 Quotquot
655 1775 680 1801 in
695 1775 801 1803 Christo
826 1779 955 1812 baptizati

165 1812 240 1843 estis,
257 1813 307 1839 hoc
320 1819 371 1844 est,
387 1821 519 1851 quotquot
533 1818 610 1852 juxta
626 1820 724 1847 Christi
743 1823 795 1849 vim
813 1832 842 1850 ac
858 1829 952 1858 poten-

165 1858 243 1890 tiam,
260 1860 417 1886 tirmissimo
431 1864 557 1896 praesidio
573 1865 695 1893 homines
709 1870 951 1902 connuunicntem,

164 1903 291 1930 induistis
307 1905 340 1935 ".
359 1907 397 1933 vel
414 1909 494 1934 etiam
510 1918 568 1936 eam
586 1911 687 1939 Christi
705 1912 818 1940 formam
835 1921 859 1942 et
877 1917 953 1944 simi-

164 1948 315 1982 litudinem,
343 1960 422 1986 quam
451 1953 602 1988 baptismus
628 1956 781 1991 insculpsit.
799 1959 827 1986 ln
845 1961 952 1988 Christo

164 1999 364 2023 transtnntatns
391 2006 462 2029 sunt,
489 2000 540 2026 hoc
565 2006 617 2032 est,
645 2003 864 2031 transfortnatus.
892 2006 951 2040 Ipse

162 2047 271 2075 quoque
300 2042 345 2068 Dei
366 2043 456 2078 imago
474 2052 547 2076 sum,
574 2054 661 2080 neque
681 2055 695 2073 a
720 2057 836 2083 superna
864 2052 949 2085 gloria

161 2092 273 2120 propter
297 2088 453 2121 superbiam
482 2090 571 2118 adhuc
598 2094 697 2124 excidi,
721 2096 949 2128 quemadmodum

163 2133 222 2164 tibi,
239 2133 361 2167 improbe
377 2134 500 2169 spiritus,
519 2138 626 2164 accidit.
645 2139 700 2166 liae
716 2141 841 2168 oratione
855 2143 950 2170 adver-

161 2178 252 2205 sarius
276 2178 464 2213 proﬂigabitur
480 2190 511 2209 ac
528 2185 701 2218 propelletur,
721 2187 949 2220 quemadmodum

161 2231 176 2249 a
191 2223 300 2250 Christo
318 2225 448 2258 primario
477 2228 577 2254 lumine.
589 2249 596 2260 ,
617 2229 653 2256 i.a
669 2232 749 2258 etiam
768 2233 802 2259 ab
819 2233 860 2260 his
875 2235 919 2269 qui
936 2243 950 2262 a

1010 1639 1116 1666 interim
1143 1647 1196 1667 non
1225 1648 1436 1675 consequamur.
1463 1641 1688 1676 Quandoquidem
1717 1645 1794 1670 navis

1008 1686 1138 1712 mercium
1180 1687 1286 1720 pendus
1319 1687 1410 1721 aliquo
1439 1695 1524 1722 usque
1563 1687 1656 1715 suliert
1687 1698 1693 1716 :
1723 1689 1794 1717 u’tra

1008 1731 1117 1758 modum
1133 1737 1221 1759 autent
1242 1738 1352 1760 onerata
1368 1733 1540 1768 deprimitur.
1556 1735 1687 1769 aquisque
1702 1735 1794 1762 obrui-

1008 1783 1060 1805 tur.
1090 1778 1251 1810 Caveamus,
1280 1788 1313 1805 ne
1337 1787 1398 1806 cum
1427 1781 1524 1806 similia
1554 1781 1598 1812 iis,
1618 1786 1699 1816 atque
1724 1782 1792 1808 adeo

1006 1824 1084 1851 venia
1103 1824 1206 1858 majora
1230 1829 1256 1851 et
1273 1826 1395 1859 graviora
1414 1826 1516 1860 ﬂagitia
1535 1829 1793 1861 perpetraverimus,

1006 1874 1151 1904 antequam
1182 1875 1305 1904 speratos
1335 1876 1429 1905 potttts
1454 1873 1612 1906 touspieere
1640 1880 1791 1907 queamus,

1006 1915 1180 1948 naufragium
1200 1915 1343 1947 faciamus,
1359 1923 1389 1942 ac
1411 1922 1497 1943 morte
1515 1918 1638 1951 prazrepti
1658 1918 1792 1952 baptismo

1006 1962 1161 1988 multetnur.
1187 1961 1255 1994 Quid
1281 1967 1387 1996 tempus
1411 1962 1475 1988 illud
1502 1968 1654 1996 esspectas,
1682 1965 1708 1990 in
1737 1973 1791 1999 quo

1004 2015 1124 2041 persupe
1150 2015 1184 2034 ne
1224 2007 1338 2034 rationis
1365 2008 1474 2042 quidem
1504 2009 1589 2042 ipsius
1618 2017 1728 2044 compos
1763 2019 1792 2037 es

1006 2053 1093 2086 (umlti
1109 2053 1180 2079 enim
1190 2060 1221 2080 ex
1237 2052 1319 2079 febris
1335 2058 1401 2080 wstu
1420 2054 1553 2080 insaniam
1572 2058 1792 2088 contraxerunt),

1004 2099 1115 2132 quando
1129 2103 1155 2125 et
1170 2099 1261 2132 lingua
1283 2099 1367 2126 fracta
1383 2104 1409 2126 et
1424 2100 1563 2126 debilitata
1581 2105 1632 2133 est,
1652 2108 1700 2128 nec
1717 2102 1792 2128 salu-

1006 2144 1084 2171 tifera
1104 2145 1181 2171 verba
1211 2145 1334 2180 proloqui
1354 2149 1453 2180 potest,
1471 2153 1531 2172 cum
1550 2146 1612 2178 alia,
1639 2151 1694 2172 tum
1719 2147 1790 2181 quod

1004 2190 1111 2217 Satanae
1143 2191 1267 2218 nuntium
1301 2192 1433 2223 remittis,
1462 2197 1489 2218 et
1519 2192 1620 2219 Christi
1650 2193 1791 2219 ordinibus

1004 2236 1178 2269 adjungeris?
1193 2236 1228 2263 Ut
1244 2237 1310 2263 nihil
1327 2238 1435 2271 gravius
1449 2238 1548 2269 dicam,
1564 2239 1633 2264 velut
1650 2239 1721 2272 quod
1740 2246 1789 2265 nec

160 2269 270 2296 Christo
282 2271 432 2298 collustratt
449 2272 559 2300 fuerint.
576 2274 651 2302 llanc
667 2277 781 2309 gratiam
796 2278 829 2304 iis
843 2279 949 2307 confert
965 2275 990 2305 D
1005 2281 1032 2307 in
1062 2281 1160 2307 malum
1181 2289 1277 2308 manus
1305 2269 1428 2309 attollere
1455 2287 1530 2316 potes
1543 2304 1550 2316 ,
1580 2291 1629 2310 nec
1658 2285 1682 2309 in
1710 2283 1790 2316 pedes

159 2314 323 2349 baptismus,
350 2317 396 2350 qui
426 2317 511 2352 ipsius
536 2321 651 2353 gratiam
670 2326 834 2355 agnoscunt.
858 2323 963 2358 Baptir

160 2367 254 2386 zunur
271 2360 362 2395 itaque
379 2367 407 2389 ut
425 2363 566 2391 victoriam
584 2365 735 2393 referamus
753 2375 760 2394 :
775 2370 950 2405 quandoqui-

162 2406 221 2432 dem
239 2405 362 2434 Christus
381 2413 442 2442 post
462 2410 629 2445 baptismum
649 2417 811 2440 tentatorem
841 2423 950 2449 posua-

158 2451 206 2482 vit,
231 2459 292 2478 eum
320 2457 374 2480 tres
400 2455 449 2488 ipsi
477 2458 642 2484 teutationes
668 2458 848 2490 adhibuisset.
877 2461 947 2496 gulae

159 2497 274 2530 scilicet,
293 2498 382 2525 inanis
395 2501 498 2534 gloriaz,
514 2507 540 2529 et
555 2504 685 2531 avaritite.
703 2504 882 2539 Lustralium,
899 2515 946 2534 seu

162 2543 298 2576 baptismi,
316 2553 447 2579 aquarum
468 2549 612 2583 participes
638 2550 736 2582 simus,
763 2559 823 2586 quae
839 2553 947 2587 quidem

162 2588 293 2622 legalibus
311 2591 516 2625 purgationibus
540 2595 742 2627 praestantiores
760 2603 835 2628 sunt.
854 2607 950 2633 nempe

164 2634 292 2668 hyssopo,
307 2637 449 2668 sanguine,
463 2643 490 2664 et
502 2639 593 2666 cinere
608 2641 709 2672 vitula}.
728 2650 787 2675 quae
800 2651 815 2669 a
831 2650 948 2675 tnorluo,

162 2681 201 2706 vel
220 2680 336 2714 lcproso.
355 2680 395 2707 vel
411 2682 462 2708 alia
478 2685 593 2716 quadam
613 2686 770 2719 hujusmodi
789 2697 817 2715 re
833 2689 950 2722 pollutos

161 2731 186 2754 et
218 2727 373 2761 inquinatos
411 2731 590 2763 aspergebat.
634 2739 788 2767 corpusque
820 2734 950 2761 duntaxat

161 2774 303 2808 purgabat,
317 2773 399 2808 idque
412 2774 445 2800 ad
462 2775 543 2802 breve
560 2780 677 2811 tempus.
691 2777 757 2805 Nam
771 2779 792 2805 si
807 2785 947 2814 peccatum

197 2875 217 2889 “
236 2875 328 2902 Matth.
347 2883 382 2906 tv.
398 2877 424 2902 .I.
465 2874 486 2891 “
500 2875 577 2904 Jaau.
597 2885 622 2904 η
651 2878 695 2908 55,

163 2909 204 2936 Η).
243 2911 265 2926 ⁵³
282 2910 371 2938 Galat.
384 2920 425 2942 ιιι,
441 2912 486 2938 27.
525 2912 548 2926 ⁵⁸
567 2913 647 2939 llchr.
667 2921 711 2944 vn,
729 2914 775 2940 ‘27.

323 2959 447 2987 l‘ATttI'L
482 2958 528 2988 GR
565 2959 716 2988 (lX'lel.

802 2879 824 2894 ⁸⁵
841 2878 912 2907 Daal.
932 2881 1029 2912 xc,ll.

1004 2333 1162 2359 exsurgere,
1192 2333 1240 2352 nec
1267 2326 1437 2354 adet-alienis
1464 2335 1545 2354 causa
1575 2336 1642 2362 genu
1671 2328 1789 2355 lla'clet‘c.

1003 2371 1138 2404 Quorirca
1167 2371 1198 2397 ad
1230 2371 1416 2406 baptismum,
1447 2373 1518 2398 velut
1545 2374 1577 2399 ad
1607 2373 1788 2406 bent-licium,

1002 2422 1130 2443 contento
1145 2422 1171 2443 et
1196 2417 1279 2443 citato
1304 2424 1383 2444 cursu
1405 2425 1530 2452 propera.
1548 2420 1668 2452 quandiu
1685 2425 1710 2445 et
1725 2427 1787 2445 eor-

1003 2470 1067 2496 pore
1090 2468 1117 2490 et
1142 2463 1234 2489 animo
1262 2463 1356 2493 vales.
1384 2471 1433 2490 nec
1459 2464 1486 2490 in
1513 2464 1628 2491 aliorum
1656 2469 1788 2498 potestate

1005 2509 1106 2534 bonum
1127 2513 1203 2535 tuum
1227 2509 1309 2535 situm
1335 2513 1386 2541 est,
1409 2509 1459 2536 hoc
1484 2514 1535 2542 est,
1561 2514 1736 2544 cognatorum
1761 2516 1789 2537 et

1005 2562 1104 2588 genere.
1120 2554 1347 2588 propinquorum,
1362 2562 1454 2581 verum
1472 2555 1509 2581 tui
1526 2555 1611 2588 ipsi'ts
1624 2561 1664 2581 (πει
1681 2555 1786 2581 arbitrii

1005 2602 1055 2627 huc
1072 2600 1245 2632 bencliciutn,
1265 2600 1397 2627 hactenus
1415 2601 1527 2633 scilicet.
1545 2606 1573 2628 ut
1591 2601 1632 2628 vel
1657 2602 1786 2636 occipias,

1002 2645 1041 2671 \el
1075 2646 1214 2679 repudies.
1247 2646 1372 2678 Quantliu
1407 2646 1468 2673 fidei
1500 2647 1625 2680 pietatem
1657 2648 1785 2682 consequi

1003 2695 1089 2724 potes,
1108 2691 1209 2717 nullam
1226 2691 1352 2718 videlicet
1366 2692 1564 2719 dubitationem
1581 2693 1678 2719 animis
1694 2701 1786 2720 eorum

1001 2737 1046 2770 qui
1079 2738 1178 2764 adsunt
1201 2738 1336 2772 injiciens,
1364 2739 1566 2773 baptismuntue
1596 2741 1726 2772 sensi-ris,
1754 2749 1785 2767 an

1000 2789 1062 2808 vero
1083 2783 1157 2809 nullo
1184 2791 1279 2810 eorum
1313 2792 1372 2818 que
1395 2790 1523 2819 gerantur
1549 2793 1630 2812 Sensu
1652 2788 1786 2816 allii-atris,

1640 2885 1662 2900 “
1679 2883 1744 2910 Luc.
1759 2891 1785 2913 Χ,

1068 2881 1091 2896 ⁸⁸
1106 2879 1205 2908 Jerctn.
1224 2890 1259 2914 tv,
1276 2883 1320 2908 ‘22.
1360 2883 1380 2896 ⁵¹
1398 2883 1469 2910 l’sal.
1490 2892 1530 2915 xc,
1560 2885 1601 2910 15.

1571 2963 1607 2990 40
