2027 3162
209 231 276 264 1259

933 223 1122 254 .\DDENI).\.

1778 216 1847 247 i910

206 297 301 316 \‘rrunt
326 295 347 313 ct
360 292 400 314 rto
429 291 508 320 atque
536 283 690 311 indubitato
710 289 770 308 eam
792 280 907 315 gratiam
935 286 997 313 per-
1013 280 1035 307 Α
1051 285 1082 305 ac
1096 278 1240 305 sanitatem
1258 278 1337 313 quasi
1356 277 1408 304 lata
1426 276 1562 304 sententia
1578 275 1748 310 pronuntiat.
1767 276 1800 301 At
1819 281 1848 300 ιιι

207 334 311 369 eipiens
333 340 339 359 :
360 339 408 358 nec
430 330 632 357 nus-elationem
658 334 771 352 movens
797 330 825 351 ut
850 331 932 350 sensu
954 330 997 348 or-

208 381 297 411 batus,
313 378 358 406 sed
375 376 583 412 gratulationem
600 377 626 399 et
642 372 760 403 laudem,
780 375 807 396 ut
824 369 932 396 cwlesle
948 369 998 394 hoc

208 427 310 453 donum
331 423 415 457 probe
441 420 574 449 sentiens.
601 417 728 451 Quanditt
756 416 932 450 perspicuum
949 414 997 440 tibi

208 472 309 497 donum
326 474 368 495 est
392 472 418 494 et
434 471 627 501 spontaneum.
646 471 676 490 ac
693 469 746 489 non
765 469 790 488 ιιι
816 459 899 487 dubio
925 464 999 490 sunt,

209 517 254 550 qui
275 520 300 542 te
314 514 504 543 circumstant,
520 519 554 538 an
569 510 616 537 tibi
633 513 803 544 perspectum
817 514 847 532 ac
860 506 998 540 cognitum

209 562 299 592 fuerit,
320 567 416 587 necne.
435 557 502 584 Nam
520 558 542 584 si
558 559 608 583 hoc
625 555 787 591 mysterium
805 552 925 580 sentiens
940 552 1002 578 lzclo

209 611 289 640 atque
318 605 398 632 hilari
431 605 524 631 anitno
557 602 722 636 baptistnttm
758 599 898 633 suscipis,
929 602 1003 624 certe

210 652 337 678 intimum
357 655 452 684 pectus
468 654 551 684 atque
574 648 693 674 animam
715 646 800 681 gratia
828 644 914 679 tetigit
935 644 1001 670 :sin

209 701 299 724 autem
320 703 373 723 non
402 702 565 730 agnoscens,
583 694 639 728 jaut
667 700 718 720 uec
743 691 897 726 baptismus
917 690 1004 724 bapti-

211 750 288 770 smus
299 747 350 774 est,
361 750 456 768 verum
473 741 594 767 funebris
611 739 745 766 duntaxat
760 738 883 772 corporis
901 736 1003 762 alllulio

210 789 336 816 eilicitur.
363 788 489 822 Quandiu
516 788 588 815 circa
614 791 641 813 te
668 785 811 821 propinqui
837 790 863 811 et
888 791 1004 810 consan-

212 835 303 870 guinei
332 835 467 870 lacrymas
487 841 540 860 non
559 833 676 860 fumium
702 832 797 858 mortis
826 831 939 861 indices,
964 829 1004 855 ναι

212 882 296 908 etiam
314 881 403 915 potius
428 888 475 908 eas
501 881 624 907 inhibent
649 887 681 906 ac
707 879 869 913 reprimunt,
887 885 921 904 ne
937 882 962 904 te
978 877 1004 904 in

213 928 365 963 graviorem
390 934 536 955 intereram
554 934 585 953 ac
601 925 820 961 desperationent
845 924 1005 959 conjiciant,

1053 333 1087 353 ue
1110 325 1261 358 committe,
1278 329 1307 351 ut
1332 324 1488 359 hujusmodi
1515 323 1643 350 sudorem
1671 328 1850 357 exspectans.

1054 372 1190 406 baptismo
1212 379 1315 398 Inerant
1333 371 1501 404 interponas,
1517 371 1617 404 quippe
1634 378 1696 397 cum
1721 369 1848 396 accidere

1055 417 1151 452 possit,
1170 422 1199 444 ut
1215 425 1264 452 pro
1278 425 1310 443 eo
1328 416 1435 443 letllalis
1455 415 1540 442 sudor
1556 420 1582 442 te
1597 415 1740 450 corripiat,
1767 423 1849 449 quem

1053 464 1209 499 egredieute
1223 463 1313 490 anima
1330 471 1429 497 corpus
1445 463 1471 489 iu
1488 467 1612 489 extremo
1629 470 1731 497 angore
1747 462 1794 488 fun
1809 464 1852 493 lit,

1055 510 1199 545 prmsentis
1226 510 1285 536 \llﬂ!
1309 512 1388 537 linem
1414 509 1587 536 clamantem.
1613 509 1686 542 Quill
1714 510 1807 544 pOlitlS
1826 514 1852 536 te

1057 559 1144 593 ipsum
1164 558 1372 588 commiserare,
1391 558 1437 590 qui
1463 555 1632 583 inﬁrmitatis
1654 555 1753 582 anima:
1777 564 1853 582 eom-

1058 605 1236 632 modissimus
1259 612 1287 630 es
1306 603 1440 630 medicus.
1463 602 1531 629 Dum
1552 602 1674 630 secundo
1700 606 1780 629 rent--
1805 609 1854 628 na-

1058 651 1150 686 vigas,
1180 651 1240 677 \‘itse
1271 649 1467 685 tranquillitate
1496 657 1527 675 ac
1557 648 1714 676 valetudine
1746 648 1854 682 integaa

1059 696 1165 727 fruens,
1193 695 1320 730 baptismi
1350 694 1523 730 naufragium
1554 703 1560 720 :
1593 694 1664 729 quod
1694 699 1784 720 morte
1814 695 1855 723 lit.

1060 743 1142 776 little;
1162 742 1197 769 ita
1217 742 1272 773 lict,
1292 747 1320 769 ut
1335 742 1410 768 ntlllo
1430 741 1511 768 modo
1528 740 1703 776 naufragium
1726 740 1854 775 patiaris.

1060 788 1126 816 Nam
1142 788 1165 815 si
1182 788 1316 818 timueris.
1333 787 1458 823 proferto
1473 786 1667 821 baptizaberis.
1685 785 1757 813 Lacte
1772 791 1856 820 atque

1061 833 1187 860 hilariter
1201 832 1355 867 baptismus
1369 831 1537 864 celebretur,
1552 831 1578 857 iu
1594 831 1712 858 sanitate
1730 830 1858 857 videlicet

1060 883 1085 906 et
1099 879 1200 913 gaudio
1216 886 1230 905 a
1248 883 1273 905 te
1290 882 1446 912 susceptus,
1464 885 1518 904 non
1537 882 1627 904 autem
1644 875 1789 907 deﬂealur,
1806 875 1858 902 hoc

1062 931 1114 958 est,
1138 932 1192 952 non
1216 925 1242 951 in
1265 924 1361 951 morbo
1385 924 1526 959 animique
1551 931 1669 950 mmrore
1692 923 1859 957 accipiatur.

214 973 287 1000 velut
303 981 334 1000 ea
361 980 389 1000 re
408 977 523 1000 mortem
552 972 600 999 tibi
628 971 772 1007 perspicue
797 970 1002 998 denuntiantes.
1024 963 1117 998 BNcc
1143 971 1272 1006 baptismi
1300 971 1429 998 tatem“...
1456 971 1504 997 aus
1528 975 1552 996 re
1575 969 1741 1002 (ιοῑοάίεηυι,
1768 970 1858 1004 primo

215 1018 340 1052 Quaudiu
360 1026 413 1045 non
440 1025 511 1045 uxor
526 1023 552 1044 et
569 1017 646 1044 liberi
672 1023 784 1051 peregre
806 1015 951 1042 abeuntem
974 1015 1006 1041 ad

215 1072 274 1091 sese
297 1066 471 1096 convertunt,
491 1063 586 1090 ultima
605 1063 686 1089 verba
711 1070 743 1089 ex
768 1066 793 1088 te
817 1061 913 1089 audire
928 1068 1009 1095 expc-

217 1115 315 1143 teutes,
341 1110 424 1145 idque
449 1114 536 1137 morte
561 1109 710 1144 adurgeute
728 1115 811 1143 atque
828 1107 1008 1135 accelerante.

216 1157 341 1189 Quantliu
371 1164 424 1183 non
454 1161 480 1183 te
507 1163 554 1190 per
581 1154 745 1189 imperitiam
773 1154 842 1181 fallit
868 1153 1008 1185 medicus,

216 1202 387 1236 ingruentem
404 1206 486 1236 atque
501 1201 569 1229 adeo
591 1206 726 1228 astantem
746 1199 800 1235 jam
825 1205 937 1227 mortem
956 1207 1009 1225 non

217 1255 342 1279 cernens,
361 1255 455 1274 verum
481 1247 529 1274 [illi
557 1247 637 1274 horas
655 1247 716 1273 vitae
742 1246 871 1280 largiens,
897 1246 1012 1280 perinde

219 1297 301 1327 atque
325 1301 408 1328 penes
435 1294 523 1328 ipsum
551 1293 698 1320 arbitrium
715 1299 812 1320 earum
840 1300 872 1319 ac
891 1297 1012 1326 potestas

219 1339 264 1365 sit.
280 1337 331 1371 Qui
348 1339 429 1365 etiam
456 1338 541 1366 dubio
553 1339 651 1373 capitis
667 1343 736 1366 uulu
751 1339 861 1365 dubiam
878 1346 911 1366 ac
924 1338 1012 1364 ambi-

220 1391 300 1417 guam
327 1384 374 1411 tibi
399 1383 514 1411 salutem
539 1383 614 1415 facit,
640 1391 668 1411 ut
689 1385 740 1412 hac
766 1389 825 1412 arte
851 1388 1011 1419 sequentem

221 1434 314 1464 postea
331 1429 575 1464 reprehensionem
592 1435 673 1464 atque
698 1430 815 1457 inscitiae
840 1431 969 1464 probrum
988 1435 1013 1456 et

222 1477 430 1503 insectationem
456 1475 554 1512 fugiat,
580 1481 662 1511 atque
680 1482 743 1503 ante
770 1481 884 1503 mortem
902 1475 1012 1511 quidem

222 1521 324 1549 recedit
339 1522 391 1557 (vel
410 1521 592 1557 copiosiorem
618 1524 772 1550 mercedem
790 1529 838 1556 per
857 1521 1015 1556 bujusmodi

222 1575 359 1595 recessum
385 1576 558 1604 exposcens,
588 1570 628 1596 vel
657 1568 817 1603 significans
843 1575 873 1594 se
900 1568 1015 1595 salutem

223 1618 296 1639 luam
313 1621 362 1648 pro
373 1614 516 1648 desperata
533 1622 566 1642 ac
579 1614 718 1648 deplorata
735 1615 846 1645 habere,
858 1621 890 1641 ac
901 1613 1015 1648 proinde

224 1667 273 1686 nec
297 1660 394 1686 adesse
419 1660 500 1695 velle)
528 1665 589 1694 post
607 1664 721 1686 morteul
748 1663 839 1686 autem
864 1660 898 1687 de
923 1662 1016 1686 morbo

224 1705 356 1740 cis-putat,
370 1714 412 1739 ac,
430 1714 463 1733 tte
484 1706 550 1732 artis
567 1714 666 1740 expers
690 1710 716 1732 et
742 1706 854 1740 ignarus
881 1706 1017 1737 rideatur,

223 1758 323 1778 causas
338 1752 470 1786 quasdam
489 1751 602 1786 profert,
621 1752 727 1782 dicens,
746 1752 769 1778 si
787 1752 838 1778 hoc
856 1755 938 1786 atque
954 1752 1018 1778 illud

225 1796 335 1825 fecisset
359 1797 403 1825 llic
418 1798 510 1831 homo,
536 1798 749 1833 haudquaquam
763 1805 778 1824 e
792 1798 845 1825 vita
864 1798 1019 1832 migrasset.

228 1842 399 1879 Baptismum
426 1844 547 1880 suscipe,
573 1844 696 1879 quaudiu
723 1843 837 1871 minitne
863 1844 967 1870 circutn
995 1848 1021 1871 te

226 1895 359 1926 pugnant.
379 1892 401 1918 is
416 1892 463 1926 qui
483 1897 507 1918 te
530 1891 659 1925 baptismi
679 1898 750 1925 aqtta
768 1889 873 1924 tingere
889 1895 978 1923 parat,
996 1894 1022 1916 et

227 1937 274 1971 qui
301 1939 481 1972 pecuniarum
511 1942 620 1964 tuarum
648 1937 735 1964 luci-es
763 1936 871 1963 futurus
896 1940 949 1967 est,
977 1936 1023 1963 ille

227 1983 358 2010 nimirum
383 1985 506 2011 studiose
529 1991 625 2018 agens,
645 1989 726 2018 atque
747 1982 929 2014 contendens,
947 1987 1022 2008 utea

227 2037 289 2064 quae
306 2030 338 2057 ad
360 2031 421 2058 titul:
446 2032 550 2057 exitum
575 2030 733 2058 necessaria
753 2034 827 2061 sunt,
855 2028 1023 2063 suppeditet,

230 2076 282 2102 huc
298 2083 350 2108 est,
368 2082 395 2102 ιιι
413 2081 439 2102 te
453 2076 568 2102 salutari
586 2083 656 2110 aqua
676 2076 772 2109 tingat,
798 2079 826 2101 et
850 2073 1023 2101 Dominienm

230 2127 329 2154 corpus
345 2120 485 2153 impertiat
501 2127 508 2146 :
527 2119 571 2146 hic
586 2125 695 2151 contra,
713 2123 741 2145 ut
757 2122 920 2146 testamento
937 2118 1024 2145 haeres

231 2166 381 2192 scribatur.
397 2164 468 2198 Quid
488 2170 632 2199 exspectas
647 2169 675 2191 ut
691 2164 847 2199 baptismus
864 2164 912 2191 tibi
929 2163 1023 2197 febris,

231 2216 278 2237 aut
293 2210 441 2245 periculosi
460 2211 604 2245 temporis,
619 2217 651 2238 ac
666 2218 720 2237 non
748 2209 840 2245 potius
865 2210 980 2237 rationis
999 2215 1026 2238 ct

231 2258 383 2292 prudentia:
407 2257 555 2292 liberarque
581 2256 730 2284 toluntatis
757 2256 890 2283 benelicio
913 2263 1024 2291 compa~

1062 1025 1173 1052 quoque
1192 1022 1316 1051 tempore
1341 1016 1448 1043 scilicet
1476 1016 1610 1042 utorituro
1628 1024 1634 1041 :
1651 1022 1746 1041 verum
1773 1022 1859 1049 nego-

1064 1064 1179 1090 tiatione
1195 1067 1313 1096 crescat,
1338 1070 1388 1097 per
1409 1062 1492 1089 vitam
1510 1067 1571 1097 pOsl
1593 1062 1760 1096 baptismum
1787 1068 1861 1089 recte

1064 1118 1095 1138 ac
1109 1110 1238 1145 praeclare
1250 1109 1414 1137 institutam.
1427 1108 1498 1136 lnter
1512 1108 1680 1144 baptismum
1692 1112 1719 1134 et
1732 1112 1858 1139 mortem,

1065 1157 1169 1192 aliquid
1195 1157 1326 1192 temporis
1344 1156 1506 1187 intercedat,
1531 1159 1560 1182 ut
1578 1163 1632 1182 non
1657 1155 1741 1181 modo
1764 1163 1860 1182 sacra-

1067 1208 1187 1230 mentum
1209 1207 1236 1230 et
1253 1207 1427 1238 peccatorum
1452 1201 1655 1234 remissionem,
1671 1209 1754 1236 quam
1773 1202 1862 1236 bapti-

1067 1258 1143 1277 smus
1167 1249 1256 1282 atl'erl,
1282 1249 1384 1276 habeas
1406 1256 1525 1275 :verum
1550 1248 1632 1278 etiam
1657 1248 1812 1275 mercedem
1830 1255 1863 1274 ac

1067 1296 1318 1324 remuneralimtem
1345 1294 1476 1330 accipias,
1503 1299 1533 1321 ut
1558 1293 1605 1329 qui
1633 1294 1745 1321 virtutis
1769 1295 1863 1321 studio

1068 1342 1238 1369 incubueris.
1272 1340 1339 1368 Nam
1371 1348 1461 1375 parvae
1491 1339 1602 1374 quidem
1633 1343 1716 1373 atque
1748 1339 1863 1373 abiecte

1069 1389 1167 1416 anima:
1193 1388 1354 1423 prmclarum
1384 1390 1515 1414 censetur
1541 1393 1652 1420 prauam
1681 1385 1767 1412 solam
1795 1385 1865 1412 eﬂu~

1069 1441 1133 1469 gere
1150 1443 1157 1460 :
1173 1438 1201 1467 at
1217 1434 1262 1468 qui
1279 1432 1364 1460 animi
1382 1432 1571 1468 magnitudine
1589 1431 1722 1467 praeditus
1738 1435 1793 1464 est,
1809 1439 1863 1458 non

1070 1480 1151 1507 modo
1179 1479 1297 1507 salutem
1324 1483 1351 1505 et
1380 1479 1508 1510 veniam,
1539 1477 1586 1505 sed
1615 1477 1703 1512 majus
1731 1477 1863 1512 quiddam

1069 1526 1150 1553 etiam
1169 1525 1277 1561 quatrit,
1299 1524 1438 1552 ccelestem
1461 1531 1559 1558 nempe
1578 1523 1695 1558 gloriam
1717 1527 1745 1550 et
1769 1523 1863 1558 splen-

1070 1571 1175 1598 dorem.

1107 1617 1164 1644 Col.
1179 1617 1232 1644 διδ
1242 1617 1273 1644 C.
1288 1618 1349 1644 Tres
1376 1617 1445 1643 enim
1461 1623 1551 1642 eorum
1573 1615 1619 1650 qui
1644 1615 1759 1642 salutem
1776 1623 1867 1641 tollu-

1070 1669 1199 1700 quuntur,
1215 1669 1268 1691 etc.
1288 1662 1448 1690 Postremus
1473 1669 1568 1688 eorum
1585 1661 1632 1696 qui
1650 1666 1753 1688 atterna
1774 1662 1865 1688 salute

1072 1711 1219 1740 donantur,
1238 1710 1349 1744 gradus,
1380 1715 1523 1736 servorum
1551 1711 1604 1738 est,
1621 1713 1684 1734 cum
1715 1706 1778 1740 quis
1799 1715 1865 1740 sup-

1072 1754 1216 1788 pliciorqu
1246 1758 1330 1785 metu,
1368 1752 1477 1779 virtutis
1513 1751 1634 1778 studium
1675 1752 1866 1786 amplectitur.

1072 1797 1179 1825 Medius
1205 1797 1463 1829 mercenariorum,
1502 1804 1564 1824 cum
1594 1796 1666 1831 quis,
1708 1796 1866 1824 futurorum

1075 1846 1210 1873 bonorum
1226 1845 1422 1880 pollicitatione
1436 1844 1553 1876 illectus,
1567 1843 1660 1878 probis
1679 1848 1761 1876 atque
1779 1843 1868 1870 hone-

1073 1893 1124 1921 stis
1147 1891 1302 1920 actionibus
1318 1892 1439 1926 seipsttm
1468 1890 1580 1918 addicit.
1610 1889 1730 1922 Primus,
1750 1889 1867 1923 aliisque

1074 1940 1181 1967 duobus
1211 1938 1398 1973 prx-stantior,
1430 1937 1549 1965 filiorum
1577 1943 1629 1969 est,
1649 1944 1711 1963 cum
1727 1936 1791 1971 quis
1818 1935 1867 1963 Dei

1074 1992 1170 2012 amore
1184 1984 1316 2020 ﬂagrans,
1333 1984 1462 2019 praeclare
1477 1984 1560 2011 vitam
1579 1983 1699 2011 Instituit
1720 1992 1727 2010 :
1741 1983 1870 2018 quando-

1074 2031 1184 2066 quidem
1199 2030 1283 2063 lilitts,
1300 2037 1350 2057 nec
1371 2029 1518 2057 verborum
1538 2035 1624 2061 tnelu,
1648 2035 1698 2056 nec
1712 2028 1819 2063 prtemii
1837 2035 1869 2054 ac

1076 2077 1210 2104 mercedis
1225 2084 1283 2111 spe,
1296 2076 1343 2104 sed
1355 2083 1449 2103 arnore
1465 2080 1571 2109 patrem
1586 2074 1653 2101 colit
1675 2078 1758 2109 atque
1776 2074 1870 2101 obser-

1077 2128 1131 2150 vat.
1148 2122 1280 2156 Quamvis
1296 2122 1369 2150 enim
1387 2120 1461 2149 nulla
1474 2121 1507 2147 ad
1527 2127 1590 2148 eum
1616 2120 1801 2147 observantia:
1815 2127 1870 2146 su:

1076 2174 1103 2197 cl
1124 2169 1249 2204 obsequii
1264 2176 1371 2196 merces
1388 2168 1510 2195 reditura
1534 2166 1579 2199 sit,
1597 2167 1649 2194 boc
1664 2166 1754 2201 ipsum
1779 2173 1870 2194 tamen

1079 2216 1214 2244 mercedis
1236 2215 1296 2242 loco
1314 2215 1399 2247 ducit,
1421 2214 1553 2240 nimirum
1571 2221 1602 2241 ea
1618 2220 1680 2247 qua:
1699 2212 1770 2247 patri
1795 2217 1872 2248 grata

1077 2269 1102 2288 et
1122 2266 1231 2297 accepta
1246 2264 1321 2292 sunt,
1338 2261 1462 2294 exsequi.
1481 2258 1544 2286 Haec
1572 2265 1656 2294 porro
1677 2259 1729 2285 tria
1755 2265 1788 2284 ne
1808 2265 1876 2285 con-

234 2304 326 2330 retur?
341 2304 410 2337 Quid
428 2309 582 2338 exspectas,
599 2309 625 2331 ut
643 2305 678 2332 ab
693 2304 782 2331 amico
800 2310 875 2331 certo
891 2304 1024 2331 resciscas
1042 2319 1064 2347 ο
1081 2314 1245 2340 rumpamus,
1272 2306 1351 2333 nobis
1369 2304 1519 2332 cavendum
1552 2309 1604 2336 est,
1621 2303 1716 2338 plagas
1731 2302 1870 2334 videlicet,

233 2351 384 2386 tejamjam
403 2352 578 2385 moriturum,
602 2353 648 2387 qui
675 2352 797 2386 quidem,
815 2356 952 2386 quatenus
977 2352 1024 2378 tibi

232 2398 362 2433 baptismi
378 2398 558 2428 mentionem.
573 2403 602 2425 ut
615 2399 850 2433 perturbationem
868 2399 1025 2430 allaluram,

233 2446 345 2481 injicere
363 2451 504 2482 gravatur,
524 2446 714 2474 insidiatorem
731 2445 779 2472 tibi
796 2453 825 2472 St:
841 2446 953 2480 pratbet,
972 2453 1026 2472 non

233 2492 375 2519 amicum?
404 2493 487 2520 Estne
502 2493 575 2520 enim
593 2494 653 2528 ejus
678 2495 724 2527 qui
753 2497 839 2524 amat,
866 2498 1025 2526 pereuntem

233 2539 351 2565 amicum
365 2545 397 2565 ac
413 2540 472 2566 sine
489 2539 624 2574 baptismo
639 2539 785 2566 abeuntem
800 2537 960 2573 negligere?
973 2538 1029 2564 Cur

234 2585 318 2618 igitur
345 2585 459 2612 liberam
489 2590 652 2620 potestatem
688 2594 741 2612 nou
772 2584 903 2620 pra-fers,
933 2593 1028 2611 verum

235 2631 336 2664 morbi,
364 2637 411 2658 aut
438 2632 509 2658 alius
534 2633 677 2666 cujusdam
707 2631 816 2658 adversi
843 2638 945 2662 casus,
974 2630 1027 2656 vim

235 2683 318 2713 atque
329 2677 535 2712 oppressionem
549 2683 707 2712 exspectas;
723 2677 788 2712 quid
806 2676 933 2703 criticum
947 2675 1030 2702 sudo-

235 2733 305 2757 rem,
330 2725 381 2752 hoc
403 2729 444 2751 est
465 2724 593 2751 sanitatis
609 2729 636 2750 et
653 2724 711 2750 lita:
729 2723 913 2758 pratutmlium
933 2730 1030 2756 exspe-

236 2772 365 2798 ctandqu
383 2777 464 2806 putas
482 2781 488 2797 :
507 2776 626 2805 quatuor
644 2771 715 2797 enim
735 2773 799 2797 sunt
817 2769 888 2804 apud
909 2769 1032 2795 medicos

236 2817 294 2844 d.es
315 2818 349 2844 de
374 2819 534 2852 aegrotantis
561 2817 716 2849 valetudine
740 2816 875 2851 jndicittm
902 2815 1030 2846 ferentes,

237 2866 366 2895 quartus,
393 2863 539 2896 septimus,
568 2870 659 2889 ttonus
691 2868 718 2888 el
747 2861 919 2892 undecimus,
951 2865 1033 2894 atque

238 2907 321 2933 ctiam
346 2915 418 2941 smpe
442 2909 564 2935 decimus
589 2909 686 2935 tertius
709 2917 716 2935 :
743 2909 769 2933 iu
795 2914 913 2941 quorum
939 2906 1032 2938 aliquo

239 2952 323 2979 sudor
349 2953 462 2979 obortus
480 2954 616 2986 morbum,
643 2953 758 2988 judicat,
786 2953 836 2979 nec
861 2958 911 2983 est,
940 2951 1032 2984 solvit,

1079 2361 1105 2382 cl
1130 2355 1296 2384 mercedem,
1325 2360 1357 2380 ac
1381 2351 1442 2384 Dei,
1467 2355 1598 2386 tanquam
1636 2349 1739 2382 Patris.
1767 2349 1872 2377 cultura

1080 2405 1161 2434 atque
1192 2399 1409 2428 observantiam.
1441 2397 1575 2432 Perquam
1608 2397 1682 2424 enim
1723 2396 1874 2423 absurdum

1080 2447 1174 2479 inierit,
1201 2446 1224 2473 si
1253 2445 1363 2480 quidem
1389 2451 1488 2471 aurum
1517 2443 1624 2478 publice
1639 2447 1780 2477 erogetur,
1808 2441 1873 2468 illud

1081 2501 1135 2527 pra:
1165 2492 1226 2519 aliis
1256 2491 1416 2518 hominibus
1447 2498 1553 2525 rapere,
1579 2488 1750 2524 spiritualem
1781 2493 1873 2514 autem

1081 2539 1239 2570 sanitatem,
1256 2545 1316 2573 qua:
1328 2537 1467 2571 baptismo
1483 2541 1670 2570 comparatur,
1697 2535 1724 2561 in
1751 2535 1873 2560 futurum

1081 2585 1195 2619 rejicere
1214 2593 1220 2610 :
1237 2589 1263 2612 et
1278 2592 1340 2610 eum
1367 2583 1446 2610 bilem
1472 2589 1603 2609 evomere
1628 2581 1754 2615 cupiens,
1772 2585 1874 2613 nequa-

1081 2639 1164 2666 quam
1176 2638 1236 2658 eam
1250 2638 1331 2665 prava
1345 2635 1371 2657 cl
1389 2629 1524 2664 flagitiosa
1543 2628 1632 2654 victus
1644 2624 1749 2652 ratione
1761 2631 1875 2658 augeas,

1083 2685 1177 2704 verum
1206 2677 1328 2704 molestis
1350 2677 1440 2708 potius
1470 2673 1632 2700 humoribus
1649 2679 1750 2705 corpus
1771 2671 1877 2698 exhau-

1083 2723 1148 2754 tias,
1165 2723 1263 2749 anima!
1289 2727 1379 2747 tamen
1408 2720 1598 2755 purgationem
1619 2719 1646 2746 in
1665 2719 1739 2746 aliud
1769 2723 1877 2751 tempus

1083 2775 1226 2796 reservare
1246 2774 1277 2794 ac
1311 2766 1517 2793 transmittere:
1546 2772 1666 2800 cumque
1690 2764 1712 2791 si
1732 2763 1875 2790 hominum

1085 2815 1218 2844 servitute
1242 2813 1415 2848 premercris,
1434 2820 1466 2840 ac
1482 2812 1592 2847 publico
1613 2811 1748 2846 prtecunio
1764 2810 1877 2836 libertas

1085 2862 1172 2890 servis
1201 2862 1406 2891 tleceruerctur,
1439 2860 1506 2886 lllllll
1532 2867 1585 2886 non
1615 2857 1737 2884 facturus
1764 2857 1804 2883 sis
1824 2864 1879 2889 quo

1085 2914 1144 2934 eam
1160 2906 1328 2940 assequar-is,
1344 2913 1375 2932 ea
1405 2909 1495 2931 tamen
1522 2912 1583 2931 esse
1600 2903 1739 2932 recordia,
1766 2907 1794 2928 ul
1815 2909 1877 2928 cum

1086 2958 1111 2981 te
1123 2961 1177 2981 non
1196 2952 1351 2982 hominum,
1362 2953 1408 2979 scd
1422 2951 1523 2983 peccati
1542 2959 1579 2978 set
1589 2958 1662 2980 nun,
1672 2949 1705 2976 ad
1726 2948 1878 2976 libertatem
