2027 3162
227 221 296 254 1Ξ63

949 220 1142 252 ADDEXDL

1788 214 1855 246 136i

225 281 392 310 Christianis
426 282 461 309 ita
495 289 574 316 grave
599 280 655 307 fore
696 284 724 305 nt
749 287 779 306 tzc
802 285 882 306 aures
905 278 1014 313 quidem
1031 282 1052 309 Α
1068 279 1151 310 alios;
1172 286 1204 305 ne
1224 278 1321 305 tiatico
1345 285 1450 309 careas,
1467 286 1500 304 ne
1525 277 1571 304 tibi
1597 281 1687 312 pereat
1705 275 1857 303 διιιιιιιιιιιιιι

225 334 321 354 eorum
341 328 411 354 hunc
429 334 585 354 sermonem
603 325 673 353 ferre
689 330 789 360 queattt
809 334 816 352 :
835 332 930 352 verum
949 325 1014 351 sub-

226 373 297 400 dolis
313 374 427 404 artibus,
448 373 518 407 quod
536 373 658 404 molitur,
677 372 729 398 alia
753 371 858 397 ratione
885 370 1015 405 perﬁcere

227 418 328 450 studet,
356 418 459 452 tibique
484 417 649 451 persuadere
681 421 808 449 conatur,
837 416 1014 450 baptismum,

227 468 338 498 propter
371 469 473 496 metunt
501 463 618 496 Scilicet,
648 471 680 490 ac
703 463 863 497 religiosum
887 470 1014 497 pavorem

226 517 356 544 proroges
380 518 384 535 :
406 514 435 536 ut
463 517 494 536 eo
525 510 583 544 ipso
609 509 682 544 quod
708 517 723 536 a
748 510 884 543 baptismo
907 514 1016 544 propter

226 560 326 582 unctum
340 555 453 590 refugis,
467 556 500 582 ab
516 557 567 583 hoc
591 556 665 583 dono
686 563 800 591 prorsus
813 555 934 585 excidas,
954 560 1016 582 ante

226 601 389 634 laptismum
413 602 540 629 videlicet
566 607 653 629 morte
671 603 809 635 abreptus.
826 603 864 628 Ac
888 601 1014 628 diabolus

226 645 334 676 quidem
350 653 382 672 ea
398 650 489 673 mente
513 651 555 674 est
577 656 583 673 :
615 654 664 674 nec
692 655 812 680 unquam
833 647 942 673 malitite
959 653 1016 673 sua:

230 693 309 717 tinem
323 692 481 725 constituet,
498 693 619 727 quandiu
635 701 684 719 nos
708 698 832 719 terrenos
849 693 881 719 ad
904 693 1014 728 angelo—

231 746 290 764 rum
308 738 480 773 dignitatern,
506 747 535 766 ex
555 747 607 773 qua
623 739 680 774 ipse
698 739 859 766 deturbatus
879 747 910 766 ac
928 739 1016 774 dejec-

226 790 269 810 tus
284 789 336 816 est,
348 792 395 818 per
414 785 544 812 honestas
564 790 590 812 et
613 785 753 819 praeclara:
767 785 827 812 vita:
848 785 1017 820 progressio-

229 837 276 855 nes
298 837 442 864 assurgere
467 830 576 858 viderit.
604 831 636 857 At
663 836 689 858 tu
717 831 760 857 fac
791 830 878 864 ipsius
901 831 1016 857 insidias

229 877 350 910 cognitas
366 877 477 903 habeas.
505 877 611 903 Etenim
629 878 660 903 ad
683 878 838 910 habentem,
860 882 888 903 ut
908 877 952 904 ille
966 878 1015 909 ait,

229 921 329 947 invidia
355 922 439 956 serpit
467 931 473 949 :
500 930 531 949 ac
559 923 591 949 de
621 924 702 963 rebps
735 924 861 950 maximis
879 927 1016 950 certamen

228 968 340 999 geritur.
358 967 419 994 Haec
435 973 524 995 autem
540 969 621 995 verba
643 977 649 994 :
675 969 714 996 Ad
743 969 886 996 habentem
915 969 1015 995 invidia

228 1014 322 1046 serpit,
347 1012 491 1047 Sophoclis
523 1020 587 1041 sunt
609 1015 635 1041 iu
661 1015 752 1046 Aiacis
785 1015 927 1050 tragmdia.
945 1015 1016 1048 Quid

227 1058 299 1084 enim
318 1059 443 1093 baptismi
459 1060 575 1093 puritate
590 1060 679 1094 majus
692 1066 715 1088 et
733 1061 933 1088 excellentius?
947 1061 1015 1088 Pro-

229 1105 291 1131 inde
313 1113 367 1139 quo
385 1106 473 1140 major
487 1107 645 1139 thesaurus,
663 1115 696 1133 eo
715 1108 881 1139 accuratius,
901 1108 1016 1142 diligen-

230 1151 337 1185 tiusque
363 1153 410 1178 tibi
437 1153 633 1188 providendum
660 1160 712 1185 est,
741 1162 774 1181 ne
788 1161 849 1180 eum
877 1159 1014 1188 accepturu

227 1196 347 1223 amittas.
367 1196 502 1230 Quocirca
521 1206 554 1224 ne
571 1199 623 1225 vile
638 1203 664 1225 et
680 1199 910 1225 ccutetnneudum
929 1204 1013 1234 putes,

229 1241 334 1268 tidelem
362 1249 394 1269 ac
423 1243 497 1276 pium
513 1243 593 1271 elliei.
619 1244 685 1270 Nam
704 1245 750 1279 qui
766 1244 893 1279 baptismi
919 1253 1016 1280 expers

228 1291 279 1317 est,
308 1286 370 1313 licet
398 1287 536 1315 Christum
566 1290 617 1315 title
643 1291 851 1324 complectatur,
896 1292 1016 1318 nondum

228 1333 318 1356 tamen
337 1330 408 1357 inter
423 1331 515 1358 fideles
531 1335 685 1360 censendus
701 1340 751 1362 est.
764 1335 861 1369 Atque,
880 1341 909 1363 ut
925 1341 1016 1364 trans-

228 1374 314 1402 latitie
340 1383 354 1402 a
381 1377 465 1404 veteri
493 1385 555 1404 arca
591 1380 744 1413 exemplum
769 1388 888 1411 sumam,
917 1382 1016 1409 atrium

227 1422 336 1454 quidem
349 1422 446 1449 classis
468 1430 510 1451 est
535 1432 642 1456 eorum,
665 1426 713 1460 qui
732 1425 896 1453 Christianze
910 1427 1017 1461 pietatis

227 1465 368 1494 elementis
385 1468 474 1495 adhuc
491 1469 662 1502 imbuuntur,
689 1479 735 1505 per
764 1472 833 1506 quod
862 1475 1018 1501 necessario

227 1513 423 1539 transeumluut
451 1519 492 1541 est
520 1522 527 1541 :
550 1520 643 1542 sancta
670 1522 759 1543 autem
794 1517 920 1552 baptismi
945 1527 1018 1553 sym-

228 1556 287 1583 ltola
303 1566 309 1584 :
324 1557 423 1585 Sancta
447 1567 511 1587 vero
540 1567 711 1594 sanctorum,
737 1571 767 1589 ea
789 1563 1017 1590 ditinitatisdoc-

228 1601 297 1628 trina
314 1607 340 1629 et
354 1609 530 1631 sacresaucta
544 1606 670 1637 initiatio,
682 1613 742 1640 qua:
753 1606 877 1639 baptismi
896 1612 1017 1641 tempore

226 1646 267 1679 ﬁt,
283 1655 331 1681 per
348 1656 429 1683 quant
442 1650 475 1676 ad
491 1651 651 1677 Triniiatem
669 1652 854 1685 pervenimus,
868 1660 900 1679 ac
915 1660 975 1679 cum
985 1660 1016 1679 ea

225 1691 283 1725 jam
311 1693 441 1728 deinceps
472 1695 628 1730 adoptionis
656 1696 788 1723 beneficio
812 1697 1014 1732 eoujungimur.

226 1737 285 1765 Jam
303 1747 366 1766 vero
378 1741 464 1775 clypei
480 1742 540 1769 loco
555 1742 615 1768 fidei
634 1748 753 1775 scutum,
781 1744 832 1771 hoc
846 1748 896 1775 est,
915 1744 1017 1778 baptis-

229 1791 301 1811 mum
317 1785 415 1820 objice,
432 1794 487 1821 quo
501 1792 526 1814 te
543 1787 629 1814 ltostis
641 1795 688 1822 per
704 1788 865 1822 hujusmodi
889 1798 1016 1824 procrasc

228 1831 389 1858 tinationem
415 1833 522 1867 spoliat,
553 1833 707 1868 impediens
741 1835 866 1862 videlicet
891 1843 924 1863 ne
953 1844 1015 1864 eum

227 1877 357 1911 2ccipias,
372 1882 401 1904 ut
418 1882 444 1906 te
469 1879 571 1907 nudum
601 1885 628 1907 et
655 1880 788 1908 inermem
809 1886 918 1916 superet
934 1886 1016 1917 atque

225 1923 372 1956 opprimat.

261 1969 381 1997 Col.‘579
393 1970 421 1997 Β.
434 1971 529 1999 Omnes
544 1977 653 2000 atalunt
669 1973 766 2008 gradus
782 1975 900 2008 attingit,
914 1975 1013 2007 omnia,

179 2023 182 2027 ’
226 2020 278 2041 ctc.
296 2015 434 2044 Adversus
451 2025 560 2045 omnem
585 2023 691 2046 aetatem
710 2020 836 2047 diabolus
863 2027 1012 2055 grassatur,

226 2069 278 2087 nou
296 2063 530 2096 tuodojuvenum,
552 2065 599 2091 sed
615 2065 697 2091 etiam
716 2073 811 2092 seuunt
830 2074 836 2091 :
857 2073 888 2093 ac
901 2067 1014 2100 proinde

227 2114 280 2132 non
290 2112 342 2139 cst,
359 2109 432 2142 quod
462 2116 555 2143 speres
583 2110 643 2136 fore
672 2116 702 2137 ut
724 2111 772 2138 tibi
791 2115 870 2138 mtate
886 2117 1014 2146 provecto

227 2158 330 2186 parcat.
347 2154 435 2187 Atque
451 2157 585 2182 adversus
608 2163 689 2183 omne
715 2157 776 2184 vita:
792 2165 877 2192 genus
892 2162 918 2184 ct
934 2158 1014 2184 insli-

227 2203 327 2231 tutunt,
355 2200 412 2226 sive
443 2200 506 2235 quis
535 2201 693 2229 ccelibatum
717 2202 767 2229 sibi
796 2203 1012 2237 amplcctendum

225 2245 344 2277 duxerit,
375 2246 431 2273 sive
457 2246 674 2280 matrimonium,
699 2253 745 2275 aut
777 2248 850 2275 aliud
875 2250 1011 2284 quoddam

226 2291 288 2317 vine
300 2299 395 2325 genus.
410 2290 523 2319 Juveuis
537 2293 585 2320 es?
608 2293 760 2322 Juvenilem
788 2299 894 2322 :etatem
911 2296 1013 2331 baptisv
1031 2311 1051 2339 υ

226 2336 262 2362 ιιιὶ
281 2337 356 2364 freno
376 2339 519 2368 confirma.
538 2343 564 2366 et
585 2339 713 2374 baptismi
737 2348 788 2375 ope
804 2345 886 2376 atque
909 2343 1013 2369 auxilio

225 2384 348 2411 munitus
382 2384 513 2412 adversus
540 2386 625 2412 animi
658 2388 877 2421 perturbationes
906 2395 1017 2417 strenue.

224 2429 335 2460 dimica,
354 2430 380 2456 in
395 2430 512 2457 militum
531 2431 575 2458 Dei
592 2431 684 2459 album
714 2441 812 2460 nomen
830 2439 905 2461 tuum
931 2437 1017 2462 ascri-

225 2475 302 2503 beus.
319 2476 351 2502 Et
369 2477 599 2511 quemadmodum
616 2477 700 2506 David
723 2479 855 2507 adversus
883 2481 1014 2516 alienige-

226 2529 287 2548 natn
313 2522 388 2550 illum
403 2523 510 2551 Goliath
523 2524 670 2552 fortissime
686 2526 825 2561 pugnavit,
843 2530 923 2561 atque
944 2526 1014 2554 [Sta-

223 2569 322 2596 elitiea:
339 2569 464 2597 mulieres
478 2571 593 2598 chorum
609 2571 742 2598 ducentes
767 2573 794 2599 in
817 2572 877 2606 ejus
903 2573 1011 2601 laudem

224 2615 378 2642 canebant:
394 2614 528 2654 Percussit
542 2616 608 2643 Saul
623 2617 704 2651 mille,
725 2617 810 2644 David
822 2624 908 2645 autem
923 2619 1011 2646 decem

224 2660 310 2686 millia
320 2660 411 2693 6‘;sic
429 2667 456 2688 tu
478 2661 610 2690 adversus
629 2663 796 2697 spiritualem
811 2663 917 2692 Goliatlt
941 2670 1013 2692 stre-

225 2714 278 2733 nuc
303 2712 330 2734 ct
357 2707 465 2734 fortiter
490 2713 593 2742 pugna,
623 2713 706 2743 atque
735 2710 901 2744 multiplices
931 2711 1016 2744 ipsius

225 2753 295 2779 vires
305 2757 332 2780 et
355 2752 506 2785 machinas,
530 2754 604 2780 velut
618 2754 748 2782 chiliades
765 2755 898 2790 quasdam
913 2760 939 2782 et
960 2763 1018 2790 my-

225 2799 316 2826 riadcs
339 2800 366 2826 in
383 2805 546 2834 potestatem
571 2800 672 2835 redige.
696 2801 881 2833 Couseuuisti,
905 2808 986 2837 atque
1001 2811 1015 2830 τι

226 2846 383 2872 necessario
399 2850 425 2872 et
441 2845 590 2873 inevitabili
613 2846 710 2873 mortis
730 2847 846 2874 termino
861 2856 916 2874 non
937 2848 1016 2884 longe

263 2922 283 2937 "
305 2922 324 2948 ll
341 2922 407 2956 Reg.
425 2931 500 2956 xvni,
516 2925 542 2952 7.
582 2926 604 2941 θ’
620 2925 690 2953 Psal.
704 2933 751 2957 cu,
767 2925 793 2952 5.
833 2926 855 2942 ⁸³
871 2925 879 2951 i
896 2925 961 2960 Reg.
980 2926 1015 2959 με

1093 2927 1115 2942 ⁸⁵
1134 2927 1215 2953 ίνξιδςεί.
1235 2936 1319 2959 xxxrt,
1335 2929 1361 2955 Ξῖ.

1071 330 1158 355 tuum,
1185 332 1217 351 tte
1241 326 1274 351 de
1292 324 1435 351 UlldL‘t'illlll
1467 324 1533 350 hora
1557 329 1686 358 tanquam
1715 323 1747 350 de
1769 322 1857 357 prina

1068 370 1190 405 cogites:
1213 378 1306 397 verum
1333 370 1426 403 paucis
1448 371 1490 397 his
1513 370 1622 401 diebus,
1646 377 1716 404 quos
1737 370 1860 402 reliquo;

1068 416 1164 448 trabes,
1182 424 1228 450 per
1237 416 1403 451 baptismum
1419 423 1549 443 sur-curre
1561 417 1639 450 cujus
1663 415 1687 442 \i
1712 415 1859 441 renovabi-

1068 467 1112 489 tur
1127 466 1156 489 ut
1170 462 1268 495 aquila:
1280 462 1411 496 juventus
1438 467 1482 488 tua
1493 462 1525 488 θ’.
1554 462 1592 487 Ac
1607 461 1721 494 juvenes
1745 460 1857 494 quidem

1068 516 1158 535 rerum
1171 508 1350 545 gerendarum
1369 507 1498 535 facultate
1512 507 1651 540 animique
1667 506 1858 540 magnitudine

1068 554 1179 580 senibus
1194 559 1324 588 praestant
1343 562 1350 580 :
1370 558 1499 580 ueterum
1524 553 1666 586 prirtrntia
1689 553 1859 578 vincuntur:

1068 609 1164 627 rursus
1176 607 1254 628 senes
1272 601 1307 627 ita
1320 600 1422 627 viribus
1437 601 1560 634 corporis
1573 600 1684 631 cedunt,
1696 603 1725 625 ut
1739 599 1860 633 prudvu-

1068 646 1111 672 tite
1126 646 1206 672 laude
1235 651 1372 680 superent.
1392 646 1427 672 At
1447 651 1486 678 tu,
1512 653 1574 672 cum
1603 646 1680 672 senili
1700 645 1860 671 infirmitate

1068 691 1185 723 labores,
1213 692 1325 718 senilem
1362 696 1450 718 tamen
1485 691 1657 726 prudentiam
1686 699 1859 724 nequaquam

1068 737 1162 770 trabes,
1179 745 1239 771 qua:
1255 738 1362 772 quidem
1378 746 1391 764 a
1405 743 1440 768 te,
1455 742 1482 764 ut
1493 743 1556 764 natu
1568 738 1681 771 majore.
1696 737 1858 772 requiritur.

1068 783 1142 811 lianc
1170 784 1252 818 igitur
1269 789 1367 818 praesta
1382 784 1558 818 (baptismum
1586 783 1757 817 accipiendo)
1777 787 1858 817 atque

1068 830 1211 860 senectuti,
1232 834 1360 862 tanquam
1373 830 1427 856 fido
1440 834 1465 856 cl
1489 834 1564 856 certo
1581 829 1699 861 custodi,
1717 830 1858 864 purgatio-

1070 883 1129 901 nem
1146 874 1296 901 committe.
1308 874 1386 907 Quod
1402 875 1423 901 si
1442 883 1532 902 moras
1544 875 1639 907 net'tis,
1651 882 1680 902 ac
1692 875 1856 909 baptismum

1069 920 1268 951 extraltis,cam
1284 921 1316 947 de
1333 925 1358 947 te
1379 921 1535 955 opinionem
1557 921 1702 952 excitabis,
1720 926 1749 948 ut
1764 921 1855 947 libidi-

1069 966 1110 993 nis
1128 971 1154 993 et
1170 966 1339 1001 voluptatum
1357 974 1449 993 amore
1460 974 1549 993 lituras
1563 967 1587 993 ei
1600 966 1696 993 afferre
1718 967 1859 993 existimc~

1069 1013 1208 1048 t'is,idqne
1225 1021 1286 1040 eum
1304 1013 1381 1040 senio
1406 1012 1509 1040 fractus
1536 1013 1574 1040 sis
1594 1018 1676 1046 atque
1701 1013 1856 1042 confectus.

1069 1060 1191 1094 nihilque
1224 1059 1298 1086 aliud
1321 1059 1370 1091 sis,
1401 1067 1482 1093 quam
1505 1064 1600 1086 tenues
1627 1060 1690 1085 vitae
1724 1059 1856 1092 reliquire.

1070 1103 1166 1131 Filium
1183 1110 1306 1132 tenerum
1324 1111 1349 1132 et
1367 1105 1500 1132 infantem
1518 1105 1621 1132 habes?
1634 1104 1700 1131 Eunt
1714 1113 1728 1131 a
1746 1106 1857 1136 teneris,

1070 1155 1098 1177 ut
1112 1150 1211 1177 dicitur
1222 1151 1377 1185 unguiculis
1391 1150 1504 1185 Spiritui
1529 1158 1671 1177 consecro.
1685 1150 1718 1176 At
1743 1151 1857 1180 vereris.

1070 1204 1103 1223 ne
1121 1197 1190 1223 ferte
1203 1197 1258 1223 lilio
1274 1202 1352 1223 mtate
1365 1197 1446 1224 altius
1463 1201 1590 1231 pmveeto
1612 1196 1740 1230 baptismi
1767 1196 1858 1230 signa-

1070 1240 1160 1267 culum
1193 1240 1392 1267 contaminctur
1429 1245 1511 1274 atque
1549 1240 1714 1267 sordescat?
1745 1240 1858 1266 nimium

1070 1285 1193 1320 profecto
1209 1285 1368 1312 meticulosa
1394 1289 1481 1311 mater
1492 1291 1532 1316 es,
1550 1283 1652 1315 Deique
1667 1283 1797 1317 praesidio
1813 1291 1860 1317 pa-

1070 1338 1129 1357 rum
1147 1331 1275 1357 subnixa.
1291 1331 1373 1365 Atqui
1387 1330 1465 1357 Anna
1487 1329 1652 1361 Samut-lem,
1677 1330 1767 1356 statim
1787 1336 1815 1355 ut
1831 1330 1858 1355 in

1070 1378 1156 1404 lucem
1172 1377 1261 1405 editus
1286 1381 1338 1408 est,
1357 1376 1571 1407 consecravit",
1594 1382 1698 1402 naturae
1713 1375 1858 1402 inﬁrmita-

1070 1429 1122 1450 tem
1141 1423 1272 1450 adversus
1290 1423 1411 1456 corporis
1436 1422 1637 1455 affectuumque
1665 1421 1856 1447 rebellantium

1069 1469 1188 1504 impetus
1198 1469 1310 1495 tninitne
1327 1468 1509 1495 reformidans
1527 1476 1640 1494 :vetum
1659 1467 1702 1494 Dei
1714 1475 1765 1501 ope
1778 1467 1857 1496 freta,

1069 1520 1198 1548 certoque
1214 1515 1264 1541 sibi
1282 1515 1463 1549 persuadens,
1488 1514 1737 1541 eumimhet-illitati
1760 1513 1858 1540 huma-

1070 1568 1112 1588 na:
1133 1561 1253 1587 subsidio
1279 1560 1413 1588 futurum.
1431 1561 1501 1587 Nihil
1518 1561 1566 1587 tibi
1581 1568 1651 1594 opus
1669 1564 1711 1587 est
1727 1559 1760 1586 ad
1781 1559 1857 1594 pur-ri

1070 1607 1168 1634 collum
1185 1606 1318 1634 diabolica
1337 1608 1467 1640 amuleta,
1481 1608 1531 1634 hoc
1546 1611 1587 1634 est
1603 1607 1669 1633 falsa
1682 1606 1779 1633 salutis
1794 1614 1858 1640 pra:-

1071 1653 1151 1684 sidia,
1169 1653 1343 1688 suspendere,
1355 1661 1443 1688 neque
1463 1653 1661 1680 incantationes
1676 1660 1722 1680 eas
1745 1660 1807 1687 qua:
1830 1653 1857 1679 in

1071 1699 1168 1726 vetulis
1198 1698 1365 1726 mulierculis
1387 1706 1448 1725 cum
1477 1698 1641 1726 oscitatione
1666 1701 1747 1731 atque
1778 1698 1859 1724 inha-

1071 1745 1171 1772 latione
1186 1750 1212 1772 et
1233 1745 1356 1772 susurris
1372 1745 1537 1780 quibusdam
1559 1750 1738 1779 peraguntur,
1756 1745 1859 1771 adurit-

1071 1796 1138 1824 tcrc,
1155 1792 1254 1825 quibus
1280 1791 1435 1817 dremonum
1454 1798 1561 1825 quoque
1578 1791 1714 1818 invocatio
1739 1791 1858 1818 admista

1070 1841 1120 1868 est,
1136 1844 1166 1863 ac
1181 1844 1227 1870 per
1250 1835 1417 1862 exsecranda
1435 1836 1590 1870 hujusmodi
1607 1836 1710 1863 scelera
1732 1836 1859 1863 diabolus

1071 1881 1244 1908 alcvioribus
1267 1885 1294 1907 et
1318 1881 1507 1908 stolidioribus
1537 1881 1694 1908 hominibus
1724 1882 1858 1915 quodam-

1070 1927 1152 1954 modo
1168 1926 1278 1954 adorari
1294 1926 1412 1953 videtur.
1434 1927 1504 1960 Quin
1523 1927 1613 1962 potius
1631 1927 1685 1953 ftlio
1702 1932 1749 1954 tuo
1761 1935 1855 1954 verum

1069 1973 1234 2005 antidotum,
1253 1973 1303 1999 hoc
1320 1976 1372 2003 est.
1386 1971 1546 1999 Trinitatrm
1558 1981 1606 2008 per
1619 1973 1746 2008 baptismi
1763 1981 1857 2000 sacra-

1069 2024 1189 2046 mentum
1207 2018 1322 2054 porrige.

1104 2065 1162 2093 Col.
1170 2067 1261 2093 582A.
1276 2066 1347 2099 Quid
1355 2068 1500 2101 prwlcrea?
1515 2066 1699 2102 Virginitatem
1708 2067 1773 2094 colis
1785 2067 1855 2095 ?ctc.

1071 2111 1216 2146 Postquam
1242 2111 1399 2147 Theologus
1423 2113 1456 2139 de
1471 2112 1597 2140 aetatibus
1621 2113 1759 2145 tractavit,
1786 2121 1857 2140 nunc

1068 2158 1102 2185 ad
1128 2159 1189 2185 vita“.
1214 2166 1322 2194 quoque
1346 2159 1470 2186 humanm
1496 2159 1617 2186 instituta
1646 2161 1754 2192 transit,
1777 2165 1857 2193 atque

1069 2205 1220 2231 auditorem
1240 2205 1276 2231 ita
1293 2205 1440 2239 alloquitur
1458 2213 1464 2231 :
1482 2204 1669 2240 Virginitatem
1687 2206 1775 2232 colis?
1793 2206 1857 2240 bap-

1069 2251 1150 2277 tismo
1175 2251 1338 2286 consignare
1366 2261 1372 2278 :
1402 2256 1431 2278 ut
1458 2252 1688 2286 quemadmodum
1714 2253 1752 2278 ait
1778 2252 1857 2278 Salo—

1069 2304 1131 2323 mon
1141 2296 1176 2327 ⁸⁵,
1193 2297 1297 2324 circulo
1313 2297 1461 2331 gratiarum
1493 2297 1610 2328 orneris,
1640 2303 1667 2324 et
1689 2305 1792 2324 corona
1811 2298 1857 2324 de-

1068 2342 1204 2376 liciarum,
1230 2343 1282 2370 ltoc
1305 2347 1356 2375 est,
1384 2343 1567 2378 spiritualium
1592 2344 1750 2370 divitiarqu
1778 2345 1855 2375 orbe,

1068 2387 1115 2421 qui
1132 2387 1262 2415 adversus
1276 2388 1427 2415 invisibiles
1453 2388 1546 2415 hostes
1561 2389 1702 2415 hominum
1728 2389 1855 2423 protegit,

1069 2441 1122 2460 non
1141 2440 1221 2460 secus
1242 2438 1323 2468 atque
1339 2441 1404 2468 opes
1422 2434 1448 2460 in
1473 2441 1584 2461 sensqu
1609 2434 1738 2460 cadentes
1761 2434 1794 2460 ad
1818 2434 1857 2459 vi-

1067 2480 1160 2507 sibiles
1176 2481 1267 2507 hostes
1283 2480 1485 2514 propcllendos,
1504 2487 1582 2514 opem
1601 2480 1728 2507 afferunt.
1765 2480 1857 2506 Matri-

1070 2527 1153 2552 monii
1170 2526 1286 2552 vtnculis
1319 2526 1461 2558 astrictus.
1488 2531 1530 2553 est
1554 2527 1719 2561 baptismum
1747 2534 1856 2560 quoque

1069 2571 1205 2604 pudicitia:
1230 2572 1370 2598 custodem
1401 2572 1504 2606 accipe.
1536 2572 1569 2598 At
1601 2572 1718 2599 fortasse
1748 2570 1853 2598 mulieri

1067 2615 1175 2649 quidem
1204 2617 1378 2642 matrimonio
1403 2617 1480 2651 jungi
1506 2618 1585 2652 petis,
1614 2626 1662 2644 net:
1692 2623 1782 2642 tamen
1807 2615 1854 2642 ad-

1067 2661 1121 2688 huc
1146 2661 1258 2695 junctus
1286 2661 1338 2688 es?
1368 2662 1548 2695 Baptismum,
1566 2669 1620 2696 quo
1643 2662 1728 2695 pietas
1758 2669 1854 2688 eumu-

1066 2707 1138 2733 latur
1154 2712 1235 2740 atque
1251 2708 1401 2741 perficitur,
1427 2715 1461 2734 ne
1478 2707 1649 2734 reformides.
1671 2706 1764 2741 Neque
1781 2708 1854 2733 enim

1065 2753 1270 2779 matrimonium
1304 2761 1366 2779 cum
1397 2754 1602 2788 eonspurcabit.
1640 2754 1695 2788 Ego
1723 2755 1855 2781 connubii

1066 2805 1125 2834 post
1140 2800 1306 2835 baptismum
1327 2800 1385 2827 initi
1402 2803 1540 2836 auspicem
1561 2809 1604 2829 tne
1619 2803 1758 2837 profiteor.
1786 2802 1854 2829 t‘tam

1065 2854 1126 2873 cum
1155 2847 1296 2881 virginitas
1323 2848 1425 2874 honore
1443 2854 1562 2882 praestet,
1593 2850 1686 2884 utique
1713 2851 1857 2875 matrimo-

1383 2929 1404 2944 ευ
1421 2928 1500 2961 Hebr,
1521 2937 1579 2960 xui,
1597 2930 1621 2956 4.
