  <div class='ocr_page' id='page_1' title='image "/cluster/home/n/w/nwhite01/storage/ocr_20150623/127/njp.32101077773040/761.png"; bbox 0 0 2027 3162; ppageno 0'>
   <div class='ocr_carea' id='block_1_1' title="bbox 199 217 265 250">
    <p class='ocr_par' dir='ltr' id='par_1_1' title="bbox 199 217 265 250">
     <span class='ocr_line' id='line_1_1' title="bbox 199 217 265 250; baseline -0.03 0"><span class='ocrx_word' id='word_1_1' title='bbox 199 217 265 250; x_wconf 73' lang='lat' dir='ltr'><strong>i267</strong></span> 
     </span>
    </p>
   </div>
   <div class='ocr_carea' id='block_1_2' title="bbox 933 209 1122 238">
    <p class='ocr_par' dir='ltr' id='par_1_2' title="bbox 933 209 1122 238">
     <span class='ocr_line' id='line_1_2' title="bbox 933 209 1122 238; baseline -0.005 -1"><span class='ocrx_word' id='word_1_2' title='bbox 933 209 1122 238; x_wconf 69' lang='lat' dir='ltr'><strong>ADDENDA.</strong></span> 
     </span>
    </p>
   </div>
   <div class='ocr_carea' id='block_1_3' title="bbox 1763 201 1833 231">
    <p class='ocr_par' dir='ltr' id='par_1_3' title="bbox 1763 201 1833 231">
     <span class='ocr_line' id='line_1_3' title="bbox 1763 201 1833 231; baseline -0.014 0"><span class='ocrx_word' id='word_1_3' title='bbox 1763 201 1833 231; x_wconf 71' lang='lat'><strong>15268</strong></span> 
     </span>
    </p>
   </div>
   <div class='ocr_carea' id='block_1_4' title="bbox 197 255 1833 307">
    <p class='ocr_par' dir='ltr' id='par_1_4' title="bbox 197 255 1833 307">
     <span class='ocr_line' id='line_1_4' title="bbox 197 255 1833 307; baseline -0.012 -8"><span class='ocrx_word' id='word_1_4' title='bbox 197 274 247 300; x_wconf 68' lang='lat' dir='ltr'><strong>tlex’</strong></span> <span class='ocrx_word' id='word_1_5' title='bbox 263 273 333 307; x_wconf 68' lang='lat' dir='ltr'><strong>ignis</strong></span> <span class='ocrx_word' id='word_1_6' title='bbox 346 277 370 299; x_wconf 90' lang='lat' dir='ltr'><strong>te</strong></span> <span class='ocrx_word' id='word_1_7' title='bbox 385 272 584 305; x_wconf 80' lang='lat' dir='ltr'><strong>deprehensum</strong></span> <span class='ocrx_word' id='word_1_8' title='bbox 599 271 744 305; x_wconf 78' lang='lat' dir='ltr'><strong>opprimat.</strong></span> <span class='ocrx_word' id='word_1_9' title='bbox 759 268 881 296; x_wconf 84' lang='lat' dir='ltr'><strong>Primum</strong></span> <span class='ocrx_word' id='word_1_10' title='bbox 895 267 987 302; x_wconf 76' lang='lat' dir='ltr'><strong>igitur,</strong></span> <span class='ocrx_word' id='word_1_11' title='bbox 1004 265 1026 293; x_wconf 81' lang='grc' dir='ltr'><strong>Δ</strong></span> <span class='ocrx_word' id='word_1_12' title='bbox 1042 263 1174 291; x_wconf 81' lang='lat' dir='ltr'><strong>mercedis</strong></span> <span class='ocrx_word' id='word_1_13' title='bbox 1190 262 1408 290; x_wconf 82' lang='lat' dir='ltr'><strong>distributionem</strong></span> <span class='ocrx_word' id='word_1_14' title='bbox 1418 260 1569 287; x_wconf 75' lang='lat' dir='ltr'><strong>exstitisse.</strong></span> <span class='ocrx_word' id='word_1_15' title='bbox 1585 257 1652 307; x_wconf 81' lang='lat' dir='ltr'><strong>Nam</strong></span> <span class='ocrx_word' id='word_1_16' title='bbox 1662 255 1735 291; x_wconf 86' lang='lat' dir='ltr'><strong>quod</strong></span> <span class='ocrx_word' id='word_1_17' title='bbox 1744 255 1833 307; x_wconf 56' lang='lat' dir='ltr'><strong>ser-ius</strong></span> 
     </span>
    </p>
   </div>
   <div class='ocr_carea' id='block_1_5' title="bbox 197 310 985 345">
    <p class='ocr_par' dir='ltr' id='par_1_5' title="bbox 197 310 985 345">
     <span class='ocr_line' id='line_1_5' title="bbox 197 310 985 345; baseline -0.008 -3"><span class='ocrx_word' id='word_1_18' title='bbox 197 320 227 343; x_wconf 89' lang='lat' dir='ltr'><strong>til</strong></span> <span class='ocrx_word' id='word_1_19' title='bbox 243 315 309 345; x_wconf 80' lang='lat' dir='ltr'><strong>divi,</strong></span> <span class='ocrx_word' id='word_1_20' title='bbox 339 315 390 342; x_wconf 90' lang='lat' dir='ltr'><strong>hoc</strong></span> <span class='ocrx_word' id='word_1_21' title='bbox 415 315 463 341; x_wconf 90' lang='lat' dir='ltr'><strong>tibi</strong></span> <span class='ocrx_word' id='word_1_22' title='bbox 484 313 635 340; x_wconf 73' lang='lat' dir='ltr'><strong>facientium</strong></span> <span class='ocrx_word' id='word_1_23' title='bbox 651 319 759 339; x_wconf 81' lang='lat' dir='ltr'><strong>censeo.</strong></span> <span class='ocrx_word' id='word_1_24' title='bbox 786 311 864 343; x_wconf 83' lang='lat' dir='ltr'><strong>Quod</strong></span> <span class='ocrx_word' id='word_1_25' title='bbox 883 311 904 337; x_wconf 91' lang='lat' dir='ltr'><strong>si</strong></span> <span class='ocrx_word' id='word_1_26' title='bbox 930 310 985 342; x_wconf 78' lang='lat' dir='ltr'><strong>jam</strong></span> 
     </span>
    </p>
   </div>
   <div class='ocr_carea' id='block_1_6' title="bbox 198 352 987 390">
    <p class='ocr_par' dir='ltr' id='par_1_6' title="bbox 198 352 987 390">
     <span class='ocr_line' id='line_1_6' title="bbox 198 352 987 390; baseline -0.008 -7"><span class='ocrx_word' id='word_1_27' title='bbox 198 361 348 390; x_wconf 78' lang='lat' dir='ltr'><strong>occupatus</strong></span> <span class='ocrx_word' id='word_1_28' title='bbox 375 363 415 386; x_wconf 80' lang='lat' dir='ltr'><strong>es,</strong></span> <span class='ocrx_word' id='word_1_29' title='bbox 441 362 473 382; x_wconf 85' lang='lat' dir='ltr'><strong>ac</strong></span> <span class='ocrx_word' id='word_1_30' title='bbox 505 354 667 382; x_wconf 61' lang='lat' dir='ltr'><strong>neccsmriis</strong></span> <span class='ocrx_word' id='word_1_31' title='bbox 694 353 810 380; x_wconf 85' lang='lat' dir='ltr'><strong>vinculis</strong></span> <span class='ocrx_word' id='word_1_32' title='bbox 857 352 987 378; x_wconf 82' lang='lat' dir='ltr'><strong>astrictus</strong></span> 
     </span>
    </p>
   </div>
   <div class='ocr_carea' id='block_1_7' title="bbox 198 399 987 435">
    <p class='ocr_par' dir='ltr' id='par_1_7' title="bbox 198 399 987 435">
     <span class='ocr_line' id='line_1_7' title="bbox 198 399 987 435; baseline -0.008 -6"><span class='ocrx_word' id='word_1_33' title='bbox 198 403 311 433; x_wconf 69' lang='lat' dir='ltr'><strong>teneris,</strong></span> <span class='ocrx_word' id='word_1_34' title='bbox 335 403 386 428; x_wconf 89' lang='lat' dir='ltr'><strong>ltoe</strong></span> <span class='ocrx_word' id='word_1_35' title='bbox 404 407 454 434; x_wconf 74' lang='lat' dir='ltr'><strong>est,</strong></span> <span class='ocrx_word' id='word_1_36' title='bbox 470 406 579 435; x_wconf 88' lang='lat' dir='ltr'><strong>propter</strong></span> <span class='ocrx_word' id='word_1_37' title='bbox 593 409 693 428; x_wconf 79' lang='lat' dir='ltr'><strong>causas</strong></span> <span class='ocrx_word' id='word_1_38' title='bbox 708 400 734 426; x_wconf 92' lang='lat' dir='ltr'><strong>in</strong></span> <span class='ocrx_word' id='word_1_39' title='bbox 753 400 870 432; x_wconf 78' lang='lat' dir='ltr'><strong>speciem</strong></span> <span class='ocrx_word' id='word_1_40' title='bbox 895 399 987 430; x_wconf 80' lang='lat' dir='ltr'><strong>justas</strong></span> 
     </span>
    </p>
   </div>
   <div class='ocr_carea' id='block_1_8' title="bbox 197 440 987 478">
    <p class='ocr_par' dir='ltr' id='par_1_8' title="bbox 197 440 987 478">
     <span class='ocr_line' id='line_1_8' title="bbox 197 440 987 478; baseline -0.006 -7"><span class='ocrx_word' id='word_1_41' title='bbox 197 449 278 478; x_wconf 81' lang='lat' dir='ltr'><strong>atque</strong></span> <span class='ocrx_word' id='word_1_42' title='bbox 295 444 435 475; x_wconf 79' lang='lat' dir='ltr'><strong>honestas,</strong></span> <span class='ocrx_word' id='word_1_43' title='bbox 459 443 494 470; x_wconf 77' lang='lat' dir='ltr'><strong>ita</strong></span> <span class='ocrx_word' id='word_1_44' title='bbox 513 443 632 469; x_wconf 84' lang='lat' dir='ltr'><strong>secundo</strong></span> <span class='ocrx_word' id='word_1_45' title='bbox 649 443 708 468; x_wconf 86' lang='lat' dir='ltr'><strong>loco</strong></span> <span class='ocrx_word' id='word_1_46' title='bbox 725 447 813 469; x_wconf 77' lang='lat' dir='ltr'><strong>tecum</strong></span> <span class='ocrx_word' id='word_1_47' title='bbox 831 440 987 474; x_wconf 73' lang='lat' dir='ltr'><strong>disputabo.</strong></span> 
     </span>
    </p>
   </div>
   <div class='ocr_carea' id='block_1_9' title="bbox 199 487 988 523">
    <p class='ocr_par' dir='ltr' id='par_1_9' title="bbox 199 487 988 523">
     <span class='ocr_line' id='line_1_9' title="bbox 199 487 988 523; baseline -0.006 -7"><span class='ocrx_word' id='word_1_48' title='bbox 199 489 292 517; x_wconf 85' lang='lat' dir='ltr'><strong>Satius</strong></span> <span class='ocrx_word' id='word_1_49' title='bbox 308 489 333 515; x_wconf 92' lang='lat' dir='ltr'><strong>id</strong></span> <span class='ocrx_word' id='word_1_50' title='bbox 351 488 460 523; x_wconf 76' lang='lat' dir='ltr'><strong>quidem</strong></span> <span class='ocrx_word' id='word_1_51' title='bbox 477 494 536 515; x_wconf 85' lang='lat' dir='ltr'><strong>erat</strong></span> <span class='ocrx_word' id='word_1_52' title='bbox 557 488 722 522; x_wconf 72' lang='lat' dir='ltr'><strong>baptismum</strong></span> <span class='ocrx_word' id='word_1_53' title='bbox 751 487 886 521; x_wconf 81' lang='lat' dir='ltr'><strong>accipere,</strong></span> <span class='ocrx_word' id='word_1_54' title='bbox 915 493 988 512; x_wconf 81' lang='lat' dir='ltr'><strong>cum—</strong></span> 
     </span>
    </p>
   </div>
   <div class='ocr_carea' id='block_1_10' title="bbox 199 533 987 570">
    <p class='ocr_par' dir='ltr' id='par_1_10' title="bbox 199 533 987 570">
     <span class='ocr_line' id='line_1_10' title="bbox 199 533 987 570; baseline -0.004 -8"><span class='ocrx_word' id='word_1_55' title='bbox 199 535 343 570; x_wconf 89' lang='lat' dir='ltr'><strong>qttetueri.</strong></span> <span class='ocrx_word' id='word_1_56' title='bbox 370 535 471 562; x_wconf 82' lang='lat' dir='ltr'><strong>Verum</strong></span> <span class='ocrx_word' id='word_1_57' title='bbox 498 535 521 562; x_wconf 88' lang='lat' dir='ltr'><strong>si</strong></span> <span class='ocrx_word' id='word_1_58' title='bbox 549 542 696 567; x_wconf 86' lang='lat' dir='ltr'><strong>utrumque</strong></span> <span class='ocrx_word' id='word_1_59' title='bbox 711 542 764 561; x_wconf 91' lang='lat' dir='ltr'><strong>non</strong></span> <span class='ocrx_word' id='word_1_60' title='bbox 784 534 856 565; x_wconf 83' lang='lat' dir='ltr'><strong>licet,</strong></span> <span class='ocrx_word' id='word_1_61' title='bbox 883 533 987 560; x_wconf 88' lang='lat' dir='ltr'><strong>homini</strong></span> 
     </span>
    </p>
   </div>
   <div class='ocr_carea' id='block_1_11' title="bbox 198 575 987 612">
    <p class='ocr_par' dir='ltr' id='par_1_11' title="bbox 198 575 987 612">
     <span class='ocr_line' id='line_1_11' title="bbox 198 575 987 612; baseline -0.004 -9"><span class='ocrx_word' id='word_1_62' title='bbox 198 577 329 603; x_wconf 90' lang='lat' dir='ltr'><strong>nintirum</strong></span> <span class='ocrx_word' id='word_1_63' title='bbox 344 577 461 612; x_wconf 84' lang='lat' dir='ltr'><strong>publicis</strong></span> <span class='ocrx_word' id='word_1_64' title='bbox 472 577 588 612; x_wconf 81' lang='lat' dir='ltr'><strong>negotiis</strong></span> <span class='ocrx_word' id='word_1_65' title='bbox 600 581 735 611; x_wconf 79' lang='lat' dir='ltr'><strong>occupato</strong></span> <span class='ocrx_word' id='word_1_66' title='bbox 748 581 829 609; x_wconf 86' lang='lat' dir='ltr'><strong>atque</strong></span> <span class='ocrx_word' id='word_1_67' title='bbox 838 575 987 603; x_wconf 70' lang='lat' dir='ltr'><strong>distracto:</strong></span> 
     </span>
    </p>
   </div>
   <div class='ocr_carea' id='block_1_12' title="bbox 198 617 988 654">
    <p class='ocr_par' dir='ltr' id='par_1_12' title="bbox 198 617 988 654">
     <span class='ocr_line' id='line_1_12' title="bbox 198 617 988 654; baseline -0.004 -9"><span class='ocrx_word' id='word_1_68' title='bbox 198 623 225 646; x_wconf 80' lang='lat' dir='ltr'><strong>at</strong></span> <span class='ocrx_word' id='word_1_69' title='bbox 249 623 322 646; x_wconf 87' lang='lat' dir='ltr'><strong>certe</strong></span> <span class='ocrx_word' id='word_1_70' title='bbox 337 624 446 654; x_wconf 61' lang='lat' dir='ltr'><strong>prastat</strong></span> <span class='ocrx_word' id='word_1_71' title='bbox 465 627 498 646; x_wconf 83' lang='lat' dir='ltr'><strong>ex</strong></span> <span class='ocrx_word' id='word_1_72' title='bbox 517 619 688 653; x_wconf 78' lang='lat' dir='ltr'><strong>negotiorum</strong></span> <span class='ocrx_word' id='word_1_73' title='bbox 708 618 882 653; x_wconf 85' lang='lat' dir='ltr'><strong>publicorum</strong></span> <span class='ocrx_word' id='word_1_74' title='bbox 901 617 988 643; x_wconf 76' lang='lat' dir='ltr'><strong>mimi-</strong></span> 
     </span>
    </p>
   </div>
   <div class='ocr_carea' id='block_1_13' title="bbox 199 664 991 697">
    <p class='ocr_par' dir='ltr' id='par_1_13' title="bbox 199 664 991 697">
     <span class='ocr_line' id='line_1_13' title="bbox 199 664 991 697; baseline -0.003 -7"><span class='ocrx_word' id='word_1_75' title='bbox 199 664 362 692; x_wconf 82' lang='lat' dir='ltr'><strong>ttistratione</strong></span> <span class='ocrx_word' id='word_1_76' title='bbox 379 665 504 692; x_wconf 82' lang='lat' dir='ltr'><strong>nonnihil</strong></span> <span class='ocrx_word' id='word_1_77' title='bbox 529 665 619 692; x_wconf 84' lang='lat' dir='ltr'><strong>sordis</strong></span> <span class='ocrx_word' id='word_1_78' title='bbox 646 665 820 694; x_wconf 80' lang='lat' dir='ltr'><strong>contrahere.</strong></span> <span class='ocrx_word' id='word_1_79' title='bbox 851 671 883 690; x_wconf 86' lang='lat' dir='ltr'><strong>ac</strong></span> <span class='ocrx_word' id='word_1_80' title='bbox 910 671 991 697; x_wconf 81' lang='lat' dir='ltr'><strong>prop-</strong></span> 
     </span>
    </p>
   </div>
   <div class='ocr_carea' id='block_1_14' title="bbox 199 706 988 742">
    <p class='ocr_par' dir='ltr' id='par_1_14' title="bbox 199 706 988 742">
     <span class='ocr_line' id='line_1_14' title="bbox 199 706 988 742; baseline 0.001 -11"><span class='ocrx_word' id='word_1_81' title='bbox 199 710 271 734; x_wconf 85' lang='lat' dir='ltr'><strong>terea</strong></span> <span class='ocrx_word' id='word_1_82' title='bbox 284 706 423 742; x_wconf 80' lang='lat' dir='ltr'><strong>castigari,</strong></span> <span class='ocrx_word' id='word_1_83' title='bbox 440 715 523 741; x_wconf 86' lang='lat' dir='ltr'><strong>quam</strong></span> <span class='ocrx_word' id='word_1_84' title='bbox 539 707 666 742; x_wconf 77' lang='lat' dir='ltr'><strong>baptismi</strong></span> <span class='ocrx_word' id='word_1_85' title='bbox 681 711 819 740; x_wconf 87' lang='lat' dir='ltr'><strong>expertem</strong></span> <span class='ocrx_word' id='word_1_86' title='bbox 835 710 988 733; x_wconf 84' lang='lat' dir='ltr'><strong>manentem</strong></span> 
     </span>
    </p>
   </div>
   <div class='ocr_carea' id='block_1_15' title="bbox 198 751 990 788">
    <p class='ocr_par' dir='ltr' id='par_1_15' title="bbox 198 751 990 788">
     <span class='ocr_line' id='line_1_15' title="bbox 198 751 990 788; baseline -0.004 -9"><span class='ocrx_word' id='word_1_87' title='bbox 198 753 314 779; x_wconf 86' lang='lat' dir='ltr'><strong>omnino</strong></span> <span class='ocrx_word' id='word_1_88' title='bbox 330 761 345 780; x_wconf 74' lang='grc' dir='ltr'>τι</span> <span class='ocrx_word' id='word_1_89' title='bbox 361 753 414 780; x_wconf 81' lang='lat' dir='ltr'><strong>Deo</strong></span> <span class='ocrx_word' id='word_1_90' title='bbox 431 753 519 780; x_wconf 82' lang='lat' dir='ltr'><strong>arceri</strong></span> <span class='ocrx_word' id='word_1_91' title='bbox 536 758 618 788; x_wconf 86' lang='lat' dir='ltr'><strong>atque</strong></span> <span class='ocrx_word' id='word_1_92' title='bbox 627 752 720 787; x_wconf 80' lang='lat' dir='ltr'><strong>abjici.</strong></span> <span class='ocrx_word' id='word_1_93' title='bbox 739 751 873 784; x_wconf 77' lang='lat' dir='ltr'><strong>Quocirca</strong></span> <span class='ocrx_word' id='word_1_94' title='bbox 888 751 990 785; x_wconf 72' lang='lat' dir='ltr'><strong>baptis~</strong></span> 
     </span>
    </p>
   </div>
   <div class='ocr_carea' id='block_1_16' title="bbox 200 799 989 834">
    <p class='ocr_par' dir='ltr' id='par_1_16' title="bbox 200 799 989 834">
     <span class='ocr_line' id='line_1_16' title="bbox 200 799 989 834; baseline 0 -10"><span class='ocrx_word' id='word_1_95' title='bbox 200 800 274 826; x_wconf 81' lang='lat' dir='ltr'><strong>t&#39;ttunt</strong></span> <span class='ocrx_word' id='word_1_96' title='bbox 289 799 411 834; x_wconf 82' lang='lat' dir='ltr'><strong>quidem,</strong></span> <span class='ocrx_word' id='word_1_97' title='bbox 440 804 468 826; x_wconf 85' lang='grc' dir='ltr'><strong>ιιι</strong></span> <span class='ocrx_word' id='word_1_98' title='bbox 499 799 605 827; x_wconf 86' lang='lat' dir='ltr'><strong>honore</strong></span> <span class='ocrx_word' id='word_1_99' title='bbox 622 799 746 834; x_wconf 71' lang='lat' dir='ltr'><strong>dignum,</strong></span> <span class='ocrx_word' id='word_1_100' title='bbox 772 805 896 826; x_wconf 88' lang='lat' dir='ltr'><strong>reverere</strong></span> <span class='ocrx_word' id='word_1_101' title='bbox 913 807 919 824; x_wconf 88' lang='lat'><strong>:</strong></span> <span class='ocrx_word' id='word_1_102' title='bbox 936 806 989 824; x_wconf 87' lang='lat' dir='ltr'><strong>nott</strong></span> 
     </span>
    </p>
   </div>
   <div class='ocr_carea' id='block_1_17' title="bbox 199 844 991 880">
    <p class='ocr_par' dir='ltr' id='par_1_17' title="bbox 199 844 991 880">
     <span class='ocr_line' id='line_1_17' title="bbox 199 844 991 880; baseline -0.001 -9"><span class='ocrx_word' id='word_1_103' title='bbox 199 850 291 872; x_wconf 82' lang='lat' dir='ltr'><strong>tamen</strong></span> <span class='ocrx_word' id='word_1_104' title='bbox 308 847 345 872; x_wconf 87' lang='lat' dir='ltr'><strong>ita</strong></span> <span class='ocrx_word' id='word_1_105' title='bbox 362 846 534 880; x_wconf 80' lang='lat' dir='ltr'><strong>pertimesco.</strong></span> <span class='ocrx_word' id='word_1_106' title='bbox 551 849 581 872; x_wconf 91' lang='lat' dir='ltr'><strong>ut</strong></span> <span class='ocrx_word' id='word_1_107' title='bbox 604 853 638 872; x_wconf 90' lang='lat' dir='ltr'><strong>ne</strong></span> <span class='ocrx_word' id='word_1_108' title='bbox 659 845 783 880; x_wconf 82' lang='lat' dir='ltr'><strong>accipere</strong></span> <span class='ocrx_word' id='word_1_109' title='bbox 806 844 917 879; x_wconf 79' lang='lat' dir='ltr'><strong>quidem</strong></span> <span class='ocrx_word' id='word_1_110' title='bbox 943 852 991 870; x_wconf 83' lang='lat' dir='ltr'><strong>au-</strong></span> 
     </span>
    </p>
   </div>
   <div class='ocr_carea' id='block_1_18' title="bbox 200 890 991 926">
    <p class='ocr_par' dir='ltr' id='par_1_18' title="bbox 200 890 991 926">
     <span class='ocr_line' id='line_1_18' title="bbox 200 890 991 926; baseline -0.001 -9"><span class='ocrx_word' id='word_1_111' title='bbox 200 892 276 918; x_wconf 83' lang='lat' dir='ltr'><strong>deas.</strong></span> <span class='ocrx_word' id='word_1_112' title='bbox 293 891 388 925; x_wconf 83' lang='lat' dir='ltr'><strong>Neque</strong></span> <span class='ocrx_word' id='word_1_113' title='bbox 405 891 477 918; x_wconf 88' lang='lat' dir='ltr'><strong>enim</strong></span> <span class='ocrx_word' id='word_1_114' title='bbox 495 890 657 926; x_wconf 83' lang='lat' dir='ltr'><strong>simpliciter</strong></span> <span class='ocrx_word' id='word_1_115' title='bbox 675 891 818 918; x_wconf 88' lang='lat' dir='ltr'><strong>hominum</strong></span> <span class='ocrx_word' id='word_1_116' title='bbox 836 895 908 918; x_wconf 83' lang='lat' dir='ltr'><strong>recte</strong></span> <span class='ocrx_word' id='word_1_117' title='bbox 922 890 991 917; x_wconf 70' lang='lat' dir='ltr'><strong>facta</strong></span> 
     </span>
    </p>
   </div>
   <div class='ocr_carea' id='block_1_19' title="bbox 200 937 524 972">
    <p class='ocr_par' dir='ltr' id='par_1_19' title="bbox 200 937 524 972">
     <span class='ocr_line' id='line_1_19' title="bbox 200 937 524 972; baseline 0 -9"><span class='ocrx_word' id='word_1_118' title='bbox 200 946 215 963; x_wconf 74' lang='grc' dir='ltr'>τι</span> <span class='ocrx_word' id='word_1_119' title='bbox 249 937 304 964; x_wconf 84' lang='lat' dir='ltr'><strong>Deo</strong></span> <span class='ocrx_word' id='word_1_120' title='bbox 333 944 363 963; x_wconf 84' lang='lat' dir='ltr'><strong>ex</strong></span> <span class='ocrx_word' id='word_1_121' title='bbox 369 937 524 972; x_wconf 77' lang='lat' dir='ltr'><strong>penduntur</strong></span> 
     </span>
    </p>
   </div>
   <div class='ocr_carea' id='block_1_20' title="bbox 200 982 992 1018">
    <p class='ocr_par' dir='ltr' id='par_1_20' title="bbox 200 982 992 1018">
     <span class='ocr_line' id='line_1_20' title="bbox 200 982 992 1018; baseline 0.004 -11"><span class='ocrx_word' id='word_1_122' title='bbox 200 982 315 1016; x_wconf 71' lang='lat' dir='ltr'><strong>vitaeque</strong></span> <span class='ocrx_word' id='word_1_123' title='bbox 332 982 469 1014; x_wconf 88' lang='lat' dir='ltr'><strong>ittstituta,</strong></span> <span class='ocrx_word' id='word_1_124' title='bbox 496 983 523 1010; x_wconf 92' lang='lat' dir='ltr'><strong>in</strong></span> <span class='ocrx_word' id='word_1_125' title='bbox 541 983 643 1018; x_wconf 82' lang='lat' dir='ltr'><strong>quibus</strong></span> <span class='ocrx_word' id='word_1_126' title='bbox 669 988 741 1010; x_wconf 90' lang='lat' dir='ltr'><strong>recte</strong></span> <span class='ocrx_word' id='word_1_127' title='bbox 756 987 784 1010; x_wconf 90' lang='lat' dir='ltr'><strong>et</strong></span> <span class='ocrx_word' id='word_1_128' title='bbox 807 983 935 1017; x_wconf 64' lang='lat' dir='ltr'><strong>praeclare</strong></span> <span class='ocrx_word' id='word_1_129' title='bbox 950 983 992 1010; x_wconf 87' lang='lat' dir='ltr'><strong>of-</strong></span> 
     </span>
    </p>
   </div>
   <div class='ocr_carea' id='block_1_21' title="bbox 202 1027 992 1064">
    <p class='ocr_par' dir='ltr' id='par_1_21' title="bbox 202 1027 992 1064">
     <span class='ocr_line' id='line_1_21' title="bbox 202 1027 992 1064; baseline 0 -10"><span class='ocrx_word' id='word_1_130' title='bbox 202 1027 263 1054; x_wconf 81' lang='lat' dir='ltr'><strong>ficio</strong></span> <span class='ocrx_word' id='word_1_131' title='bbox 277 1027 361 1055; x_wconf 75' lang='lat' dir='ltr'><strong>functi</strong></span> <span class='ocrx_word' id='word_1_132' title='bbox 378 1035 452 1056; x_wconf 87' lang='lat' dir='ltr'><strong>sunt.</strong></span> <span class='ocrx_word' id='word_1_133' title='bbox 479 1028 518 1055; x_wconf 77' lang='lat' dir='ltr'><strong>Ac</strong></span> <span class='ocrx_word' id='word_1_134' title='bbox 531 1028 706 1064; x_wconf 86' lang='lat' dir='ltr'><strong>plerumque,</strong></span> <span class='ocrx_word' id='word_1_135' title='bbox 731 1028 777 1063; x_wconf 92' lang='lat' dir='ltr'><strong>qui</strong></span> <span class='ocrx_word' id='word_1_136' title='bbox 795 1028 821 1055; x_wconf 89' lang='lat' dir='ltr'><strong>in</strong></span> <span class='ocrx_word' id='word_1_137' title='bbox 838 1028 910 1055; x_wconf 78' lang='lat' dir='ltr'><strong>civili</strong></span> <span class='ocrx_word' id='word_1_138' title='bbox 938 1028 992 1054; x_wconf 77' lang='lat' dir='ltr'><strong>rita</strong></span> 
     </span>
    </p>
   </div>
   <div class='ocr_carea' id='block_1_22' title="bbox 200 1069 994 1105">
    <p class='ocr_par' dir='ltr' id='par_1_22' title="bbox 200 1069 994 1105">
     <span class='ocr_line' id='line_1_22' title="bbox 200 1069 994 1105; baseline 0.001 -11"><span class='ocrx_word' id='word_1_139' title='bbox 200 1074 227 1095; x_wconf 75' lang='lat' dir='ltr'><strong>et</strong></span> <span class='ocrx_word' id='word_1_140' title='bbox 243 1069 269 1096; x_wconf 89' lang='lat' dir='ltr'><strong>itt</strong></span> <span class='ocrx_word' id='word_1_141' title='bbox 287 1069 378 1096; x_wconf 88' lang='lat' dir='ltr'><strong>medio</strong></span> <span class='ocrx_word' id='word_1_142' title='bbox 397 1069 568 1105; x_wconf 72' lang='lat' dir='ltr'><strong>negotiorum</strong></span> <span class='ocrx_word' id='word_1_143' title='bbox 596 1070 683 1104; x_wconf 84' lang='lat' dir='ltr'><strong>posita</strong></span> <span class='ocrx_word' id='word_1_144' title='bbox 708 1069 811 1104; x_wconf 85' lang='lat' dir='ltr'><strong>aliquid</strong></span> <span class='ocrx_word' id='word_1_145' title='bbox 829 1077 891 1096; x_wconf 86' lang='lat' dir='ltr'><strong>eum</strong></span> <span class='ocrx_word' id='word_1_146' title='bbox 915 1069 994 1096; x_wconf 84' lang='lat' dir='ltr'><strong>laude</strong></span> 
     </span>
    </p>
   </div>
   <div class='ocr_carea' id='block_1_23' title="bbox 201 1115 992 1151">
    <p class='ocr_par' dir='ltr' id='par_1_23' title="bbox 201 1115 992 1151">
     <span class='ocr_line' id='line_1_23' title="bbox 201 1115 992 1151; baseline 0.003 -11"><span class='ocrx_word' id='word_1_147' title='bbox 201 1115 295 1149; x_wconf 68' lang='lat' dir='ltr'><strong>gessit,</strong></span> <span class='ocrx_word' id='word_1_148' title='bbox 313 1116 441 1150; x_wconf 75' lang='lat' dir='ltr'><strong>superior</strong></span> <span class='ocrx_word' id='word_1_149' title='bbox 453 1121 496 1143; x_wconf 81' lang='lat' dir='ltr'><strong>est</strong></span> <span class='ocrx_word' id='word_1_150' title='bbox 510 1124 543 1143; x_wconf 92' lang='lat' dir='ltr'><strong>eo</strong></span> <span class='ocrx_word' id='word_1_151' title='bbox 559 1116 603 1151; x_wconf 81' lang='lat' dir='ltr'><strong>qui</strong></span> <span class='ocrx_word' id='word_1_152' title='bbox 622 1124 636 1143; x_wconf 89' lang='lat' dir='ltr'><strong>a</strong></span> <span class='ocrx_word' id='word_1_153' title='bbox 653 1116 856 1151; x_wconf 82' lang='lat' dir='ltr'><strong>procurationis</strong></span> <span class='ocrx_word' id='word_1_154' title='bbox 872 1116 992 1150; x_wconf 62' lang='lat' dir='ltr'><strong>publicae</strong></span> 
     </span>
    </p>
   </div>
   <div class='ocr_carea' id='block_1_24' title="bbox 201 1161 993 1196">
    <p class='ocr_par' dir='ltr' id='par_1_24' title="bbox 201 1161 993 1196">
     <span class='ocr_line' id='line_1_24' title="bbox 201 1161 993 1196; baseline 0.001 -9"><span class='ocrx_word' id='word_1_155' title='bbox 201 1161 278 1188; x_wconf 67' lang='lat' dir='ltr'><strong>curia</strong></span> <span class='ocrx_word' id='word_1_156' title='bbox 307 1161 436 1193; x_wconf 77' lang='lat' dir='ltr'><strong>feriatus,</strong></span> <span class='ocrx_word' id='word_1_157' title='bbox 462 1161 552 1189; x_wconf 77' lang='lat' dir='ltr'><strong>oﬂicio</strong></span> <span class='ocrx_word' id='word_1_158' title='bbox 577 1169 632 1189; x_wconf 91' lang='lat' dir='ltr'><strong>non</strong></span> <span class='ocrx_word' id='word_1_159' title='bbox 656 1170 704 1196; x_wconf 89' lang='lat' dir='ltr'><strong>per</strong></span> <span class='ocrx_word' id='word_1_160' title='bbox 730 1161 821 1188; x_wconf 83' lang='lat' dir='ltr'><strong>omnia</strong></span> <span class='ocrx_word' id='word_1_161' title='bbox 847 1161 993 1189; x_wconf 80' lang='lat' dir='ltr'><strong>satisfecit.</strong></span> 
     </span>
    </p>
   </div>
   <div class='ocr_carea' id='block_1_25' title="bbox 201 1202 993 1235">
    <p class='ocr_par' dir='ltr' id='par_1_25' title="bbox 201 1202 993 1235">
     <span class='ocr_line' id='line_1_25' title="bbox 201 1202 993 1235; baseline 0.003 -6"><span class='ocrx_word' id='word_1_162' title='bbox 201 1202 278 1235; x_wconf 77' lang='lat' dir='ltr'><strong>Quod</strong></span> <span class='ocrx_word' id='word_1_163' title='bbox 306 1210 395 1231; x_wconf 66' lang='lat' dir='ltr'><strong>autem</strong></span> <span class='ocrx_word' id='word_1_164' title='bbox 425 1212 478 1231; x_wconf 85' lang='lat' dir='ltr'><strong>una</strong></span> <span class='ocrx_word' id='word_1_165' title='bbox 505 1212 567 1231; x_wconf 89' lang='lat' dir='ltr'><strong>cum</strong></span> <span class='ocrx_word' id='word_1_166' title='bbox 585 1205 646 1232; x_wconf 78' lang='lat' dir='ltr'><strong>vitae</strong></span> <span class='ocrx_word' id='word_1_167' title='bbox 671 1205 804 1232; x_wconf 77' lang='lat' dir='ltr'><strong>institutis</strong></span> <span class='ocrx_word' id='word_1_168' title='bbox 829 1210 903 1232; x_wconf 84' lang='lat' dir='ltr'><strong>recte</strong></span> <span class='ocrx_word' id='word_1_169' title='bbox 923 1204 993 1231; x_wconf 81' lang='lat' dir='ltr'><strong>facta</strong></span> 
     </span>
    </p>
   </div>
   <div class='ocr_carea' id='block_1_26' title="bbox 201 1249 992 1285">
    <p class='ocr_par' dir='ltr' id='par_1_26' title="bbox 201 1249 992 1285">
     <span class='ocr_line' id='line_1_26' title="bbox 201 1249 992 1285; baseline 0 -9"><span class='ocrx_word' id='word_1_170' title='bbox 201 1249 422 1283; x_wconf 71' lang='lat' dir='ltr'><strong>pet-pendentur.</strong></span> <span class='ocrx_word' id='word_1_171' title='bbox 463 1255 623 1285; x_wconf 75' lang='lat' dir='ltr'><strong>argumento</strong></span> <span class='ocrx_word' id='word_1_172' title='bbox 652 1256 693 1278; x_wconf 87' lang='lat' dir='ltr'><strong>est</strong></span> <span class='ocrx_word' id='word_1_173' title='bbox 724 1251 783 1277; x_wconf 69' lang='lat' dir='ltr'><strong>“ab</strong></span> <span class='ocrx_word' id='word_1_174' title='bbox 811 1249 939 1277; x_wconf 80' lang='lat' dir='ltr'><strong>meretrix</strong></span> <span class='ocrx_word' id='word_1_175' title='bbox 959 1250 992 1282; x_wconf 83' lang='grc'><strong>⁷⁸,</strong></span> 
     </span>
    </p>
   </div>
   <div class='ocr_carea' id='block_1_27' title="bbox 204 1295 993 1330">
    <p class='ocr_par' dir='ltr' id='par_1_27' title="bbox 204 1295 993 1330">
     <span class='ocr_line' id='line_1_27' title="bbox 204 1295 993 1330; baseline 0.004 -10"><span class='ocrx_word' id='word_1_176' title='bbox 204 1298 287 1328; x_wconf 67' lang='lat' dir='ltr'><strong>atque</strong></span> <span class='ocrx_word' id='word_1_177' title='bbox 316 1295 360 1321; x_wconf 89' lang='lat' dir='ltr'><strong>ille</strong></span> <span class='ocrx_word' id='word_1_178' title='bbox 380 1295 406 1322; x_wconf 78' lang='lat' dir='ltr'><strong>in</strong></span> <span class='ocrx_word' id='word_1_179' title='bbox 422 1296 569 1330; x_wconf 78' lang='lat' dir='ltr'><strong>Evangelia</strong></span> <span class='ocrx_word' id='word_1_180' title='bbox 584 1297 789 1330; x_wconf 84' lang='lat' dir='ltr'><strong>publicanus&quot;.</strong></span> <span class='ocrx_word' id='word_1_181' title='bbox 821 1296 925 1323; x_wconf 81' lang='lat' dir='ltr'><strong>Etenim</strong></span> <span class='ocrx_word' id='word_1_182' title='bbox 950 1297 993 1323; x_wconf 78' lang='lat' dir='ltr'><strong>illa</strong></span> 
     </span>
    </p>
   </div>
   <div class='ocr_carea' id='block_1_28' title="bbox 202 1341 994 1376">
    <p class='ocr_par' dir='ltr' id='par_1_28' title="bbox 202 1341 994 1376">
     <span class='ocr_line' id='line_1_28' title="bbox 202 1341 994 1376; baseline 0.001 -9"><span class='ocrx_word' id='word_1_183' title='bbox 202 1342 229 1367; x_wconf 84' lang='lat' dir='ltr'><strong>in</strong></span> <span class='ocrx_word' id='word_1_184' title='bbox 246 1341 401 1368; x_wconf 75' lang='lat' dir='ltr'><strong>meretricia</strong></span> <span class='ocrx_word' id='word_1_185' title='bbox 423 1343 477 1369; x_wconf 84' lang='lat' dir='ltr'><strong>vita</strong></span> <span class='ocrx_word' id='word_1_186' title='bbox 495 1343 700 1376; x_wconf 64' lang='lat' dir='ltr'><strong>hospitalitatis,</strong></span> <span class='ocrx_word' id='word_1_187' title='bbox 718 1343 845 1369; x_wconf 86' lang='lat' dir='ltr'><strong>virtutem</strong></span> <span class='ocrx_word' id='word_1_188' title='bbox 859 1349 994 1373; x_wconf 79' lang='lat' dir='ltr'><strong>assecu&#39;a.</strong></span> 
     </span>
    </p>
   </div>
   <div class='ocr_carea' id='block_1_29' title="bbox 203 1386 996 1423">
    <p class='ocr_par' dir='ltr' id='par_1_29' title="bbox 203 1386 996 1423">
     <span class='ocr_line' id='line_1_29' title="bbox 203 1386 996 1423; baseline 0.001 -9"><span class='ocrx_word' id='word_1_189' title='bbox 203 1386 247 1414; x_wconf 90' lang='lat' dir='ltr'><strong>hic</strong></span> <span class='ocrx_word' id='word_1_190' title='bbox 269 1392 361 1414; x_wconf 86' lang='lat' dir='ltr'><strong>autem</strong></span> <span class='ocrx_word' id='word_1_191' title='bbox 388 1388 415 1415; x_wconf 92' lang='lat' dir='ltr'><strong>in</strong></span> <span class='ocrx_word' id='word_1_192' title='bbox 441 1388 582 1423; x_wconf 72' lang='lat' dir='ltr'><strong>publicani</strong></span> <span class='ocrx_word' id='word_1_193' title='bbox 611 1396 725 1416; x_wconf 89' lang='lat' dir='ltr'><strong>munere</strong></span> <span class='ocrx_word' id='word_1_194' title='bbox 746 1389 936 1420; x_wconf 77' lang='lat' dir='ltr'><strong>humilitatem.</strong></span> <span class='ocrx_word' id='word_1_195' title='bbox 962 1388 996 1415; x_wconf 88' lang='lat' dir='ltr'><strong>ab</strong></span> 
     </span>
    </p>
   </div>
   <div class='ocr_carea' id='block_1_30' title="bbox 202 1434 993 1469">
    <p class='ocr_par' dir='ltr' id='par_1_30' title="bbox 202 1434 993 1469">
     <span class='ocr_line' id='line_1_30' title="bbox 202 1434 993 1469; baseline 0.001 -9"><span class='ocrx_word' id='word_1_196' title='bbox 202 1434 246 1461; x_wconf 86' lang='lat' dir='ltr'><strong>his</strong></span> <span class='ocrx_word' id='word_1_197' title='bbox 262 1435 357 1468; x_wconf 82' lang='lat' dir='ltr'><strong>paucis</strong></span> <span class='ocrx_word' id='word_1_198' title='bbox 372 1435 521 1462; x_wconf 85' lang='lat' dir='ltr'><strong>virtutibus</strong></span> <span class='ocrx_word' id='word_1_199' title='bbox 540 1435 653 1469; x_wconf 68' lang='lat' dir='ltr'><strong>iustitia:</strong></span> <span class='ocrx_word' id='word_1_200' title='bbox 678 1435 786 1462; x_wconf 89' lang='lat' dir='ltr'><strong>laudem</strong></span> <span class='ocrx_word' id='word_1_201' title='bbox 812 1439 993 1469; x_wconf 83' lang='lat' dir='ltr'><strong>reportarttnt.</strong></span> 
     </span>
    </p>
   </div>
   <div class='ocr_carea' id='block_1_31' title="bbox 202 1479 995 1514">
    <p class='ocr_par' dir='ltr' id='par_1_31' title="bbox 202 1479 995 1514">
     <span class='ocr_line' id='line_1_31' title="bbox 202 1479 995 1514; baseline 0.001 -7"><span class='ocrx_word' id='word_1_202' title='bbox 202 1479 269 1512; x_wconf 68' lang='lat' dir='ltr'><strong>Quae</strong></span> <span class='ocrx_word' id='word_1_203' title='bbox 282 1489 325 1508; x_wconf 88' lang='lat' dir='ltr'><strong>res</strong></span> <span class='ocrx_word' id='word_1_204' title='bbox 342 1481 389 1508; x_wconf 89' lang='lat' dir='ltr'><strong>tibi</strong></span> <span class='ocrx_word' id='word_1_205' title='bbox 408 1482 574 1509; x_wconf 82' lang='lat' dir='ltr'><strong>documento</strong></span> <span class='ocrx_word' id='word_1_206' title='bbox 587 1489 648 1509; x_wconf 84' lang='lat' dir='ltr'><strong>esse</strong></span> <span class='ocrx_word' id='word_1_207' title='bbox 661 1481 750 1514; x_wconf 77' lang='lat' dir='ltr'><strong>debet,</strong></span> <span class='ocrx_word' id='word_1_208' title='bbox 766 1489 800 1508; x_wconf 83' lang='lat' dir='ltr'><strong>ne</strong></span> <span class='ocrx_word' id='word_1_209' title='bbox 818 1489 848 1508; x_wconf 86' lang='lat' dir='ltr'><strong>ea</strong></span> <span class='ocrx_word' id='word_1_210' title='bbox 865 1481 899 1508; x_wconf 84' lang='lat' dir='ltr'><strong>de</strong></span> <span class='ocrx_word' id='word_1_211' title='bbox 912 1489 995 1508; x_wconf 86' lang='lat' dir='ltr'><strong>causa</strong></span> 
     </span>
    </p>
   </div>
   <div class='ocr_carea' id='block_1_32' title="bbox 203 1526 994 1561">
    <p class='ocr_par' dir='ltr' id='par_1_32' title="bbox 203 1526 994 1561">
     <span class='ocr_line' id='line_1_32' title="bbox 203 1526 994 1561; baseline 0.003 -9"><span class='ocrx_word' id='word_1_212' title='bbox 203 1526 343 1554; x_wconf 79' lang='lat' dir='ltr'><strong>meliorem</strong></span> <span class='ocrx_word' id='word_1_213' title='bbox 376 1535 486 1554; x_wconf 87' lang='lat' dir='ltr'><strong>omnem</strong></span> <span class='ocrx_word' id='word_1_214' title='bbox 511 1528 544 1555; x_wconf 87' lang='lat' dir='ltr'><strong>de</strong></span> <span class='ocrx_word' id='word_1_215' title='bbox 573 1528 661 1555; x_wconf 86' lang='lat' dir='ltr'><strong>salute</strong></span> <span class='ocrx_word' id='word_1_216' title='bbox 687 1533 733 1554; x_wconf 86' lang='lat' dir='ltr'><strong>tua</strong></span> <span class='ocrx_word' id='word_1_217' title='bbox 763 1535 839 1559; x_wconf 85' lang='lat' dir='ltr'><strong>spem</strong></span> <span class='ocrx_word' id='word_1_218' title='bbox 872 1527 994 1561; x_wconf 57' lang='lat' dir='ltr'><strong>altjicias,</strong></span> 
     </span>
    </p>
   </div>
   <div class='ocr_carea' id='block_1_33' title="bbox 203 1572 994 1607">
    <p class='ocr_par' dir='ltr' id='par_1_33' title="bbox 203 1572 994 1607">
     <span class='ocr_line' id='line_1_33' title="bbox 203 1572 994 1607; baseline 0.003 -10"><span class='ocrx_word' id='word_1_219' title='bbox 203 1572 277 1605; x_wconf 77' lang='lat' dir='ltr'><strong>quod</strong></span> <span class='ocrx_word' id='word_1_220' title='bbox 302 1580 398 1600; x_wconf 88' lang='lat' dir='ltr'><strong>omttes</strong></span> <span class='ocrx_word' id='word_1_221' title='bbox 423 1573 533 1600; x_wconf 90' lang='lat' dir='ltr'><strong>virtutis</strong></span> <span class='ocrx_word' id='word_1_222' title='bbox 559 1581 690 1600; x_wconf 86' lang='lat' dir='ltr'><strong>numeros</strong></span> <span class='ocrx_word' id='word_1_223' title='bbox 728 1573 837 1607; x_wconf 80' lang='lat' dir='ltr'><strong>explere</strong></span> <span class='ocrx_word' id='word_1_224' title='bbox 864 1580 994 1607; x_wconf 77' lang='lat' dir='ltr'><strong>nequeas.</strong></span> 
     </span>
    </p>
   </div>
   <div class='ocr_carea' id='block_1_34' title="bbox 203 1613 997 1649">
    <p class='ocr_par' dir='ltr' id='par_1_34' title="bbox 203 1613 997 1649">
     <span class='ocr_line' id='line_1_34' title="bbox 203 1613 997 1649; baseline 0.003 -10"><span class='ocrx_word' id='word_1_225' title='bbox 203 1613 288 1641; x_wconf 85' lang='lat' dir='ltr'><strong>Porro</strong></span> <span class='ocrx_word' id='word_1_226' title='bbox 313 1613 470 1649; x_wconf 78' lang='lat' dir='ltr'><strong>Theologus</strong></span> <span class='ocrx_word' id='word_1_227' title='bbox 496 1616 622 1642; x_wconf 68' lang='lat' dir='ltr'><strong>consulto</strong></span> <span class='ocrx_word' id='word_1_228' title='bbox 649 1615 682 1642; x_wconf 85' lang='lat' dir='ltr'><strong>ad</strong></span> <span class='ocrx_word' id='word_1_229' title='bbox 707 1616 816 1642; x_wconf 83' lang='lat' dir='ltr'><strong>unicam</strong></span> <span class='ocrx_word' id='word_1_230' title='bbox 832 1623 919 1649; x_wconf 78' lang='lat' dir='ltr'><strong>usque</strong></span> <span class='ocrx_word' id='word_1_231' title='bbox 944 1615 997 1642; x_wconf 88' lang='lat' dir='ltr'><strong>vir-</strong></span> 
     </span>
    </p>
   </div>
   <div class='ocr_carea' id='block_1_35' title="bbox 204 1660 996 1693">
    <p class='ocr_par' dir='ltr' id='par_1_35' title="bbox 204 1660 996 1693">
     <span class='ocr_line' id='line_1_35' title="bbox 204 1660 996 1693; baseline 0.003 -8"><span class='ocrx_word' id='word_1_232' title='bbox 204 1663 288 1686; x_wconf 89' lang='lat' dir='ltr'><strong>tutem</strong></span> <span class='ocrx_word' id='word_1_233' title='bbox 306 1661 458 1687; x_wconf 72' lang='lat' dir='ltr'><strong>arationem</strong></span> <span class='ocrx_word' id='word_1_234' title='bbox 476 1661 598 1693; x_wconf 72' lang='lat' dir='ltr'><strong>demisit,</strong></span> <span class='ocrx_word' id='word_1_235' title='bbox 616 1665 646 1688; x_wconf 86' lang='lat' dir='ltr'><strong>ut</strong></span> <span class='ocrx_word' id='word_1_236' title='bbox 662 1660 772 1687; x_wconf 79' lang='lat' dir='ltr'><strong>allatam</strong></span> <span class='ocrx_word' id='word_1_237' title='bbox 790 1661 996 1688; x_wconf 74' lang='lat' dir='ltr'><strong>excusatimtem</strong></span> 
     </span>
    </p>
   </div>
   <div class='ocr_carea' id='block_1_36' title="bbox 204 1708 449 1736">
    <p class='ocr_par' dir='ltr' id='par_1_36' title="bbox 204 1708 449 1736">
     <span class='ocr_line' id='line_1_36' title="bbox 204 1708 449 1736; baseline 0.008 -9"><span class='ocrx_word' id='word_1_238' title='bbox 204 1709 315 1736; x_wconf 84' lang='lat' dir='ltr'><strong>prorsus</strong></span> <span class='ocrx_word' id='word_1_239' title='bbox 332 1708 449 1729; x_wconf 84' lang='lat' dir='ltr'><strong>evertat.</strong></span> 
     </span>
    </p>
   </div>
   <div class='ocr_carea' id='block_1_37' title="bbox 240 1746 999 1783">
    <p class='ocr_par' dir='ltr' id='par_1_37' title="bbox 240 1746 999 1783">
     <span class='ocr_line' id='line_1_37' title="bbox 240 1746 999 1783; baseline 0.004 -10"><span class='ocrx_word' id='word_1_240' title='bbox 240 1746 310 1774; x_wconf 84' lang='lat' dir='ltr'><strong>Ibid.</strong></span> <span class='ocrx_word' id='word_1_241' title='bbox 345 1747 452 1775; x_wconf 73' lang='lat' dir='ltr'><strong>Verum.</strong></span> <span class='ocrx_word' id='word_1_242' title='bbox 480 1748 548 1774; x_wconf 79' lang='lat' dir='ltr'><strong>dim</strong></span> <span class='ocrx_word' id='word_1_243' title='bbox 572 1748 718 1783; x_wconf 73' lang='lat' dir='ltr'><strong>quispiam,</strong></span> <span class='ocrx_word' id='word_1_244' title='bbox 737 1753 790 1776; x_wconf 77' lang='lat' dir='ltr'><strong>etc.</strong></span> <span class='ocrx_word' id='word_1_245' title='bbox 824 1749 859 1775; x_wconf 83' lang='lat' dir='ltr'><strong>At</strong></span> <span class='ocrx_word' id='word_1_246' title='bbox 885 1748 999 1776; x_wconf 84' lang='lat' dir='ltr'><strong>fortasse</strong></span> 
     </span>
    </p>
   </div>
   <div class='ocr_carea' id='block_1_38' title="bbox 204 1792 998 1828">
    <p class='ocr_par' dir='ltr' id='par_1_38' title="bbox 204 1792 998 1828">
     <span class='ocr_line' id='line_1_38' title="bbox 204 1792 998 1828; baseline 0.004 -10"><span class='ocrx_word' id='word_1_247' title='bbox 204 1792 294 1820; x_wconf 87' lang='lat' dir='ltr'><strong>dictus</strong></span> <span class='ocrx_word' id='word_1_248' title='bbox 308 1797 361 1823; x_wconf 76' lang='lat' dir='ltr'><strong>est.</strong></span> <span class='ocrx_word' id='word_1_249' title='bbox 387 1793 433 1828; x_wconf 90' lang='lat' dir='ltr'><strong>qui</strong></span> <span class='ocrx_word' id='word_1_250' title='bbox 451 1793 615 1828; x_wconf 85' lang='lat' dir='ltr'><strong>baptismum</strong></span> <span class='ocrx_word' id='word_1_251' title='bbox 641 1794 746 1821; x_wconf 88' lang='lat' dir='ltr'><strong>diutius</strong></span> <span class='ocrx_word' id='word_1_252' title='bbox 769 1795 898 1822; x_wconf 75' lang='lat' dir='ltr'><strong>extrahit.</strong></span> <span class='ocrx_word' id='word_1_253' title='bbox 927 1794 998 1827; x_wconf 86' lang='lat' dir='ltr'><strong>Quid</strong></span> 
     </span>
    </p>
   </div>
   <div class='ocr_carea' id='block_1_39' title="bbox 205 1835 997 1870">
    <p class='ocr_par' dir='ltr' id='par_1_39' title="bbox 205 1835 997 1870">
     <span class='ocr_line' id='line_1_39' title="bbox 205 1835 997 1870; baseline 0.004 -9"><span class='ocrx_word' id='word_1_254' title='bbox 205 1835 339 1862; x_wconf 87' lang='lat' dir='ltr'><strong>commodi</strong></span> <span class='ocrx_word' id='word_1_255' title='bbox 359 1835 423 1862; x_wconf 93' lang='lat' dir='ltr'><strong>hinc</strong></span> <span class='ocrx_word' id='word_1_256' title='bbox 439 1835 472 1862; x_wconf 88' lang='lat' dir='ltr'><strong>ad</strong></span> <span class='ocrx_word' id='word_1_257' title='bbox 489 1843 532 1862; x_wconf 86' lang='lat' dir='ltr'><strong>itte</strong></span> <span class='ocrx_word' id='word_1_258' title='bbox 548 1836 700 1863; x_wconf 90' lang='lat' dir='ltr'><strong>rediturum</strong></span> <span class='ocrx_word' id='word_1_259' title='bbox 717 1841 770 1868; x_wconf 89' lang='lat' dir='ltr'><strong>est,</strong></span> <span class='ocrx_word' id='word_1_260' title='bbox 786 1837 806 1863; x_wconf 94' lang='lat' dir='ltr'><strong>si</strong></span> <span class='ocrx_word' id='word_1_261' title='bbox 832 1844 880 1869; x_wconf 80' lang='lat' dir='ltr'><strong>per</strong></span> <span class='ocrx_word' id='word_1_262' title='bbox 897 1836 997 1870; x_wconf 82' lang='lat' dir='ltr'><strong>baptis-</strong></span> 
     </span>
    </p>
   </div>
   <div class='ocr_carea' id='block_1_40' title="bbox 205 1881 998 1917">
    <p class='ocr_par' dir='ltr' id='par_1_40' title="bbox 205 1881 998 1917">
     <span class='ocr_line' id='line_1_40' title="bbox 205 1881 998 1917; baseline 0.001 -10"><span class='ocrx_word' id='word_1_263' title='bbox 205 1888 281 1907; x_wconf 91' lang='lat' dir='ltr'><strong>mum</strong></span> <span class='ocrx_word' id='word_1_264' title='bbox 297 1887 446 1916; x_wconf 85' lang='lat' dir='ltr'><strong>occupatus</strong></span> <span class='ocrx_word' id='word_1_265' title='bbox 465 1889 496 1908; x_wconf 85' lang='lat' dir='ltr'><strong>ac</strong></span> <span class='ocrx_word' id='word_1_266' title='bbox 511 1881 662 1909; x_wconf 80' lang='lat' dir='ltr'><strong>distractus</strong></span> <span class='ocrx_word' id='word_1_267' title='bbox 677 1886 781 1914; x_wconf 85' lang='lat' dir='ltr'><strong>tenear,</strong></span> <span class='ocrx_word' id='word_1_268' title='bbox 807 1883 930 1917; x_wconf 79' lang='lat' dir='ltr'><strong>mihique</strong></span> <span class='ocrx_word' id='word_1_269' title='bbox 946 1882 998 1917; x_wconf 87' lang='lat' dir='ltr'><strong>ipsi</strong></span> 
     </span>
    </p>
   </div>
   <div class='ocr_carea' id='block_1_41' title="bbox 204 1928 995 1960">
    <p class='ocr_par' dir='ltr' id='par_1_41' title="bbox 204 1928 995 1960">
     <span class='ocr_line' id='line_1_41' title="bbox 204 1928 995 1960; baseline 0.003 -7"><span class='ocrx_word' id='word_1_270' title='bbox 204 1928 375 1960; x_wconf 80' lang='lat' dir='ltr'><strong>voluptatum</strong></span> <span class='ocrx_word' id='word_1_271' title='bbox 402 1929 610 1956; x_wconf 81' lang='lat' dir='ltr'><strong>oblectamentis</strong></span> <span class='ocrx_word' id='word_1_272' title='bbox 637 1929 825 1956; x_wconf 81' lang='lat' dir='ltr'><strong>interdixero:</strong></span> <span class='ocrx_word' id='word_1_273' title='bbox 847 1937 909 1956; x_wconf 89' lang='lat' dir='ltr'><strong>cum</strong></span> <span class='ocrx_word' id='word_1_274' title='bbox 929 1929 995 1955; x_wconf 89' lang='lat' dir='ltr'><strong>tttilti</strong></span> 
     </span>
    </p>
   </div>
   <div class='ocr_carea' id='block_1_42' title="bbox 157 1973 999 2009">
    <p class='ocr_par' dir='ltr' id='par_1_42' title="bbox 157 1973 999 2009">
     <span class='ocr_line' id='line_1_42' title="bbox 157 1973 999 2009; baseline 0.001 -9"><span class='ocrx_word' id='word_1_275' title='bbox 157 1995 161 1998; x_wconf 88' lang='lat'><strong>.</strong></span> <span class='ocrx_word' id='word_1_276' title='bbox 205 1973 394 2009; x_wconf 68' lang='lat' dir='ltr'><strong>Voluptatibus</strong></span> <span class='ocrx_word' id='word_1_277' title='bbox 414 1975 519 2002; x_wconf 75' lang='lat' dir='ltr'><strong>servire</strong></span> <span class='ocrx_word' id='word_1_278' title='bbox 537 1975 627 2008; x_wconf 76' lang='lat' dir='ltr'><strong>liccat,</strong></span> <span class='ocrx_word' id='word_1_279' title='bbox 645 1983 677 2002; x_wconf 87' lang='lat' dir='ltr'><strong>ac</strong></span> <span class='ocrx_word' id='word_1_280' title='bbox 692 1980 747 2002; x_wconf 87' lang='lat' dir='ltr'><strong>tum</strong></span> <span class='ocrx_word' id='word_1_281' title='bbox 767 1976 876 2002; x_wconf 80' lang='lat' dir='ltr'><strong>demunt</strong></span> <span class='ocrx_word' id='word_1_282' title='bbox 894 1975 999 2009; x_wconf 84' lang='lat' dir='ltr'><strong>baptis-</strong></span> 
     </span>
    </p>
   </div>
   <div class='ocr_carea' id='block_1_43' title="bbox 206 2021 999 2055">
    <p class='ocr_par' dir='ltr' id='par_1_43' title="bbox 206 2021 999 2055">
     <span class='ocr_line' id='line_1_43' title="bbox 206 2021 999 2055; baseline 0.003 -9"><span class='ocrx_word' id='word_1_283' title='bbox 206 2028 282 2046; x_wconf 84' lang='lat' dir='ltr'><strong>mum</strong></span> <span class='ocrx_word' id='word_1_284' title='bbox 310 2021 469 2054; x_wconf 78' lang='lat' dir='ltr'><strong>suscipere,</strong></span> <span class='ocrx_word' id='word_1_285' title='bbox 499 2029 561 2047; x_wconf 83' lang='lat' dir='ltr'><strong>cum</strong></span> <span class='ocrx_word' id='word_1_286' title='bbox 588 2022 718 2054; x_wconf 87' lang='lat' dir='ltr'><strong>peccandi</strong></span> <span class='ocrx_word' id='word_1_287' title='bbox 747 2023 826 2048; x_wconf 87' lang='lat' dir='ltr'><strong>littcttt</strong></span> <span class='ocrx_word' id='word_1_288' title='bbox 852 2021 999 2055; x_wconf 28' lang='lat' dir='ltr'><strong>aliquando</strong></span> 
     </span>
    </p>
   </div>
   <div class='ocr_carea' id='block_1_44' title="bbox 206 2065 999 2102">
    <p class='ocr_par' dir='ltr' id='par_1_44' title="bbox 206 2065 999 2102">
     <span class='ocr_line' id='line_1_44' title="bbox 206 2065 999 2102; baseline 0.003 -10"><span class='ocrx_word' id='word_1_289' title='bbox 206 2065 297 2093; x_wconf 78' lang='lat' dir='ltr'><strong>fecero</strong></span> <span class='ocrx_word' id='word_1_290' title='bbox 314 2075 320 2092; x_wconf 90' lang='lat'>:</span> <span class='ocrx_word' id='word_1_291' title='bbox 337 2066 558 2100; x_wconf 81' lang='lat' dir='ltr'><strong>quandoquidem</strong></span> <span class='ocrx_word' id='word_1_292' title='bbox 588 2071 615 2093; x_wconf 87' lang='lat' dir='ltr'><strong>et</strong></span> <span class='ocrx_word' id='word_1_293' title='bbox 631 2067 749 2100; x_wconf 75' lang='lat' dir='ltr'><strong>operarii</strong></span> <span class='ocrx_word' id='word_1_294' title='bbox 773 2067 823 2099; x_wconf 84' lang='lat' dir='ltr'><strong>illi,</strong></span> <span class='ocrx_word' id='word_1_295' title='bbox 841 2067 874 2094; x_wconf 86' lang='lat' dir='ltr'><strong>de</strong></span> <span class='ocrx_word' id='word_1_296' title='bbox 899 2067 999 2102; x_wconf 84' lang='lat' dir='ltr'><strong>quibus</strong></span> 
     </span>
    </p>
   </div>
   <div class='ocr_carea' id='block_1_45' title="bbox 205 2112 1000 2147">
    <p class='ocr_par' dir='ltr' id='par_1_45' title="bbox 205 2112 1000 2147">
     <span class='ocr_line' id='line_1_45' title="bbox 205 2112 1000 2147; baseline 0 -9"><span class='ocrx_word' id='word_1_297' title='bbox 205 2113 372 2147; x_wconf 39' lang='lat' dir='ltr'><strong>evangelista</strong></span> <span class='ocrx_word' id='word_1_298' title='bbox 400 2112 518 2146; x_wconf 78' lang='lat' dir='ltr'><strong>loquitur</strong></span> <span class='ocrx_word' id='word_1_299' title='bbox 537 2114 558 2128; x_wconf 85' lang='grc'><strong>⁷⁷</strong></span> <span class='ocrx_word' id='word_1_300' title='bbox 573 2133 580 2143; x_wconf 83' lang='grc'><em>,</em></span> <span class='ocrx_word' id='word_1_301' title='bbox 600 2113 724 2140; x_wconf 88' lang='lat' dir='ltr'><strong>mercede</strong></span> <span class='ocrx_word' id='word_1_302' title='bbox 750 2113 889 2145; x_wconf 80' lang='lat' dir='ltr'><strong>conducti,</strong></span> <span class='ocrx_word' id='word_1_303' title='bbox 916 2117 1000 2147; x_wconf 85' lang='lat' dir='ltr'><strong>atque</strong></span> 
     </span>
    </p>
   </div>
   <div class='ocr_carea' id='block_1_46' title="bbox 207 2157 997 2192">
    <p class='ocr_par' dir='ltr' id='par_1_46' title="bbox 207 2157 997 2192">
     <span class='ocr_line' id='line_1_46' title="bbox 207 2157 997 2192; baseline 0.001 -9"><span class='ocrx_word' id='word_1_304' title='bbox 207 2158 234 2183; x_wconf 87' lang='lat' dir='ltr'><strong>in</strong></span> <span class='ocrx_word' id='word_1_305' title='bbox 252 2157 399 2184; x_wconf 80' lang='lat' dir='ltr'><strong>excolenda</strong></span> <span class='ocrx_word' id='word_1_306' title='bbox 415 2157 492 2183; x_wconf 88' lang='lat' dir='ltr'><strong>vittca</strong></span> <span class='ocrx_word' id='word_1_307' title='bbox 513 2158 587 2191; x_wconf 79' lang='lat' dir='ltr'><strong>prius</strong></span> <span class='ocrx_word' id='word_1_308' title='bbox 610 2158 702 2184; x_wconf 83' lang='lat' dir='ltr'><strong>labore</strong></span> <span class='ocrx_word' id='word_1_309' title='bbox 724 2157 842 2192; x_wconf 71' lang='lat' dir='ltr'><strong>fatigati,</strong></span> <span class='ocrx_word' id='word_1_310' title='bbox 863 2158 997 2192; x_wconf 68' lang='lat' dir='ltr'><strong>aequalem</strong></span> 
     </span>
    </p>
   </div>
   <div class='ocr_carea' id='block_1_47' title="bbox 207 2199 999 2234">
    <p class='ocr_par' dir='ltr' id='par_1_47' title="bbox 207 2199 999 2234">
     <span class='ocr_line' id='line_1_47' title="bbox 207 2199 999 2234; baseline 0 -8"><span class='ocrx_word' id='word_1_311' title='bbox 207 2207 269 2226; x_wconf 87' lang='lat' dir='ltr'><strong>cum</strong></span> <span class='ocrx_word' id='word_1_312' title='bbox 299 2200 332 2227; x_wconf 90' lang='lat' dir='ltr'><strong>iis</strong></span> <span class='ocrx_word' id='word_1_313' title='bbox 356 2200 403 2234; x_wconf 92' lang='lat' dir='ltr'><strong>qui</strong></span> <span class='ocrx_word' id='word_1_314' title='bbox 430 2200 503 2226; x_wconf 87' lang='lat' dir='ltr'><strong>circa</strong></span> <span class='ocrx_word' id='word_1_315' title='bbox 532 2199 703 2226; x_wconf 77' lang='lat' dir='ltr'><strong>undecimam</strong></span> <span class='ocrx_word' id='word_1_316' title='bbox 732 2200 828 2226; x_wconf 92' lang='lat' dir='ltr'><strong>horam</strong></span> <span class='ocrx_word' id='word_1_317' title='bbox 857 2204 999 2232; x_wconf 63' lang='lat' dir='ltr'><strong>venerunt,</strong></span> 
     </span>
    </p>
   </div>
   <div class='ocr_carea' id='block_1_48' title="bbox 208 2245 999 2281">
    <p class='ocr_par' dir='ltr' id='par_1_48' title="bbox 208 2245 999 2281">
     <span class='ocr_line' id='line_1_48' title="bbox 208 2245 999 2281; baseline 0.001 -10"><span class='ocrx_word' id='word_1_318' title='bbox 208 2245 361 2272; x_wconf 76' lang='lat' dir='ltr'><strong>mercedem</strong></span> <span class='ocrx_word' id='word_1_319' title='bbox 376 2250 548 2279; x_wconf 73' lang='lat' dir='ltr'><strong>acceperunt.</strong></span> <span class='ocrx_word' id='word_1_320' title='bbox 568 2245 623 2280; x_wconf 59' lang='lat' dir='ltr'><strong>ligo</strong></span> <span class='ocrx_word' id='word_1_321' title='bbox 639 2253 703 2272; x_wconf 83' lang='lat' dir='ltr'><strong>vero</strong></span> <span class='ocrx_word' id='word_1_322' title='bbox 719 2246 752 2273; x_wconf 91' lang='lat' dir='ltr'><strong>ad</strong></span> <span class='ocrx_word' id='word_1_323' title='bbox 767 2254 841 2277; x_wconf 85' lang='lat' dir='ltr'><strong>eunt,</strong></span> <span class='ocrx_word' id='word_1_324' title='bbox 855 2246 901 2281; x_wconf 86' lang='lat' dir='ltr'><strong>qui</strong></span> <span class='ocrx_word' id='word_1_325' title='bbox 918 2246 999 2281; x_wconf 91' lang='lat' dir='ltr'><strong>hujus</strong></span> 
     </span>
    </p>
   </div>
   <div class='ocr_carea' id='block_1_49' title="bbox 207 2291 999 2326">
    <p class='ocr_par' dir='ltr' id='par_1_49' title="bbox 207 2291 999 2326">
     <span class='ocr_line' id='line_1_49' title="bbox 207 2291 999 2326; baseline 0.003 -9"><span class='ocrx_word' id='word_1_326' title='bbox 207 2291 330 2318; x_wconf 87' lang='lat' dir='ltr'><strong>oratione</strong></span> <span class='ocrx_word' id='word_1_327' title='bbox 356 2292 451 2324; x_wconf 86' lang='lat' dir='ltr'><strong>utitur,</strong></span> <span class='ocrx_word' id='word_1_328' title='bbox 476 2291 591 2319; x_wconf 73' lang='lat' dir='ltr'><strong>dixerim</strong></span> <span class='ocrx_word' id='word_1_329' title='bbox 622 2301 628 2318; x_wconf 91' lang='lat'>:</span> <span class='ocrx_word' id='word_1_330' title='bbox 656 2291 769 2326; x_wconf 63' lang='lat' dir='ltr'><strong>Negotia</strong></span> <span class='ocrx_word' id='word_1_331' title='bbox 796 2299 840 2319; x_wconf 90' lang='lat' dir='ltr'><strong>me</strong></span> <span class='ocrx_word' id='word_1_332' title='bbox 866 2291 999 2325; x_wconf 87' lang='lat' dir='ltr'><strong>liherasti,</strong></span> 
     </span>
    </p>
   </div>
   <div class='ocr_carea' id='block_1_50' title="bbox 207 2338 999 2373">
    <p class='ocr_par' dir='ltr' id='par_1_50' title="bbox 207 2338 999 2373">
     <span class='ocr_line' id='line_1_50' title="bbox 207 2338 999 2373; baseline 0.001 -9"><span class='ocrx_word' id='word_1_333' title='bbox 207 2338 259 2364; x_wconf 87' lang='lat' dir='ltr'><strong>huc</strong></span> <span class='ocrx_word' id='word_1_334' title='bbox 277 2342 328 2370; x_wconf 81' lang='lat' dir='ltr'><strong>est,</strong></span> <span class='ocrx_word' id='word_1_335' title='bbox 348 2338 442 2365; x_wconf 83' lang='lat' dir='ltr'><strong>labore</strong></span> <span class='ocrx_word' id='word_1_336' title='bbox 462 2343 488 2365; x_wconf 87' lang='lat' dir='ltr'><strong>et</strong></span> <span class='ocrx_word' id='word_1_337' title='bbox 506 2338 643 2370; x_wconf 74' lang='lat' dir='ltr'><strong>molestia,</strong></span> <span class='ocrx_word' id='word_1_338' title='bbox 661 2346 722 2373; x_wconf 74' lang='lat' dir='ltr'><strong>quae</strong></span> <span class='ocrx_word' id='word_1_339' title='bbox 741 2338 806 2365; x_wconf 93' lang='lat' dir='ltr'><strong>mihi</strong></span> <span class='ocrx_word' id='word_1_340' title='bbox 827 2338 999 2373; x_wconf 84' lang='lat' dir='ltr'><strong>suscipienda</strong></span> 
     </span>
    </p>
   </div>
   <div class='ocr_carea' id='block_1_51' title="bbox 207 2382 999 2418">
    <p class='ocr_par' dir='ltr' id='par_1_51' title="bbox 207 2382 999 2418">
     <span class='ocr_line' id='line_1_51' title="bbox 207 2382 999 2418; baseline 0.005 -10"><span class='ocrx_word' id='word_1_341' title='bbox 207 2382 314 2416; x_wconf 76' lang='lat' dir='ltr'><strong>fuisset,</strong></span> <span class='ocrx_word' id='word_1_342' title='bbox 344 2387 373 2410; x_wconf 71' lang='lat' dir='ltr'><strong>ut</strong></span> <span class='ocrx_word' id='word_1_343' title='bbox 399 2384 657 2418; x_wconf 80' lang='lat' dir='ltr'><strong>procrastinatiouis</strong></span> <span class='ocrx_word' id='word_1_344' title='bbox 675 2390 727 2411; x_wconf 58' lang='lat' dir='ltr'><strong>tum</strong></span> <span class='ocrx_word' id='word_1_345' title='bbox 757 2392 887 2411; x_wconf 76' lang='lat' dir='ltr'><strong>arcanum</strong></span> <span class='ocrx_word' id='word_1_346' title='bbox 909 2385 999 2418; x_wconf 69' lang='lat' dir='ltr'><strong>expis-</strong></span> 
     </span>
    </p>
   </div>
   <div class='ocr_carea' id='block_1_52' title="bbox 206 2428 997 2464">
    <p class='ocr_par' dir='ltr' id='par_1_52' title="bbox 206 2428 997 2464">
     <span class='ocr_line' id='line_1_52' title="bbox 206 2428 997 2464; baseline 0.004 -10"><span class='ocrx_word' id='word_1_347' title='bbox 206 2436 284 2455; x_wconf 71' lang='lat' dir='ltr'><strong>t&#39;arcr</strong></span> <span class='ocrx_word' id='word_1_348' title='bbox 298 2434 379 2463; x_wconf 66' lang='lat' dir='ltr'><strong>atqur:</strong></span> <span class='ocrx_word' id='word_1_349' title='bbox 395 2429 585 2464; x_wconf 68' lang='lat' dir='ltr'><strong>intelligerent.</strong></span> <span class='ocrx_word' id='word_1_350' title='bbox 609 2428 706 2458; x_wconf 82' lang='lat' dir='ltr'><strong>Verum</strong></span> <span class='ocrx_word' id='word_1_351' title='bbox 724 2431 786 2457; x_wconf 84' lang='lat' dir='ltr'><strong>audi</strong></span> <span class='ocrx_word' id='word_1_352' title='bbox 802 2439 834 2458; x_wconf 75' lang='lat' dir='ltr'><strong>ex</strong></span> <span class='ocrx_word' id='word_1_353' title='bbox 860 2439 903 2458; x_wconf 85' lang='lat' dir='ltr'><strong>me</strong></span> <span class='ocrx_word' id='word_1_354' title='bbox 917 2439 997 2464; x_wconf 81' lang='lat' dir='ltr'><strong>para-</strong></span> 
     </span>
    </p>
   </div>
   <div class='ocr_carea' id='block_1_53' title="bbox 206 2475 1001 2512">
    <p class='ocr_par' dir='ltr' id='par_1_53' title="bbox 206 2475 1001 2512">
     <span class='ocr_line' id='line_1_53' title="bbox 206 2475 1001 2512; baseline 0.001 -11"><span class='ocrx_word' id='word_1_355' title='bbox 206 2475 276 2502; x_wconf 74' lang='lat' dir='ltr'><strong>hola:</strong></span> <span class='ocrx_word' id='word_1_356' title='bbox 301 2476 395 2510; x_wconf 75' lang='lat' dir='ltr'><strong>hujus,</strong></span> <span class='ocrx_word' id='word_1_357' title='bbox 420 2485 503 2511; x_wconf 86' lang='lat' dir='ltr'><strong>quam</strong></span> <span class='ocrx_word' id='word_1_358' title='bbox 530 2485 672 2512; x_wconf 82' lang='lat' dir='ltr'><strong>perperam</strong></span> <span class='ocrx_word' id='word_1_359' title='bbox 701 2477 841 2511; x_wconf 69' lang='lat' dir='ltr'><strong>intelligis.</strong></span> <span class='ocrx_word' id='word_1_360' title='bbox 872 2478 1001 2511; x_wconf 69' lang='lat' dir='ltr'><strong>explana-</strong></span> 
     </span>
    </p>
   </div>
   <div class='ocr_carea' id='block_1_54' title="bbox 207 2520 998 2558">
    <p class='ocr_par' dir='ltr' id='par_1_54' title="bbox 207 2520 998 2558">
     <span class='ocr_line' id='line_1_54' title="bbox 207 2520 998 2558; baseline 0.004 -12"><span class='ocrx_word' id='word_1_361' title='bbox 207 2520 320 2548; x_wconf 87' lang='lat' dir='ltr'><strong>tionem.</strong></span> <span class='ocrx_word' id='word_1_362' title='bbox 348 2520 468 2549; x_wconf 84' lang='lat' dir='ltr'><strong>Primum</strong></span> <span class='ocrx_word' id='word_1_363' title='bbox 497 2522 578 2558; x_wconf 73' lang='lat' dir='ltr'><strong>igitur</strong></span> <span class='ocrx_word' id='word_1_364' title='bbox 596 2523 648 2550; x_wconf 89' lang='lat' dir='ltr'><strong>hoc</strong></span> <span class='ocrx_word' id='word_1_365' title='bbox 672 2524 742 2552; x_wconf 85' lang='lat' dir='ltr'><strong>dico.</strong></span> <span class='ocrx_word' id='word_1_366' title='bbox 770 2527 795 2550; x_wconf 86' lang='lat' dir='ltr'><strong>te</strong></span> <span class='ocrx_word' id='word_1_367' title='bbox 823 2524 998 2557; x_wconf 73' lang='lat' dir='ltr'><strong>incongruam</strong></span> 
     </span>
    </p>
   </div>
   <div class='ocr_carea' id='block_1_55' title="bbox 209 2566 997 2602">
    <p class='ocr_par' dir='ltr' id='par_1_55' title="bbox 209 2566 997 2602">
     <span class='ocr_line' id='line_1_55' title="bbox 209 2566 997 2602; baseline 0.005 -11"><span class='ocrx_word' id='word_1_368' title='bbox 209 2570 291 2600; x_wconf 86' lang='lat' dir='ltr'><strong>atque</strong></span> <span class='ocrx_word' id='word_1_369' title='bbox 307 2566 422 2593; x_wconf 80' lang='lat' dir='ltr'><strong>alienant</strong></span> <span class='ocrx_word' id='word_1_370' title='bbox 440 2567 621 2601; x_wconf 84' lang='lat' dir='ltr'><strong>objectionem</strong></span> <span class='ocrx_word' id='word_1_371' title='bbox 640 2568 795 2602; x_wconf 75' lang='lat' dir='ltr'><strong>protulisse.</strong></span> <span class='ocrx_word' id='word_1_372' title='bbox 810 2567 914 2594; x_wconf 75' lang='lat' dir='ltr'><strong>Etenim</strong></span> <span class='ocrx_word' id='word_1_373' title='bbox 939 2568 997 2595; x_wconf 80' lang='lat' dir='ltr'><strong>haec</strong></span> 
     </span>
    </p>
   </div>
   <div class='ocr_carea' id='block_1_56' title="bbox 209 2611 997 2647">
    <p class='ocr_par' dir='ltr' id='par_1_56' title="bbox 209 2611 997 2647">
     <span class='ocr_line' id='line_1_56' title="bbox 209 2611 997 2647; baseline 0.003 -10"><span class='ocrx_word' id='word_1_374' title='bbox 209 2611 349 2645; x_wconf 84' lang='lat' dir='ltr'><strong>parabola,</strong></span> <span class='ocrx_word' id='word_1_375' title='bbox 367 2619 419 2638; x_wconf 90' lang='lat' dir='ltr'><strong>non</strong></span> <span class='ocrx_word' id='word_1_376' title='bbox 438 2611 471 2638; x_wconf 86' lang='lat' dir='ltr'><strong>de</strong></span> <span class='ocrx_word' id='word_1_377' title='bbox 491 2612 609 2640; x_wconf 87' lang='lat' dir='ltr'><strong>hominis</strong></span> <span class='ocrx_word' id='word_1_378' title='bbox 635 2618 694 2646; x_wconf 86' lang='lat' dir='ltr'><strong>post</strong></span> <span class='ocrx_word' id='word_1_379' title='bbox 722 2620 863 2647; x_wconf 79' lang='lat' dir='ltr'><strong>acet-ptum</strong></span> <span class='ocrx_word' id='word_1_380' title='bbox 895 2613 997 2647; x_wconf 75' lang='lat' dir='ltr'><strong>baptis-</strong></span> 
     </span>
    </p>
   </div>
   <div class='ocr_carea' id='block_1_57' title="bbox 209 2659 999 2694">
    <p class='ocr_par' dir='ltr' id='par_1_57' title="bbox 209 2659 999 2694">
     <span class='ocr_line' id='line_1_57' title="bbox 209 2659 999 2694; baseline 0.001 -9"><span class='ocrx_word' id='word_1_381' title='bbox 209 2667 284 2685; x_wconf 85' lang='lat' dir='ltr'><strong>mum</strong></span> <span class='ocrx_word' id='word_1_382' title='bbox 302 2659 459 2694; x_wconf 85' lang='lat' dir='ltr'><strong>operatione</strong></span> <span class='ocrx_word' id='word_1_383' title='bbox 478 2659 588 2686; x_wconf 76' lang='lat' dir='ltr'><strong>disserit</strong></span> <span class='ocrx_word' id='word_1_384' title='bbox 605 2668 611 2686; x_wconf 85' lang='lat'><strong>:</strong></span> <span class='ocrx_word' id='word_1_385' title='bbox 630 2667 722 2686; x_wconf 74' lang='lat' dir='ltr'><strong>Vcl&#39;uttt</strong></span> <span class='ocrx_word' id='word_1_386' title='bbox 739 2660 773 2686; x_wconf 83' lang='lat' dir='ltr'><strong>de</strong></span> <span class='ocrx_word' id='word_1_387' title='bbox 803 2660 847 2690; x_wconf 80' lang='lat' dir='ltr'><strong>iis,</strong></span> <span class='ocrx_word' id='word_1_388' title='bbox 874 2659 920 2693; x_wconf 87' lang='lat' dir='ltr'><strong>qui</strong></span> <span class='ocrx_word' id='word_1_389' title='bbox 938 2659 999 2686; x_wconf 85' lang='lat' dir='ltr'><strong>aliis</strong></span> 
     </span>
    </p>
   </div>
   <div class='ocr_carea' id='block_1_58' title="bbox 212 2704 1000 2740">
    <p class='ocr_par' dir='ltr' id='par_1_58' title="bbox 212 2704 1000 2740">
     <span class='ocr_line' id='line_1_58' title="bbox 212 2704 1000 2740; baseline -0.001 -9"><span class='ocrx_word' id='word_1_390' title='bbox 212 2711 293 2740; x_wconf 76' lang='lat' dir='ltr'><strong>atque</strong></span> <span class='ocrx_word' id='word_1_391' title='bbox 318 2705 380 2733; x_wconf 88' lang='lat' dir='ltr'><strong>aliis</strong></span> <span class='ocrx_word' id='word_1_392' title='bbox 407 2705 576 2739; x_wconf 84' lang='lat' dir='ltr'><strong>temporibus</strong></span> <span class='ocrx_word' id='word_1_393' title='bbox 603 2705 682 2732; x_wconf 83' lang='lat' dir='ltr'><strong>fidem</strong></span> <span class='ocrx_word' id='word_1_394' title='bbox 707 2705 922 2740; x_wconf 87' lang='lat' dir='ltr'><strong>amplectuntur.</strong></span> <span class='ocrx_word' id='word_1_395' title='bbox 949 2704 1000 2737; x_wconf 90' lang='lat' dir='ltr'><strong>Qui</strong></span> 
     </span>
    </p>
   </div>
   <div class='ocr_carea' id='block_1_59' title="bbox 211 2750 1001 2785">
    <p class='ocr_par' dir='ltr' id='par_1_59' title="bbox 211 2750 1001 2785">
     <span class='ocr_line' id='line_1_59' title="bbox 211 2750 1001 2785; baseline -0.001 -8"><span class='ocrx_word' id='word_1_396' title='bbox 211 2752 331 2784; x_wconf 78' lang='lat' dir='ltr'><strong>quidem,</strong></span> <span class='ocrx_word' id='word_1_397' title='bbox 347 2751 427 2779; x_wconf 84' lang='lat' dir='ltr'><strong>simul</strong></span> <span class='ocrx_word' id='word_1_398' title='bbox 444 2755 526 2785; x_wconf 85' lang='lat' dir='ltr'><strong>atque</strong></span> <span class='ocrx_word' id='word_1_399' title='bbox 538 2751 570 2776; x_wconf 88' lang='lat' dir='ltr'><strong>ad</strong></span> <span class='ocrx_word' id='word_1_400' title='bbox 585 2750 663 2776; x_wconf 72' lang='lat' dir='ltr'><strong>[idem</strong></span> <span class='ocrx_word' id='word_1_401' title='bbox 677 2755 865 2782; x_wconf 77' lang='lat' dir='ltr'><strong>accesserunt,</strong></span> <span class='ocrx_word' id='word_1_402' title='bbox 882 2750 1001 2776; x_wconf 75' lang='lat' dir='ltr'><strong>actiones</strong></span> 
     </span>
    </p>
   </div>
   <div class='ocr_carea' id='block_1_60' title="bbox 211 2796 1002 2832">
    <p class='ocr_par' dir='ltr' id='par_1_60' title="bbox 211 2796 1002 2832">
     <span class='ocr_line' id='line_1_60' title="bbox 211 2796 1002 2832; baseline -0.003 -10"><span class='ocrx_word' id='word_1_403' title='bbox 211 2805 274 2825; x_wconf 73' lang='lat' dir='ltr'><strong>suas</strong></span> <span class='ocrx_word' id='word_1_404' title='bbox 299 2798 449 2825; x_wconf 76' lang='lat' dir='ltr'><strong>secundum</strong></span> <span class='ocrx_word' id='word_1_405' title='bbox 480 2797 524 2823; x_wconf 83' lang='lat' dir='ltr'><strong>Dei</strong></span> <span class='ocrx_word' id='word_1_406' title='bbox 552 2797 677 2823; x_wconf 82' lang='lat' dir='ltr'><strong>mandata</strong></span> <span class='ocrx_word' id='word_1_407' title='bbox 703 2802 728 2822; x_wconf 89' lang='lat' dir='ltr'><strong>et</strong></span> <span class='ocrx_word' id='word_1_408' title='bbox 755 2796 827 2832; x_wconf 59' lang='lat' dir='ltr'><strong>leges</strong></span> <span class='ocrx_word' id='word_1_409' title='bbox 859 2796 1002 2823; x_wconf 80' lang='lat' dir='ltr'><strong>insiluere</strong></span> 
     </span>
    </p>
   </div>
   <div class='ocr_carea' id='block_1_61' title="bbox 211 2843 1001 2878">
    <p class='ocr_par' dir='ltr' id='par_1_61' title="bbox 211 2843 1001 2878">
     <span class='ocr_line' id='line_1_61' title="bbox 211 2843 1001 2878; baseline -0.003 -8"><span class='ocrx_word' id='word_1_410' title='bbox 211 2851 323 2871; x_wconf 75' lang='lat' dir='ltr'><strong>In&#39;cesse</strong></span> <span class='ocrx_word' id='word_1_411' title='bbox 339 2845 447 2872; x_wconf 66' lang='lat' dir='ltr'><strong>habent.</strong></span> <span class='ocrx_word' id='word_1_412' title='bbox 467 2843 533 2871; x_wconf 88' lang='lat' dir='ltr'><strong>lllud</strong></span> <span class='ocrx_word' id='word_1_413' title='bbox 547 2843 643 2870; x_wconf 56' lang='lat' dir='ltr'><strong>deinde</strong></span> <span class='ocrx_word' id='word_1_414' title='bbox 659 2843 790 2877; x_wconf 75' lang='lat' dir='ltr'><strong>probabo,</strong></span> <span class='ocrx_word' id='word_1_415' title='bbox 802 2843 903 2878; x_wconf 79' lang='lat' dir='ltr'><strong>justam</strong></span> <span class='ocrx_word' id='word_1_416' title='bbox 916 2850 1001 2877; x_wconf 69' lang='lat' dir='ltr'><strong>requa:</strong></span> 
     </span>
    </p>
   </div>
   <div class='ocr_carea' id='block_1_62' title="bbox 214 2930 717 2972">
    <p class='ocr_par' dir='ltr' id='par_1_62' title="bbox 214 2930 717 2972">
     <span class='ocr_line' id='line_1_62' title="bbox 214 2930 717 2972; baseline 0.014 -12"><span class='ocrx_word' id='word_1_417' title='bbox 214 2935 236 2952; x_wconf 77' lang='grc'><strong>’³</strong></span> <span class='ocrx_word' id='word_1_418' title='bbox 258 2930 287 2962; x_wconf 61' lang='grc' dir='ltr'>ιδ</span> <span class='ocrx_word' id='word_1_419' title='bbox 307 2943 338 2962; x_wconf 65' lang='lat' dir='ltr'><strong>tlc</strong></span> <span class='ocrx_word' id='word_1_420' title='bbox 370 2944 406 2967; x_wconf 74' lang='lat' dir='ltr'><strong>tl,</strong></span> <span class='ocrx_word' id='word_1_421' title='bbox 440 2938 447 2962; x_wconf 90' lang='lat' dir='ltr'><strong>l</strong></span> <span class='ocrx_word' id='word_1_422' title='bbox 479 2947 553 2972; x_wconf 55' lang='lat' dir='ltr'><strong>seqq.</strong></span> <span class='ocrx_word' id='word_1_423' title='bbox 609 2941 630 2955; x_wconf 73' lang='grc'><strong>⁷⁸</strong></span> <span class='ocrx_word' id='word_1_424' title='bbox 652 2939 717 2968; x_wconf 73' lang='lat' dir='ltr'><strong>Lllt‘.</strong></span> 
     </span>
    </p>
   </div>
   <div class='ocr_carea' id='block_1_63' title="bbox 749 2948 833 2971">
    <p class='ocr_par' dir='ltr' id='par_1_63' title="bbox 749 2948 833 2971">
     <span class='ocr_line' id='line_1_63' title="bbox 749 2948 833 2971; baseline -0.012 -5"><span class='ocrx_word' id='word_1_425' title='bbox 749 2948 811 2966; x_wconf 71' lang='lat' dir='ltr'><strong>vnn</strong></span> <span class='ocrx_word' id='word_1_426' title='bbox 826 2961 833 2971; x_wconf 76' lang='lat'><strong>,</strong></span> 
     </span>
    </p>
   </div>
   <div class='ocr_carea' id='block_1_64' title="bbox 871 2938 1004 2974">
    <p class='ocr_par' dir='ltr' id='par_1_64' title="bbox 871 2938 1004 2974">
     <span class='ocr_line' id='line_1_64' title="bbox 871 2938 1004 2974; baseline -0.008 -9"><span class='ocrx_word' id='word_1_427' title='bbox 871 2938 900 2966; x_wconf 69' lang='grc' dir='ltr'><strong>ίι)</strong></span> <span class='ocrx_word' id='word_1_428' title='bbox 929 2947 1004 2974; x_wconf 83' lang='lat' dir='ltr'><strong>seqq.</strong></span> 
     </span>
    </p>
   </div>
   <div class='ocr_carea' id='block_1_65' title="bbox 554 935 1030 965">
    <p class='ocr_par' dir='ltr' id='par_1_65' title="bbox 554 935 1030 965">
     <span class='ocr_line' id='line_1_65' title="bbox 554 935 1030 965; baseline 0 0"><span class='ocrx_word' id='word_1_429' title='bbox 554 945 562 964; x_wconf 86' lang='lat'><strong>:</strong></span> <span class='ocrx_word' id='word_1_430' title='bbox 591 937 638 965; x_wconf 87' lang='lat' dir='ltr'><strong>sed</strong></span> <span class='ocrx_word' id='word_1_431' title='bbox 667 937 749 964; x_wconf 85' lang='lat' dir='ltr'><strong>etiam</strong></span> <span class='ocrx_word' id='word_1_432' title='bbox 781 945 874 964; x_wconf 86' lang='lat' dir='ltr'><strong>eorum</strong></span> <span class='ocrx_word' id='word_1_433' title='bbox 904 935 1030 965; x_wconf 74' lang='lat' dir='ltr'><strong>stn-liaB</strong></span> 
     </span>
    </p>
   </div>
   <div class='ocr_carea' id='block_1_66' title="bbox 1039 300 1831 343">
    <p class='ocr_par' dir='ltr' id='par_1_66' title="bbox 1039 300 1831 343">
     <span class='ocr_line' id='line_1_66' title="bbox 1039 300 1831 343; baseline -0.014 -7"><span class='ocrx_word' id='word_1_434' title='bbox 1039 310 1175 338; x_wconf 78' lang='lat' dir='ltr'><strong>venerint.</strong></span> <span class='ocrx_word' id='word_1_435' title='bbox 1189 309 1233 343; x_wconf 94' lang='lat' dir='ltr'><strong>qui</strong></span> <span class='ocrx_word' id='word_1_436' title='bbox 1254 308 1320 335; x_wconf 88' lang='lat' dir='ltr'><strong>ltora</strong></span> <span class='ocrx_word' id='word_1_437' title='bbox 1330 306 1472 334; x_wconf 84' lang='lat' dir='ltr'><strong>undecima</strong></span> <span class='ocrx_word' id='word_1_438' title='bbox 1486 308 1626 335; x_wconf 84' lang='lat' dir='ltr'><strong>venerant,</strong></span> <span class='ocrx_word' id='word_1_439' title='bbox 1641 303 1666 329; x_wconf 89' lang='lat' dir='ltr'><strong>itt</strong></span> <span class='ocrx_word' id='word_1_440' title='bbox 1679 309 1762 329; x_wconf 84' lang='lat' dir='ltr'><strong>causa</strong></span> <span class='ocrx_word' id='word_1_441' title='bbox 1781 300 1831 326; x_wconf 87' lang='lat' dir='ltr'><strong>fuit</strong></span> 
     </span>
    </p>
   </div>
   <div class='ocr_carea' id='block_1_67' title="bbox 1040 349 1834 388">
    <p class='ocr_par' dir='ltr' id='par_1_67' title="bbox 1040 349 1834 388">
     <span class='ocr_line' id='line_1_67' title="bbox 1040 349 1834 388; baseline -0.011 -6"><span class='ocrx_word' id='word_1_442' title='bbox 1040 356 1154 382; x_wconf 85' lang='lat' dir='ltr'><strong>vocatio.</strong></span> <span class='ocrx_word' id='word_1_443' title='bbox 1174 355 1261 382; x_wconf 87' lang='lat' dir='ltr'><strong>Simul</strong></span> <span class='ocrx_word' id='word_1_444' title='bbox 1276 355 1347 382; x_wconf 91' lang='lat' dir='ltr'><strong>eniut</strong></span> <span class='ocrx_word' id='word_1_445' title='bbox 1368 358 1447 388; x_wconf 82' lang='lat' dir='ltr'><strong>atque</strong></span> <span class='ocrx_word' id='word_1_446' title='bbox 1459 351 1545 378; x_wconf 85' lang='lat' dir='ltr'><strong>vocati</strong></span> <span class='ocrx_word' id='word_1_447' title='bbox 1569 355 1643 378; x_wconf 84' lang='lat' dir='ltr'><strong>sunt.</strong></span> <span class='ocrx_word' id='word_1_448' title='bbox 1656 349 1783 382; x_wconf 82' lang='lat' dir='ltr'><strong>protinus</strong></span> <span class='ocrx_word' id='word_1_449' title='bbox 1801 354 1834 373; x_wconf 79' lang='lat' dir='ltr'><strong>ac</strong></span> 
     </span>
    </p>
   </div>
   <div class='ocr_carea' id='block_1_68' title="bbox 1039 392 1834 433">
    <p class='ocr_par' dir='ltr' id='par_1_68' title="bbox 1039 392 1834 433">
     <span class='ocr_line' id='line_1_68' title="bbox 1039 392 1834 433; baseline -0.015 -4"><span class='ocrx_word' id='word_1_450' title='bbox 1039 406 1181 429; x_wconf 89' lang='lat' dir='ltr'><strong>cesserunt</strong></span> <span class='ocrx_word' id='word_1_451' title='bbox 1199 410 1204 428; x_wconf 91' lang='lat'>:</span> <span class='ocrx_word' id='word_1_452' title='bbox 1223 401 1259 428; x_wconf 89' lang='lat' dir='ltr'><strong>ita</strong></span> <span class='ocrx_word' id='word_1_453' title='bbox 1280 408 1314 427; x_wconf 85' lang='lat' dir='ltr'><strong>ne</strong></span> <span class='ocrx_word' id='word_1_454' title='bbox 1335 400 1385 426; x_wconf 86' lang='lat' dir='ltr'><strong>hac</strong></span> <span class='ocrx_word' id='word_1_455' title='bbox 1408 398 1516 433; x_wconf 82' lang='lat' dir='ltr'><strong>quidem</strong></span> <span class='ocrx_word' id='word_1_456' title='bbox 1533 401 1608 432; x_wconf 84' lang='lat' dir='ltr'><strong>parte</strong></span> <span class='ocrx_word' id='word_1_457' title='bbox 1627 395 1772 422; x_wconf 83' lang='lat' dir='ltr'><strong>inferiores</strong></span> <span class='ocrx_word' id='word_1_458' title='bbox 1799 392 1834 418; x_wconf 89' lang='lat' dir='ltr'><strong>iis</strong></span> 
     </span>
    </p>
   </div>
   <div class='ocr_carea' id='block_1_69' title="bbox 1040 439 1837 482">
    <p class='ocr_par' dir='ltr' id='par_1_69' title="bbox 1040 439 1837 482">
     <span class='ocr_line' id='line_1_69' title="bbox 1040 439 1837 482; baseline -0.016 -6"><span class='ocrx_word' id='word_1_459' title='bbox 1040 449 1105 478; x_wconf 85' lang='lat' dir='ltr'><strong>sint,</strong></span> <span class='ocrx_word' id='word_1_460' title='bbox 1122 449 1167 482; x_wconf 89' lang='lat' dir='ltr'><strong>qui</strong></span> <span class='ocrx_word' id='word_1_461' title='bbox 1182 447 1288 479; x_wconf 88' lang='lat' dir='ltr'><strong>priores</strong></span> <span class='ocrx_word' id='word_1_462' title='bbox 1300 446 1333 473; x_wconf 88' lang='lat' dir='ltr'><strong>ad</strong></span> <span class='ocrx_word' id='word_1_463' title='bbox 1347 446 1465 472; x_wconf 78' lang='lat' dir='ltr'><strong>laborem</strong></span> <span class='ocrx_word' id='word_1_464' title='bbox 1480 451 1508 471; x_wconf 84' lang='lat' dir='ltr'><strong>se</strong></span> <span class='ocrx_word' id='word_1_465' title='bbox 1522 442 1707 470; x_wconf 83' lang='lat' dir='ltr'><strong>contulerunt.</strong></span> <span class='ocrx_word' id='word_1_466' title='bbox 1722 439 1837 466; x_wconf 73' lang='lat' dir='ltr'><strong>Czrteris</strong></span> 
     </span>
    </p>
   </div>
   <div class='ocr_carea' id='block_1_70' title="bbox 1041 485 1835 526">
    <p class='ocr_par' dir='ltr' id='par_1_70' title="bbox 1041 485 1835 526">
     <span class='ocr_line' id='line_1_70' title="bbox 1041 485 1835 526; baseline -0.014 -5"><span class='ocrx_word' id='word_1_467' title='bbox 1041 501 1131 522; x_wconf 83' lang='lat' dir='ltr'><strong>autent</strong></span> <span class='ocrx_word' id='word_1_468' title='bbox 1148 493 1302 521; x_wconf 85' lang='lat' dir='ltr'><strong>rationibus</strong></span> <span class='ocrx_word' id='word_1_469' title='bbox 1316 492 1376 519; x_wconf 85' lang='lat' dir='ltr'><strong>vide</strong></span> <span class='ocrx_word' id='word_1_470' title='bbox 1392 496 1523 526; x_wconf 82' lang='lat' dir='ltr'><strong>quantum</strong></span> <span class='ocrx_word' id='word_1_471' title='bbox 1543 489 1569 516; x_wconf 86' lang='lat' dir='ltr'><strong>hi</strong></span> <span class='ocrx_word' id='word_1_472' title='bbox 1583 489 1643 515; x_wconf 86' lang='lat' dir='ltr'><strong>illos</strong></span> <span class='ocrx_word' id='word_1_473' title='bbox 1659 485 1835 514; x_wconf 80' lang='lat' dir='ltr'><strong>antecellunt.</strong></span> 
     </span>
    </p>
   </div>
   <div class='ocr_carea' id='block_1_71' title="bbox 1040 531 1831 574">
    <p class='ocr_par' dir='ltr' id='par_1_71' title="bbox 1040 531 1831 574">
     <span class='ocr_line' id='line_1_71' title="bbox 1040 531 1831 574; baseline -0.015 -6"><span class='ocrx_word' id='word_1_474' title='bbox 1040 539 1080 568; x_wconf 82' lang='lat' dir='ltr'><strong>Illi</strong></span> <span class='ocrx_word' id='word_1_475' title='bbox 1102 541 1174 567; x_wconf 85' lang='lat' dir='ltr'><strong>enim</strong></span> <span class='ocrx_word' id='word_1_476' title='bbox 1199 539 1232 566; x_wconf 85' lang='lat' dir='ltr'><strong>de</strong></span> <span class='ocrx_word' id='word_1_477' title='bbox 1247 540 1327 574; x_wconf 66' lang='lat' dir='ltr'><strong>iustae</strong></span> <span class='ocrx_word' id='word_1_478' title='bbox 1350 537 1483 565; x_wconf 85' lang='lat' dir='ltr'><strong>mercedis</strong></span> <span class='ocrx_word' id='word_1_479' title='bbox 1507 535 1693 570; x_wconf 87' lang='lat' dir='ltr'><strong>persolutiotte</strong></span> <span class='ocrx_word' id='word_1_480' title='bbox 1715 531 1831 558; x_wconf 89' lang='lat' dir='ltr'><strong>Domino</strong></span> 
     </span>
    </p>
   </div>
   <div class='ocr_carea' id='block_1_72' title="bbox 1041 577 1836 616">
    <p class='ocr_par' dir='ltr' id='par_1_72' title="bbox 1041 577 1836 616">
     <span class='ocr_line' id='line_1_72' title="bbox 1041 577 1836 616; baseline -0.015 -2"><span class='ocrx_word' id='word_1_481' title='bbox 1041 595 1094 614; x_wconf 87' lang='lat' dir='ltr'><strong>ttoo</strong></span> <span class='ocrx_word' id='word_1_482' title='bbox 1112 592 1175 614; x_wconf 85' lang='lat' dir='ltr'><strong>ante</strong></span> <span class='ocrx_word' id='word_1_483' title='bbox 1193 586 1271 613; x_wconf 83' lang='lat' dir='ltr'><strong>fidem</strong></span> <span class='ocrx_word' id='word_1_484' title='bbox 1298 585 1467 616; x_wconf 81' lang='lat' dir='ltr'><strong>habuerunt,</strong></span> <span class='ocrx_word' id='word_1_485' title='bbox 1495 590 1544 609; x_wconf 85' lang='lat' dir='ltr'><strong>nec</strong></span> <span class='ocrx_word' id='word_1_486' title='bbox 1569 581 1595 608; x_wconf 94' lang='lat' dir='ltr'><strong>in</strong></span> <span class='ocrx_word' id='word_1_487' title='bbox 1613 581 1722 607; x_wconf 85' lang='lat' dir='ltr'><strong>vineam</strong></span> <span class='ocrx_word' id='word_1_488' title='bbox 1740 577 1836 612; x_wconf 80' lang='lat' dir='ltr'><strong>pedem</strong></span> 
     </span>
    </p>
   </div>
   <div class='ocr_carea' id='block_1_73' title="bbox 1042 627 1838 666">
    <p class='ocr_par' dir='ltr' id='par_1_73' title="bbox 1042 627 1838 666">
     <span class='ocr_line' id='line_1_73' title="bbox 1042 627 1838 666; baseline -0.013 -6"><span class='ocrx_word' id='word_1_489' title='bbox 1042 633 1205 664; x_wconf 76' lang='lat' dir='ltr'><strong>intulerunt,</strong></span> <span class='ocrx_word' id='word_1_490' title='bbox 1221 639 1303 666; x_wconf 88' lang='lat' dir='ltr'><strong>quam</strong></span> <span class='ocrx_word' id='word_1_491' title='bbox 1321 631 1353 657; x_wconf 87' lang='lat' dir='ltr'><strong>de</strong></span> <span class='ocrx_word' id='word_1_492' title='bbox 1370 631 1494 657; x_wconf 73' lang='lat' dir='ltr'><strong>mercede</strong></span> <span class='ocrx_word' id='word_1_493' title='bbox 1505 637 1568 655; x_wconf 88' lang='lat' dir='ltr'><strong>cum</strong></span> <span class='ocrx_word' id='word_1_494' title='bbox 1589 627 1655 662; x_wconf 72' lang='lat' dir='ltr'><strong>ipsis</strong></span> <span class='ocrx_word' id='word_1_495' title='bbox 1671 630 1838 654; x_wconf 83' lang='lat' dir='ltr'><strong>conventum</strong></span> 
     </span>
    </p>
   </div>
   <div class='ocr_carea' id='block_1_74' title="bbox 1042 674 1839 709">
    <p class='ocr_par' dir='ltr' id='par_1_74' title="bbox 1042 674 1839 709">
     <span class='ocr_line' id='line_1_74' title="bbox 1042 674 1839 709; baseline -0.01 -3"><span class='ocrx_word' id='word_1_496' title='bbox 1042 684 1136 707; x_wconf 82' lang='lat' dir='ltr'><strong>esset:</strong></span> <span class='ocrx_word' id='word_1_497' title='bbox 1155 679 1180 704; x_wconf 96' lang='lat' dir='ltr'><strong>hi</strong></span> <span class='ocrx_word' id='word_1_498' title='bbox 1200 683 1303 709; x_wconf 86' lang='lat' dir='ltr'><strong>autem,</strong></span> <span class='ocrx_word' id='word_1_499' title='bbox 1328 684 1377 704; x_wconf 87' lang='lat' dir='ltr'><strong>nec</strong></span> <span class='ocrx_word' id='word_1_500' title='bbox 1392 675 1600 703; x_wconf 76' lang='lat' dir='ltr'><strong>conventionem</strong></span> <span class='ocrx_word' id='word_1_501' title='bbox 1627 674 1763 700; x_wconf 71' lang='lat' dir='ltr'><strong>ineuntes</strong></span> <span class='ocrx_word' id='word_1_502' title='bbox 1790 678 1839 698; x_wconf 84' lang='lat' dir='ltr'><strong>nec</strong></span> 
     </span>
    </p>
   </div>
   <div class='ocr_carea' id='block_1_75' title="bbox 1041 717 1840 756">
    <p class='ocr_par' dir='ltr' id='par_1_75' title="bbox 1041 717 1840 756">
     <span class='ocr_line' id='line_1_75' title="bbox 1041 717 1840 756; baseline -0.011 -5"><span class='ocrx_word' id='word_1_503' title='bbox 1041 725 1120 751; x_wconf 87' lang='lat' dir='ltr'><strong>anxie</strong></span> <span class='ocrx_word' id='word_1_504' title='bbox 1129 724 1162 751; x_wconf 86' lang='lat' dir='ltr'><strong>de</strong></span> <span class='ocrx_word' id='word_1_505' title='bbox 1176 722 1299 750; x_wconf 68' lang='lat' dir='ltr'><strong>mercede</strong></span> <span class='ocrx_word' id='word_1_506' title='bbox 1312 722 1487 756; x_wconf 82' lang='lat' dir='ltr'><strong>exquirentes</strong></span> <span class='ocrx_word' id='word_1_507' title='bbox 1504 719 1618 755; x_wconf 74' lang='lat' dir='ltr'><strong>ingrcssi</strong></span> <span class='ocrx_word' id='word_1_508' title='bbox 1630 723 1704 746; x_wconf 83' lang='lat' dir='ltr'><strong>sunt.</strong></span> <span class='ocrx_word' id='word_1_509' title='bbox 1721 717 1761 744; x_wconf 81' lang='lat' dir='ltr'><strong>Ad</strong></span> <span class='ocrx_word' id='word_1_510' title='bbox 1782 717 1840 743; x_wconf 64' lang='lat' dir='ltr'><strong>haec</strong></span> 
     </span>
    </p>
   </div>
   <div class='ocr_carea' id='block_1_76' title="bbox 1043 763 1838 806">
    <p class='ocr_par' dir='ltr' id='par_1_76' title="bbox 1043 763 1838 806">
     <span class='ocr_line' id='line_1_76' title="bbox 1043 763 1838 806; baseline -0.013 -8"><span class='ocrx_word' id='word_1_511' title='bbox 1043 771 1080 798; x_wconf 78' lang='lat' dir='ltr'><strong>illi</strong></span> <span class='ocrx_word' id='word_1_512' title='bbox 1109 770 1264 806; x_wconf 82' lang='lat' dir='ltr'><strong>perspicuis</strong></span> <span class='ocrx_word' id='word_1_513' title='bbox 1291 769 1399 795; x_wconf 65' lang='lat' dir='ltr'><strong>invidia:</strong></span> <span class='ocrx_word' id='word_1_514' title='bbox 1434 767 1544 795; x_wconf 85' lang='lat' dir='ltr'><strong>facibus</strong></span> <span class='ocrx_word' id='word_1_515' title='bbox 1561 766 1694 793; x_wconf 82' lang='lat' dir='ltr'><strong>adversus</strong></span> <span class='ocrx_word' id='word_1_516' title='bbox 1719 771 1766 790; x_wconf 85' lang='lat' dir='ltr'><strong>eos</strong></span> <span class='ocrx_word' id='word_1_517' title='bbox 1792 763 1838 797; x_wconf 87' lang='lat' dir='ltr'><strong>qui</strong></span> 
     </span>
    </p>
   </div>
   <div class='ocr_carea' id='block_1_77' title="bbox 1043 808 1840 844">
    <p class='ocr_par' dir='ltr' id='par_1_77' title="bbox 1043 808 1840 844">
     <span class='ocr_line' id='line_1_77' title="bbox 1043 808 1840 844; baseline -0.011 -1"><span class='ocrx_word' id='word_1_518' title='bbox 1043 817 1185 844; x_wconf 87' lang='lat' dir='ltr'><strong>undecima</strong></span> <span class='ocrx_word' id='word_1_519' title='bbox 1214 816 1280 842; x_wconf 88' lang='lat' dir='ltr'><strong>hora</strong></span> <span class='ocrx_word' id='word_1_520' title='bbox 1311 819 1452 844; x_wconf 61' lang='lat' dir='ltr'><strong>venerant,</strong></span> <span class='ocrx_word' id='word_1_521' title='bbox 1483 815 1657 843; x_wconf 84' lang='lat' dir='ltr'><strong>exarserunt,</strong></span> <span class='ocrx_word' id='word_1_522' title='bbox 1684 814 1768 843; x_wconf 80' lang='lat' dir='ltr'><strong>atque</strong></span> <span class='ocrx_word' id='word_1_523' title='bbox 1790 808 1840 835; x_wconf 83' lang='lat' dir='ltr'><strong>ad-</strong></span> 
     </span>
    </p>
   </div>
   <div class='ocr_carea' id='block_1_78' title="bbox 1045 861 1840 897">
    <p class='ocr_par' dir='ltr' id='par_1_78' title="bbox 1045 861 1840 897">
     <span class='ocr_line' id='line_1_78' title="bbox 1045 861 1840 897; baseline -0.01 -7"><span class='ocrx_word' id='word_1_524' title='bbox 1045 870 1142 890; x_wconf 83' lang='lat' dir='ltr'><strong>versus</strong></span> <span class='ocrx_word' id='word_1_525' title='bbox 1160 862 1284 890; x_wconf 72' lang='lat' dir='ltr'><strong>beneficii</strong></span> <span class='ocrx_word' id='word_1_526' title='bbox 1297 861 1447 897; x_wconf 70' lang='lat' dir='ltr'><strong>gratiaeque</strong></span> <span class='ocrx_word' id='word_1_527' title='bbox 1460 864 1600 886; x_wconf 81' lang='lat' dir='ltr'><strong>auctorem</strong></span> <span class='ocrx_word' id='word_1_528' title='bbox 1613 861 1840 884; x_wconf 77' lang='lat' dir='ltr'><strong>munt-uratum:</strong></span> 
     </span>
    </p>
   </div>
   <div class='ocr_carea' id='block_1_79' title="bbox 1045 904 1843 940">
    <p class='ocr_par' dir='ltr' id='par_1_79' title="bbox 1045 904 1843 940">
     <span class='ocr_line' id='line_1_79' title="bbox 1045 904 1843 940; baseline -0.011 -4"><span class='ocrx_word' id='word_1_529' title='bbox 1045 909 1072 936; x_wconf 91' lang='lat' dir='ltr'><strong>lti</strong></span> <span class='ocrx_word' id='word_1_530' title='bbox 1094 914 1196 940; x_wconf 84' lang='lat' dir='ltr'><strong>autent,</strong></span> <span class='ocrx_word' id='word_1_531' title='bbox 1225 908 1333 935; x_wconf 83' lang='lat' dir='ltr'><strong>tametsi</strong></span> <span class='ocrx_word' id='word_1_532' title='bbox 1359 913 1454 935; x_wconf 77' lang='lat' dir='ltr'><strong>comta</strong></span> <span class='ocrx_word' id='word_1_533' title='bbox 1480 905 1583 940; x_wconf 82' lang='lat' dir='ltr'><strong>aliquid</strong></span> <span class='ocrx_word' id='word_1_534' title='bbox 1608 904 1729 938; x_wconf 84' lang='lat' dir='ltr'><strong>objicere</strong></span> <span class='ocrx_word' id='word_1_535' title='bbox 1745 907 1843 937; x_wconf 86' lang='lat' dir='ltr'><strong>potue-</strong></span> 
     </span>
    </p>
   </div>
   <div class='ocr_carea' id='block_1_80' title="bbox 1048 951 1842 988">
    <p class='ocr_par' dir='ltr' id='par_1_80' title="bbox 1048 951 1842 988">
     <span class='ocr_line' id='line_1_80' title="bbox 1048 951 1842 988; baseline -0.01 -6"><span class='ocrx_word' id='word_1_536' title='bbox 1048 956 1112 985; x_wconf 84' lang='lat' dir='ltr'><strong>rint.</strong></span> <span class='ocrx_word' id='word_1_537' title='bbox 1128 955 1230 982; x_wconf 90' lang='lat' dir='ltr'><strong>nullius</strong></span> <span class='ocrx_word' id='word_1_538' title='bbox 1250 960 1340 982; x_wconf 86' lang='lat' dir='ltr'><strong>tamen</strong></span> <span class='ocrx_word' id='word_1_539' title='bbox 1356 953 1438 988; x_wconf 78' lang='lat' dir='ltr'><strong>iurgii</strong></span> <span class='ocrx_word' id='word_1_540' title='bbox 1457 958 1484 980; x_wconf 90' lang='lat' dir='ltr'><strong>et</strong></span> <span class='ocrx_word' id='word_1_541' title='bbox 1501 951 1690 979; x_wconf 82' lang='lat' dir='ltr'><strong>altercationis</strong></span> <span class='ocrx_word' id='word_1_542' title='bbox 1704 956 1842 977; x_wconf 78' lang='lat' dir='ltr'><strong>accusau-</strong></span> 
     </span>
    </p>
   </div>
   <div class='ocr_carea' id='block_1_81' title="bbox 1048 997 1844 1034">
    <p class='ocr_par' dir='ltr' id='par_1_81' title="bbox 1048 997 1844 1034">
     <span class='ocr_line' id='line_1_81' title="bbox 1048 997 1844 1034; baseline -0.011 -6"><span class='ocrx_word' id='word_1_543' title='bbox 1048 1007 1100 1029; x_wconf 86' lang='lat' dir='ltr'><strong>tur.</strong></span> <span class='ocrx_word' id='word_1_544' title='bbox 1130 1001 1189 1028; x_wconf 80' lang='lat' dir='ltr'><strong>llue</strong></span> <span class='ocrx_word' id='word_1_545' title='bbox 1214 1001 1381 1032; x_wconf 80' lang='lat' dir='ltr'><strong>addendum.</strong></span> <span class='ocrx_word' id='word_1_546' title='bbox 1405 1000 1478 1034; x_wconf 85' lang='lat' dir='ltr'><strong>quod</strong></span> <span class='ocrx_word' id='word_1_547' title='bbox 1505 999 1555 1030; x_wconf 79' lang='lat' dir='ltr'><strong>illi,</strong></span> <span class='ocrx_word' id='word_1_548' title='bbox 1578 998 1615 1028; x_wconf 87' lang='lat' dir='ltr'><strong>id,</strong></span> <span class='ocrx_word' id='word_1_549' title='bbox 1643 997 1716 1032; x_wconf 87' lang='lat' dir='ltr'><strong>quod</strong></span> <span class='ocrx_word' id='word_1_550' title='bbox 1729 1003 1844 1030; x_wconf 67' lang='grc' dir='ltr'><strong>δραι-ρο-</strong></span> 
     </span>
    </p>
   </div>
   <div class='ocr_carea' id='block_1_82' title="bbox 1048 1047 1843 1080">
    <p class='ocr_par' dir='ltr' id='par_1_82' title="bbox 1048 1047 1843 1080">
     <span class='ocr_line' id='line_1_82' title="bbox 1048 1047 1843 1080; baseline -0.01 -5"><span class='ocrx_word' id='word_1_551' title='bbox 1048 1053 1131 1078; x_wconf 79' lang='lat' dir='ltr'><strong>runt.</strong></span> <span class='ocrx_word' id='word_1_552' title='bbox 1161 1047 1295 1075; x_wconf 89' lang='lat' dir='ltr'><strong>mercedis</strong></span> <span class='ocrx_word' id='word_1_553' title='bbox 1322 1047 1433 1074; x_wconf 90' lang='lat' dir='ltr'><strong>nomine</strong></span> <span class='ocrx_word' id='word_1_554' title='bbox 1462 1048 1649 1080; x_wconf 84' lang='lat' dir='ltr'><strong>acceperunt.</strong></span> <span class='ocrx_word' id='word_1_555' title='bbox 1684 1048 1843 1076; x_wconf 83' lang='lat' dir='ltr'><strong>quanquam</strong></span> 
     </span>
    </p>
   </div>
   <div class='ocr_carea' id='block_1_83' title="bbox 1045 1088 1846 1128">
    <p class='ocr_par' dir='ltr' id='par_1_83' title="bbox 1045 1088 1846 1128">
     <span class='ocr_line' id='line_1_83' title="bbox 1045 1088 1846 1128; baseline -0.012 -6"><span class='ocrx_word' id='word_1_556' title='bbox 1045 1095 1126 1122; x_wconf 87' lang='lat' dir='ltr'><strong>etiam</strong></span> <span class='ocrx_word' id='word_1_557' title='bbox 1144 1103 1196 1122; x_wconf 89' lang='lat' dir='ltr'><strong>tton</strong></span> <span class='ocrx_word' id='word_1_558' title='bbox 1212 1101 1317 1122; x_wconf 89' lang='lat' dir='ltr'><strong>merces</strong></span> <span class='ocrx_word' id='word_1_559' title='bbox 1334 1093 1411 1128; x_wconf 82' lang='lat' dir='ltr'><strong>ipsis,</strong></span> <span class='ocrx_word' id='word_1_560' title='bbox 1435 1092 1483 1120; x_wconf 89' lang='lat' dir='ltr'><strong>sed</strong></span> <span class='ocrx_word' id='word_1_561' title='bbox 1508 1098 1602 1126; x_wconf 54' lang='lat' dir='ltr'><strong>poena.</strong></span> <span class='ocrx_word' id='word_1_562' title='bbox 1619 1094 1649 1116; x_wconf 90' lang='lat' dir='ltr'><strong>ut</strong></span> <span class='ocrx_word' id='word_1_563' title='bbox 1665 1088 1800 1123; x_wconf 84' lang='lat' dir='ltr'><strong>improbis</strong></span> <span class='ocrx_word' id='word_1_564' title='bbox 1816 1092 1846 1113; x_wconf 90' lang='lat' dir='ltr'><strong>et</strong></span> 
     </span>
    </p>
   </div>
   <div class='ocr_carea' id='block_1_84' title="bbox 1046 1133 1841 1176">
    <p class='ocr_par' dir='ltr' id='par_1_84' title="bbox 1046 1133 1841 1176">
     <span class='ocr_line' id='line_1_84' title="bbox 1046 1133 1841 1176; baseline -0.013 -8"><span class='ocrx_word' id='word_1_565' title='bbox 1046 1141 1185 1176; x_wconf 76' lang='lat' dir='ltr'><strong>malignis.</strong></span> <span class='ocrx_word' id='word_1_566' title='bbox 1214 1140 1370 1167; x_wconf 73' lang='lat' dir='ltr'><strong>deberetur.</strong></span> <span class='ocrx_word' id='word_1_567' title='bbox 1402 1139 1492 1173; x_wconf 81' lang='lat' dir='ltr'><strong>Atque</strong></span> <span class='ocrx_word' id='word_1_568' title='bbox 1519 1138 1556 1164; x_wconf 90' lang='lat' dir='ltr'><strong>ita</strong></span> <span class='ocrx_word' id='word_1_569' title='bbox 1582 1135 1681 1163; x_wconf 86' lang='lat' dir='ltr'><strong>merito</strong></span> <span class='ocrx_word' id='word_1_570' title='bbox 1714 1133 1841 1168; x_wconf 88' lang='lat' dir='ltr'><strong>autpliori</strong></span> 
     </span>
    </p>
   </div>
   <div class='ocr_carea' id='block_1_85' title="bbox 1047 1179 1846 1220">
    <p class='ocr_par' dir='ltr' id='par_1_85' title="bbox 1047 1179 1846 1220">
     <span class='ocr_line' id='line_1_85' title="bbox 1047 1179 1846 1220; baseline -0.011 -6"><span class='ocrx_word' id='word_1_571' title='bbox 1047 1195 1155 1215; x_wconf 83' lang='lat' dir='ltr'><strong>summa</strong></span> <span class='ocrx_word' id='word_1_572' title='bbox 1183 1190 1344 1217; x_wconf 80' lang='lat' dir='ltr'><strong>caruerunt.</strong></span> <span class='ocrx_word' id='word_1_573' title='bbox 1371 1189 1466 1220; x_wconf 90' lang='lat' dir='ltr'><strong>utpote</strong></span> <span class='ocrx_word' id='word_1_574' title='bbox 1491 1182 1651 1212; x_wconf 85' lang='lat' dir='ltr'><strong>stoliditatis</strong></span> <span class='ocrx_word' id='word_1_575' title='bbox 1664 1186 1691 1208; x_wconf 91' lang='lat' dir='ltr'><strong>et</strong></span> <span class='ocrx_word' id='word_1_576' title='bbox 1706 1179 1846 1208; x_wconf 59' lang='lat' dir='ltr'><strong>vecordia</strong></span> 
     </span>
    </p>
   </div>
   <div class='ocr_carea' id='block_1_86' title="bbox 1047 1226 1846 1268">
    <p class='ocr_par' dir='ltr' id='par_1_86' title="bbox 1047 1226 1846 1268">
     <span class='ocr_line' id='line_1_86' title="bbox 1047 1226 1846 1268; baseline -0.013 -7"><span class='ocrx_word' id='word_1_577' title='bbox 1047 1233 1177 1261; x_wconf 86' lang='lat' dir='ltr'><strong>convicti.</strong></span> <span class='ocrx_word' id='word_1_578' title='bbox 1207 1231 1373 1259; x_wconf 81' lang='lat' dir='ltr'><strong>Stoliditatis</strong></span> <span class='ocrx_word' id='word_1_579' title='bbox 1397 1230 1470 1257; x_wconf 77' lang='lat' dir='ltr'><strong>enim</strong></span> <span class='ocrx_word' id='word_1_580' title='bbox 1502 1234 1571 1260; x_wconf 88' lang='lat' dir='ltr'><strong>erat,</strong></span> <span class='ocrx_word' id='word_1_581' title='bbox 1601 1236 1655 1268; x_wconf 75' lang='lat' dir='ltr'><strong>non</strong></span> <span class='ocrx_word' id='word_1_582' title='bbox 1685 1226 1846 1254; x_wconf 78' lang='lat' dir='ltr'><strong>meminisse</strong></span> 
     </span>
    </p>
   </div>
   <div class='ocr_carea' id='block_1_87' title="bbox 1047 1273 1845 1315">
    <p class='ocr_par' dir='ltr' id='par_1_87' title="bbox 1047 1273 1845 1315">
     <span class='ocr_line' id='line_1_87' title="bbox 1047 1273 1845 1315; baseline -0.013 -8"><span class='ocrx_word' id='word_1_583' title='bbox 1047 1288 1100 1315; x_wconf 89' lang='lat' dir='ltr'><strong>qua</strong></span> <span class='ocrx_word' id='word_1_584' title='bbox 1123 1278 1246 1306; x_wconf 84' lang='lat' dir='ltr'><strong>mercede</strong></span> <span class='ocrx_word' id='word_1_585' title='bbox 1274 1277 1479 1306; x_wconf 84' lang='lat' dir='ltr'><strong>convenissent.</strong></span> <span class='ocrx_word' id='word_1_586' title='bbox 1509 1281 1534 1303; x_wconf 89' lang='lat' dir='ltr'><strong>et</strong></span> <span class='ocrx_word' id='word_1_587' title='bbox 1562 1274 1626 1302; x_wconf 84' lang='lat' dir='ltr'><strong>cum</strong></span> <span class='ocrx_word' id='word_1_588' title='bbox 1656 1274 1731 1301; x_wconf 88' lang='lat' dir='ltr'><strong>nullo</strong></span> <span class='ocrx_word' id='word_1_589' title='bbox 1758 1273 1845 1300; x_wconf 88' lang='lat' dir='ltr'><strong>detri-</strong></span> 
     </span>
    </p>
   </div>
   <div class='ocr_carea' id='block_1_88' title="bbox 1049 1320 1847 1360">
    <p class='ocr_par' dir='ltr' id='par_1_88' title="bbox 1049 1320 1847 1360">
     <span class='ocr_line' id='line_1_88' title="bbox 1049 1320 1847 1360; baseline -0.011 -8"><span class='ocrx_word' id='word_1_590' title='bbox 1049 1330 1140 1352; x_wconf 81' lang='lat' dir='ltr'><strong>mento</strong></span> <span class='ocrx_word' id='word_1_591' title='bbox 1157 1330 1241 1360; x_wconf 76' lang='lat' dir='ltr'><strong>atque</strong></span> <span class='ocrx_word' id='word_1_592' title='bbox 1267 1323 1444 1351; x_wconf 87' lang='lat' dir='ltr'><strong>incommodo</strong></span> <span class='ocrx_word' id='word_1_593' title='bbox 1471 1321 1560 1348; x_wconf 65' lang='lat' dir='ltr'><strong>ain-eti</strong></span> <span class='ocrx_word' id='word_1_594' title='bbox 1582 1326 1694 1351; x_wconf 86' lang='lat' dir='ltr'><strong>essent,</strong></span> <span class='ocrx_word' id='word_1_595' title='bbox 1712 1320 1738 1345; x_wconf 88' lang='lat' dir='ltr'><strong>itt</strong></span> <span class='ocrx_word' id='word_1_596' title='bbox 1765 1325 1847 1344; x_wconf 81' lang='lat' dir='ltr'><strong>voces</strong></span> 
     </span>
    </p>
   </div>
   <div class='ocr_carea' id='block_1_89' title="bbox 1049 1367 1844 1405">
    <p class='ocr_par' dir='ltr' id='par_1_89' title="bbox 1049 1367 1844 1405">
     <span class='ocr_line' id='line_1_89' title="bbox 1049 1367 1844 1405; baseline -0.011 -7"><span class='ocrx_word' id='word_1_597' title='bbox 1049 1376 1138 1398; x_wconf 83' lang='lat' dir='ltr'><strong>tamen</strong></span> <span class='ocrx_word' id='word_1_598' title='bbox 1167 1370 1276 1405; x_wconf 85' lang='lat' dir='ltr'><strong>iniquas</strong></span> <span class='ocrx_word' id='word_1_599' title='bbox 1304 1374 1328 1396; x_wconf 89' lang='lat' dir='ltr'><strong>ct</strong></span> <span class='ocrx_word' id='word_1_600' title='bbox 1354 1368 1504 1395; x_wconf 89' lang='lat' dir='ltr'><strong>nturmuris</strong></span> <span class='ocrx_word' id='word_1_601' title='bbox 1533 1367 1626 1402; x_wconf 86' lang='lat' dir='ltr'><strong>plenas</strong></span> <span class='ocrx_word' id='word_1_602' title='bbox 1654 1373 1844 1400; x_wconf 63' lang='lat' dir='ltr'><strong>prorutttpwrtn</strong></span> 
     </span>
    </p>
   </div>
   <div class='ocr_carea' id='block_1_90' title="bbox 1048 1410 1846 1450">
    <p class='ocr_par' dir='ltr' id='par_1_90' title="bbox 1048 1410 1846 1450">
     <span class='ocr_line' id='line_1_90' title="bbox 1048 1410 1846 1450; baseline -0.01 -6"><span class='ocrx_word' id='word_1_603' title='bbox 1048 1416 1081 1444; x_wconf 78' lang='lat' dir='ltr'><strong>At</strong></span> <span class='ocrx_word' id='word_1_604' title='bbox 1097 1424 1161 1443; x_wconf 81' lang='lat' dir='ltr'><strong>vero</strong></span> <span class='ocrx_word' id='word_1_605' title='bbox 1184 1417 1218 1443; x_wconf 86' lang='lat' dir='ltr'><strong>iis</strong></span> <span class='ocrx_word' id='word_1_606' title='bbox 1244 1416 1291 1450; x_wconf 84' lang='lat' dir='ltr'><strong>qui</strong></span> <span class='ocrx_word' id='word_1_607' title='bbox 1319 1415 1351 1442; x_wconf 85' lang='lat' dir='ltr'><strong>ad</strong></span> <span class='ocrx_word' id='word_1_608' title='bbox 1378 1414 1551 1441; x_wconf 86' lang='lat' dir='ltr'><strong>undecimam</strong></span> <span class='ocrx_word' id='word_1_609' title='bbox 1582 1417 1725 1441; x_wconf 80' lang='lat' dir='ltr'><strong>venerant.</strong></span> <span class='ocrx_word' id='word_1_610' title='bbox 1752 1410 1846 1444; x_wconf 65' lang='lat' dir='ltr'><strong>gratia:</strong></span> 
     </span>
    </p>
   </div>
   <div class='ocr_carea' id='block_1_91' title="bbox 1049 1455 1846 1494">
    <p class='ocr_par' dir='ltr' id='par_1_91' title="bbox 1049 1455 1846 1494">
     <span class='ocr_line' id='line_1_91' title="bbox 1049 1455 1846 1494; baseline -0.008 -5"><span class='ocrx_word' id='word_1_611' title='bbox 1049 1463 1183 1490; x_wconf 84' lang='lat' dir='ltr'><strong>rationem</strong></span> <span class='ocrx_word' id='word_1_612' title='bbox 1201 1461 1331 1492; x_wconf 85' lang='lat' dir='ltr'><strong>habebat,</strong></span> <span class='ocrx_word' id='word_1_613' title='bbox 1349 1460 1374 1487; x_wconf 89' lang='lat' dir='ltr'><strong>id</strong></span> <span class='ocrx_word' id='word_1_614' title='bbox 1390 1459 1462 1494; x_wconf 90' lang='lat' dir='ltr'><strong>quod</strong></span> <span class='ocrx_word' id='word_1_615' title='bbox 1482 1459 1686 1494; x_wconf 77' lang='lat' dir='ltr'><strong>porrigebatur.</strong></span> <span class='ocrx_word' id='word_1_616' title='bbox 1714 1455 1846 1484; x_wconf 83' lang='lat' dir='ltr'><strong>Coufecta</strong></span> 
     </span>
    </p>
   </div>
   <div class='ocr_carea' id='block_1_92' title="bbox 1049 1505 1847 1542">
    <p class='ocr_par' dir='ltr' id='par_1_92' title="bbox 1049 1505 1847 1542">
     <span class='ocr_line' id='line_1_92' title="bbox 1049 1505 1847 1542; baseline -0.005 -7"><span class='ocrx_word' id='word_1_617' title='bbox 1049 1514 1141 1536; x_wconf 87' lang='lat' dir='ltr'><strong>atttem</strong></span> <span class='ocrx_word' id='word_1_618' title='bbox 1155 1513 1196 1535; x_wconf 84' lang='lat' dir='ltr'><strong>est</strong></span> <span class='ocrx_word' id='word_1_619' title='bbox 1213 1507 1368 1540; x_wconf 75' lang='lat' dir='ltr'><strong>huiusmodi</strong></span> <span class='ocrx_word' id='word_1_620' title='bbox 1387 1507 1516 1542; x_wconf 86' lang='lat' dir='ltr'><strong>parabola</strong></span> <span class='ocrx_word' id='word_1_621' title='bbox 1538 1507 1571 1533; x_wconf 81' lang='lat' dir='ltr'><strong>ad</strong></span> <span class='ocrx_word' id='word_1_622' title='bbox 1587 1505 1718 1532; x_wconf 81' lang='lat' dir='ltr'><strong>eximiam</strong></span> <span class='ocrx_word' id='word_1_623' title='bbox 1746 1512 1773 1532; x_wconf 86' lang='lat' dir='ltr'><strong>et</strong></span> <span class='ocrx_word' id='word_1_624' title='bbox 1797 1511 1847 1531; x_wconf 75' lang='lat' dir='ltr'><strong>ex-</strong></span> 
     </span>
    </p>
   </div>
   <div class='ocr_carea' id='block_1_93' title="bbox 1049 1551 1844 1588">
    <p class='ocr_par' dir='ltr' id='par_1_93' title="bbox 1049 1551 1844 1588">
     <span class='ocr_line' id='line_1_93' title="bbox 1049 1551 1844 1588; baseline -0.005 -7"><span class='ocrx_word' id='word_1_625' title='bbox 1049 1555 1192 1581; x_wconf 71' lang='lat' dir='ltr'><strong>cellentem</strong></span> <span class='ocrx_word' id='word_1_626' title='bbox 1217 1553 1317 1580; x_wconf 73' lang='lat' dir='ltr'><strong>divina:</strong></span> <span class='ocrx_word' id='word_1_627' title='bbox 1345 1553 1474 1580; x_wconf 88' lang='lat' dir='ltr'><strong>bonitatis</strong></span> <span class='ocrx_word' id='word_1_628' title='bbox 1505 1551 1720 1588; x_wconf 76' lang='lat' dir='ltr'><strong>magnitudinem</strong></span> <span class='ocrx_word' id='word_1_629' title='bbox 1749 1557 1844 1578; x_wconf 79' lang='lat' dir='ltr'><strong>osten-</strong></span> 
     </span>
    </p>
   </div>
   <div class='ocr_carea' id='block_1_94' title="bbox 1009 1596 1846 1634">
    <p class='ocr_par' dir='ltr' id='par_1_94' title="bbox 1009 1596 1846 1634">
     <span class='ocr_line' id='line_1_94' title="bbox 1009 1596 1846 1634; baseline -0.006 -7"><span class='ocrx_word' id='word_1_630' title='bbox 1009 1605 1031 1634; x_wconf 77' lang='grc' dir='ltr'><strong>ο</strong></span> <span class='ocrx_word' id='word_1_631' title='bbox 1050 1600 1179 1627; x_wconf 75' lang='lat' dir='ltr'><strong>tlendam.</strong></span> <span class='ocrx_word' id='word_1_632' title='bbox 1205 1599 1293 1634; x_wconf 83' lang='lat' dir='ltr'><strong>Atque</strong></span> <span class='ocrx_word' id='word_1_633' title='bbox 1310 1600 1392 1626; x_wconf 72' lang='lat' dir='ltr'><strong>etiam</strong></span> <span class='ocrx_word' id='word_1_634' title='bbox 1421 1598 1554 1633; x_wconf 77' lang='lat' dir='ltr'><strong>proferto,</strong></span> <span class='ocrx_word' id='word_1_635' title='bbox 1576 1598 1597 1625; x_wconf 83' lang='lat' dir='ltr'><strong>si</strong></span> <span class='ocrx_word' id='word_1_636' title='bbox 1617 1597 1654 1624; x_wconf 88' lang='lat' dir='ltr'><strong>illi</strong></span> <span class='ocrx_word' id='word_1_637' title='bbox 1672 1596 1718 1631; x_wconf 88' lang='lat' dir='ltr'><strong>qui</strong></span> <span class='ocrx_word' id='word_1_638' title='bbox 1738 1597 1846 1630; x_wconf 82' lang='lat' dir='ltr'><strong>priores</strong></span> 
     </span>
    </p>
   </div>
   <div class='ocr_carea' id='block_1_95' title="bbox 1051 1643 1846 1679">
    <p class='ocr_par' dir='ltr' id='par_1_95' title="bbox 1051 1643 1846 1679">
     <span class='ocr_line' id='line_1_95' title="bbox 1051 1643 1846 1679; baseline -0.006 -7"><span class='ocrx_word' id='word_1_639' title='bbox 1051 1649 1234 1675; x_wconf 72' lang='lat' dir='ltr'><strong>accesserant.</strong></span> <span class='ocrx_word' id='word_1_640' title='bbox 1255 1645 1344 1672; x_wconf 87' lang='lat' dir='ltr'><strong>serius</strong></span> <span class='ocrx_word' id='word_1_641' title='bbox 1372 1652 1494 1679; x_wconf 84' lang='lat' dir='ltr'><strong>quoque.</strong></span> <span class='ocrx_word' id='word_1_642' title='bbox 1524 1648 1553 1670; x_wconf 90' lang='lat' dir='ltr'><strong>ttt</strong></span> <span class='ocrx_word' id='word_1_643' title='bbox 1578 1643 1602 1670; x_wconf 91' lang='lat' dir='ltr'><strong>id</strong></span> <span class='ocrx_word' id='word_1_644' title='bbox 1630 1643 1746 1677; x_wconf 82' lang='lat' dir='ltr'><strong>exempli</strong></span> <span class='ocrx_word' id='word_1_645' title='bbox 1763 1649 1846 1668; x_wconf 87' lang='lat' dir='ltr'><strong>causa</strong></span> 
     </span>
    </p>
   </div>
   <div class='ocr_carea' id='block_1_96' title="bbox 1051 1687 1846 1727">
    <p class='ocr_par' dir='ltr' id='par_1_96' title="bbox 1051 1687 1846 1727">
     <span class='ocr_line' id='line_1_96' title="bbox 1051 1687 1846 1727; baseline -0.006 -9"><span class='ocrx_word' id='word_1_646' title='bbox 1051 1698 1197 1727; x_wconf 80' lang='lat' dir='ltr'><strong>ponamus.</strong></span> <span class='ocrx_word' id='word_1_647' title='bbox 1226 1692 1259 1718; x_wconf 74' lang='lat' dir='ltr'><strong>at</strong></span> <span class='ocrx_word' id='word_1_648' title='bbox 1288 1691 1395 1718; x_wconf 72' lang='lat' dir='ltr'><strong>vincant</strong></span> <span class='ocrx_word' id='word_1_649' title='bbox 1427 1698 1456 1717; x_wconf 80' lang='lat' dir='ltr'><strong>se</strong></span> <span class='ocrx_word' id='word_1_650' title='bbox 1486 1689 1684 1719; x_wconf 79' lang='lat' dir='ltr'><strong>contulissent,</strong></span> <span class='ocrx_word' id='word_1_651' title='bbox 1713 1687 1846 1722; x_wconf 66' lang='lat' dir='ltr'><strong>aequalem</strong></span> 
     </span>
    </p>
   </div>
   <div class='ocr_carea' id='block_1_97' title="bbox 1053 1736 1845 1770">
    <p class='ocr_par' dir='ltr' id='par_1_97' title="bbox 1053 1736 1845 1770">
     <span class='ocr_line' id='line_1_97' title="bbox 1053 1736 1845 1770; baseline -0.004 -7"><span class='ocrx_word' id='word_1_652' title='bbox 1053 1743 1143 1765; x_wconf 86' lang='lat' dir='ltr'><strong>tamen</strong></span> <span class='ocrx_word' id='word_1_653' title='bbox 1173 1737 1353 1765; x_wconf 87' lang='lat' dir='ltr'><strong>nihilominus</strong></span> <span class='ocrx_word' id='word_1_654' title='bbox 1389 1737 1543 1764; x_wconf 86' lang='lat' dir='ltr'><strong>mercedem</strong></span> <span class='ocrx_word' id='word_1_655' title='bbox 1577 1736 1716 1770; x_wconf 86' lang='lat' dir='ltr'><strong>accepturi</strong></span> <span class='ocrx_word' id='word_1_656' title='bbox 1757 1739 1845 1761; x_wconf 87' lang='lat' dir='ltr'><strong>erant.</strong></span> 
     </span>
    </p>
   </div>
   <div class='ocr_carea' id='block_1_98' title="bbox 1050 1780 1848 1818">
    <p class='ocr_par' dir='ltr' id='par_1_98' title="bbox 1050 1780 1848 1818">
     <span class='ocr_line' id='line_1_98' title="bbox 1050 1780 1848 1818; baseline -0.006 -8"><span class='ocrx_word' id='word_1_657' title='bbox 1050 1784 1108 1817; x_wconf 86' lang='lat' dir='ltr'><strong>Qua</strong></span> <span class='ocrx_word' id='word_1_658' title='bbox 1125 1783 1208 1818; x_wconf 75' lang='lat' dir='ltr'><strong>igitur</strong></span> <span class='ocrx_word' id='word_1_659' title='bbox 1223 1784 1311 1810; x_wconf 86' lang='lat' dir='ltr'><strong>fronte</strong></span> <span class='ocrx_word' id='word_1_660' title='bbox 1321 1782 1464 1810; x_wconf 84' lang='lat' dir='ltr'><strong>Dominum</strong></span> <span class='ocrx_word' id='word_1_661' title='bbox 1491 1782 1575 1808; x_wconf 61' lang='lat' dir='ltr'><strong>vinea!</strong></span> <span class='ocrx_word' id='word_1_662' title='bbox 1591 1788 1725 1808; x_wconf 77' lang='lat' dir='ltr'><strong>accusare</strong></span> <span class='ocrx_word' id='word_1_663' title='bbox 1743 1780 1848 1806; x_wconf 84' lang='lat' dir='ltr'><strong>audent</strong></span> 
     </span>
    </p>
   </div>
   <div class='ocr_carea' id='block_1_99' title="bbox 1051 1827 1847 1864">
    <p class='ocr_par' dir='ltr' id='par_1_99' title="bbox 1051 1827 1847 1864">
     <span class='ocr_line' id='line_1_99' title="bbox 1051 1827 1847 1864; baseline -0.006 -9"><span class='ocrx_word' id='word_1_664' title='bbox 1051 1833 1163 1864; x_wconf 76' lang='lat' dir='ltr'><strong>prol-ter</strong></span> <span class='ocrx_word' id='word_1_665' title='bbox 1187 1829 1360 1863; x_wconf 73' lang='lat' dir='ltr'><strong>ittmqnalem,</strong></span> <span class='ocrx_word' id='word_1_666' title='bbox 1378 1833 1406 1855; x_wconf 83' lang='grc' dir='ltr'><strong>ιιι</strong></span> <span class='ocrx_word' id='word_1_667' title='bbox 1420 1828 1487 1862; x_wconf 86' lang='lat' dir='ltr'><strong>ipsis</strong></span> <span class='ocrx_word' id='word_1_668' title='bbox 1499 1828 1653 1857; x_wconf 81' lang='lat' dir='ltr'><strong>videbatur.</strong></span> <span class='ocrx_word' id='word_1_669' title='bbox 1666 1827 1745 1861; x_wconf 74' lang='lat' dir='ltr'><strong>jnstze</strong></span> <span class='ocrx_word' id='word_1_670' title='bbox 1755 1833 1847 1859; x_wconf 70' lang='lat' dir='ltr'><strong>mqua-</strong></span> 
     </span>
    </p>
   </div>
   <div class='ocr_carea' id='block_1_100' title="bbox 1053 1872 1846 1908">
    <p class='ocr_par' dir='ltr' id='par_1_100' title="bbox 1053 1872 1846 1908">
     <span class='ocr_line' id='line_1_100' title="bbox 1053 1872 1846 1908; baseline -0.006 -6"><span class='ocrx_word' id='word_1_671' title='bbox 1053 1875 1136 1902; x_wconf 81' lang='lat' dir='ltr'><strong>litatis</strong></span> <span class='ocrx_word' id='word_1_672' title='bbox 1160 1874 1405 1902; x_wconf 80' lang='lat' dir='ltr'><strong>distributionem?</strong></span> <span class='ocrx_word' id='word_1_673' title='bbox 1423 1874 1585 1908; x_wconf 85' lang='lat' dir='ltr'><strong>Quanquam</strong></span> <span class='ocrx_word' id='word_1_674' title='bbox 1606 1873 1679 1900; x_wconf 84' lang='lat' dir='ltr'><strong>enim</strong></span> <span class='ocrx_word' id='word_1_675' title='bbox 1702 1872 1846 1905; x_wconf 82' lang='lat' dir='ltr'><strong>ina-qualis</strong></span> 
     </span>
    </p>
   </div>
   <div class='ocr_carea' id='block_1_101' title="bbox 1051 1920 1846 1956">
    <p class='ocr_par' dir='ltr' id='par_1_101' title="bbox 1051 1920 1846 1956">
     <span class='ocr_line' id='line_1_101' title="bbox 1051 1920 1846 1956; baseline -0.006 -7"><span class='ocrx_word' id='word_1_676' title='bbox 1051 1922 1256 1949; x_wconf 85' lang='lat' dir='ltr'><strong>distributionis</strong></span> <span class='ocrx_word' id='word_1_677' title='bbox 1283 1921 1365 1955; x_wconf 77' lang='lat' dir='ltr'><strong>hujus</strong></span> <span class='ocrx_word' id='word_1_678' title='bbox 1391 1921 1535 1956; x_wconf 65' lang='lat' dir='ltr'><strong>aequalitas</strong></span> <span class='ocrx_word' id='word_1_679' title='bbox 1551 1920 1706 1952; x_wconf 84' lang='lat' dir='ltr'><strong>videbatur,</strong></span> <span class='ocrx_word' id='word_1_680' title='bbox 1734 1924 1846 1954; x_wconf 81' lang='lat' dir='ltr'><strong>propter</strong></span> 
     </span>
    </p>
   </div>
   <div class='ocr_carea' id='block_1_102' title="bbox 1051 1966 1845 2002">
    <p class='ocr_par' dir='ltr' id='par_1_102' title="bbox 1051 1966 1845 2002">
     <span class='ocr_line' id='line_1_102' title="bbox 1051 1966 1845 2002; baseline -0.004 -8"><span class='ocrx_word' id='word_1_681' title='bbox 1051 1969 1190 2002; x_wconf 84' lang='lat' dir='ltr'><strong>disparem</strong></span> <span class='ocrx_word' id='word_1_682' title='bbox 1227 1967 1351 1994; x_wconf 85' lang='lat' dir='ltr'><strong>laborum</strong></span> <span class='ocrx_word' id='word_1_683' title='bbox 1387 1968 1544 1998; x_wconf 84' lang='lat' dir='ltr'><strong>rationem,</strong></span> <span class='ocrx_word' id='word_1_684' title='bbox 1584 1966 1714 2001; x_wconf 66' lang='lat' dir='ltr'><strong>aequitate</strong></span> <span class='ocrx_word' id='word_1_685' title='bbox 1753 1970 1845 1992; x_wconf 76' lang='lat' dir='ltr'><strong>tamen</strong></span> 
     </span>
    </p>
   </div>
   <div class='ocr_carea' id='block_1_103' title="bbox 1051 2012 1845 2048">
    <p class='ocr_par' dir='ltr' id='par_1_103' title="bbox 1051 2012 1845 2048">
     <span class='ocr_line' id='line_1_103' title="bbox 1051 2012 1845 2048; baseline -0.003 -9"><span class='ocrx_word' id='word_1_686' title='bbox 1051 2021 1156 2040; x_wconf 87' lang='lat' dir='ltr'><strong>suntnta</strong></span> <span class='ocrx_word' id='word_1_687' title='bbox 1185 2014 1340 2046; x_wconf 76' lang='lat' dir='ltr'><strong>nitebatur,</strong></span> <span class='ocrx_word' id='word_1_688' title='bbox 1379 2013 1444 2048; x_wconf 85' lang='lat' dir='ltr'><strong>quia</strong></span> <span class='ocrx_word' id='word_1_689' title='bbox 1474 2021 1536 2040; x_wconf 88' lang='lat' dir='ltr'><strong>cum</strong></span> <span class='ocrx_word' id='word_1_690' title='bbox 1566 2013 1675 2039; x_wconf 78' lang='lat' dir='ltr'><strong>illorum</strong></span> <span class='ocrx_word' id='word_1_691' title='bbox 1706 2012 1845 2039; x_wconf 85' lang='lat' dir='ltr'><strong>laboribus</strong></span> 
     </span>
    </p>
   </div>
   <div class='ocr_carea' id='block_1_104' title="bbox 1052 2058 1846 2095">
    <p class='ocr_par' dir='ltr' id='par_1_104' title="bbox 1052 2058 1846 2095">
     <span class='ocr_line' id='line_1_104' title="bbox 1052 2058 1846 2095; baseline -0.001 -9"><span class='ocrx_word' id='word_1_692' title='bbox 1052 2059 1149 2086; x_wconf 90' lang='lat' dir='ltr'><strong>horum</strong></span> <span class='ocrx_word' id='word_1_693' title='bbox 1176 2060 1304 2087; x_wconf 85' lang='lat' dir='ltr'><strong>voluntas</strong></span> <span class='ocrx_word' id='word_1_694' title='bbox 1333 2067 1364 2086; x_wconf 90' lang='lat' dir='ltr'><strong>ac</strong></span> <span class='ocrx_word' id='word_1_695' title='bbox 1395 2065 1520 2095; x_wconf 88' lang='lat' dir='ltr'><strong>prompta</strong></span> <span class='ocrx_word' id='word_1_696' title='bbox 1547 2059 1632 2086; x_wconf 91' lang='lat' dir='ltr'><strong>aninti</strong></span> <span class='ocrx_word' id='word_1_697' title='bbox 1648 2058 1757 2086; x_wconf 66' lang='lat' dir='ltr'><strong>aﬂ‘ectio</strong></span> <span class='ocrx_word' id='word_1_698' title='bbox 1773 2067 1846 2085; x_wconf 91' lang='lat' dir='ltr'><strong>com-</strong></span> 
     </span>
    </p>
   </div>
   <div class='ocr_carea' id='block_1_105' title="bbox 1051 2105 1846 2141">
    <p class='ocr_par' dir='ltr' id='par_1_105' title="bbox 1051 2105 1846 2141">
     <span class='ocr_line' id='line_1_105' title="bbox 1051 2105 1846 2141; baseline 0 -10"><span class='ocrx_word' id='word_1_699' title='bbox 1051 2106 1229 2139; x_wconf 79' lang='lat' dir='ltr'><strong>pensahatur.</strong></span> <span class='ocrx_word' id='word_1_700' title='bbox 1261 2107 1350 2141; x_wconf 78' lang='lat' dir='ltr'><strong>Atque</strong></span> <span class='ocrx_word' id='word_1_701' title='bbox 1385 2107 1443 2134; x_wconf 62' lang='lat' dir='ltr'><strong>lta&#39;c</strong></span> <span class='ocrx_word' id='word_1_702' title='bbox 1462 2106 1554 2133; x_wconf 89' lang='lat' dir='ltr'><strong>omnia</strong></span> <span class='ocrx_word' id='word_1_703' title='bbox 1585 2106 1627 2134; x_wconf 89' lang='lat' dir='ltr'><strong>his</strong></span> <span class='ocrx_word' id='word_1_704' title='bbox 1666 2106 1712 2140; x_wconf 93' lang='lat' dir='ltr'><strong>qui</strong></span> <span class='ocrx_word' id='word_1_705' title='bbox 1741 2105 1846 2140; x_wconf 86' lang='lat' dir='ltr'><strong>priores</strong></span> 
     </span>
    </p>
   </div>
   <div class='ocr_carea' id='block_1_106' title="bbox 1051 2151 1844 2187">
    <p class='ocr_par' dir='ltr' id='par_1_106' title="bbox 1051 2151 1844 2187">
     <span class='ocr_line' id='line_1_106' title="bbox 1051 2151 1844 2187; baseline 0.001 -10"><span class='ocrx_word' id='word_1_706' title='bbox 1051 2153 1125 2186; x_wconf 83' lang='lat' dir='ltr'><strong>operi</strong></span> <span class='ocrx_word' id='word_1_707' title='bbox 1149 2152 1350 2185; x_wconf 39' lang='lat' dir='ltr'><strong>.incubuerant,</strong></span> <span class='ocrx_word' id='word_1_708' title='bbox 1380 2153 1491 2180; x_wconf 81' lang='lat' dir='ltr'><strong>sudoris</strong></span> <span class='ocrx_word' id='word_1_709' title='bbox 1521 2152 1629 2179; x_wconf 87' lang='lat' dir='ltr'><strong>laudem</strong></span> <span class='ocrx_word' id='word_1_710' title='bbox 1662 2156 1689 2179; x_wconf 89' lang='lat' dir='ltr'><strong>et</strong></span> <span class='ocrx_word' id='word_1_711' title='bbox 1718 2151 1844 2187; x_wconf 78' lang='lat' dir='ltr'><strong>gloriam,</strong></span> 
     </span>
    </p>
   </div>
   <div class='ocr_carea' id='block_1_107' title="bbox 1051 2198 1844 2233">
    <p class='ocr_par' dir='ltr' id='par_1_107' title="bbox 1051 2198 1844 2233">
     <span class='ocr_line' id='line_1_107' title="bbox 1051 2198 1844 2233; baseline 0 -10"><span class='ocrx_word' id='word_1_712' title='bbox 1051 2205 1144 2231; x_wconf 86' lang='lat' dir='ltr'><strong>quam.</strong></span> <span class='ocrx_word' id='word_1_713' title='bbox 1167 2198 1218 2225; x_wconf 83' lang='lat' dir='ltr'><strong>nisi</strong></span> <span class='ocrx_word' id='word_1_714' title='bbox 1246 2199 1314 2225; x_wconf 82' lang='lat' dir='ltr'><strong>tales</strong></span> <span class='ocrx_word' id='word_1_715' title='bbox 1336 2199 1438 2226; x_wconf 84' lang='lat' dir='ltr'><strong>inventi</strong></span> <span class='ocrx_word' id='word_1_716' title='bbox 1466 2205 1570 2228; x_wconf 82' lang='lat' dir='ltr'><strong>essent.</strong></span> <span class='ocrx_word' id='word_1_717' title='bbox 1591 2199 1728 2233; x_wconf 76' lang='lat' dir='ltr'><strong>accepturi</strong></span> <span class='ocrx_word' id='word_1_718' title='bbox 1756 2202 1844 2227; x_wconf 77' lang='lat' dir='ltr'><strong>erant.</strong></span> 
     </span>
    </p>
   </div>
   <div class='ocr_carea' id='block_1_108' title="bbox 1053 2243 1846 2275">
    <p class='ocr_par' dir='ltr' id='par_1_108' title="bbox 1053 2243 1846 2275">
     <span class='ocr_line' id='line_1_108' title="bbox 1053 2243 1846 2275; baseline -0.003 -5"><span class='ocrx_word' id='word_1_719' title='bbox 1053 2243 1229 2271; x_wconf 85' lang='lat' dir='ltr'><strong>subtrahunt.</strong></span> <span class='ocrx_word' id='word_1_720' title='bbox 1250 2243 1329 2271; x_wconf 84' lang='lat' dir='ltr'><strong>Juxta</strong></span> <span class='ocrx_word' id='word_1_721' title='bbox 1360 2245 1508 2272; x_wconf 82' lang='lat' dir='ltr'><strong>secundam</strong></span> <span class='ocrx_word' id='word_1_722' title='bbox 1533 2250 1623 2271; x_wconf 88' lang='lat' dir='ltr'><strong>autem</strong></span> <span class='ocrx_word' id='word_1_723' title='bbox 1641 2244 1788 2275; x_wconf 86' lang='lat' dir='ltr'><strong>rationem,</strong></span> <span class='ocrx_word' id='word_1_724' title='bbox 1817 2248 1846 2269; x_wconf 88' lang='lat' dir='ltr'><strong>ut</strong></span> 
     </span>
    </p>
   </div>
   <div class='ocr_carea' id='block_1_109' title="bbox 1017 2290 1844 2326">
    <p class='ocr_par' dir='ltr' id='par_1_109' title="bbox 1017 2290 1844 2326">
     <span class='ocr_line' id='line_1_109' title="bbox 1017 2290 1844 2326; baseline 0 -8"><span class='ocrx_word' id='word_1_725' title='bbox 1017 2291 1038 2318; x_wconf 93' lang='lat' dir='ltr'>D</span> <span class='ocrx_word' id='word_1_726' title='bbox 1054 2290 1211 2325; x_wconf 86' lang='lat' dir='ltr'><strong>parabolam</strong></span> <span class='ocrx_word' id='word_1_727' title='bbox 1237 2291 1307 2318; x_wconf 80' lang='lat' dir='ltr'><strong>hanc</strong></span> <span class='ocrx_word' id='word_1_728' title='bbox 1326 2291 1359 2318; x_wconf 89' lang='lat' dir='ltr'><strong>de</strong></span> <span class='ocrx_word' id='word_1_729' title='bbox 1383 2291 1517 2326; x_wconf 88' lang='lat' dir='ltr'><strong>baptismo</strong></span> <span class='ocrx_word' id='word_1_730' title='bbox 1540 2291 1676 2319; x_wconf 87' lang='lat' dir='ltr'><strong>disserere</strong></span> <span class='ocrx_word' id='word_1_731' title='bbox 1698 2292 1844 2326; x_wconf 85' lang='lat' dir='ltr'><strong>tingamus.</strong></span> 
     </span>
    </p>
   </div>
   <div class='ocr_carea' id='block_1_110' title="bbox 1050 2336 1846 2372">
    <p class='ocr_par' dir='ltr' id='par_1_110' title="bbox 1050 2336 1846 2372">
     <span class='ocr_line' id='line_1_110' title="bbox 1050 2336 1846 2372; baseline 0 -10"><span class='ocrx_word' id='word_1_732' title='bbox 1050 2336 1114 2370; x_wconf 84' lang='lat' dir='ltr'><strong>quid</strong></span> <span class='ocrx_word' id='word_1_733' title='bbox 1143 2336 1268 2371; x_wconf 87' lang='lat' dir='ltr'><strong>prohibet</strong></span> <span class='ocrx_word' id='word_1_734' title='bbox 1295 2337 1442 2372; x_wconf 78' lang='lat' dir='ltr'><strong>quominus</strong></span> <span class='ocrx_word' id='word_1_735' title='bbox 1464 2341 1491 2363; x_wconf 88' lang='lat' dir='ltr'><strong>tu</strong></span> <span class='ocrx_word' id='word_1_736' title='bbox 1509 2345 1620 2372; x_wconf 83' lang='lat' dir='ltr'><strong>quoque</strong></span> <span class='ocrx_word' id='word_1_737' title='bbox 1645 2337 1721 2371; x_wconf 85' lang='lat' dir='ltr'><strong>prius</strong></span> <span class='ocrx_word' id='word_1_738' title='bbox 1742 2337 1846 2371; x_wconf 77' lang='lat' dir='ltr'><strong>ingres-</strong></span> 
     </span>
    </p>
   </div>
   <div class='ocr_carea' id='block_1_111' title="bbox 1050 2381 1845 2417">
    <p class='ocr_par' dir='ltr' id='par_1_111' title="bbox 1050 2381 1845 2417">
     <span class='ocr_line' id='line_1_111' title="bbox 1050 2381 1845 2417; baseline 0.003 -10"><span class='ocrx_word' id='word_1_739' title='bbox 1050 2389 1107 2412; x_wconf 82' lang='lat' dir='ltr'><strong>sus.</strong></span> <span class='ocrx_word' id='word_1_740' title='bbox 1123 2381 1232 2416; x_wconf 87' lang='lat' dir='ltr'><strong>dieique</strong></span> <span class='ocrx_word' id='word_1_741' title='bbox 1248 2387 1345 2409; x_wconf 73' lang='lat' dir='ltr'><strong>testum</strong></span> <span class='ocrx_word' id='word_1_742' title='bbox 1366 2390 1527 2417; x_wconf 59' lang='lat' dir='ltr'><strong>perpessus.</strong></span> <span class='ocrx_word' id='word_1_743' title='bbox 1547 2383 1590 2414; x_wconf 88' lang='lat' dir='ltr'><strong>iis,</strong></span> <span class='ocrx_word' id='word_1_744' title='bbox 1610 2383 1657 2417; x_wconf 88' lang='lat' dir='ltr'><strong>qtti</strong></span> <span class='ocrx_word' id='word_1_745' title='bbox 1675 2388 1737 2417; x_wconf 88' lang='lat' dir='ltr'><strong>post</strong></span> <span class='ocrx_word' id='word_1_746' title='bbox 1756 2388 1782 2409; x_wconf 86' lang='lat' dir='ltr'><strong>te</strong></span> <span class='ocrx_word' id='word_1_747' title='bbox 1801 2391 1845 2409; x_wconf 85' lang='lat' dir='ltr'><strong>te-</strong></span> 
     </span>
    </p>
   </div>
   <div class='ocr_carea' id='block_1_112' title="bbox 1051 2428 1845 2463">
    <p class='ocr_par' dir='ltr' id='par_1_112' title="bbox 1051 2428 1845 2463">
     <span class='ocr_line' id='line_1_112' title="bbox 1051 2428 1845 2463; baseline 0 -9"><span class='ocrx_word' id='word_1_748' title='bbox 1051 2432 1161 2459; x_wconf 80' lang='lat' dir='ltr'><strong>net-unt,</strong></span> <span class='ocrx_word' id='word_1_749' title='bbox 1183 2436 1236 2454; x_wconf 89' lang='lat' dir='ltr'><strong>tton</strong></span> <span class='ocrx_word' id='word_1_750' title='bbox 1262 2428 1407 2455; x_wconf 83' lang='lat' dir='ltr'><strong>invideas:</strong></span> <span class='ocrx_word' id='word_1_751' title='bbox 1432 2433 1459 2455; x_wconf 90' lang='lat' dir='ltr'><strong>ut</strong></span> <span class='ocrx_word' id='word_1_752' title='bbox 1478 2429 1504 2455; x_wconf 92' lang='lat' dir='ltr'><strong>itt</strong></span> <span class='ocrx_word' id='word_1_753' title='bbox 1530 2436 1563 2456; x_wconf 91' lang='lat' dir='ltr'><strong>eo</strong></span> <span class='ocrx_word' id='word_1_754' title='bbox 1588 2437 1697 2463; x_wconf 79' lang='lat' dir='ltr'><strong>quoque</strong></span> <span class='ocrx_word' id='word_1_755' title='bbox 1721 2429 1779 2462; x_wconf 88' lang='lat' dir='ltr'><strong>ipse</strong></span> <span class='ocrx_word' id='word_1_756' title='bbox 1799 2436 1845 2455; x_wconf 83' lang='lat' dir='ltr'><strong>sn-</strong></span> 
     </span>
    </p>
   </div>
   <div class='ocr_carea' id='block_1_113' title="bbox 1053 2474 1844 2514">
    <p class='ocr_par' dir='ltr' id='par_1_113' title="bbox 1053 2474 1844 2514">
     <span class='ocr_line' id='line_1_113' title="bbox 1053 2474 1844 2514; baseline 0.001 -14"><span class='ocrx_word' id='word_1_757' title='bbox 1053 2474 1143 2514; x_wconf 85' lang='lat' dir='ltr'><strong>perior</strong></span> <span class='ocrx_word' id='word_1_758' title='bbox 1174 2474 1227 2501; x_wconf 80' lang='lat' dir='ltr'><strong>illis</strong></span> <span class='ocrx_word' id='word_1_759' title='bbox 1254 2474 1310 2505; x_wconf 82' lang='lat' dir='ltr'><strong>sis,</strong></span> <span class='ocrx_word' id='word_1_760' title='bbox 1345 2475 1475 2501; x_wconf 89' lang='lat' dir='ltr'><strong>nimirum</strong></span> <span class='ocrx_word' id='word_1_761' title='bbox 1506 2475 1578 2508; x_wconf 82' lang='lat' dir='ltr'><strong>quod</strong></span> <span class='ocrx_word' id='word_1_762' title='bbox 1609 2480 1721 2510; x_wconf 85' lang='lat' dir='ltr'><strong>propter</strong></span> <span class='ocrx_word' id='word_1_763' title='bbox 1748 2476 1844 2502; x_wconf 87' lang='lat' dir='ltr'><strong>huma-</strong></span> 
     </span>
    </p>
   </div>
   <div class='ocr_carea' id='block_1_114' title="bbox 1052 2521 1845 2550">
    <p class='ocr_par' dir='ltr' id='par_1_114' title="bbox 1052 2521 1845 2550">
     <span class='ocr_line' id='line_1_114' title="bbox 1052 2521 1845 2550; baseline 0.001 -3"><span class='ocrx_word' id='word_1_764' title='bbox 1052 2521 1165 2547; x_wconf 77' lang='lat' dir='ltr'><strong>nitatezn</strong></span> <span class='ocrx_word' id='word_1_765' title='bbox 1211 2525 1237 2546; x_wconf 87' lang='lat' dir='ltr'><strong>et</strong></span> <span class='ocrx_word' id='word_1_766' title='bbox 1277 2521 1437 2548; x_wconf 80' lang='lat' dir='ltr'><strong>cbaritatem</strong></span> <span class='ocrx_word' id='word_1_767' title='bbox 1488 2523 1588 2550; x_wconf 85' lang='lat' dir='ltr'><strong>invidia</strong></span> <span class='ocrx_word' id='word_1_768' title='bbox 1635 2531 1689 2550; x_wconf 89' lang='lat' dir='ltr'><strong>nott</strong></span> <span class='ocrx_word' id='word_1_769' title='bbox 1737 2522 1845 2550; x_wconf 83' lang='lat' dir='ltr'><strong>inflant-</strong></span> 
     </span>
    </p>
   </div>
   <div class='ocr_carea' id='block_1_115' title="bbox 1054 2567 1842 2604">
    <p class='ocr_par' dir='ltr' id='par_1_115' title="bbox 1054 2567 1842 2604">
     <span class='ocr_line' id='line_1_115' title="bbox 1054 2567 1842 2604; baseline 0.003 -12"><span class='ocrx_word' id='word_1_770' title='bbox 1054 2567 1154 2597; x_wconf 80' lang='lat' dir='ltr'><strong>nteris.</strong></span> <span class='ocrx_word' id='word_1_771' title='bbox 1197 2573 1279 2601; x_wconf 86' lang='lat' dir='ltr'><strong>atque</strong></span> <span class='ocrx_word' id='word_1_772' title='bbox 1315 2568 1397 2594; x_wconf 84' lang='lat' dir='ltr'><strong>etiam</strong></span> <span class='ocrx_word' id='word_1_773' title='bbox 1443 2568 1469 2595; x_wconf 88' lang='lat' dir='ltr'><strong>itt</strong></span> <span class='ocrx_word' id='word_1_774' title='bbox 1510 2576 1543 2596; x_wconf 83' lang='lat' dir='ltr'><strong>eo</strong></span> <span class='ocrx_word' id='word_1_775' title='bbox 1578 2569 1651 2604; x_wconf 88' lang='lat' dir='ltr'><strong>qttod</strong></span> <span class='ocrx_word' id='word_1_776' title='bbox 1690 2569 1842 2596; x_wconf 77' lang='lat' dir='ltr'><strong>mercedem</strong></span> 
     </span>
    </p>
   </div>
   <div class='ocr_carea' id='block_1_116' title="bbox 1053 2614 1843 2649">
    <p class='ocr_par' dir='ltr' id='par_1_116' title="bbox 1053 2614 1843 2649">
     <span class='ocr_line' id='line_1_116' title="bbox 1053 2614 1843 2649; baseline 0 -9"><span class='ocrx_word' id='word_1_777' title='bbox 1053 2614 1176 2648; x_wconf 67' lang='lat' dir='ltr'><strong>accipias</strong></span> <span class='ocrx_word' id='word_1_778' title='bbox 1196 2615 1335 2642; x_wconf 88' lang='lat' dir='ltr'><strong>laboribus</strong></span> <span class='ocrx_word' id='word_1_779' title='bbox 1352 2616 1406 2642; x_wconf 90' lang='lat' dir='ltr'><strong>tuis</strong></span> <span class='ocrx_word' id='word_1_780' title='bbox 1422 2616 1553 2649; x_wconf 83' lang='lat' dir='ltr'><strong>debitam,</strong></span> <span class='ocrx_word' id='word_1_781' title='bbox 1575 2625 1628 2644; x_wconf 89' lang='lat' dir='ltr'><strong>non</strong></span> <span class='ocrx_word' id='word_1_782' title='bbox 1649 2621 1739 2643; x_wconf 86' lang='lat' dir='ltr'><strong>autem</strong></span> <span class='ocrx_word' id='word_1_783' title='bbox 1758 2615 1843 2641; x_wconf 50' lang='lat' dir='ltr'><strong>bene&lt;</strong></span> 
     </span>
    </p>
   </div>
   <div class='ocr_carea' id='block_1_117' title="bbox 1054 2660 1843 2696">
    <p class='ocr_par' dir='ltr' id='par_1_117' title="bbox 1054 2660 1843 2696">
     <span class='ocr_line' id='line_1_117' title="bbox 1054 2660 1843 2696; baseline 0.003 -11"><span class='ocrx_word' id='word_1_784' title='bbox 1054 2660 1116 2686; x_wconf 66' lang='lat' dir='ltr'><strong>ficio</strong></span> <span class='ocrx_word' id='word_1_785' title='bbox 1131 2664 1156 2686; x_wconf 88' lang='lat' dir='ltr'><strong>et</strong></span> <span class='ocrx_word' id='word_1_786' title='bbox 1173 2660 1259 2693; x_wconf 82' lang='lat' dir='ltr'><strong>gratia</strong></span> <span class='ocrx_word' id='word_1_787' title='bbox 1280 2666 1430 2696; x_wconf 77' lang='lat' dir='ltr'><strong>acceptant,</strong></span> <span class='ocrx_word' id='word_1_788' title='bbox 1451 2662 1681 2696; x_wconf 83' lang='lat' dir='ltr'><strong>quemadmodum</strong></span> <span class='ocrx_word' id='word_1_789' title='bbox 1702 2661 1719 2687; x_wconf 92' lang='lat' dir='ltr'><strong>ii</strong></span> <span class='ocrx_word' id='word_1_790' title='bbox 1746 2661 1792 2695; x_wconf 89' lang='lat' dir='ltr'><strong>qui</strong></span> <span class='ocrx_word' id='word_1_791' title='bbox 1810 2660 1843 2687; x_wconf 85' lang='lat' dir='ltr'><strong>ad</strong></span> 
     </span>
    </p>
   </div>
   <div class='ocr_carea' id='block_1_118' title="bbox 1053 2705 1843 2742">
    <p class='ocr_par' dir='ltr' id='par_1_118' title="bbox 1053 2705 1843 2742">
     <span class='ocr_line' id='line_1_118' title="bbox 1053 2705 1843 2742; baseline 0.003 -11"><span class='ocrx_word' id='word_1_792' title='bbox 1053 2705 1224 2732; x_wconf 69' lang='lat' dir='ltr'><strong>uudecimuttt</strong></span> <span class='ocrx_word' id='word_1_793' title='bbox 1244 2706 1337 2732; x_wconf 88' lang='lat' dir='ltr'><strong>horam</strong></span> <span class='ocrx_word' id='word_1_794' title='bbox 1360 2708 1514 2734; x_wconf 80' lang='lat' dir='ltr'><strong>venerunt?</strong></span> <span class='ocrx_word' id='word_1_795' title='bbox 1544 2708 1654 2742; x_wconf 82' lang='lat' dir='ltr'><strong>Insuper</strong></span> <span class='ocrx_word' id='word_1_796' title='bbox 1678 2708 1734 2734; x_wconf 81' lang='lat' dir='ltr'><strong>lnec</strong></span> <span class='ocrx_word' id='word_1_797' title='bbox 1766 2714 1843 2742; x_wconf 85' lang='lat' dir='ltr'><strong>para-</strong></span> 
     </span>
    </p>
   </div>
   <div class='ocr_carea' id='block_1_119' title="bbox 1053 2751 1842 2789">
    <p class='ocr_par' dir='ltr' id='par_1_119' title="bbox 1053 2751 1842 2789">
     <span class='ocr_line' id='line_1_119' title="bbox 1053 2751 1842 2789; baseline 0.003 -12"><span class='ocrx_word' id='word_1_798' title='bbox 1053 2751 1112 2778; x_wconf 75' lang='lat' dir='ltr'><strong>bolzt</strong></span> <span class='ocrx_word' id='word_1_799' title='bbox 1136 2759 1183 2778; x_wconf 78' lang='lat' dir='ltr'><strong>eos</strong></span> <span class='ocrx_word' id='word_1_800' title='bbox 1212 2752 1364 2786; x_wconf 75' lang='lat' dir='ltr'><strong>operarios,</strong></span> <span class='ocrx_word' id='word_1_801' title='bbox 1383 2753 1429 2786; x_wconf 90' lang='lat' dir='ltr'><strong>qui</strong></span> <span class='ocrx_word' id='word_1_802' title='bbox 1454 2753 1480 2780; x_wconf 92' lang='lat' dir='ltr'><strong>in</strong></span> <span class='ocrx_word' id='word_1_803' title='bbox 1498 2755 1604 2781; x_wconf 81' lang='lat' dir='ltr'><strong>vincant</strong></span> <span class='ocrx_word' id='word_1_804' title='bbox 1626 2753 1742 2789; x_wconf 76' lang='lat' dir='ltr'><strong>ingressi</strong></span> <span class='ocrx_word' id='word_1_805' title='bbox 1767 2757 1842 2783; x_wconf 83' lang='lat' dir='ltr'><strong>sunt,</strong></span> 
     </span>
    </p>
   </div>
   <div class='ocr_carea' id='block_1_120' title="bbox 1052 2796 1843 2834">
    <p class='ocr_par' dir='ltr' id='par_1_120' title="bbox 1052 2796 1843 2834">
     <span class='ocr_line' id='line_1_120' title="bbox 1052 2796 1843 2834; baseline 0.004 -11"><span class='ocrx_word' id='word_1_806' title='bbox 1052 2796 1204 2823; x_wconf 84' lang='lat' dir='ltr'><strong>ttterccdcm</strong></span> <span class='ocrx_word' id='word_1_807' title='bbox 1223 2798 1346 2832; x_wconf 80' lang='lat' dir='ltr'><strong>accipere</strong></span> <span class='ocrx_word' id='word_1_808' title='bbox 1364 2800 1413 2831; x_wconf 78' lang='lat' dir='ltr'><strong>ait,</strong></span> <span class='ocrx_word' id='word_1_809' title='bbox 1426 2808 1477 2826; x_wconf 90' lang='lat' dir='ltr'><strong>non</strong></span> <span class='ocrx_word' id='word_1_810' title='bbox 1495 2806 1587 2827; x_wconf 90' lang='lat' dir='ltr'><strong>autem</strong></span> <span class='ocrx_word' id='word_1_811' title='bbox 1602 2808 1648 2827; x_wconf 88' lang='lat' dir='ltr'><strong>eos</strong></span> <span class='ocrx_word' id='word_1_812' title='bbox 1663 2799 1708 2834; x_wconf 89' lang='lat' dir='ltr'><strong>qui</strong></span> <span class='ocrx_word' id='word_1_813' title='bbox 1727 2808 1741 2826; x_wconf 91' lang='lat' dir='ltr'><strong>a</strong></span> <span class='ocrx_word' id='word_1_814' title='bbox 1759 2800 1843 2826; x_wconf 69' lang='lat' dir='ltr'><strong>vincat</strong></span> 
     </span>
    </p>
   </div>
   <div class='ocr_carea' id='block_1_121' title="bbox 1054 2843 1841 2883">
    <p class='ocr_par' dir='ltr' id='par_1_121' title="bbox 1054 2843 1841 2883">
     <span class='ocr_line' id='line_1_121' title="bbox 1054 2843 1841 2883; baseline 0.003 -14"><span class='ocrx_word' id='word_1_815' title='bbox 1054 2843 1177 2876; x_wconf 73' lang='lat' dir='ltr'><strong>ingressu</strong></span> <span class='ocrx_word' id='word_1_816' title='bbox 1197 2843 1370 2871; x_wconf 71' lang='lat' dir='ltr'><strong>aberrarunt.</strong></span> <span class='ocrx_word' id='word_1_817' title='bbox 1391 2846 1467 2878; x_wconf 82' lang='lat' dir='ltr'><strong>Quod</strong></span> <span class='ocrx_word' id='word_1_818' title='bbox 1489 2847 1599 2881; x_wconf 87' lang='lat' dir='ltr'><strong>quidem</strong></span> <span class='ocrx_word' id='word_1_819' title='bbox 1623 2846 1774 2883; x_wconf 78' lang='lat' dir='ltr'><strong>periculqu</strong></span> <span class='ocrx_word' id='word_1_820' title='bbox 1791 2845 1841 2872; x_wconf 81' lang='lat' dir='ltr'><strong>tibi</strong></span> 
     </span>
    </p>
   </div>
   <div class='ocr_carea' id='block_1_122' title="bbox 1045 2935 1412 2973">
    <p class='ocr_par' dir='ltr' id='par_1_122' title="bbox 1045 2935 1412 2973">
     <span class='ocr_line' id='line_1_122' title="bbox 1045 2935 1412 2973; baseline -0.011 -8"><span class='ocrx_word' id='word_1_821' title='bbox 1045 2940 1067 2955; x_wconf 93' lang='grc'><strong>⁷⁷</strong></span> <span class='ocrx_word' id='word_1_822' title='bbox 1088 2938 1182 2966; x_wconf 75' lang='lat' dir='ltr'><strong>Matth.</strong></span> <span class='ocrx_word' id='word_1_823' title='bbox 1212 2946 1263 2971; x_wconf 80' lang='lat' dir='ltr'><strong>xx,</strong></span> <span class='ocrx_word' id='word_1_824' title='bbox 1297 2937 1307 2963; x_wconf 77' lang='lat' dir='ltr'><strong>l</strong></span> <span class='ocrx_word' id='word_1_825' title='bbox 1337 2935 1412 2973; x_wconf 61' lang='lat' dir='ltr'><strong>seqq,</strong></span> 
     </span>
    </p>
   </div>
  </div>
