2027 3162
186 182 252 213 ιῖξθ

652 181 814 210 NICETAS
838 181 876 210 ΙΝ
899 179 1009 209 ΟΗΛΤ,
1034 179 1082 208 ΧΙ.
1104 180 1133 210 S.
1156 179 1271 208 GliEG-

1739 179 1811 210 liii;

183 242 316 272 imminet,
340 247 414 269 (:xl‘a
438 242 601 276 baptismum
632 242 765 273 manenti,
792 240 921 275 vafreqne
940 243 967 266 et
981 241 1002 266 Α
1018 238 1126 272 quidem
1137 238 1250 272 gratiam
1261 242 1371 268 norunt,
1386 245 1501 271 ea‘nque
1513 236 1610 263 honori
1624 235 1740 262 habent:
1755 245 1807 262 ca:-

183 289 318 315 malitiose
335 289 425 323 operis
439 289 562 316 nonnihil
584 289 773 324 supprimenti,
793 297 824 316 ac
837 296 966 323 compen-

182 335 254 361 dinm
275 335 376 362 laboris
402 335 522 368 facienti,
541 336 593 363 hoc
617 340 669 367 est.
692 342 800 371 propter
822 335 925 364 sordidi
941 339 968 362 et

184 381 322 409 illiberalis
347 383 430 408 anitni
452 381 622 409 aﬂ‘eelionem
654 390 825 417 nequaquam
843 383 968 410 celeriter

184 427 215 453 avl
239 427 345 454 labores
360 432 385 454 te
398 428 564 462 accingenti,
589 433 617 455 ut
641 429 824 463 voluptatibus
846 429 892 456 tibi
915 428 966 456 l'rui

183 473 272 499 lit‘enl.
301 473 375 500 Mitto
395 474 467 500 enim
489 474 590 505 dicere,
612 476 683 508 quod
709 475 812 502 homini
835 483 887 501 non
906 483 967 501 om-

182 519 247 545 nino
265 520 337 553 turpi
354 526 379 546 et
393 520 513 553 sordido,
539 528 632 547 verum
649 521 738 555 aliqua
755 522 890 556 magniﬁci
907 521 968 548 ani-

182 566 216 591 mi
233 565 313 592 laude
333 566 458 600 praedito,
487 566 512 593 id
536 575 644 601 quoque
662 567 760 601 ipsum,
783 576 880 602 nempe
907 576 967 595 ant-

180 611 250 645 pl:us
270 612 405 644 laborare,
428 613 562 641 uberioris
579 613 712 641 mercedis
733 619 758 640 et
775 615 968 648 qurestusloro

181 657 337 684 habendum
363 663 414 690 est,
443 659 479 686 ob
503 665 662 694 sequentem
691 660 858 693 voluptatem
886 665 969 695 atque

180 702 403 736 oblectationem,
418 712 500 738 quam
514 711 548 731 ex
564 712 595 732 ea
612 712 640 731 re
658 705 774 740 percipit
790 706 968 732 conscientia.
982 723 985 725 ›

183 747 289 775 Etenim
305 750 353 784 qui
380 749 496 784 longiori
525 750 616 778 labore
645 751 805 786 fatigantur,
837 751 970 778 hactenus

181 794 318 828 superiori
335 796 490 822 conditione
506 800 581 828 sunt,
607 797 680 832 quod
703 801 814 832 propter
836 804 895 824 eam
913 804 970 823 rem

183 840 281 874 majori
319 841 499 869 delectatione
534 842 744 878 perfunduntur.
788 842 970 876 Quamobrem

181 893 244 913 curn
266 886 326 914 vita:
358 887 484 923 ingressu
509 889 619 916 multari
651 889 828 923 pericliteris,
862 894 972 922 propter

1022 289 1109 311 terum
1130 290 1240 318 propter
1256 283 1446 317 inexplebilem
1468 282 1615 316 voluptat‘s
1630 281 1807 316 cupiditatem

1019 339 1080 358 eum
1111 335 1280 365 prorogant:
1298 338 1331 357 ne
1361 330 1422 355 vitae
1445 329 1662 363 iucunditatibus
1688 327 1808 354 oblecta-

1021 377 1174 411 lttrttlisque
1207 382 1329 403 careant.
1363 375 1414 402 Alii
1445 383 1540 402 rursus
1577 374 1705 408 baptismi
1741 382 1809 408 aqua

1020 423 1086 458 tingi
1106 428 1256 458 nequeunt,
1273 423 1313 450 vel
1330 427 1440 457 propter
1461 420 1654 456 ignorantiam,
1675 423 1704 446 ut
1721 420 1809 454 pueri,

1020 469 1061 496 vel
1077 476 1190 505 propter
1206 469 1323 504 aliquem
1334 476 1428 496 casutn
1443 468 1582 502 inopinato
1596 473 1643 492 eos
1654 466 1810 500 opprimen-

1021 520 1086 544 tem.
1117 515 1354 550 Quctnadmodum
1388 515 1470 550 igitur
1494 513 1521 540 in
1545 513 1579 540 iis
1609 512 1656 547 qui
1675 511 1811 546 baptismo

1022 563 1178 597 tinguntur,
1197 570 1375 597 permagnum
1395 561 1543 588 discrimen
1559 558 1711 593 reperimus
1735 557 1809 590 (nam

1020 608 1054 635 iis
1075 608 1122 643 qui
1143 607 1254 643 ﬂagitiis
1270 608 1403 634 omnibus
1432 614 1462 634 se
1479 605 1653 637 addixerunt,
1678 611 1811 638 pra-san-

1022 655 1103 681 tiores
1119 659 1183 681 sunt
1199 653 1247 689 qui
1272 653 1396 680 nonnihil
1428 652 1462 680 de
1488 651 1591 679 scelere
1620 651 1809 678 remiserunt:

1021 701 1119 736 hisque
1132 708 1230 728 rursus
1245 700 1382 731 meliores,
1395 699 1440 734 qui
1454 699 1560 734 seipsos
1569 702 1632 726 ante
1646 698 1810 733 baptismum

1023 751 1194 782 purgarunt:
1211 739 1294 782 atqtie
1312 746 1354 774 his
1374 746 1491 780 denique
1509 744 1672 780 praeferendi
1686 748 1750 771 sunt
1766 743 1812 778 qui

1023 799 1082 828 post
1099 794 1265 829 baptismum
1293 793 1414 821 divinam
1449 792 1562 827 gratiam
1589 798 1697 818 summo
1721 790 1814 817 studio

1021 840 1178 874 excolunt);
1211 840 1251 868 sic
1278 839 1348 866 inter
1378 847 1426 866 eos
1441 845 1551 873 quoque
1576 837 1622 872 qui
1647 835 1813 864 sacrosancti

1024 884 1122 910 lavacri
1139 891 1238 911 munus
1256 883 1368 910 minime
1383 886 1605 916 censi-qnuntur,
1630 880 1684 907 lata
1702 884 1744 906 cst
1759 878 1814 906 dif-

181 940 230 960 eas
249 933 353 960 sordidi
371 939 495 969 quaestus
515 916 697 970 captation-es,
713 943 781 969 quas
797 916 879 969 supra
897 916 970 961 com-
985 916 1008 946 Β
1023 930 1149 958 ferentia.
1176 929 1282 957 Etenim
1307 929 1353 964 qui
1382 928 1497 956 omnino
1521 927 1688 962 baptismum
1719 933 1815 959 asper-

183 980 408 1013 memoravimus,
420 980 541 1015 dumque
555 989 635 1016 parva
651 982 774 1016 quaedem
793 981 868 1008 lucra
883 981 972 1008 obiter

182 1025 299 1060 colligis,
326 1025 378 1054 hoc
405 1031 466 1058 est,
496 1028 650 1061 voluptates
671 1028 697 1054 in
727 1027 972 1062 procrastinatione

182 1071 297 1105 positas,
325 1072 451 1099 maximis
472 1072 696 1107 gravissimisque
719 1072 890 1099 detrimentis
913 1071 972 1098 alli-

183 1117 278 1147 ciaris,
297 1117 348 1144 hoc
363 1121 414 1149 est,
431 1119 566 1152 baptismo
582 1119 641 1153 ipso
662 1118 773 1146 excidas
788 1128 793 1145 :
809 1126 868 1152 age,
882 1120 973 1145 detor-

182 1167 226 1190 tas
247 1163 402 1198 ltujusmodi
432 1164 636 1199 Scripturarum
662 1165 849 1197 expositiones
874 1165 973 1192 missas

183 1209 237 1240 iac,
251 1213 278 1235 et
294 1210 362 1236 citra
378 1209 459 1236 ullam
486 1209 609 1238 fraudem
629 1211 662 1238 ad
679 1211 844 1245 baptismum
862 1211 970 1243 accede,

184 1254 253 1280 nihil
273 1255 399 1282 videlicet
424 1263 518 1282 eorum
548 1264 609 1289 qua:
639 1264 653 1283 a
676 1257 762 1283 rnohis
785 1256 866 1283 allata
895 1261 971 1288 sunt,

185 1299 354 1335 voluptatum
370 1303 461 1329 studio
478 1308 559 1338 atque
577 1311 670 1330 amore
696 1303 793 1330 callide
823 1307 973 1337 praetexens

184 1350 231 1371 aut
244 1347 466 1374 comminiscens.

220 1390 343 1417 Col.l87
371 1392 404 1419 A.
425 1392 496 1424 Quid
528 1398 627 1424 autem,
653 1394 767 1428 inquies.
793 1401 878 1421 nonne
902 1394 973 1421 beni-

184 1444 263 1470 gnus,
278 1440 331 1463 etc.
349 1435 477 1471 Sequitur
495 1437 547 1464 alia
565 1438 695 1471 obiectio,
712 1439 784 1465 velut
799 1439 826 1466 in
842 1439 901 1474 ejus
913 1447 975 1474 per-

184 1489 263 1514 sona,
295 1482 341 1516 qui
370 1482 534 1517 baptismum
554 1488 664 1511 recusat
679 1492 710 1510 ac
727 1485 831 1518 rejit'it,
862 1485 973 1520 aitque:

185 1527 271 1560 Deus,
290 1534 318 1555 ιιι
333 1529 530 1563 cogitationum
551 1529 735 1557 humanarum
749 1538 883 1564 cxpensor
902 1530 974 1565 quod

185 1574 313 1608 baptismi
341 1573 478 1602 desiderio
505 1578 609 1606 tenear,
635 1581 804 1610 perspectum
830 1575 928 1608 habet;
946 1579 974 1601 ut

182 1624 278 1646 autem
307 1619 428 1647 clemens
461 1624 487 1647 et
515 1620 692 1652 misericors,
724 1621 789 1647 illud
820 1628 869 1655 pro
887 1620 976 1655 bapti-

184 1676 247 1695 smo
285 1668 431 1702 reputabit.
467 1667 507 1694 Ad
541 1676 641 1702 quem,
671 1668 759 1702 inquit
794 1666 976 1702 'l‘heologus:

184 1715 338 1750 Enigmati
364 1715 455 1742 simile
483 1714 613 1749 quiddam
631 1723 738 1742 narras.
755 1714 804 1741 Ais
824 1714 897 1742 enim
913 1721 975 1741 eum

185 1763 326 1797 baptismo
353 1762 524 1789 illuminatus
541 1769 595 1788 non
613 1766 664 1793 est,
700 1760 771 1796 apud
791 1760 874 1788 Deum
889 1780 896 1793 ,
913 1767 979 1796 pr0<

186 1811 249 1840 pter
270 1806 355 1841 ipsius
373 1805 602 1836 misericordiam,
621 1814 670 1841 pro
686 1805 840 1833 illutuinato
871 1805 977 1833 haberi.

186 1853 246 1888 Ego
260 1860 337 1884 vero,
353 1852 418 1887 quid
432 1853 466 1880 de
480 1852 534 1880 tuis
548 1852 750 1887 objectionibus
766 1851 934 1883 existimem,
951 1851 978 1878 in

186 1899 308 1927 medium
329 1899 475 1933 proferam.
493 1899 542 1926 Aio
556 1899 638 1933 igitur
653 1898 776 1925 diversos
790 1904 850 1924 esse
866 1896 978 1931 gradus,

187 1951 244 1972 tam
268 1953 361 1972 eorunt
390 1945 436 1979 qui
477 1944 642 1978 baptismum
671 1941 723 1969 non
753 1945 978 1976 consequuntur,

187 1999 271 2026 quam
288 1999 382 2018 eorum
399 1991 446 2024 qui
464 1989 590 2024 baptismi
609 1993 749 2023 compotes
772 1988 850 2015 fiunt.
870 1987 977 2014 Etenim

186 2046 220 2065 ex
253 2038 286 2065 iis
313 2038 360 2072 qui
387 2036 573 2071 baptizantur,
597 2035 642 2062 alii
665 2039 728 2062 ante
754 2043 767 2061 a
790 2034 844 2062 Deo
865 2034 978 2061 omnino

188 2084 270 2111 alieni
281 2088 368 2113 erant.
383 2082 410 2109 in
421 2082 542 2109 onmium
553 2081 683 2108 scelerum
698 2081 916 2115 ﬂagitiorumque
928 2086 980 2107 cte-

189 2139 225 2158 no
242 2137 304 2157 sese
320 2129 383 2155 data
414 2135 496 2162 opera
507 2127 725 2155 volutantes.Ahi
739 2126 850 2154 dimidia
862 2127 978 2161 quadam

189 2185 222 2203 ex
252 2180 327 2210 parte
355 2175 418 2202 mali
435 2179 523 2205 erant.
539 2179 568 2201 ut
593 2175 652 2208 qui,
678 2182 730 2200 non
750 2179 804 2201 tam
822 2174 979 2203 voluntate.

189 2230 272 2257 quam
296 2222 394 2248 virium
412 2221 597 2248 imbecillitate
613 2225 769 2255 pecearent.
788 2227 841 2246 non
860 2227 939 2247 secus
949 2227 980 2246 ac

1023 981 1134 1009 nantur,
1155 977 1190 1004 iis
1207 981 1271 1004 sunt
1289 976 1449 1006 deteriores,
1466 974 1513 1009 qui
1536 978 1645 1008 propter
1657 972 1812 1000 socordiam

1022 1028 1049 1052 et
1064 1023 1200 1058 pigritiam
1214 1030 1275 1049 eum
1298 1021 1436 1048 diﬁ‘erunt.
1460 1019 1568 1047 Rursus
1580 1018 1711 1046 socordes
1724 1022 1751 1044 et
1766 1024 1800 1043 ne
1810 1031 1816 1036 -

1022 1071 1166 1105 gligentes,
1181 1070 1215 1096 iis
1231 1069 1340 1104 pejores
1355 1073 1430 1100 sunt,
1445 1067 1490 1102 qui
1507 1071 1620 1101 propter
1632 1063 1815 1099 ignorantiam

1023 1122 1071 1145 aut
1087 1116 1259 1151 inopinatum
1278 1114 1426 1150 quemdam
1445 1119 1472 1141 et
1490 1113 1640 1140 violentum
1659 1118 1752 1138 casum
1770 1110 1816 1136 ba<

1024 1164 1122 1198 ptismo
1152 1166 1310 1190 caruerunt.
1340 1161 1380 1188 Ae
1412 1160 1524 1195 proinde
1555 1159 1592 1185 illi
1609 1158 1683 1185 otnni
1714 1156 1816 1183 scelere

1024 1207 1156 1242 cooperti,
1175 1214 1229 1234 non
1253 1206 1336 1234 modo
1351 1206 1467 1232 aliorum
1497 1204 1640 1235 vitiorum,
1659 1202 1705 1229 sed
1734 1201 1816 1227 etiam

1024 1254 1173 1287 contempti
1205 1252 1333 1287 baptismi
1365 1258 1460 1286 poenas
1494 1250 1623 1284 pendent.
1651 1247 1702 1280 Qui
1725 1250 1816 1273 autem

1024 1305 1134 1335 propter
1151 1300 1287 1334 ignaviam
1305 1306 1334 1324 ac
1348 1297 1482 1324 deridiam
1498 1303 1559 1322 eum
1581 1299 1739 1328 prorogato,
1757 1299 1816 1326 ρω-

1025 1355 1074 1374 nas
1091 1347 1200 1382 quidem
1218 1346 1268 1380 ipsi
1286 1351 1396 1379 quoque
1425 1343 1509 1375 luent,
1529 1345 1657 1369 caeterum
1681 1339 1814 1366 leviores:

1024 1393 1153 1428 quoniam
1178 1399 1231 1419 non
1256 1396 1367 1426 propter
1386 1392 1572 1422 contemptum
1600 1386 1738 1420 animique
1754 1392 1816 1420 per-

1026 1438 1195 1470 versitatem,
1212 1436 1259 1464 sed
1276 1440 1385 1471 pr0pter
1401 1434 1543 1462 stultitiam
1561 1441 1576 1459 a
1593 1432 1729 1466 baptismo
1745 1429 1820 1456 exci-

1026 1484 1135 1511 derunt.
1152 1482 1272 1510 Stultitia
1292 1483 1364 1509 enim
1381 1485 1434 1513 est,
1460 1485 1488 1507 ιιι
1506 1483 1616 1514 propter
1641 1475 1766 1504 inertiam
1787 1481 1820 1501 ac

1027 1528 1233 1563 negligentiam,
1250 1527 1287 1554 ita
1305 1531 1415 1562 propter
1439 1525 1610 1559 voluptatum
1629 1519 1818 1555 inexplebilem

1028 1576 1114 1606 sitim,
1133 1575 1270 1608 baptismo
1287 1573 1406 1600 multari.
1424 1572 1456 1598 At
1475 1571 1522 1606 qui
1547 1569 1583 1596 ob
1600 1567 1688 1595 artatis
1705 1565 1818 1601 puerilis

1030 1619 1211 1656 ignorantiam
1227 1624 1274 1646 aut
1300 1618 1502 1649 necessitatem,
1516 1623 1547 1644 ac
1562 1615 1616 1642 vim
1627 1613 1745 1648 aliquam
1763 1619 1820 1639 ma-

1027 1667 1117 1702 jorem
1144 1666 1271 1701 baptismi
1299 1669 1424 1700 expertes
1449 1665 1619 1693 manserunt,
1649 1664 1678 1686 ut
1708 1658 1818 1694 quidem

1029 1713 1172 1748 signaculo
1183 1715 1319 1743 carentes,
1337 1709 1439 1738 cwiesti
1459 1709 1545 1744 gloria
1563 1715 1616 1734 non
1632 1706 1756 1733 fruentur
1770 1713 1776 1730 :
1792 1709 1822 1730 ut

1030 1763 1122 1786 autem
1151 1758 1264 1785 minime
1296 1757 1373 1788 mali,
1402 1754 1546 1790 suppliciis
1575 1761 1629 1779 non
1647 1751 1818 1778 adicientur:

1030 1804 1159 1839 quoniam
1174 1803 1368 1830 detrimentum
1388 1801 1438 1828 hoc
1456 1801 1544 1834 potius
1563 1799 1634 1832 passi
1650 1801 1724 1827 sunt,
1739 1802 1820 1830 quam

1031 1850 1164 1877 iecerunt.
1183 1848 1251 1876 Tres
1265 1848 1349 1880 enim,
1366 1846 1536 1880 utopinione
1555 1850 1699 1877 assequar,
1721 1841 1820 1875 gradus

1030 1897 1165 1923 exsistunt
1179 1905 1187 1923 :
1203 1903 1274 1922 unus
1291 1901 1385 1921 eorum
1400 1893 1445 1926 qui
1471 1890 1600 1925 supernis
1625 1887 1732 1916 deliciis
1757 1894 1820 1921 per-

1031 1942 1178 1973 fruuntur;
1194 1941 1261 1967 alter
1274 1946 1369 1966 eorum
1384 1938 1429 1973 qui
1444 1935 1585 1972 suppliciis
1597 1934 1706 1962 aeternis
1722 1939 1822 1960 excru-

1031 1988 1158 2020 ciantur;
1179 1985 1286 2013 medius
1306 1992 1400 2012 eorum
1413 1983 1459 2018 qui
1476 1989 1526 2009 nec
1541 1980 1661 2009 caelestis
1676 1979 1751 2014 regni
1772 1987 1821 2005 vo—

1031 2033 1150 2068 luptates
1166 2032 1298 2063 sentiunt,
1324 2038 1374 2057 nec
1399 2030 1486 2065 pmnis
1506 2028 1568 2055 ullis
1596 2030 1756 2061 torquentur
1772 2034 1779 2052 :
1794 2025 1820 2052 in

1031 2087 1086 2115 quo
1100 2085 1128 2106 et
1146 2078 1252 2112 pueruli
1271 2077 1316 2112 qui
1347 2076 1482 2111 baptismo
1505 2073 1607 2109 perlusi
1635 2080 1689 2100 non
1705 2075 1780 2103 sunt,
1795 2077 1823 2099 et

1032 2126 1078 2161 qui
1107 2133 1168 2153 cum
1195 2124 1360 2159 baptismum
1389 2125 1558 2157 expeterent,
1585 2120 1704 2147 violento
1730 2124 1822 2145 tamen

1031 2173 1124 2207 aliquo
1139 2179 1205 2198 casu
1221 2169 1342 2205 impediti
1361 2170 1501 2203 suscipere
1517 2174 1569 2194 non
1586 2170 1743 2201 potuerunt,
1757 2172 1822 2191 eon-

1033 2219 1227 2246 stituerentua.
1242 2216 1276 2243 At
1296 2222 1334 2247 ιιι,
1350 2215 1396 2250 qui
1426 2214 1569 2242 contendis
1598 2217 1623 2239 te
1643 2219 1675 2239 eo
1699 2211 1758 2237 solo
1775 2218 1822 2237 no-

190 2256 390 2300 febricitantes,
409 2267 455 2301 qui
471 2266 596 2301 quamvis
616 2266 682 2293 l‘ebri
700 2273 753 2293 non
773 2265 895 2292 laborare
911 2265 979 2292 mal-
996 2272 1018 2299 ι)
1034 2266 1106 2291 mine
1121 2263 1192 2298 apud
1216 2262 1299 2289 Deum
1319 2269 1368 2296 pro
1383 2260 1520 2295 baptizata
1541 2259 1663 2286 habitum
1689 2257 1733 2289 iri,
1751 2256 1823 2291 quod

191 2316 256 2346 lent,
275 2314 349 2341 inviti
366 2318 455 2341 tamen
472 2314 497 2340 in
515 2313 610 2341 febrim
629 2313 879 2347 inciderunt,quod
897 2311 980 2339 febris

190 2369 289 2388 causas
306 2360 333 2387 in
359 2367 459 2395 corpus
475 2359 664 2387 admisissent.
679 2359 731 2386 Alii
749 2359 830 2386 etiam
847 2363 912 2386 ante
931 2358 981 2385 ba-

192 2409 323 2441 ptismum
337 2407 450 2434 honeste
466 2411 493 2433 et
509 2414 570 2434 cum
592 2405 672 2433 laude
687 2405 825 2436 vivebant,
845 2404 902 2432 sive
917 2404 981 2439 quia

192 2453 229 2480 ita
249 2453 390 2480 commode
407 2461 421 2480 a
441 2457 537 2480 natura
553 2453 695 2488 temperati
717 2456 819 2484 essent,
837 2455 865 2478 ut
880 2458 895 2477 a
908 2451 981 2478 vitiis

194 2500 385 2529 abhorrerent,
399 2500 455 2526 sive
470 2499 552 2526 etiam
562 2499 646 2526 animi
664 2498 788 2526 instituto
804 2505 836 2524 ac
851 2499 885 2524 de
904 2496 983 2523 indu-

194 2545 261 2572 stria
279 2544 311 2570 ad
328 2543 449 2571 divinum
472 2544 608 2570 lavacrum
624 2551 671 2578 per
684 2544 746 2570 vita:
760 2543 905 2578 puritatem
923 2548 984 2569 sese

196 2595 390 2624 praepararent,
408 2594 438 2616 ιιι
465 2594 493 2616 et
522 2590 588 2616 illud
607 2590 774 2624 acciperent,
795 2594 822 2616 et
840 2592 981 2621 acceptum

192 2641 349 2664 tuerentur.
366 2636 453 2670 Atque
467 2636 493 2662 hi
511 2636 622 2670 quidem
637 2643 743 2668 eorum,
757 2635 803 2670 qui
820 2635 983 2669 baptismum

196 2687 413 2717 consequuntur,
433 2683 543 2709 ordines
562 2687 635 2709 sunt.
662 2682 760 2710 Eadem
778 2687 868 2709 autem
893 2687 919 2708 et
938 2688 986 2708 eo-

198 2737 257 2757 rum
279 2734 320 2756 est
339 2730 418 2760 ratio,
429 2729 476 2763 qui
492 2729 619 2764 baptismi
634 2734 759 2763 expertes
775 2734 850 2756 sunt.
864 2729 985 2762 Quidam

198 2778 270 2802 enim
287 2783 348 2802 eum
364 2783 417 2801 non
437 2775 586 2810 accipiunt,
603 2780 631 2802 ut
650 2775 783 2810 pecudum
800 2780 847 2802 aut
866 2775 986 2802 ferarum

198 2823 280 2849 vitam
303 2822 451 2854 imitantes,
471 2823 521 2849 hoc
538 2827 588 2852 est.
607 2823 688 2848 stulte
706 2830 736 2848 ac
753 2822 895 2848 bt'Izlorttm
913 2829 987 2848 more

197 2868 392 2900 cupiditatibus
411 2868 572 2899 servientes,
592 2866 645 2898 vel,
662 2871 690 2893 ut
709 2866 771 2892 saevi
786 2873 811 2892 et
827 2866 986 2900 importuni,

200 2906 318 2940 belluino
351 2915 470 2945 quodam
502 2914 592 2940 furore
626 2913 763 2940 concitati.
791 2912 841 2938 Alli
860 2913 987 2946 baptismi

1035 2309 1164 2345 baptismi
1193 2308 1360 2343 percipiendi
1387 2307 1554 2333 voluntatem
1587 2303 1705 2335 haberis,
1727 2303 1822 2330 eadem

1035 2357 1143 2384 ratione
1157 2355 1274 2383 fortasse
1286 2353 1389 2381 dixeris
1404 2360 1466 2379 eum
1482 2353 1528 2386 qui
1542 2350 1624 2377 cmdis
1636 2348 1823 2384 perpetranda:

1034 2403 1201 2431 voluntatem
1224 2399 1360 2430 habuerit,
1384 2397 1492 2425 etiamsi
1510 2403 1569 2423 ea-n
1592 2401 1762 2429 nequaquam
1795 2400 1823 2418 re

1035 2451 1093 2486 ipsa
1109 2447 1267 2483 patruverit,
1282 2451 1372 2473 tamen
1393 2443 1484 2472 sicarii
1495 2441 1626 2477 judicium
1639 2446 1665 2468 et
1681 2439 1824 2466 homicida:

1035 2483 1203 2522 subiturum.
1221 2492 1260 2519 Ac
1276 2496 1450 2524 nequaquam
1468 2488 1503 2514 ita
1518 2495 1548 2514 se
1566 2494 1609 2514 res
1632 2485 1723 2512 habet.
1752 2483 1826 2511 Prac-

1037 2545 1110 2568 terea
1136 2538 1159 2566 si
1190 2538 1238 2565 tibi
1268 2537 1302 2564 ad
1327 2535 1494 2570 baptismum
1521 2531 1648 2566 baptismi
1676 2530 1823 2564 cupiditas,

1037 2586 1265 2622 propositumque
1291 2582 1400 2612 suilieit,
1428 2586 1511 2615 atque
1538 2578 1641 2605 idcirco
1668 2577 1824 2610 eorumqui

1037 2633 1152 2669 puriﬁea
1168 2639 1237 2666 aqua
1254 2629 1358 2664 perfusi
1375 2633 1451 2659 sunt,
1466 2626 1580 2661 gloriam
1595 2624 1707 2659 quaeris,
1720 2623 1752 2649 ad
1769 2623 1826 2657 glo-

1039 2681 1107 2707 riam
1126 2686 1236 2714 quoqne
1254 2677 1301 2704 tibi
1332 2675 1449 2702 sullieiat
1475 2673 1534 2701 sola
1563 2670 1656 2706 gloria:
1679 2669 1826 2704 cupiditas.

1037 2726 1174 2760 Quoniam
1192 2725 1262 2752 enim
1277 2723 1370 2759 gloriae
1383 2720 1548 2748 desiderium
1561 2717 1655 2748 habes,
1671 2724 1704 2743 eo
1716 2720 1827 2742 conten-

1039 2779 1084 2801 tus
1099 2779 1159 2799 esse
1174 2771 1269 2801 debes,
1288 2777 1338 2797 nec
1354 2767 1472 2803 graviter
1486 2773 1517 2792 ac
1533 2765 1645 2792 moleste
1661 2763 1741 2795 ferre,
1754 2761 1827 2796 quod

1039 2820 1155 2856 gloriam
1176 2818 1262 2852 ipsam
1285 2823 1339 2843 non
1358 2813 1527 2848 assequeris,
1546 2819 1607 2839 eum
1627 2817 1674 2845 pro
1696 2809 1752 2842 ipsa
1767 2807 1826 2842 glo-

1040 2855 1088 2893 riae
1106 2867 1250 2900 adeptione
1264 2864 1330 2891 satis
1346 2868 1482 2896 superque
1499 2859 1534 2887 sit
1551 2858 1642 2894 gloria:
1653 2855 1828 2891 cupiditatem

1042 2911 1151 2939 habere.
