2027 3162
248 201 312 232 1271

962 201 1150 232 ADDEVDA.

1803 204 1870 233 1272

274 257 392 285 COLQOI
407 257 438 284 Δ,
452 257 520 292 Ergo
529 259 825 292 posteaquammtcﬂm
838 258 1032 292 niam,iuquit,
1048 255 1071 284 A
1085 259 1120 285 sit
1132 259 1165 285 ".
1190 258 1322 291 Quoeirca
1340 263 1492 294 properate,
1510 266 1543 286 ne
1566 259 1635 286 latro
1653 259 1730 287 \‘obis
1747 265 1872 287 antever-

247 304 296 330 bas
313 312 387 331 meas
403 311 480 331 voces
504 305 658 336 audivistis,
684 305 717 332 de
743 305 854 333 Davidis
870 305 986 332 consilio
1004 309 1030 331 et

246 352 379 378 sententia
397 351 510 378 accedite
526 352 558 377 ad
581 351 663 378 Deum
691 352 857 386 (accedendo
881 352 913 379 ad
936 352 1029 378 Eccle-

247 396 339 429 sium),
359 402 383 421 ιι
411 396 599 424 illuminamini
636 406 682 432 per
705 399 879 432 baptismum,
902 404 926 425 et
950 400 1029 434 facies

247 447 338 468 eestra’
355 449 404 467 non
420 442 614 476 confundantur
628 444 660 476 ⁷⁸,
679 445 795 471 maxime
811 445 918 479 quidem
934 445 1028 478 judieii

247 487 363 514 extremi
392 493 530 522 tempore;
571 498 643 517 nunc
670 498 781 525 quoque
804 495 912 523 tamen,
939 495 966 518 ut
983 491 1029 517 ba-

245 533 346 566 pzismo
367 534 478 560 minime
505 534 654 567 frustrata),
684 543 697 562 a
714 544 768 570 quo
786 543 834 562 nos
860 541 982 562 avertere
998 543 1029 562 ac

244 579 395 606 distrahere
409 580 564 606 adversaria
580 581 666 616 caligo
684 581 935 609 studiosemolztur.
958 580 1029 608 Venit

249 632 311 656 ηοω,
328 630 355 652 ut
370 625 406 651 ait
425 625 566 655 Dominus.
588 627 612 653 id
627 633 677 660 est,
703 629 822 654 futurum
847 628 988 659 saeculum,
1004 629 1029 654 in

243 677 293 703 quo
311 669 383 696 velut
399 671 424 696 iu
442 675 532 702 nocte,
549 673 651 706 operari
676 681 727 699 non
749 673 807 700 licet
834 674 866 700 7-“.
893 674 1030 700 invehitur

244 724 353 750 quoque
366 717 391 743 iu
405 726 502 752 segnes
518 723 543 745 ct
562 719 664 745 laboris
679 719 814 755 fugientes
831 719 972 752 Salomon,
988 721 1030 748 his

245 763 336 789 verbis
354 772 360 788 :
379 763 530 798 Usqtthuo
547 766 621 800 piger
635 765 737 793 desidia
772 771 798 793 et
816 766 912 793 inertia
938 767 1030 794 obtor-

245 816 340 842 pesms
355 815 436 844 atque
452 811 527 838 humi
542 812 646 846 iacebis
659 821 666 845 ;
681 814 824 847 ecquando
847 821 861 840 a
877 814 1031 840 cessatione

247 855 298 881 ista
311 860 338 881 et
355 857 491 889 socordia,
509 858 586 891 quasi
602 867 632 885 ex
655 867 752 887 somno
782 861 980 895 expergisceris
995 861 1031 887 3°?

246 899 307 927 ibcc
324 906 406 935 atque
419 901 461 928 illa
478 903 600 930 causaris
630 904 700 931 dietn
719 914 749 932 cx
766 906 808 932 die
824 906 935 939 ducens,
950 911 1030 941 atque

247 948 288 974 lus
306 949 393 976 verbis
418 954 495 976 literis
520 960 526 976 :
545 951 690 978 Lumiuum
715 953 786 979 diem
809 954 984 988 exspectabo,
1002 959 1030 980 ut

246 1002 305 1020 cum
332 994 440 1022 Christo
457 1004 505 1030 per
519 997 682 1032 baptismum
700 999 848 1030 illumiuer,
869 1002 1030 1034 exspectabo

246 1039 359 1072 Pa~clta,
373 1048 396 1067 u'
414 1050 475 1068 cum
493 1043 600 1070 Christo
615 1052 662 1078 per
679 1045 842 1079 baptismum
871 1054 1028 1080 resurgam;

246 1084 420 1113 Ρςιιιοςυδῑςτη
436 1092 609 1123 chptrctabo.
623 1095 649 1116 ut
662 1090 780 1125 Spiritus
790 1093 874 1119 sancti
887 1093 1030 1120 adventum

247 1139 277 1158 ac
292 1133 463 1165 prmscutiam
491 1138 633 1162 honorem.
663 1137 732 1168 Quid
759 1139 876 1172 postea?
901 1140 1030 1166 Adveniet

245 1177 303 1209 tibi,
325 1179 399 1205 velut
412 1180 500 1207 malus
512 1181 609 1214 viator,
621 1183 745 1216 baptismi
756 1183 888 1216 deiectus,
903 1193 933 1212 ac
948 1194 1032 1220 penu-

247 1222 297 1252 ria,
322 1231 382 1256 qua:
408 1224 532 1252 homines
564 1234 634 1261 quos
659 1228 799 1262 invaserit,
821 1230 923 1264 aﬂligit,
951 1236 1032 1265 atque

247 1268 277 1292 ad
298 1269 432 1302 supplicia
462 1272 632 1298 transmittit.
649 1275 878 1307 quemadmodum
905 1278 936 1302 ad
959 1285 1031 1303 utor-

247 1318 299 1339 tcm
328 1313 383 1340 cibi
413 1317 534 1348 penuria.
557 1317 642 1350 Atque
670 1319 697 1345 in
718 1320 802 1347 tantis
833 1321 913 1355 hujus
940 1330 1032 1349 saera-

247 1359 331 1385 mcuti
345 1359 443 1393 opibus
457 1369 529 1388 nunc
543 1363 721 1396 constitutus,
737 1370 829 1400 utpote
844 1367 886 1394 cui
903 1375 948 1394 eas
962 1370 1032 1396 acci-

248 1412 311 1437 pere
326 1405 418 1437 liceat,
445 1412 539 1441 postea
561 1408 631 1436 fame
659 1411 824 1442 conlieieris,
847 1413 899 1440 hoc
915 1419 965 1447 cst,
985 1416 1033 1441 ba-

248 1451 339 1485 ptismi
359 1452 508 1486 cupiditate
525 1455 673 1488 tem-beris,
689 1465 749 1483 cum
771 1458 842 1485 nulla
856 1459 910 1493 jam
930 1462 1033 1488 ratione

249 1497 378 1524 damnum
401 1504 543 1533 acer-ptum
562 1502 656 1528 sarciri
673 1503 781 1537 poterit.
797 1505 875 1539 Atqui
891 1507 1033 1539 oportebat

247 1542 340 1571 labore
363 1552 394 1571 ac
416 1545 567 1580 diligentia,
592 1557 652 1582 qua-
675 1550 778 1576 inertiae
794 1551 963 1585 adversatur,
989 1561 1030 1585 ea,

1083 309 1132 337 tat,
1155 306 1385 340 quemadmodum
1410 305 1479 332 latro
1505 305 1548 332 ille
1574 306 1648 332 cruci
1672 313 1736 333 cum
1760 305 1872 333 Christo

1082 351 1176 379 afﬁxus
1199 352 1325 379 omnibus
1347 352 1503 380 hominibus
1528 351 1601 379 illius
1626 353 1714 380 aJtatis
1743 357 1871 379 antever-

1083 399 1113 428 tit
1128 398 1150 413 ⁸⁵
1169 407 1176 431 ;
1208 403 1309 432 atque.
1337 402 1366 424 ut
1390 397 1475 424 Judzci
1493 419 1500 430 ,
1522 398 1586 425 illud
1615 399 1716 425 Christi
1742 399 1872 430 audatis.

1080 444 1220 470 Publicani
1235 450 1258 470 et
1281 444 1427 470 meretrices
1442 444 1587 478 prmcedent
1603 453 1646 471 vos
1663 445 1690 471 in
1713 453 1821 479 regnum
1837 445 1870 471 ".

1081 490 1196 524 Regnum
1216 490 1289 516 enim
1318 490 1440 516 ardorum
1465 491 1515 516 vim
1537 491 1649 524 patitur,
1679 491 1729 517 hoc
1754 495 1805 520 est.
1825 498 1873 524 pur

1080 536 1134 561 vim
1169 535 1291 569 rapitur,
1324 544 1355 562 ac
1384 535 1470 562 multo
1496 537 1589 562 labore
1622 542 1809 570 comparatur.
1839 535 1871 561 Et

1080 583 1186 610 violenti
1212 584 1317 617 rapiunt
1346 585 1411 610 illud
1438 584 1470 616 ⁸⁷,
1499 585 1544 618 qui
1573 584 1624 612 sibi
1652 578 1719 619 ipsis
1747 585 1801 611 vim
1831 585 1872 611 ai-

1082 630 1183 660 l'etunl,
1209 634 1290 663 atque
1315 629 1459 656 affectuum
1487 631 1659 665 tyrannidem
1688 631 1713 657 vi
1742 630 1872 665 frangunt

1081 680 1105 702 ct
1129 675 1282 702 debilitant.
1307 675 1392 702 Porro
1417 684 1464 711 per
1491 684 1601 711 regnum
1629 677 1680 703 hoc
1705 677 1764 704 loco
1789 677 1870 703 Chii-

1081 726 1152 748 stum
1172 721 1308 755 intelligit,
1334 726 1362 748 ut
1385 722 1515 749 emtorum
1542 723 1653 758 Regem.
1678 723 1724 757 qui
1751 730 1800 757 pro
1819 731 1868 749 sua

1082 767 1202 794 bonitate
1239 767 1329 799 ultro,
1369 775 1476 794 summo
1508 773 1597 794 tamen
1627 775 1688 794 cum
1719 767 1814 793 labore
1844 773 1870 793 et

1081 820 1220 845 atrumna,
1238 813 1296 847 capi
1322 819 1351 840 se
1371 813 1559 847 possiderique
1588 812 1672 845 sinit,
1700 817 1729 838 ut
1749 812 1868 839 salutem

1081 866 1271 892 assequamur.

1118 906 1176 934 Col.
1195 907 1246 934 394
1263 907 1292 932 Α.
1313 905 1451 934 Enimvero
1465 908 1488 934 si
1502 907 1564 934 milii
1576 907 1792 938 auscultandum,
1814 911 1868 934 etc.

1085 953 1122 980 Ad
1136 958 1275 986 peccatum
1291 953 1384 979 turdus
1397 958 1454 979 csto
1470 961 1477 979 :
1491 953 1562 979 celer
1576 957 1664 980 autem
1680 953 1711 978 ad
1727 953 1867 984 virtutem,

1083 1000 1178 1026 salutis
1196 1007 1346 1034 parentem.
1364 998 1424 1026 Pari
1451 999 1522 1026 enim
1547 1000 1571 1026 iu
1595 999 1659 1026 \itio
1675 1003 1739 1026 SU'.l
1752 1005 1778 1025 et
1796 999 1865 1024 cele-

1084 1045 1148 1071 ritas
1175 1045 1207 1071 ad
1234 1045 1342 1075 vitium.
1369 1051 1392 1072 et
1420 1036 1532 1072 tarditas
1556 1045 1588 1072 ad
1615 1046 1752 1072 virtutem.
1781 1046 1810 1071 Si
1835 1045 1868 1071 ad

1084 1090 1257 1116 inhonestqu
1279 1095 1307 1117 et
1323 1090 1489 1124 impudicum
1505 1091 1660 1117 convivium
1678 1090 1784 1116 voceris
1799 1091 1871 1123 (hoc

1083 1137 1155 1164 enim
1189 1137 1353 1165 comessatio
1383 1137 1535 1171 signiﬁcat)
1562 1145 1594 1164 uc
1619 1137 1815 1171 proliciscaris.
1841 1135 1869 1162 Si

1083 1185 1116 1210 ad
1138 1184 1182 1210 Dei
1206 1184 1416 1217 abjnrationcm,
1431 1183 1469 1210 ne
1484 1183 1559 1210 dicto
1581 1183 1736 1210 audientem
1758 1188 1784 1209 te
1799 1190 1869 1216 prm-

1084 1231 1158 1257 bcas.
1186 1229 1214 1256 Si
1242 1230 1423 1263 improbitatis
1450 1230 1591 1263 operarius
1624 1230 1670 1256 tibi
1705 1230 1778 1261 lure,
1809 1236 1871 1262 qua:

1084 1276 1153 1310 apud
1170 1275 1342 1302 Salomonem
1370 1275 1514 1306 habentur,
1542 1275 1641 1301 (ἥλιξι-ὴ
1663 1285 1669 1301 ;
1695 1273 1760 1300 Veni
1779 1275 1870 1300 κοιτίδα

1084 1330 1142 1348 cum
1167 1322 1201 1352 ",
1227 1326 1254 1348 et
1278 1329 1337 1355 qum
1363 1325 1530 1355 sequuntur,
1559 1329 1592 1348 ne
1617 1328 1697 1348 aures
1723 1321 1772 1354 ipsi
1800 1327 1870 1354 pm:-

1085 1368 1148 1395 bcas
1162 1378 1167 1393 :
1183 1373 1210 1394 ut
1222 1373 1245 1393 ct
1259 1368 1281 1394 ei
1299 1373 1437 1402 peccatum
1453 1375 1533 1393 suum
1549 1371 1642 1394 notum
1656 1371 1681 1393 et
1695 1372 1868 1401 perspectum

1084 1414 1192 1443 reddas.
1210 1413 1367 1447 hujusmodi
1384 1412 1508 1439 videlicet
1527 1412 1672 1440 consilium
1693 1419 1865 1446 nequaquam

1084 1459 1263 1490 admittendo,
1287 1464 1314 1485 et
1334 1463 1360 1485 tu
1380 1467 1393 1486 a
1417 1459 1548 1486 scelerata
1573 1459 1624 1485 hac
1650 1458 1781 1485 societate
1801 1458 1869 1484 libe-

1084 1507 1163 1532 reris.
1179 1507 1212 1532 At
1227 1505 1248 1532 si
1267 1505 1348 1531 David
1364 1510 1388 1532 te
1405 1507 1437 1532 ad
1454 1505 1617 1539 baptismum
1635 1505 1796 1531 cohortctur
1810 1504 1867 1538 (qui

1085 1553 1190 1586 quidem
1218 1552 1336 1578 lmtitiam
1364 1557 1390 1578 et
1417 1551 1625 1578 exsultationem
1653 1550 1745 1581 εισι-η.
1776 1555 1870 1584 utpote

248 1597 307 1622 qme
327 1592 477 1624 paupertati
501 1594 635 1621 contraria
655 1601 730 1627 sunt,
755 1596 884 1629 clucrari,
905 1598 955 1625 hoc
977 1603 1030 1630 est,
1046 1602 1067 1630 C
1085 1603 1256 1632 pt‘t‘CMOIutlt
1270 1598 1456 1624 remissionem
1470 1597 1639 1632 largiens),si
1649 1597 1730 1623 etiam
1742 1595 1869 1622 Micbzeas

248 1637 357 1663 uberem
380 1642 406 1664 et
420 1640 558 1672 copiosam
578 1647 704 1673 mcssem,
721 1649 752 1669 ac
772 1643 898 1676 baptismi
917 1645 1030 1677 fontem,

247 1690 301 1715 quo
319 1691 331 1707 τι
349 1685 449 1717 peccati
468 1690 534 1712 testu
558 1691 639 1721 atque
663 1688 760 1716 ardore
784 1689 892 1716 animus
918 1690 1032 1724 refrige-

249 1732 334 1755 ratur.
362 1729 385 1754 A
413 1729 558 1758 Salomone
591 1737 679 1759 autem
710 1733 766 1760 lucc
791 1743 899 1770 quoque
925 1742 1030 1771 sumpta

248 1779 320 1801 sunt.
338 1774 405 1802 Nam
422 1784 482 1803 cum
500 1777 596 1804 inertia
617 1785 649 1806 ac
665 1779 767 1806 desidia
792 1779 889 1806 famem
907 1782 1032 1808 COttlt‘uiti

248 1821 378 1853 dixisset,
396 1823 428 1850 de
445 1823 582 1858 diligentia
612 1833 721 1860 quoque
745 1831 771 1853 et
796 1827 942 1854 sedulitate
967 1829 1032 1855 sub-

246 1867 371 1903 juugcus.
399 1870 434 1897 ait
456 1880 462 1896 ε
485 1870 515 1897 Si
534 1876 621 1898 anteiit
639 1873 749 1907 impiger
770 1873 862 1906 fueris.
889 1874 970 1900 veniet
987 1874 1033 1900 tibi

247 1915 324 1948 φατιδί
340 1916 396 1946 [ints
415 1917 518 1949 messis,
534 1917 586 1944 huc
603 1923 654 1949 est,
672 1918 753 1946 fontis
768 1919 854 1946 instar
870 1920 966 1947 messis
984 1920 1032 1947 tibi

249 1960 385 1988 uberrime
397 1962 521 1995 proﬂuet,
534 1972 565 1988 ac
579 1966 740 1998 paupertatis
756 1970 847 1991 wstum
861 1966 1033 2000 ardoremque

249 2007 378 2040 tniligabil
403 2007 436 2034 ⁸¹.
466 2008 621 2040 Quocirca.
652 2011 874 2043 quemadmodum
903 2013 1032 2039 desiderat

247 2060 336 2079 cerrus
359 2053 393 2078 ad
410 2053 494 2086 [antes
511 2062 641 2088 aquarum
658 2055 692 2086 “,
712 2056 746 2082 ita
765 2061 792 2081 tu
812 2065 920 2091 quoque
937 2059 968 2084 ad
988 2059 1033 2085 ba-

249 2098 376 2130 ptismum
403 2106 515 2126 accurre.
532 2107 539 2126 :
558 2108 590 2125 ne
608 2101 754 2134 aliquando
780 2102 826 2128 tibi
856 2103 924 2129 idem
960 2105 1032 2137 quod

247 2143 373 2176 Tantalo,
396 2145 512 2176 accidat,
535 2153 615 2179 quem
635 2148 704 2179 apud
726 2148 827 2175 inferos
853 2154 938 2182 poene
955 2151 1033 2176 labu-

248 2190 338 2217 |.iutur
356 2191 380 2216 iu
408 2190 495 2218 medio
517 2191 591 2218 futile
610 2196 726 2218 stantem
753 2193 795 2219 siti
823 2194 1032 2226 cont:~bcscere,

247 2245 316 2270 aqua
334 2236 466 2268 videlicet,
492 2244 554 2263 cum
579 2237 686 2263 bibendi
703 2245 784 2264 causa
803 2245 882 2272 caput
902 2240 1032 2268 inclinare

247 2287 336 2317 parat.
353 2282 476 2309 elabeutc
491 2291 498 2308 :
517 2283 556 2310 vel
572 2283 652 2309 etiam
669 2283 738 2310 idem
755 2286 826 2319 quod
845 2285 961 2312 lsmaeli.
978 2286 1031 2314 Πει-
1050 2277 1069 2304 D

247 2328 324 2354 betur
347 2328 418 2355 enim
436 2328 462 2355 in
486 2327 599 2355 Genesis
624 2329 703 2359 libro.
726 2329 797 2364 quod
823 2331 894 2365 Agar
921 2332 1029 2365 ancilla,

246 2383 306 2400 cum
325 2375 378 2401 ﬁlio
391 2382 440 2401 suo
462 2379 570 2409 propter
595 2375 687 2401 Suram
707 2377 890 2411 indignatione
916 2386 1030 2406 succcn-

246 2429 303 2448 sam
326 2420 359 2447 ab
375 2420 530 2448 Abrahamo
546 2421 672 2455 expulsa,
696 2430 742 2456 per
756 2423 929 2451 solitudinem
953 2425 1032 2452 ober-

247 2467 332 2499 rabat,
350 2474 381 2494 ac
397 2473 557 2500 consumpta
578 2476 659 2502 aqua,
676 2477 757 2503 quam
775 2469 799 2495 in
818 2468 876 2496 utre
895 2473 1030 2504 portabat,

247 2520 360 2546 puerum
377 2512 428 2539 sub
444 2512 532 2539 abiete
549 2513 663 2547 projecit
678 2523 683 2540 :
700 2522 740 2546 ac,
758 2522 790 2540 ue
807 2514 895 2549 ipsum
914 2516 1033 2542 morien-

248 2565 300 2585 tem
316 2563 450 2589 cerneret.
466 2566 480 2585 e
497 2559 608 2593 regione
624 2559 710 2593 ipsius
728 2561 820 2594 procul
836 2560 906 2588 sedit
920 2561 952 2587 ³⁸.

282 2604 349 2631 Ibid.
382 2604 411 2629 Β.
440 2604 565 2630 Miserum
592 2611 649 2636 est,
681 2613 738 2631 cum
769 2606 894 2632 nundinle
920 2607 1032 2640 efﬂuxe-

246 2652 309 2683 rint,
337 2655 389 2678 etc.
418 2651 520 2683 Nemo,
549 2651 655 2686 inquit,
687 2657 866 2678 Ittercatontm
897 2658 1032 2679 conventu

246 2699 347 2731 soluto,
368 2698 524 2733 negotiatur
547 2705 553 2724 :
575 2698 670 2724 eodem
693 2698 775 2725 modo
801 2706 849 2725 nec
877 2703 937 2732 post
965 2698 1033 2725 hanc

246 2745 328 2772 vitam
348 2744 441 2778 pietati
461 2743 571 2771 studere
591 2743 662 2770 licet.
682 2743 752 2771 Deus
769 2744 852 2775 enirn,
873 2748 899 2770 ut
917 2743 967 2770 Job
985 2745 1031 2775 ait,

248 2793 379 2818 πάγει-δας
398 2797 472 2822 eum,
495 2790 541 2824 qui
565 2795 651 2816 morte
674 2789 824 2817 exstinctus
849 2796 899 2821 est,
919 2790 1026 2817 conclu-

280 2859 302 2873 ⁷⁸
321 2858 393 2884 t'sal.
415 2867 511 2888 xvxut,
529 2859 556 2885 6.
596 2859 617 2874 τ’)
631 2858 710 2885 Joau.
730 2866 765 2886 Ix.
780 2858 807 2885 «ι.
856 2859 879 2874 ὀ
897 2859 975 2885 Prov.
998 2867 1034 2887 vt,
1052 2857 1127 2883 9-il'

254 2891 294 2927 iii.
316 2892 365 2927 itis
396 2893 477 2919 “Job
495 2901 549 2922 .uv,
568 2894 684 2927 litscq't.

252 2926 276 2951 1.
307 2926 479 2959 *'-“3l.ch.1\',
500 2936 535 2961 iv,
554 2929 585 2961 ἇς
604 2929 732 2959 l~:t.t',7i.

736 2895 758 2908 *δ
776 2893 830 2918 Lac
843 2902 919 2922 χχιιι,
934 2894 978 2921 59.
993 2893 1034 2923 it),

772 2929 793 2943 9’
809 2929 901 2955 .‘tidttb.
920 2936 956 2959 \‘!,
968 2929 1012 2956 ‘28.

1084 1648 1130 1670 aut
1150 1644 1231 1670 Isaias
1247 1644 1384 1674 dixerint,
1405 1643 1503 1675 Venite,
1517 1644 1688 1670 ostendamus
1710 1644 1737 1668 in
1755 1650 1869 1668 utentem

1086 1691 1189 1717 Domini
1202 1690 1224 1706 "
1241 1690 1303 1722 (hoc
1319 1695 1369 1719 cst.
1384 1689 1417 1716 ad
1437 1689 1594 1720 Eetlesiam,
1612 1689 1638 1715 in
1657 1696 1708 1721 qua
1725 1696 1757 1714 ex
1775 1696 1871 1722 perca-

1085 1743 1171 1763 torum
1195 1743 1272 1763 emno
1295 1743 1341 1769 per
1365 1735 1528 1769 baptismum
1553 1734 1726 1768 emergimus,
1744 1739 1827 1768 atque
1843 1735 1870 1760 iu

1084 1781 1168 1808 altum
1194 1781 1352 1813 echrimur),
1376 1781 1398 1807 si
1423 1782 1504 1807 ctiam
1529 1779 1656 1807 Christus
1681 1780 1738 1813 ipse
1760 1787 1810 1806 nos
1828 1780 1869 1806 iu-

1085 1828 1150 1854 vitct
1165 1827 1198 1857 ³⁸,
1216 1830 1245 1853 ιιι
1261 1825 1360 1857 peccati
1381 1825 1500 1856 pondere
1522 1824 1608 1851 fessos
1625 1824 1692 1850 letet
1708 1832 1739 1851 ac
1753 1829 1868 1854 recreet,

1085 1875 1213 1908 curisque
1238 1873 1342 1902 liberet,
1369 1877 1450 1906 atque
1466 1872 1528 1898 hinc
1545 1871 1599 1898 alio
1620 1870 1742 1897 traducat
1759 1879 1766 1896 :
1784 1869 1870 1900 διιίιιά

1085 1923 1167 1948 nivem
1193 1919 1369 1953 splendentes.
1398 1922 1427 1943 ut
1451 1917 1488 1943 ait
1514 1916 1646 1944 Jeremias
1668 1917 1703 1946 ⁹¹,
1728 1921 1811 1949 atque
1836 1915 1868 1941 ad

1085 1967 1211 2002 pietatem
1228 1965 1339 1991 densius
1354 1967 1521 1997 compactos.
1537 1970 1618 1997 quam
1641 1962 1683 1988 lac
1708 1962 1734 1988 in
1756 1969 1866 1988 caseum

1085 2012 1253 2047 coagulrtur,
1266 2018 1297 2036 ac
1310 2017 1389 2044 supra
1403 2009 1591 2043 sapphirinum
1608 2009 1722 2043 lapidem
1736 2008 1868 2038 illustres.

1086 2067 1119 2085 ne.
1142 2066 1244 2084 moram
1268 2055 1349 2082 ullam
1369 2055 1575 2089 iuterpnuamus
1592 2063 1598 2080 :
1615 2061 1720 2084 verum,
1738 2059 1764 2080 et
1788 2053 1867 2079 simul

1085 2111 1237 2134 curramus,
1257 2109 1281 2130 ct
1301 2103 1423 2129 certatim
1444 2109 1600 2132 curramus,
1613 2100 1648 2127 de
1667 2101 1780 2127 victoria
1804 2109 1868 2127 con-

1085 2153 1235 2179 tendentes.
1254 2153 1332 2181 atque
1350 2147 1423 2175 omni
1444 2147 1535 2174 studio
1556 2147 1582 2173 iu
1601 2147 1650 2173 hoc
1667 2147 1867 2175 incumbentes.

1085 2199 1113 2221 ut
1132 2195 1297 2228 baptismum
1316 2198 1378 2220 ante
1393 2193 1462 2220 alios
1486 2192 1662 2227 arripiamus.
1680 2192 1718 2219 Ne
1741 2192 1774 2219 ad
1795 2200 1867 2221 cum.

1084 2241 1129 2275 qui
1153 2245 1177 2267 te
1195 2240 1331 2274 baptizare
1358 2243 1444 2273 parat.
1472 2238 1575 2265 dixeris
1593 2247 1598 2264 :
1615 2237 1713 2264 Adsint
1740 2237 1806 2263 mihi
1825 2245 1869 2263 co-

1084 2287 1168 2322 gnati,
1188 2294 1219 2314 ac
1239 2290 1294 2312 tum
1320 2277 1486 2319 lzaptizabnr.
1506 2283 1604 2310 Verum
1632 2283 1676 2310 hic
1699 2286 1788 2309 metus
1812 2282 1871 2308 ani-

1086 2339 1159 2358 mum
1172 2336 1263 2364 angat,
1273 2337 1306 2356 ne
1317 2329 1480 2363 baptismum
1492 2329 1524 2354 de
1535 2328 1577 2355 die
1589 2329 1616 2355 in
1628 2328 1699 2355 diem
1710 2328 1867 2356 extrahens.

1086 2377 1144 2404 sine
1167 2376 1301 2409 baptismo
1319 2379 1433 2401 mortem
1453 2375 1547 2406 ohcas,
1567 2381 1598 2400 ac
1615 2381 1714 2408 genere
1735 2373 1784 2400 tibi
1807 2380 1869 2407 pro-

1086 2423 1211 2457 pinquos,
1237 2422 1338 2451 luctus,
1364 2428 1416 2448 non
1441 2420 1531 2455 gaudii
1557 2420 1646 2447 socios
1670 2419 1790 2453 atcipias
1824 2419 1867 2451 At.

1086 2466 1204 2501 inquies,
1234 2473 1333 2492 munus
1370 2465 1482 2499 parabo,
1507 2464 1731 2499 splendidamque
1755 2469 1867 2493 vestem,

1086 2521 1167 2547 quam
1192 2517 1252 2547 post
1268 2512 1433 2546 baptismum
1458 2511 1580 2543 induam,
1595 2514 1678 2545 atque
1696 2510 1776 2537 etiam
1796 2517 1868 2535 meu-

1085 2567 1158 2591 sam,
1183 2567 1237 2594 qua
1265 2558 1428 2585 initiatorem
1460 2565 1548 2584 tuemn
1574 2557 1721 2592 excipiam.
1747 2555 1787 2583 Ne
1814 2557 1867 2582 hac

1084 2606 1194 2640 quidem
1216 2605 1369 2632 necessaria
1399 2607 1473 2634 sunt,
1500 2611 1561 2634 nec,
1589 2603 1611 2630 si
1637 2603 1674 2629 ita
1701 2606 1868 2636 praeparatus

1084 2659 1137 2678 non
1164 2651 1259 2682 tueris,
1285 2655 1426 2685 propterea
1455 2649 1581 2683 baptismi
1599 2649 1692 2683 gratia;
1718 2647 1867 2682 quidquam

1082 2698 1204 2725 decedet.
1236 2697 1364 2731 Baptismi
1393 2696 1465 2723 enim
1496 2695 1583 2729 gratia
1617 2693 1807 2728 splendoribus
1835 2693 1869 2719 iis

1083 2744 1128 2779 qui
1147 2743 1234 2770 oculis
1251 2747 1411 2774 cernuntur,
1429 2747 1472 2769 est
1489 2740 1643 2772 sublimior,
1666 2747 1717 2766 nec
1739 2739 1771 2765 iis
1790 2739 1868 2772 quid-

1083 2798 1163 2824 quam
1186 2797 1254 2823 0pus
1277 2788 1357 2814 habet
1375 2796 1380 2814 :
1398 2787 1462 2822 quin
1488 2786 1578 2820 potius
1600 2786 1716 2819 teipsqu
1739 2784 1794 2810 Deo
1810 2791 1868 2809 mu-

1184 2856 1204 2872 ’”
1227 2855 1292 2882 Ibid.
1312 2855 1354 2882 Η.

1091 2893 1112 2908 ⁵⁸
1130 2891 1222 2917 Matth.
1242 2898 1298 2920 xxx,
1317 2890 1359 2917 5i.

1684 2852 1706 2868 ⁸³
1722 2851 1790 2878 Gen.
1808 2858 1867 2882 III,

1393 2855 1416 2870 "
1431 2854 1504 2881 Psal.
1523 2861 1588 2885 χιιι,
1606 2853 1633 2880 Ξ.

1713 2886 1737 2902 ⁸⁵
1751 2886 1832 2913 Prov.
1848 2894 1867 2918 ι,

1413 2889 1543 2916 “Matth.
1561 2897 1599 2921 XI,
1618 2888 1658 2914 i2.

1051 2928 1070 2944 “
1089 2927 1189 2954 Thren.
1210 2934 1244 2958 tv,
1265 2926 1288 2952 i.
