2027 3162
252 174 318 208 1275

979 177 1171 208 ΑῡῡΕΝΒᾹ.

1817 183 1888 215 ῘΞἽὶ

248 232 368 268 jusmodi
390 241 505 268 aquam,
530 239 656 269 prompto
682 238 764 270 atque
785 235 867 262 alacri
901 235 992 262 animo
1010 235 1042 262 ad
1059 239 1080 266 Α
1097 237 1255 263 mortalium
1274 242 1316 264 cst
1336 239 1421 273 gratia
1436 259 1442 270 ,
1465 247 1518 266 non
1546 247 1626 268 secus
1643 245 1725 276 atque
1740 249 1789 269 aer
1806 252 1891 278 quem

250 287 310 306 eam
333 281 486 308 accedendo
499 281 531 307 ³⁷.
547 281 610 307 Solo
626 281 698 308 enim
716 281 865 309 voluntatis
881 282 968 317 pretio
993 283 1041 309 ba-

251 327 368 361 ptis-hus
392 328 502 354 emitur.
531 327 615 355 Porro
638 336 698 354 cum
722 329 890 356 voluntatem
905 329 1042 363 cupidita-

253 377 361 407 temque
387 374 458 406 dico,
486 382 539 400 non
558 374 658 401 nudam
683 383 715 402 ac
730 375 881 410 simplicem
899 371 1039 411 intelligo:

250 425 299 444 ncc
308 419 377 444 enim
391 426 420 444 ea
434 417 529 445 sufficit
545 427 655 446 :\'crum
671 427 730 446 eam
740 428 801 453 qum.
813 421 945 447 actionem
957 421 1041 447 comi-

250 469 301 490 tem
325 465 405 491 habet
418 486 425 498 ,
443 473 523 499 atque
546 473 577 493 ex
597 474 629 494 eo
643 469 714 501 quod
731 467 763 493 ad
782 475 837 494 rem
853 468 997 502 expetitum
1016 472 1042 495 ct

248 508 420 542 concupitam
436 517 484 536 nos
499 509 685 541 conferemus,
697 511 815 538 maxime
830 513 1041 547 apparetctelu.

249 552 344 578 cescit.
359 553 500 580 Incessum
519 555 619 590 quippe.
633 559 661 581 ct
678 555 877 589 profectionem
891 558 968 592 pretii
982 557 1042 584 loco

248 595 333 623 ducit.
351 595 471 631 Profecti
491 599 576 631 enim,
595 599 695 633 inquit,
714 601 790 627 emite
810 605 834 627 el
854 601 932 628 bibite
951 600 1040 628 vinum

246 642 400 675 ainepretio
414 643 448 676 θ’,
476 643 528 671 hoc
555 651 606 676 εει,
630 646 769 680 voluptate
794 645 947 674 aﬂiciamini
969 647 1041 673 nulla

249 690 363 722 pecunia
403 691 551 725 persoluta.
586 691 684 718 Vinum
723 693 797 719 enim
832 693 1040 721 oblectationem

247 735 381 770 designat.
394 736 432 763 Ae
447 738 560 771 proinde
572 738 673 765 dictum
687 744 727 766 est
741 747 749 766 :
765 738 796 765 Et
813 740 1041 768 cinuntexhilarat

248 787 293 805 (or
308 779 386 807 humi.
401 781 423 807 is
438 782 470 808 ’9.
492 781 536 809 Vel
552 782 668 810 fortasse
684 784 777 811 vinum
797 786 942 820 mysticum
963 788 1042 814 intel-

249 824 256 850 l
270 825 316 858 git,
336 825 386 853 hoc
402 831 453 856 est.
471 828 574 855 Christi
588 830 762 864 sanguinem,
780 831 859 866 cujus
875 838 933 866 post
954 833 1042 868 bapti-

249 878 338 898 smum
352 873 436 907 gratis
449 874 606 909 participem
619 875 675 903 ﬁeri
688 877 760 904 licet.
776 878 838 904 Sitit
848 884 930 914 atque
940 881 1041 915 appetit

251 917 382 945 Dominus
412 927 426 946 a
455 921 532 948 nobis
560 923 645 948 amari
673 931 680 950 :
708 923 809 958 datque
834 924 983 958 jucundius
1010 933 1041 953 ac

248 964 394 995 libentius.
412 973 493 999 quam
520 967 565 994 alii
590 968 738 1003 accipiant,
762 970 911 999 dummodo
935 980 1040 1007 nequa-

248 1019 329 1045 quam
351 1019 435 1046 parva
449 1018 476 1040 et
489 1013 581 1047 exilia,
600 1023 693 1042 verum
712 1024 745 1043 eo
759 1017 840 1051 digna
857 1019 1038 1053 postulentus.

248 1057 329 1085 I’eliit
345 1066 359 1085 a
379 1057 563 1088 Sautaritana‘
576 1067 681 1096 potmn,
699 1063 750 1091 hoc
770 1069 821 1097 est,
843 1065 921 1093 fidem
934 1087 942 1098 ,
959 1071 1041 1102 atque

250 1103 332 1139 hujus
343 1105 407 1132 doni
419 1106 586 1134 desiderium
599 1118 605 1134 :
617 1109 673 1142 ipse
684 1115 774 1136 autem
784 1118 843 1138 eam
855 1112 990 1147 baptismo
999 1117 1041 1140 est

248 1149 405 1184 itnpartitus
416 1151 434 1178 '.
449 1152 499 1185 Qui
515 1154 574 1180 fons
586 1155 695 1188 quidem
708 1156 723 1182 d
737 1157 819 1189 citur,
835 1158 899 1192 quia
915 1160 1041 1193 perenni-

249 1201 290 1223 ter
300 1197 376 1231 ﬂuit;
390 1205 467 1232 aqua:
482 1204 584 1231 autent,
599 1201 662 1235 quia
677 1201 804 1230 vitiorum
815 1205 910 1232 sordes
922 1205 1004 1233 abluit
1014 1212 1041 1234 ct

249 1247 356 1277 purgat,
370 1249 452 1278 atque
466 1245 547 1272 etiam
566 1246 711 1274 all‘ectuum
724 1247 859 1281 ﬂammas,
873 1251 1039 1285 exstinguit;

248 1289 372 1317 salientis
398 1291 535 1326 denique,
563 1292 614 1320 hoc
639 1298 702 1326 est,
722 1301 796 1322 motu
825 1298 932 1331 agitabo
957 1303 1040 1334 atque

249 1333 377 1366 t-llicacis,
392 1340 419 1362 et
438 1336 471 1362 ad
493 1338 575 1363 vitam
590 1344 720 1366 :rteruatn
737 1340 884 1370 clTerentis.
903 1342 962 1370 Jaut
974 1333 1039 1372 vero

249 1379 334 1407 Isaias
345 1381 470 1408 doctores
480 1390 528 1408 eos
543 1383 637 1411 beatos
650 1385 781 1419 przedicat
793 1388 813 1419 ',
828 1388 873 1422 qui
887 1389 1038 1416 doctrinam

248 1434 330 1461 super
361 1436 470 1456 omnem
504 1438 603 1465 aquam
634 1438 778 1466 spargunt,
813 1434 864 1460 hoc
890 1441 932 1462 est
957 1443 1040 1470 super

247 1481 356 1501 omnetn
380 1476 500 1503 animam
531 1477 657 1512 baptismi
682 1487 751 1514 aqua
778 1481 927 1516 perfusam,
956 1493 1038 1518 quam

248 1518 379 1546 hesterno
404 1520 458 1552 die,
487 1522 537 1548 hoc
566 1528 625 1556 est,
654 1530 717 1552 ante
747 1525 912 1560 baptismum
940 1528 1039 1556 divina:

1060 911 1077 938 Β

1093 283 1242 317 spiramus,
1265 291 1296 310 ac
1315 286 1413 312 coelum
1431 286 1561 320 orbisque
1579 291 1718 321 aspectus.

1129 330 1185 357 Col.
1202 331 1254 358 599
1270 331 1301 357 Α.
1319 330 1378 358 Sint
1394 340 1457 358 sane
1478 332 1544 364 ltmc,
1566 333 1661 359 dixerit
1685 333 1784 367 aliquis
1801 342 1886 368 (/ltalt-

1094 381 1159 407 tum,
1185 382 1237 404 ειν.
1269 377 1329 404 Sint
1351 385 1419 405 sane
1435 387 1508 412 vera,
1524 379 1642 414 inquies,
1667 387 1729 414 quae
1745 381 1779 406 de
1797 380 1890 412 nobis,

1093 423 1138 458 qui
1156 431 1170 450 a
1183 424 1247 450 'ulta
1263 429 1341 452 πίειιο
1367 433 1476 456 smnus.
1506 433 1538 453 ac
1556 426 1721 462 baptismum
1741 426 1890 461 requirere

1093 477 1247 504 possumus.
1273 472 1321 498 abs
1334 476 1359 498 te.
1373 472 1443 499 dicta
1458 477 1522 499 sunt
1537 481 1542 499 :
1559 480 1654 500 verum
1669 473 1703 500 de
1717 473 1888 506 infantibus,

1092 516 1138 550 qui
1158 516 1225 542 nihil
1239 518 1378 548 sentiunt,
1406 519 1471 553 quid
1495 518 1559 546 ais?
1574 519 1615 546 An
1633 519 1684 547 hos
1699 527 1814 555 quoque
1839 520 1889 547 ba-

1093 563 1266 597 ptizabimus.
1288 563 1325 591 Ita
1343 573 1428 597 sane,
1457 565 1479 592 si
1505 566 1576 600 quod
1598 567 1750 601 periculum
1779 572 1888 602 urgeat.

1093 609 1183 644 Atque
1212 610 1293 644 hujus
1321 610 1360 638 rei
1391 610 1516 638 (IOCIIIIIEt
1531 616 1586 638 tum
1615 612 1681 639 hinc
1711 612 1766 647 peti
1785 618 1890 647 potest,

1093 656 1165 690 quod
1184 663 1217 683 ne
1232 655 1343 684 Iudaeus
1354 658 1465 692 quidem
1481 658 1723 686 circumeisionem
1740 663 1890 686 aversatur

1092 711 1139 730 aut
1155 702 1258 736 differt,
1278 703 1378 730 minaci
1392 704 1443 731 hac
1462 705 1587 732 oratione
1599 710 1741 740 permotus
1758 714 1765 732 :
1789 705 1886 732 Omnis

1093 749 1193 778 anima,
1208 757 1266 781 qua:
1283 755 1375 776 octavo
1393 750 1434 776 die
1449 750 1607 777 circumcisa
1623 758 1675 777 non
1691 750 1783 784 fuerit,
1800 755 1889 776 exter-

1093 793 1261 821 minabitur‘.
1281 794 1463 822 Circumcisio
1480 799 1572 822 autem
1592 795 1637 821 illa
1655 795 1888 822 Circumcisiunis

1093 846 1147 866 non
1161 839 1323 867 manufat-tae
1341 840 1453 875 ligni-am
1469 841 1591 875 gerebat,
1618 849 1679 876 qua
1697 841 1722 868 in
1747 841 1886 875 baptismo

1094 892 1142 918 per
1168 885 1261 913 carnis
1279 886 1507 920 exspoliationem
1523 887 1762 921 ahjectionemque
1777 887 1888 922 peragi-

1095 930 1172 956 tur”.
1185 929 1224 956 Ac
1241 936 1384 966 propterea
1403 932 1460 958 haec
1477 931 1552 959 nullo
1568 932 1648 959 modo
1666 932 1817 960 diﬂercn-la
1832 938 1887 966 est,

1093 982 1156 1003 cum
1175 975 1305 1004 Dominus
1318 977 1440 1004 dixerit:
1459 977 1521 1005 Nisi
1549 979 1607 1013 quis
1636 984 1714 1005 nam:
1741 979 1825 1012 fuerit
1852 987 1887 1005 η

1092 1030 1162 1058 aqua
1175 1028 1199 1051 et
1213 1022 1327 1058 Spiritu,
1353 1033 1404 1051 non
1426 1024 1535 1051 intrabit
1552 1024 1578 1051 in
1595 1033 1702 1059 regnum
1724 1024 1801 1051 Dei‘.
1828 1024 1887 1052 Iluc

1093 1068 1208 1100 accedit,
1227 1069 1298 1104 quod
1315 1074 1407 1104 postes
1427 1077 1537 1104 quoque
1551 1073 1576 1096 et
1597 1069 1619 1096 si
1636 1077 1718 1096 sensu
1746 1073 1885 1101 carentes,

1092 1114 1226 1149 sanguine
1243 1115 1425 1150 ungebantur:
1436 1115 1446 1130 ‘
1457 1119 1484 1142 et
1501 1119 1590 1141 tamen
1602 1115 1802 1142 exterminator
1817 1122 1886 1141 con-

1094 1161 1216 1195 signatas
1245 1161 1342 1188 domos
1372 1161 1528 1196 praeteribat
1550 1170 1556 1188 :
1581 1163 1608 1188 in
1627 1161 1662 1188 iis
1691 1165 1798 1192 autem,
1825 1168 1887 1195 qua:

1093 1207 1200 1242 signum
1222 1207 1325 1235 nullum
1352 1207 1543 1243 praeferebant,
1578 1207 1756 1243 pritnigettam
1781 1207 1885 1242 prolem

1093 1251 1284 1279 interﬁciebat.
1298 1252 1415 1280 Proinde
1423 1260 1532 1288 quoque
1545 1253 1632 1280 satius
1641 1257 1692 1285 est,
1710 1259 1736 1280 ul
1753 1253 1884 1284 infantes,

1093 1299 1202 1325 tametsi
1217 1305 1300 1325 sensu
1317 1304 1437 1327 careant.
1455 1298 1639 1332 baptizeutur,
1659 1307 1742 1334 quam
1760 1303 1791 1326 ut
1813 1299 1883 1333 signi

1091 1349 1217 1378 expertes
1249 1352 1264 1371 e
1288 1344 1341 1371 vita
1368 1344 1510 1372 decedant.
1528 1343 1664 1378 Quoniam
1693 1345 1768 1371 enim
1791 1348 1884 1376 modo,

1091 1389 1138 1424 qui
1166 1389 1321 1424 baptizatus
1348 1398 1400 1417 non
1426 1394 1490 1422 est,
1506 1390 1598 1418 dicere
1625 1394 1707 1424 Qut-at
1732 1389 1777 1416 Dei
1798 1397 1884 1417 sum:

1092 1444 1153 1462 cum
1173 1437 1210 1463 rei
1228 1436 1310 1471 hujus
1323 1436 1401 1472 signa
1417 1442 1444 1464 et
1460 1442 1538 1464 notas
1554 1444 1646 1464 secum
1668 1443 1722 1463 nou
1741 1435 1835 1462 ierat?
1852 1436 1885 1462 At

1092 1487 1156 1506 vero
1170 1479 1204 1506 de
1229 1481 1290 1507 aliis
1306 1480 1440 1513 puerulis,
1453 1488 1523 1514 quos
1539 1480 1630 1507 nullus
1643 1480 1777 1507 adverstxs
1792 1487 1885 1512 casus,

1092 1531 1142 1550 nec
1153 1524 1304 1558 periculum
1328 1525 1412 1552 ullutn
1427 1525 1558 1560 Baptismi
1579 1525 1747 1559 suscipiendi
1762 1526 1883 1552 necessi-

249 1564 346 1597 pluvia:
376 1566 490 1600 penuria
525 1568 695 1596 laborantem
711 1590 718 1602 ,
759 1577 864 1599 vastam
893 1579 919 1600 ρι
952 1574 1038 1601 incol-
1053 1579 1074 1608 ο
1091 1571 1325 1606 taleconstringit,
1339 1571 1365 1598 in
1378 1579 1408 1598 ea
1421 1580 1481 1598 sutn
1493 1573 1637 1604 sententia,
1649 1577 1678 1598 ut
1690 1572 1763 1599 circa
1773 1571 1883 1599 tertium

247 1614 301 1636 tam
324 1611 411 1638 bruta:
438 1613 522 1640 animi
542 1616 761 1648 perturbationes
777 1618 921 1646 caleahant
934 1627 966 1646 ac
979 1629 1039 1654 pre-

247 1656 369 1685 mebant.
382 1658 448 1685 Nam
467 1660 513 1694 qui
532 1668 588 1687 rem
610 1661 729 1697 aliquam
749 1664 863 1698 pedibus
886 1667 959 1700 terit,
977 1676 1038 1696 cam

246 1711 356 1739 quoque
375 1706 542 1740 comprimit.
574 1707 714 1737 Dementia
739 1716 830 1739 autem
857 1720 890 1740 ac
911 1715 1038 1744 vecordia

246 1757 295 1784 per
319 1751 415 1778 bovem
441 1758 525 1787 atque
549 1754 658 1782 asinum
676 1756 857 1791 signiﬁcatur.
875 1758 1037 1796 Quanquam

246 1795 329 1823 etiam
348 1798 390 1825 his
406 1798 514 1831 verbis,
534 1801 712 1835 naturalium,
737 1811 770 1831 ac
797 1811 895 1839 printer
913 1812 1036 1835 naturam

246 1843 438 1870 cxsistentium
461 1844 609 1872 allectuum
625 1847 775 1876 discrimen
793 1852 880 1878 notari
898 1853 1036 1887 existimo,

245 1889 374 1922 quoniam
404 1890 452 1918 bos
487 1899 586 1926 purum
613 1898 655 1921 est
672 1895 796 1927 animal.
823 1898 916 1926 asinus
946 1904 1037 1928 autem

247 1933 381 1968 impurum
400 1941 427 1963 ct
443 1936 628 1965 immundum.
645 1938 705 1967 Joel
723 1941 834 1976 insuper
848 1944 887 1970 ait
901 1953 906 1970 :
922 1943 994 1972 Fons
1005 1954 1037 1973 ea:

245 1979 322 2010 domo
354 1979 459 2008 Domini
490 1984 640 2017 egredietur
665 1994 696 2012 ac
723 1991 866 2016 :orreutem
893 1990 1037 2024 juncarum

244 2027 346 2058 proluet
358 2027 379 2053 ³.
393 2028 441 2054 Est
451 2035 541 2057 autem
551 2035 685 2065 quantum
697 2033 729 2059 ad
741 2034 900 2063 historicum
912 2046 1035 2071 sensum,

247 2069 322 2097 locus
350 2071 420 2097 hattd
437 2074 532 2106 procul
556 2075 590 2101 ab
608 2075 803 2113 Hierosolymis
820 2081 944 2113 dissitus.
966 2069 1036 2117 aqua

245 2122 353 2147 carens,
366 2121 392 2142 ct
402 2117 501 2149 juneos
510 2120 664 2150 proli-rens.
675 2122 829 2156 Allegorieo
840 2131 930 2153 autem
943 2136 1036 2161 sensit,

245 2168 295 2193 per
328 2161 430 2188 fontem
471 2165 636 2197 evangelica;
668 2169 872 2201 praedicationis
911 2173 1036 2202 doctrina

246 2207 426 2242 signiﬁcatur;
434 2217 482 2243 per
491 2215 636 2239 torrentem
647 2220 737 2240 autem
745 2215 863 2250 juncoru
869 2225 905 2251 ιιι,
916 2218 1035 2247 fidelium

246 2253 382 2286 Ecclesia,
400 2263 460 2290 qum
475 2264 537 2283 cum
557 2258 633 2292 prius
646 2259 721 2287 arida
738 2266 766 2289 et
787 2262 910 2291 siccitate
925 2271 1035 2299 perusti

245 2307 328 2333 esset,
348 2303 478 2335 quoniam
506 2305 577 2331 nulla
597 2305 755 2341 hujusnnuli
784 2309 917 2338 doctrina:
936 2311 1037 2341 ﬂuenta

247 2347 390 2380 hauserat,
407 2357 457 2377 nec
472 2350 617 2386 frugiferas
633 2354 701 2381 ullas
719 2356 841 2384 aetiones
858 2358 1034 2391 produxerat.

243 2401 336 2428 postca
352 2395 461 2431 irrigata
475 2403 527 2430 est,
542 2398 699 2435 fructusque
714 2402 783 2430 tulit.
797 2402 932 2436 Quoniam
945 2411 1035 2434 autem

241 2441 354 2474 juncus,
375 2443 420 2478 qui
439 2443 493 2471 forti
509 2450 550 2472 est
564 2447 681 2479 species,
697 2448 786 2476 brutis
801 2450 988 2479 animantibus
1008 2453 1034 2480 in

244 2486 373 2519 pabulum
387 2487 468 2521 objici
481 2489 559 2522 solet,
573 2491 675 2520 ideirco
686 2496 804 2521 animam
821 2496 904 2524 stulte
919 2501 1034 2526 temere-

241 2539 297 2565 quo
327 2533 462 2561 viventem
494 2536 650 2573 Thcologus
676 2539 841 2573 juncil'eratn
870 2544 1031 2572 nominavit.

243 2577 320 2604 lianc
348 2587 430 2614 porro
459 2582 631 2617 baptismatis
653 2584 737 2619 fonte,
762 2590 899 2623 extemplo
924 2591 1033 2620 Domini

244 2632 372 2652 ntanantc
383 2647 389 2655 ,
408 2627 546 2661 irrigatam
560 2649 566 2661 ,
584 2638 634 2665 pro
648 2631 733 2665 junco
748 2634 870 2662 triticum
897 2635 969 2664 ferre
984 2638 1032 2670 ait,

244 2670 296 2698 hoc
323 2676 379 2704 est,
406 2674 528 2701 actiones
547 2675 667 2704 hominis
694 2684 797 2707 natm-ie
827 2684 1032 2712 convenientes.

243 2716 377 2748 Quocirca
395 2720 469 2746 omni
485 2720 576 2747 studio
592 2722 639 2748 tibi
655 2723 688 2749 ad
702 2725 868 2759 vigilandum
883 2734 935 2761 est,
950 2737 983 2756 ne
995 2731 1033 2757 sis

240 2768 340 2796 expers
360 2764 487 2797 baptismi
504 2773 511 2791 :
527 2766 573 2799 qui
590 2766 699 2800 quidem
725 2771 879 2798 communis
909 2773 1031 2800 omnitnn

281 2862 303 2877 "
314 2863 364 2890 lsa.
379 2873 421 2894 tv.
436 2867 460 2892 I.
492 2867 514 2882 Μ
532 2867 596 2894 ibid.

242 2903 322 2929 Iun,
343 2899 382 2926 II.

638 2869 660 2885 ”
673 2868 743 2896 Psal.
759 2877 816 2899 Clit.
837 2871 879 2898 I5.

424 2902 548 2930 “Coloss.
570 2910 597 2936 ιι,
617 2903 627 2930 l
645 2911 721 2938 seqq.
757 2905 776 2919 ⁵·
791 2905 869 2932 .Ioan.
891 2914 941 2939 ,nt,
960 2908 986 2934 5.

917 2871 923 2885 ⁸
939 2871 1017 2899 Joan.
1031 2880 1067 2901 tv.
1097 2875 1104 2900 I
1123 2881 1198 2908 seqq.

1025 2909 1034 2923 ⁸
1050 2908 1134 2936 Exod.
1153 2917 1201 2942 xu,
1219 2910 1244 2939 Ἰ.

1093 1617 1181 1644 u-tatis
1194 1625 1308 1651 annum,
1319 1619 1485 1645 automuino
1496 1618 1567 1645 intra
1579 1618 1630 1646 hoc
1639 1623 1759 1652 tempus,
1773 1618 1826 1645 hoc
1836 1618 1886 1644 ali-

1093 1669 1196 1698 quanto
1207 1665 1276 1691 ultra
1295 1666 1347 1692 hoc
1359 1665 1490 1700 spatium,
1502 1665 1674 1699 baptizentur
1690 1673 1697 1691 :
1710 1670 1738 1692 ut
1752 1665 1884 1691 nonnulla

1093 1715 1275 1738 sacrosanctae
1289 1710 1453 1738 initiationis
1463 1710 1546 1738 verba
1562 1710 1658 1738 audire
1670 1718 1702 1738 ac
1719 1710 1885 1744 respo-nlere

1093 1760 1218 1790 queant.
1252 1756 1327 1784 verbi
1358 1757 1478 1792 gratia:
1505 1757 1677 1784 Abrenuntio
1712 1756 1823 1784 Saluum
1855 1764 1887 1783 ac

1092 1801 1202 1830 Christo
1219 1802 1361 1838 adjungor.
1378 1803 1431 1830 Res
1452 1803 1524 1830 enim
1539 1803 1592 1835 ita.
1617 1809 1644 1831 ut
1666 1803 1793 1830 dicturus
1814 1811 1884 1834 sum,

1093 1856 1122 1876 se
1139 1849 1232 1880 habet.
1246 1850 1318 1883 quod
1345 1850 1420 1884 pueri
1438 1854 1494 1876 tum
1517 1849 1628 1877 demum
1646 1850 1707 1876 vim
1722 1857 1781 1877 sua:
1799 1849 1886 1876 ratio-

1093 1902 1154 1922 nem
1173 1895 1286 1922 reddete
1299 1895 1443 1930 incipiunt,
1457 1903 1519 1922 cum
1543 1896 1604 1922 lldei
1626 1897 1788 1934 mystetjum
1803 1895 1886 1921 intel-

1093 1941 1217 1974 lexerint,
1229 1946 1255 1968 et
1272 1949 1334 1968 cum
1345 1942 1372 1968 in
1390 1941 1455 1976 ipsis
1468 1941 1546 1976 plena
1562 1947 1587 1969 et
1602 1941 1694 1969 adulta
1711 1942 1781 1968 ratio
1793 1940 1884 1972 fuerit,

1093 1988 1146 2015 hoc
1172 1993 1225 2019 est,
1239 1988 1361 2015 delectus
1375 1989 1438 2015 boui
1454 1992 1481 2016 et
1497 1989 1571 2016 mali.
1586 1987 1656 2015 Tum
1676 1993 1769 2015 autem
1783 1988 1816 2014 ad
1833 1987 1886 2022 ple-

1092 2041 1157 2061 num
1173 2034 1217 2061 illa
1234 2035 1364 2070 perducta
1381 2039 1432 2067 est,
1444 2042 1506 2062 eutn
1520 2034 1696 2062 conscientia:
1710 2033 1849 2069 judicium
1861 2036 1887 2059 et

1092 2089 1223 2108 sensuum
1249 2088 1351 2115 organa
1377 2080 1529 2108 secundum
1555 2084 1681 2107 naturam
1705 2086 1787 2114 agere
1818 2078 1887 2105 inci-

1091 2126 1179 2160 piunt.
1198 2126 1252 2152 lloc
1270 2132 1353 2160 porro
1377 2126 1448 2153 circa
1465 2125 1659 2153 duodecimum
1690 2132 1795 2151 annum
1820 2132 1887 2151 cou-

1092 2171 1180 2206 tiugit.
1195 2170 1329 2199 Cancrum
1350 2171 1475 2207 quamvis
1488 2171 1594 2207 pueruli
1612 2171 1691 2199 venia
1711 2178 1885 2204 nequaquam

1091 2224 1161 2252 opus
1172 2218 1299 2250 habeant,
1311 2223 1403 2253 utpote
1416 2219 1536 2245 nondum
1551 2218 1579 2245 in
1592 2223 1734 2253 peceatum
1745 2217 1884 2251 prolapsi:

1055 2260 1075 2287 ῐ)
1091 2269 1118 2291 at
1132 2263 1183 2298 ipsi
1200 2269 1288 2291 tamen
1307 2265 1449 2299 signaculo
1463 2269 1490 2291 et
1507 2264 1636 2299 prmsidio
1655 2263 1792 2298 indigent,
1807 2267 1886 2296 atque

1089 2310 1158 2344 ipsis
1186 2310 1338 2345 haptismus
1365 2309 1521 2338 olferendus
1545 2314 1572 2338 et
1591 2310 1765 2337 adhibendus
1781 2314 1835 2340 est,
1857 2312 1884 2334 ut

1088 2356 1324 2391 propugnacuhmi
1348 2357 1484 2390 quoddam
1511 2361 1538 2384 et
1561 2356 1748 2391 praemunitio,
1771 2360 1883 2390 propter

1087 2401 1255 2436 improvisos
1272 2409 1304 2428 ac
1330 2402 1488 2436 repentinos
1514 2410 1617 2429 casus:
1637 2402 1738 2436 quibus
1765 2409 1886 2436 persaepe

1092 2459 1126 2478 ne
1140 2458 1287 2478 occurrere
1307 2451 1416 2485 quidem
1430 2458 1461 2478 ac
1474 2451 1574 2478 mederi
1589 2450 1735 2484 quisquam
1753 2449 1851 2483 possit.

1124 2497 1190 2524 Ibid.
1216 2497 1247 2525 C.
1273 2498 1305 2524 At
1329 2498 1407 2529 (lices,
1426 2496 1548 2524 Christus
1569 2497 1701 2523 tricesimo
1723 2504 1805 2526 anno,
1831 2499 1883 2520 etc.

1088 2543 1156 2572 Illud
1171 2552 1280 2579 quoque
1295 2544 1404 2578 objicis,
1423 2545 1495 2578 quod
1513 2543 1641 2571 Christus
1654 2543 1796 2570 tricesimo
1815 2548 1884 2567 anno

1090 2591 1242 2625 baptizatus
1262 2595 1303 2618 est
1325 2600 1331 2617 :
1349 2591 1431 2625 idque
1446 2598 1508 2617 cum
1528 2590 1599 2617 licus
1615 2595 1698 2617 esset.
1713 2589 1842 2615 Pluribus
1854 2594 1886 2614 ac

1088 2637 1204 2665 diversis
1220 2637 1308 2664 nimiis
1330 2642 1526 2671 argumentum
1557 2639 1608 2664 hoc
1621 2636 1707 2662 diluo.
1727 2635 1850 2661 Primqu
1870 2641 1884 2659 ιι

1089 2691 1216 2718 persona,
1233 2684 1297 2717 quia
1316 2683 1362 2710 illo
1384 2683 1455 2710 Deus
1470 2687 1540 2713 erat,
1558 2687 1585 2708 tu
1615 2687 1708 2709 autem
1733 2681 1835 2712 homo;
1854 2687 1885 2706 ac

1088 2729 1201 2763 proinde
1221 2730 1264 2756 iilc
1278 2729 1439 2764 purgatione
1449 2728 1668 2762 nonindigebat:
1688 2734 1782 2754 verum
1803 2733 1886 2760 prop-

1088 2779 1129 2801 ter
1142 2779 1167 2802 te
1183 2775 1338 2809 baptizatus
1352 2780 1403 2808 est,
1421 2775 1651 2810 quemadmmlutn
1670 2778 1696 2800 et
1713 2773 1883 2799 incarnatus:

1787 2872 1797 2887 ‘
1812 2871 1882 2898 Gen.

1257 2875 1268 2891 ‘
1285 2875 1338 2903 Isa.
1357 2883 1439 2908 χλιιι,
1458 2874 1504 2902 '20.
1541 2875 1550 2890 ³
1568 2872 1626 2902 Joel
1641 2881 1681 2906 Ill,
1702 2873 1746 2900 I8.
