2027 3162
142 195 208 228 1Ξ77

620 191 782 221 NICETAS
804 189 844 219 ΙΝ
866 187 977 219 (illAT.
998 187 1048 216 XL
1070 186 1100 217 S.
1121 186 1239 216 GREG.

1697 189 1764 221 1218

140 260 167 282 111
181 260 245 279 111·ιό
262 259 425 287 maynopere
439 259 469 279 ea
483 259 552 287 opus
568 251 663 279 ltaltcs.
684 250 783 278 Deinde
802 258 815 277 a
830 257 926 285 perso-
941 251 963 279 Α
979 253 1042 275 ante
1064 247 1174 276 unicum
1190 248 1329 285 passionis
1343 248 1414 275 dicm
1441 247 1568 277 Christus
1589 248 1691 277 Pascha
1709 254 1766 277 tra-

139 307 236 327 narum
254 297 480 325 circumstantiis.
497 296 602 324 Etenim
616 304 647 323 ex
663 296 792 330 baptismi
811 303 886 322 tnora
898 299 926 321 rt

137 347 270 374 dilatione
291 345 360 372 nihil
377 344 489 378 periculi
508 348 576 377 erat,
599 344 671 378 quod
688 344 712 370 ei
740 343 923 378 suspicionem

136 392 234 420 afferre
248 396 350 426 posset.
369 391 486 419 Utenim
507 389 577 424 quod
599 389 695 422 voluit,
708 393 788 416 natus
805 391 845 415 est
862 397 869 414 :
887 388 924 414 ita

136 438 233 466 mortis
259 445 368 472 quoque
389 445 451 464 eum
477 436 528 472 ipsi
558 436 706 468 videretur,
729 436 872 463 arbitrium
897 439 924 462 ct

135 487 296 518 potestatem
323 483 451 515 habebat,
471 482 665 517 cruciatusque
688 487 715 509 et
735 482 876 516 supplicia,
896 481 922 508 in

135 530 207 565 quod
222 534 331 563 tempus
347 529 438 562 libuit,
462 529 621 556 reservaﬁt.
638 530 673 556 At
691 529 739 556 tibi
756 529 923 563 periclitamur

134 578 236 607 anima,
248 576 271 604 si
288 583 304 604 e
319 576 388 603 rivis
405 577 566 608 excesseris,
587 575 757 611 curruptioni
778 575 829 602 soli
845 574 921 610 geni-

134 628 189 654 tus,
212 623 265 650 hoc
285 627 338 655 est,
367 623 502 650 nativitati
528 623 670 650 aﬂ'ectihus
693 623 828 654 obnoxiae,
857 626 883 648 et
904 629 920 648 a

133 670 310 703 corruptione
323 672 415 696 ortum
432 669 555 701 habenti,
582 676 615 696 ac
628 677 681 695 non
696 676 744 703 per
755 668 920 702 baptismum

133 715 366 749 incorruptionem
393 715 527 745 indurris,
548 715 600 742 hoc
622 720 675 747 est,
698 714 920 749 tranquillitatem

132 765 215 794 atque
230 760 432 788 immunitatth
453 769 468 788 a
498 761 762 796 perturbationibus,
783 761 922 794 animique

131 807 290 840 puritatem.
313 807 479 835 Dissolvetur
502 815 612 842 quoque
625 807 744 842 ohjectio
764 811 809 834 tua
823 814 837 833 a
852 812 921 833 tem-

132 859 207 886 pore.
221 851 333 879 Christo
344 852 416 880 enim
440 857 467 879 tu
483 853 615 887 baptizari
628 861 741 881 necesse
766 857 835 885 erat,
857 860 919 880 cum

132 897 289 932 baptizatus
303 903 355 931 est,
372 898 407 925 ob
423 906 470 925 eas
496 906 606 931 causas,
622 906 691 934 quas
707 902 867 926 recensebo.
887 899 920 925 At

130 949 170 974 tu,
189 950 272 977 quam
292 944 444 978 speciosam
459 943 598 972 dilationis
621 952 733 972 causam
752 945 915 979 prastendas,

130 988 234 1016 nullam
267 989 351 1017 babes
376 990 503 1018 Christus
529 991 600 1018 enim
630 991 732 1025 duplici
771 990 806 1017 de
833 998 918 1017 causa

130 1042 305 1069 nequaquam
337 1035 413 1069 prius
446 1035 585 1069 inclaruit,
614 1039 696 1070 atque
727 1035 754 1063 in
775 1035 916 1062 hominum

128 1081 218 1109 lucem
236 1082 346 1116 prodiit,
359 1090 421 1109 cum
446 1082 615 1110 tricesimum
631 1090 733 1110 annum
753 1082 887 1117 attigisset
909 1091 916 1109 :

128 1128 225 1159 altera,
257 1135 290 1155 ne
317 1128 507 1156 ostentationis
537 1129 656 1161 speciem
681 1129 812 1163 praeberet
842 1128 916 1163 (nam

128 1175 323 1202 ostentationis
340 1175 436 1202 vitium
461 1175 615 1210 iueptorum
633 1180 674 1202 est
694 1175 846 1206 hominum.
865 1175 917 1201 hoc

126 1225 182 1252 est,
199 1220 421 1253 ambitiosorum,
439 1225 522 1256 atque
546 1220 697 1248 honestatis
714 1225 739 1248 et
754 1220 917 1248 humilitatis

126 1267 295 1300 expertium.
312 1272 361 1294 aut
384 1274 479 1295 eorum
499 1267 545 1301 qui
564 1267 708 1295 immodice
725 1267 776 1295 sibi
796 1267 915 1302 placent,

127 1311 224 1345 quales
246 1312 302 1339 fere
318 1317 392 1345 sunt,
415 1313 461 1353 qui
494 1312 644 1348 iuvenilem
673 1318 779 1341 aetatem
809 1313 914 1349 agunt).

126 1367 231 1400 Altera,
258 1368 321 1402 quia
348 1369 406 1397 hac
419 1374 497 1401 aetas,
517 1377 615 1403 nempe
637 1369 747 1405 triginta
768 1377 914 1402 annorum,

127 1413 260 1441 absolutae,
274 1414 382 1441 virtutis
405 1414 537 1441 indicium
560 1419 587 1441 ct
604 1419 795 1450 argumentum
821 1415 914 1447 habet,

127 1466 245 1495 aptaque
263 1465 304 1488 est
318 1461 351 1488 ad
371 1461 535 1488 docendum.
557 1460 607 1488 His
621 1461 654 1488 de
671 1462 763 1488 causis
777 1461 914 1489 tricesimo

126 1506 236 1534 deruunt
264 1514 336 1534 anno
362 1506 389 1533 in
418 1506 559 1540 publicum
589 1506 701 1540 prodiit.
731 1506 913 1541 Posteaquam

126 1556 217 1577 autem
233 1552 377 1578 imminere
394 1553 476 1585 «(epit
495 1552 560 1578 illud
577 1557 693 1586 tempus,
715 1558 769 1586 quo
781 1551 914 1585 supplicio

126 1601 183 1622 erat
197 1597 371 1628 alliciendos,
389 1596 482 1622 omnia
497 1604 557 1630 quae
574 1596 607 1623 ad
632 1597 792 1631 passionem
809 1601 915 1632 specta-
929 1596 952 1628 C

127 1642 200 1673 bant,
217 1644 244 1670 in
257 1650 341 1669 unum
361 1643 485 1670 coierunt
505 1649 533 1670 et
555 1643 746 1670 conﬂuxerunt
765 1652 771 1670 :
787 1651 819 1671 ac
839 1643 912 1671 velut

125 1694 225 1722 corpus
244 1689 380 1722 quoddam
409 1690 568 1717 continuum
592 1689 694 1717 factum
714 1694 764 1716 est.
781 1689 817 1717 Ut
839 1691 911 1717 enim

125 1731 157 1756 ad
180 1732 324 1759 hominum
341 1732 434 1759 oculos
448 1733 628 1767 notitiamque
644 1734 776 1769 pervenit.
795 1734 913 1770 baptiza-

125 1779 169 1803 tus
181 1781 240 1810 est;
253 1785 285 1804 ex
307 1777 443 1811 baptismo
457 1778 555 1806 deinde
569 1780 603 1806 ad
621 1787 683 1806 eum
705 1780 913 1815 ingeusmona-

126 1827 190 1855 lium
215 1829 364 1858 multitudo
388 1830 529 1863 conﬂuxit,
565 1836 656 1866 atque.
679 1837 708 1859 ut
735 1833 823 1867 inquit
843 1833 912 1860 Mat~

125 1875 211 1903 tinens
220 1877 243 1908 ⁸,
261 1882 396 1905 commota
425 1882 452 1905 ct
479 1878 552 1905 velut
575 1883 693 1906 tremore
714 1886 848 1906 concussa
871 1883 913 1906 est

125 1923 255 1950 universa
273 1924 380 1956 civitas,
402 1930 587 1952 concurrente
616 1925 745 1951 videlicet
767 1925 866 1959 populo
881 1931 913 1951 ac

125 1975 184 1996 sese
199 1975 388 1998 commovente
404 1980 411 1998 :
430 1975 485 1998 tum
500 1977 611 2005 propter
636 1971 820 1998 multitudinis
846 1978 912 1997 con-

126 2022 236 2043 cursum
252 2016 382 2044 ntiracula
405 2021 468 2043 sunt
488 2017 570 2048 edita,
593 2021 622 2043 ut
655 2016 689 2043 iis
710 2021 831 2050 permota
850 2023 912 2050 pro-

125 2062 230 2089 miscua
245 2062 321 2096 plebs
335 2062 367 2089 ad
378 2062 515 2097 Evangelii
526 2061 606 2088 tidem
623 2069 653 2088 se
662 2060 911 2089 conferret.Postea

126 2106 152 2132 in
186 2107 316 2134 invidiam
346 2111 428 2142 atque
456 2107 546 2134 odium
580 2107 724 2139 adductus,
752 2106 913 2141 insidiisque

125 2154 261 2187 apprllllts
279 2159 305 2181 et
317 2155 451 2188 proditus.
469 2162 501 2182 ac
515 2154 625 2181 tandem
644 2155 718 2182 cruci
746 2153 844 2181 afﬁxus
859 2157 911 2186 est,

124 2205 206 2233 atqtte
231 2207 261 2227 ca
295 2201 427 2235 supplicia
456 2201 577 2234 pertulit,
597 2200 698 2234 quibus
729 2200 808 2227 nobis
836 2199 912 2226 salus

125 2251 199 2278 parta
216 2251 267 2273 est.
287 2246 375 2281 Atque
391 2246 432 2273 hae
446 2254 536 2273 causa
563 2245 683 2279 fuerunt,
710 2253 759 2273 cur
786 2245 912 2273 Christus

123 2298 156 2318 co
171 2293 278 2319 demum
297 2296 418 2326 tempore
440 2293 636 2327 baptizaretur,
652 2298 784 2327 quantum
801 2292 912 2326 quidem

125 2337 181 2371 ipse
204 2339 360 2374 Cognitionc
384 2329 526 2374 asseqt-Ior.
548 2339 607 2366 Tibi
628 2346 691 2366 vero
709 2338 774 2373 quid
800 2345 913 2365 necesse

123 2389 174 2416 est,
188 2392 216 2411 ut
232 2386 289 2411 haec
306 2386 331 2412 in
355 2385 508 2420 exemplum
527 2385 649 2418 trahens,
665 2385 736 2411 male
750 2384 797 2411 tibi
812 2392 912 2412 consu-

124 2428 182 2456 las?
213 2430 436 2465 quandoquidem
460 2437 486 2458 ct
508 2432 637 2465 pleraque
665 2431 717 2457 alia
741 2430 768 2457 in
801 2429 912 2457 Christo

124 2476 256 2509 reperies,
287 2484 347 2510 quae
373 2485 434 2503 cum
468 2478 571 2504 nostris
601 2477 693 2509 rebus,
720 2481 853 2510 quantum
876 2475 909 2502 ad

124 2525 255 2555 tempora,
280 2529 332 2547 non
362 2523 545 2549 consentiant.
575 2523 620 2550 Ille
661 2523 734 2549 enim
761 2523 851 2549 statim
882 2525 913 2548 ut

124 2565 276 2600 baptizatus
298 2571 350 2598 est,
379 2568 538 2602 priusquam
561 2576 575 2595 a
603 2568 713 2595 diabolo
747 2571 910 2598 tentaretur,

124 2613 368 2648 quadragenarium
408 2613 543 2648 jejunium
582 2615 714 2641 adversus
748 2613 912 2640 teututioncs

124 2658 244 2685 obtmidit
264 2667 271 2685 :
288 2663 314 2686 at
325 2667 373 2686 nos
390 2664 455 2686 ante
468 2659 570 2686 Pascha
583 2659 750 2694 jejunamus,
762 2659 910 2693 jejunium-

124 2705 271 2739 qucipsum
292 2705 324 2732 ad
342 2705 439 2732 virium
455 2712 612 2732 nostrarum
636 2706 746 2731 modum
777 2709 910 2738 attempt--

125 2757 225 2778 minus.
244 2750 299 2777 Hoc
320 2757 401 2785 porm
414 2750 549 2785 jejunium
576 2751 655 2778 nobis
686 2751 838 2778 faciendum
852 2758 912 2778 esse

125 2794 311 2829 Sl‘.'l|lllc.|l,lll
341 2804 388 2831 per
406 2797 495 2830 ipsum
517 2804 579 2823 cutn
609 2797 720 2823 Christo
749 2797 908 2824 moriamur.

124 2841 204 2868 thiasi
218 2844 263 2869 11111
288 2843 370 2870 etiam
404 2843 509 2870 ratione
539 2843 682 2877 discipulis
714 2849 774 2877 post
803 2851 909 2871 coenam

144 2920 164 2931 ε·
188 2921 269 2948 1111111
301 2931 358 2951 111.
381 2922 421 2950 10.
483 2923 570 2950 ⁷1111111
592 2932 610 2952 1.
632 2924 674 2951 ll.

976 294 1044 321 didit
1059 303 1066 321 :
1079 299 1106 321 at
1120 303 1169 322 nos
1187 295 1213 321 in
1232 295 1318 322 sacris
1343 294 1470 321 domibus
1489 300 1516 321 et
1538 295 1635 329 jejuni,
1654 300 1681 322 et
1704 300 1766 329 post

977 340 1092 366 reditum
1109 340 1211 367 Christi
1226 340 1259 367 ad
1277 341 1358 366 vitam
1381 339 1445 366 illud
1464 340 1647 368 celebramus.
1666 340 1703 368 Ita
1719 349 1763 368 res

975 385 1087 417 Christi,
1097 390 1125 412 ut
1138 386 1246 419 quidem
1262 386 1348 412 l'oruta
1363 391 1443 420 atque
1456 386 1620 420 exetnplum,
1636 393 1650 412 a
1663 387 1764 414 nostris

976 433 1057 459 rebus
1075 441 1129 459 non
1143 433 1254 459 omnino
1272 432 1393 466 abrupta
1411 439 1442 459 ac
1461 432 1598 459 distractrc
1609 437 1673 459 sunt
1692 440 1698 458 :
1715 440 1765 459 nec

975 485 1072 505 rursus
1093 477 1129 504 ita
1157 478 1321 513 conjunctae.
1340 478 1407 512 quin
1436 477 1690 505 dissimilitudinem
1714 477 1763 504 ali-

975 531 1055 558 quam
1068 523 1224 550 admittant.
1241 523 1339 550 Eadrm
1354 531 1463 558 quoque
1477 528 1519 550 est
1535 523 1662 558 baptismi
1683 524 1762 555 ratio,

974 576 1054 602 quem
1081 568 1212 596 Dominus
1224 574 1334 603 propter
1349 576 1399 595 nos
1414 569 1448 595 ita
1475 569 1605 603 suscepit,
1627 573 1656 596 111
1671 573 1761 595 tamen

973 615 1103 648 temporis
1120 615 1208 649 spatio
1238 619 1320 647 atque
1335 614 1479 641 intervallo
1493 614 1608 641 dilTerat.
1624 614 1763 647 Quamob-

973 667 1031 686 rem
1058 666 1112 686 non
1152 664 1216 691 est,
1243 659 1318 694 quod
1347 664 1376 686 111
1403 659 1456 686 hoc
1479 665 1668 694 argumentum
1685 659 1761 694 quasi

973 704 1056 731 telum
1081 704 1216 740 quoddam
1254 705 1386 732 adversus
1422 704 1538 732 salutem
1572 709 1646 731 tuam
1674 705 1763 732 intor-

973 757 1070 784 queas:

1008 795 1066 822 Col.
1082 795 1135 822 402
1154 795 1185 822 Ι).
1207 789 1298 828 Quare
1317 795 1340 822 si
1363 795 1428 830 quid
1444 803 1484 822 me
1502 794 1663 821 audiendum
1682 798 1761 829 puta-

973 840 1016 871 tis,
1032 845 1084 868 etc.
1098 839 1195 867 Valere
1207 839 1312 875 jubetc.
1327 840 1375 867 Gr.
1391 841 1499 874 χαίρειν
1520 841 1630 867 ἐάσατε.
1647 840 1762 866 Prover-

973 887 1052 914 bialis
1076 888 1133 914 haec
1159 887 1272 915 locutio.
1307 888 1416 915 Veteres
1438 888 1510 915 enim
1537 895 1584 915 eos
1607 894 1676 921 quos
1697 888 1761 915 odio

974 931 1225 966 prosequebantur,
1254 931 1353 958 obvios
1380 931 1512 959 habentes
1537 933 1628 959 valere
1656 936 1760 958 tantum

974 975 1068 1010 jussos
1083 975 1269 1010 praeteribant.
1284 975 1371 1002 Porro
1387 976 1436 1002 hoc
1452 977 1565 1003 verbum
1583 976 1651 1009 ipsis
1666 975 1758 1004 lletum

973 1027 1004 1047 ac
1024 1021 1170 1055 perniciem
1190 1020 1372 1055 signiﬁcabat.
1391 1021 1509 1048 Proinde
1525 1027 1551 1048 111
1568 1029 1692 1056 quoque,
1720 1022 1762 1048 in-

972 1065 1031 1100 quit
1046 1064 1213 1100 Theologus,
1226 1065 1383 1098 huiusmodi
1398 1066 1528 1097 rationes,
1542 1073 1610 1100 quas
1623 1067 1759 1100 prietexis,

973 1112 1061 1140 valere
1078 1111 1191 1146 jubens,
1218 1111 1251 1139 ad
1278 1112 1446 1147 baptismttm
1469 1120 1594 1145 accurre,
1615 1121 1647 1140 ac
1661 1113 1760 1148 duplex

971 1161 1109 1184 certamen
1150 1158 1260 1192 suscipe
1289 1167 1295 1185 :
1321 1159 1457 1191 alterum,
1485 1163 1515 1186 ut
1549 1159 1667 1194 teipsum
1698 1163 1761 1186 ante

972 1203 1137 1237 baptismum
1151 1210 1270 1238 purges:
1288 1203 1414 1236 alterum,
1433 1209 1462 1231 ut
1478 1204 1643 1240 baptismum
1655 1205 1760 1232 tuearis

971 1252 1054 1281 atque
1067 1256 1224 1276 conserves.
1237 1247 1464 1284 Quandoquidem
1477 1250 1554 1285 juxta
1570 1250 1760 1278 Demosthenis

969 1294 1144 1324 sententiam.
1169 1294 1329 1330 plerumque
1346 1295 1458 1330 majoris
1476 1297 1579 1330 negotii
1596 1304 1628 1324 ac
1643 1296 1760 1323 (1111111111-

971 1341 1036 1367 tatis
1049 1348 1111 1368 esse
1125 1340 1234 1367 videtur
1246 1340 1324 1367 ‘bona
1343 1348 1520 1374 conservare,
1535 1349 1616 1376 quam
1633 1341 1758 1376 adipisci.

971 1386 1006 1412 At
1034 1385 1110 1413 dices
1128 1393 1135 1412 :
1153 1385 1297 1420 Permagni
1324 1386 1425 1421 negotii
1453 1391 1495 1414 est
1529 1387 1603 1414 hunc
1633 1386 1758 1422 baptismi

969 1431 1129 1457 thesaurum
1148 1430 1228 1457 tueri.
1249 1430 1350 1458 Sedulo
1364 1438 1429 1458 vero
1446 1431 1575 1467 invigila',
1593 1431 1693 1464 frater,
1711 1435 1758 1464 ut,

969 1475 1040 1509 quod
1069 1482 1166 1507 amas,
1198 1475 1340 1508 retineas,
1370 1476 1421 1502 hoc
1450 1481 1511 1509 est,
1541 1481 1572 1504 111
1604 1481 1758 1511 perceptam

970 1521 1098 1555 baptismi
1116 1521 1233 1555 gratiam
1248 1521 1397 1548 custodias.
1411 1520 1513 1549 Praesto
1530 1525 1595 1548 sunt
1611 1521 1658 1549 tibi
1679 1521 1759 1550 auxi-

969 1566 1052 1593 liares
1069 1567 1166 1601 copiae,
1190 1566 1213 1593 si
1230 1566 1363 1598 volueris,
1387 1566 1517 1593 nimirum
1538 1567 1628 1594 oratio
1648 1571 1761 1594 noctur—

969 1620 1019 1639 nas
1033 1611 1165 1639 excubias
1180 1619 1275 1646 agens,
1289 1611 1379 1639 inedia
1395 1611 1538 1639 familiaris
1551 1619 1583 1640 ac
1596 1612 1757 1644 domestica,

966 1657 1117 1691 psaltnodia
1143 1657 1267 1684 animum
1292 1657 1436 1685 obiectans
1464 1662 1547 1692 atque
1570 1658 1757 1693 permulcens.

967 1701 1022 1729 llas
1037 1702 1126 1730 socias
1142 1702 1192 1729 tibi
1212 1703 1318 1730 ascisce
1333 1711 1341 1730 :
1357 1703 1398 1730 hae
1414 1703 1447 1730 ad
1465 1710 1557 1730 rerum
1576 1703 1756 1730 charissima-

967 1755 1026 1774 rum
1044 1748 1196 1775 custodiam
1213 1748 1295 1775 simul
1308 1752 1479 1781 pcrnoctent.
1500 1748 1633 1776 Praeclara
1649 1756 1759 1783 quoque

967 1792 1048 1820 fuerit
1064 1793 1182 1827 largitio,
1197 1798 1224 1819 et
1239 1801 1300 1827 qua
1315 1800 1376 1820 eam
1390 1793 1526 1828 111-1111181111.
1547 1794 1735 1821 misericordia
1749 1801 1757 1820 :

966 1847 1027 1874 qute
1044 1839 1128 1865 animi
1155 1837 1262 1865 alit-otio
1281 1843 1336 1870 est,
1357 1846 1389 1865 ac
1415 1839 1489 1866 nuda
1511 1843 1538 1866 et
1554 1839 1670 1873 simplex
1691 1846 1757 1866 con-

966 1884 1145 1912 dolescentia.
1168 1884 1273 1910 Etenim
1300 1884 1424 1911 studium
1443 1884 1477 1911 de
1493 1884 1661 1918 pauperibus
1688 1885 1757 1911 bene

965 1929 1087 1956 merendi
1115 1933 1262 1963 utrumque
1287 1929 1340 1956 hoc
1364 1929 1412 1956 tibi
1440 1928 1589 1964 praastahit,
1613 1933 1642 1955 ut
1668 1934 1695 1955 et
1724 1928 1757 1956 de

966 1974 1032 2006 Deo,
1050 1974 1095 2010 qui
1110 1979 1136 2001 te
1155 1982 1200 2008 per
1225 1974 1396 2009 baptismum
1414 1974 1548 2001 beneﬁcio
1567 1973 1668 2006 atl‘ecit,
1684 1981 1755 2009 prae-

967 2021 1042 2048 clare
1061 2021 1191 2051 merearis
1207 2028 1214 2047 :
1229 2024 1257 2047 et
1276 2023 1355 2048 tutus
1371 2020 1418 2047 tibi
1434 2020 1470 2048 sit
1488 2020 1650 2055 baptismus.
1666 2020 1756 2048 Habes

966 2066 1050 2093 multa
1075 2065 1222 2100 Scriptura:
1250 2065 1418 2097 testimonia.
1445 2073 1506 2099 quae
1527 2070 1552 2092 te
1577 2066 1756 2100 eleemosynm

966 2111 1161 2144 submoneant,
1188 2116 1271 2146 alqtte
1298 2111 1332 2138 ad
1355 2118 1415 2138 eam
1440 2117 1466 2138 te
1491 2111 1621 2138 excitent.
1648 2110 1756 2144 Pauper

965 2157 1091 2187 accessit.
1111 2156 1212 2184 Lazaro
1229 2156 1339 2189 similis,
1357 2160 1496 2191 quatenus
1510 2155 1619 2183 scilicet
1631 2155 1665 2182 ad
1683 2155 1755 2183 fores

967 2207 1028 2230 tuas
1057 2203 1219 2237 provolutus
1246 2206 1309 2234 est,
1344 2208 1427 2237 atque
1454 2202 1481 2229 111
1510 2201 1605 2229 eadem
1635 2205 1756 2236 egestate

966 2249 1119 2283 iisdemque
1132 2249 1326 2276 afﬂictionibus
1343 2247 1603 2282 calamitatibusque
1615 2245 1756 2274 versatur?

964 2294 992 2321 In
1016 2289 1134 2321 mentem
1161 2294 1210 2321 tibi
1227 2294 1330 2325 veniat.
1354 2296 1428 2329 qttod
1447 2295 1505 2329 ipse
1530 2300 1640 2328 quoque
1657 2299 1753 2327 magna

964 2340 1073 2367 virtutis
1101 2339 1194 2374 inopia
1226 2344 1291 2366 ante
1317 2339 1485 2374 baptismum
1515 2338 1644 2365 laborasti
1667 2345 1676 2363 :
1693 2341 1755 2371 post

964 2385 1131 2421 baptismum
1158 2389 1248 2412 autent
1273 2385 1305 2412 ad
1336 2384 1523 2419 atnplissimas
1548 2391 1614 2418 opes
1639 2386 1751 2409 evectus

961 2439 1002 2463 es,
1027 2431 1157 2458 nimirum
1175 2431 1208 2457 ad
1230 2424 1431 2465 purgationem,
1458 2429 1634 2462 adoptionem
1663 2427 1751 2454 ccelo-

961 2485 1020 2505 rum
1040 2485 1165 2512 regnum,
1191 2477 1361 2504 divinitatem
1378 2476 1465 2510 ipsam
1483 2484 1490 2502 :
1506 2475 1570 2501 item
1593 2473 1666 2508 quod
1693 2480 1754 2499 cor-

962 2531 1027 2558 pore
1057 2530 1090 2550 ac
1119 2522 1253 2556 sanguine
1278 2521 1380 2549 Christi
1412 2521 1533 2547 nutritus
1562 2527 1612 2552 es,
1644 2525 1676 2544 ac
1705 2525 1753 2552 per

961 2569 1147 2597 Christianum
1175 2567 1333 2603 huiusmodi
1359 2567 1525 2594 sacriﬁcium
1551 2565 1748 2599 perfectionem

962 2615 1079 2649 adeptus
1096 2622 1137 2641 es.
1160 2613 1316 2648 Peregrinis
1333 2613 1471 2647 quispiam
1498 2619 1527 2639 se
1554 2610 1663 2642 obtulit,
1680 2614 1752 2636 tecto

963 2669 1077 2693 carens,
1106 2660 1231 2688 advena!
1262 2659 1313 2687 Per
1343 2659 1478 2694 hospitem
1510 2662 1537 2685 et
1562 2657 1752 2692 peregrinum,

959 2706 1102 2734 Christum
1128 2707 1249 2740 suscipe,
1270 2706 1316 2740 qui
1334 2705 1407 2732 velut
1424 2709 1556 2732 externus
1580 2711 1612 2730 ac
1629 2702 1751 2737 peregri-

960 2759 1012 2778 nus
1031 2752 1058 2778 in
1085 2751 1216 2778 mundum
1231 2751 1316 2778 venit.
1332 2751 1376 2778 Ait
1400 2751 1474 2778 enim
1508 2749 1677 2784 evangelista
1695 2756 1702 2774 :
1719 2746 1754 2772 In

959 2798 1068 2833 propria
1087 2798 1167 2829 venit,
1183 2802 1207 2824 et
1228 2799 1269 2824 sui
1288 2805 1346 2824 eum
1363 2805 1414 2824 non
1430 2800 1581 2830 receperunt
1594 2795 1613 2822 ⁷.
1632 2793 1747 2828 Propria
1761 2827 1763 2830 ⁴

960 2850 1050 2871 auten
1069 2844 1166 2879 ipsius,
1191 2851 1311 2878 praesens
1334 2844 1378 2871 hic
1395 2842 1514 2871 mundus
1535 2846 1588 2876 est,
1606 2844 1701 2876 utpote
1717 2839 1755 2866 ab
