2027 3162
272 199 339 231 1379

983 200 1177 230 ADDENDA.

1828 205 1899 236 12κο

269 265 302 281 νυ
326 261 445 285 creatus.
473 256 524 283 Per
549 255 630 282 domo
659 258 810 284 carentem,
841 260 902 279 eum
931 252 975 285 qui
1009 258 1055 285 per

1109 253 1246 282 latto'inii
1265 257 1374 291 quidem
1399 259 1588 287 remissionem
1610 260 1739 295 baptismi
1763 261 1901 287 beneﬁt-Eo

272 302 434 336 baptismum
464 303 489 328 iu
515 306 540 328 te
568 301 759 334 commigravit
791 304 872 334 atque
902 297 1055 328 habitn‘il,

271 349 344 374 velut
368 348 496 380 templum
519 347 564 374 Dei
596 347 720 374 etTeetum
743 346 892 381 (Templum
908 346 977 372 enim
997 344 1054 374 Dei,

271 393 370 426 inquit,
387 394 449 419 estis
463 393 495 428 ⁸).
522 392 573 419 Per
587 393 720 420 advenam
743 401 850 424 rursus,
878 400 940 418 eum
958 391 1004 424 qui
1022 391 1055 417 ab

270 440 352 472 hujus
367 440 427 466 vitae
444 439 663 473 peregrinatione
678 445 704 466 et
722 440 840 466 incolatu
862 439 893 465 ad
908 445 1053 471 supernam

270 486 465 513 habitationem
482 491 508 513 te
525 487 668 520 pertraxit.
685 485 751 514 Cum
766 486 849 516 enim,
865 485 963 518 inquit,
979 484 1055 511 eral-

269 537 340 558 tatus
360 532 445 565 fuero.
464 541 551 559 omnes
569 534 671 560 trullam
691 533 724 559 ad
740 533 896 567 nti-ipsum”.
915 531 1054 565 thuem-

268 577 414 604 admodum
436 577 577 610 lat-harus,
596 585 773 613 posteaquam
794 578 933 604 Christum
958 578 985 603 in
1005 577 1056 603 do-

268 631 342 650 mum
362 632 439 650 suam
465 625 582 659 excepit,
598 625 738 651 dimidiam
756 625 866 659 quidem
891 623 1052 650 facultatqu

269 677 382 696 suarum
416 675 521 704 partem
553 672 719 705 pauperibus
745 671 888 705 erogavit,
921 670 1054 703 reliquam

268 720 359 742 aut-1n
377 717 499 748 retinuit,
514 725 566 743 non
583 723 611 743 ut
626 718 682 751 ipse
701 718 733 743 iis
752 717 898 747 frueretur,
914 715 959 742 sed
979 720 1006 741 ιιι
1024 723 1055 741 ca

268 763 415 798 quadrupli
435 763 537 790 fmnore
555 764 719 794 restitueret,
737 771 797 798 qum
813 763 922 797 iujuslis
939 762 1055 788 rationi-

269 808 321 835 bus
340 813 366 835 ct
387 809 481 836 fraude
498 818 529 836 ac
548 818 594 844 per
613 810 775 836 calumniam
791 809 969 844 collegerat”
988 818 994 835 :
1016 810 1055 836 sic

271 859 297 880 tu
316 862 423 888 quoque
442 855 632 889 magnanimus
650 861 719 886 esto,
737 856 789 882 hoc
806 860 857 885 est.
877 856 1054 888 pecuniarum

270 905 458 934 contemptor,
483 909 513 927 ac
537 910 618 936 supra
650 910 692 927 t'cs
718 906 839 928 terrenas
865 909 996 936 assurge,
1027 905 1054 926 ut

270 955 386 981 magnus
415 949 564 974 secundum
593 947 763 982 spiritualem
793 953 911 978 a-tatem,
939 955 999 981 quze
1028 947 1054 974 in

267 993 378 1020 virtutis
394 993 563 1021 incremento
581 995 633 1021 sita
651 999 703 1025 est,
718 1001 860 1028 appareas,
878 998 958 1024 atque
974 993 1054 1019 Chri-

268 1040 358 1066 stiana
379 1040 546 1067 theoremata
562 1041 639 1075 plene
651 1045 675 1067 et
689 1048 746 1067 exat
758 1045 782 1067 te
799 1040 944 1074 intelligas.
962 1039 1055 1066 Saucii

269 1089 296 1111 cl
324 1087 387 1120 κει-ί
412 1092 437 1114 te
466 1089 593 1114 misereat
615 1096 622 1115 :
647 1088 867 1122 quandoquidem
895 1092 921 1114 te
947 1094 1056 1120 quoque

270 1132 396 1159 Christus
423 1132 613 1166 spiritualibus
638 1133 796 1160 vulneribus
821 1141 867 1166 prr
889 1133 1055 1166 baptismum

270 1177 405 1206 liberavit.
420 1178 451 1206 Si
463 1179 557 1206 videris
570 1179 680 1210 nudum.
692 1186 808 1214 contego,
823 1180 1055 1214 quemadmodum

269 1225 355 1252 Isaias
376 1226 501 1252 hortatur
515 1226 546 1258 ”,
565 1231 594 1252 ut
617 1226 807 1253 indumentum
827 1231 916 1259 tuum,
934 1227 986 1253 hoc
1001 1230 1055 1257 est,

269 1270 422 1302 Christum,
449 1279 530 1304 quem
557 1280 603 1306 per
631 1272 796 1307 baptistnum
824 1274 927 1304 induis,
953 1273 1056 1300 honore

270 1314 384 1341 aifirias.
416 1315 443 1342 Si
465 1316 487 1342 is
505 1316 550 1349 qui
576 1316 623 1342 tibi
653 1317 744 1342 debito
769 1317 918 1343 obstrictus
943 1323 994 1347 est,
1023 1318 1055 1344 ad

271 1360 352 1393 pedes
367 1365 427 1387 tuos
441 1369 470 1387 se
487 1361 639 1395 provolvat,
657 1361 739 1388 Isaias
760 1363 868 1396 quidem
887 1363 969 1390 debiti
987 1371 1056 1389 con-

271 1405 447 1432 donatiouem
464 1408 582 1435 suadens
597 1409 633 1435 ait
650 1417 656 1435 :
675 1409 784 1435 Omnem
802 1409 927 1442 injustam
944 1418 1057 1444 syngra-

270 1451 349 1482 pltum
366 1460 490 1486 conccrpe
504 1455 544 1486 ";
560 1462 610 1488 ego
629 1459 719 1481 autem
736 1455 894 1489 adiungam.
913 1462 938 1482 ut
953 1457 1055 1490 justam

270 1505 380 1532 quoque
398 1500 564 1528 eonscindas
582 1509 588 1527 :
609 1501 738 1535 quoniam
765 1506 792 1528 et
815 1501 943 1528 Christus
965 1503 1057 1530 chiro-

270 1544 403 1577 graphum
436 1550 510 1572 tuum
535 1546 613 1580 fregit
637 1552 719 1580 atque
743 1547 872 1573 lacerarit
894 1553 973 1582 teque
1003 1555 1056 1575 mre

269 1590 358 1616 alieno
375 1591 542 1620 liberavit”.
558 1591 648 1624 Quare
674 1602 735 1620 cum
758 1593 806 1619 tibi
831 1601 928 1627 magna
947 1602 1054 1621 summa

270 1636 421 1662 condonata
445 1637 490 1666 sit.
518 1639 668 1665 cavendum
694 1640 739 1666 tibi
765 1646 816 1669 est.
840 1649 872 1667 ne
904 1641 929 1668 in
957 1641 1055 1668 initiari

271 1681 362 1708 debito
390 1691 500 1716 gravem
530 1689 556 1711 et
583 1685 711 1712 at-etbuin
738 1692 891 1713 exactorem
915 1689 1055 1715 conservis

272 1727 326 1754 tuis
343 1733 368 1755 te
388 1729 520 1763 pra-beas.
545 1731 653 1765 ΛΙῐοιιιιί
671 1731 794 1759 [ιιξιιιιιιη
823 1738 875 1765 est,
894 1739 923 1761 ut
948 1742 978 1761 ea
996 1743 1056 1768 qua:

271 1773 319 1800 tibi
336 1774 449 1801 remissa
463 1780 538 1806 sunt.
554 1784 651 1803 rursus
665 1786 678 1803 a
698 1783 720 1804 te
736 1782 905 1812 repetantur,
919 1786 950 1805 ac
962 1786 1056 1813 poenas

269 1819 348 1846 etiam
369 1829 402 1847 eo
422 1823 532 1848 nomine
550 1824 698 1855 persolvas,
719 1825 782 1859 quia
805 1825 1056 1852 commiserationis

268 1868 422 1901 exemplum
447 1869 481 1896 ob
510 1871 604 1897 oeulos
628 1872 745 1904 positum
775 1871 896 1902 habens,
925 1871 1054 1898 nimirun

270 1915 316 1941 Dei
331 1922 394 1947 erga
411 1920 436 1942 te
450 1916 678 1944 misericordiam.
697 1917 760 1944 illud
780 1917 879 1944 imitari
896 1918 1017 1944 noluisti.

303 1961 361 1988 Col.
389 1963 441 1990 405
461 1962 492 1990 C.
512 1962 557 1990 Sit:
584 1968 608 1990 te
629 1971 766 1995 compara,
785 1969 812 1990 ut
839 1964 976 1991 lavacrum
1005 1973 1057 1991 non

269 2007 347 2034 modo
362 2016 470 2042 Corpus,
486 2014 540 2036 etc.
559 2008 594 2034 Da
618 2016 743 2043 cperant,
764 2014 790 2035 ut
810 2017 862 2035 non
888 2017 988 2044 corpus
1009 2017 1055 2037 so-

270 2052 325 2078 lum
345 2060 415 2087 aqua
439 2059 644 2087 conspergatur.
664 2062 757 2079 verum
778 2055 858 2080 etiam
873 2055 983 2088 anima;
1006 2063 1058 2084 nec

271 2104 382 2137 peccata
415 2098 550 2125 duntavat
579 2099 725 2126 abluantur
743 2107 774 2126 ac
796 2105 983 2134 uctergantur,
1011 2108 1058 2127 ve-

271 2151 330 2169 rum
348 2147 374 2169 et
387 2151 487 2173 mores,
508 2144 558 2170 hoc
583 2149 637 2175 est,
659 2144 815 2178 hujusmodi
831 2145 915 2171 anitui
938 2145 1056 2178 aﬂ'ectio,

269 2196 322 2221 qua
349 2193 459 2222 peccala
484 2188 708 2222 committuntur;
731 2180 783 2217 nec
813 2198 920 2218 cautum
952 2196 1055 2219 tantum

269 2235 378 2260 eluatur
395 2238 476 2267 atque
496 2234 688 2266 exhauri-itur,
713 2243 808 2262 verum
827 2241 853 2262 et
870 2236 932 2264 fons
949 2237 1007 2272 ipse
1024 2246 1056 2265 ae.

270 2280 425 2314 staturigo,
463 2287 476 2306 a
503 2288 556 2315 qua
584 2288 693 2307 omnum
723 2281 843 2316 profluit.
876 2283 942 2310 illud
973 2284 1055 2311 etiam

270 2326 389 2357 addisce,
417 2330 446 2353 ut
468 2335 521 2352 non
548 2326 628 2353 modo
651 2327 765 2354 honeste
783 2333 810 2354 et
836 2336 897 2355 cum
923 2329 1002 2356 laude
1023 2322 1055 2358 ea

269 2381 329 2406 quae
344 2373 436 2404 habes,
451 2372 602 2407 possideas,
616 2381 707 2400 rerum
721 2382 751 2400 ea
765 2374 892 2408 pra-clare
904 2375 1054 2409 profundas

269 2427 301 2445 ac
325 2419 476 2453 dispergas.
500 2418 576 2451 Quod
602 2419 626 2446 si
652 2427 684 2446 eo
710 2420 807 2448 adduci
837 2429 889 2448 non
913 2428 1000 2456 potes,
1028 2430 1055 2451 ut

270 2464 415 2491 facultates
445 2464 526 2498 jnstis
558 2465 712 2492 rationibus
740 2472 832 2500 partas
861 2467 887 2494 in
919 2476 1053 2502 pauperes

269 2510 404 2541 etl'undas,
421 2510 446 2536 id
464 2510 571 2541 Saltem,
588 2512 661 2545 quod
679 2511 766 2539 levius
782 2517 832 2544 est,
850 2521 864 2539 a
885 2518 910 2540 te
928 2514 1057 2547 impetre-

272 2560 326 2586 tur,
343 2560 373 2582 ut
394 2564 438 2583 res
453 2557 588 2584 scelerate
603 2558 731 2592 qumsitas
747 2559 882 2585 excutias.
899 2558 966 2586 Nam
984 2561 1055 2587 alie-

270 2609 366 2627 norum
386 2601 519 2628 bonorum
541 2607 633 2636 raptor
648 2603 750 2636 duplici
773 2610 886 2638 peccato
910 2605 1054 2633 devinctus

270 2652 377 2674 ιιτιιυιιιι-
392 2655 399 2673 :
417 2647 514 2679 altero,
532 2648 596 2682 quia
613 2649 720 2683 rapuit;
737 2649 836 2682 altero,
856 2651 918 2684 quia
941 2651 967 2678 id
982 2653 1055 2686 quod

271 2693 372 2725 rapuit.
402 2693 511 2722 retinet.
543 2694 698 2726 Qum'irea,
730 2695 753 2722 si
776 2697 846 2730 apud
873 2696 962 2731 ipsum
993 2703 1055 2732 post

269 2739 435 2773 baptismum
464 2745 566 2771 manet,
588 2741 661 2774 quod
691 2741 766 2774 prius
796 2750 844 2776 per
870 2743 994 2776 rapinam
1024 2752 1055 2771 ac

258 2785 444 2819 .latrocinium
456 2785 573 2820 adeptus
589 2791 642 2819 est,
658 2792 797 2820 peccatum
825 2788 999 2816 interciditur
1024 2798 1056 2817 ac

305 2877 337 2904 'i
351 2877 413 2903 Cor.
431 2879 539 2908 v1.16.'
569 2877 648 2905 Joan.
666 2886 714 2912 xu,
734 2879 778 2907 52.
801 2879 822 2895 "
835 2878 901 2907 Luc.
924 2888 980 2912 χιι,
996 2879 1022 2907 8.
1044 2880 1063 2896 “
1077 2879 1128 2908 lsa.
1145 2888 1220 2914 Lvut,
1239 2881 1263 2908 7.

270 2914 380 2944 xxx:,l.
419 2914 516 2942 "iiud.
555 2914 575 2929 ”
590 2914 656 2941 ibid.

1073 926 1090 951 Β

1108 308 1272 330 coast-cutus
1284 308 1325 330 est
1343 313 1350 331 τ
1369 312 1461 331 verum
1479 306 1638 333 retentionis
1651 306 1736 337 illius,
1755 315 1810 340 qua
1827 306 1900 332 bono

1108 353 1185 383 rapto
1208 349 1318 382 fruitur,
1344 358 1398 377 non
1427 351 1501 379 item.
1532 351 1636 379 Etenim
1661 352 1791 386 injuriam
1818 351 1899 379 infert

1106 396 1188 422 etiam
1203 403 1262 431 post
1275 398 1452 432 baptismum,
1468 404 1601 433 quatenus
1617 400 1705 425 aliena
1721 400 1792 426 bona
1807 400 1898 425 adhuc

1106 443 1215 470 retinet.
1233 443 1389 478 Baptismus
1408 446 1480 472 enim
1507 446 1689 480 praecedentia
1711 451 1825 480 peccata
1848 446 1897 471 de-

1107 489 1153 520 let,
1181 498 1233 516 uon
1260 499 1290 517 ea
1318 499 1378 526 qua:
1405 497 1497 526 postea
1524 497 1678 526 patrantur.
1706 491 1826 518 Proinde
1851 491 1896 525 qui

1106 535 1194 563 aliena
1218 538 1317 570 rapuit,
1347 546 1378 566 ac
1395 539 1492 565 deinde
1515 539 1682 573 baptizatur.
1702 538 1820 571 ideoque
1844 538 1895 563 sibi

1108 589 1205 608 noxam
1222 583 1364 610 remissam
1378 592 1439 611 esse
1455 585 1603 617 existimat.
1622 593 1652 612 se
1678 586 1767 619 ipsum
1783 585 1894 618 decipit,

1107 632 1133 654 et
1148 628 1283 662 baptismo
1300 629 1390 657 fucum
1414 631 1487 657 facit.
1508 632 1588 664 Atqui
1607 639 1706 665 purum
1732 638 1793 656 esse
1810 638 1894 664 opor-

1108 678 1154 704 ιιιι,
1171 681 1223 700 non
1240 679 1344 701 tantum
1364 675 1447 701 videri
1463 681 1544 710 atque
1556 676 1718 702 existimari.
1731 675 1893 710 Quanquam

1107 721 1178 746 enim
1198 721 1259 748 talis
1284 721 1419 753 videatur,
1437 722 1500 756 quia
1525 729 1558 748 ex
1584 726 1660 756 parte
1685 727 1820 756 purgatus
1847 723 1894 753 sit,

1107 767 1219 792 minime
1238 771 1325 793 tattttflt
1343 772 1393 800 est,
1419 772 1531 801 propter
1547 768 1583 798 id,
1601 768 1674 802 quod
1693 769 1719 794 iit
1737 775 1770 794 eo
1784 767 1895 794 deside-

1108 816 1193 837 ratur.
1212 811 1304 846 Neque
1316 811 1387 838 enim
1407 811 1488 838 infixa
1505 816 1532 838 et
1545 813 1678 847 impressa
1705 818 1746 840 est
1766 813 1896 847 baptismi

1108 858 1245 891 purgatio,
1272 858 1323 884 hoc
1345 862 1397 889 est,
1427 866 1602 893 nequaquam
1624 859 1775 886 inustiouis
1807 859 1896 885 instar

1107 905 1160 931 atte
1177 909 1299 938 grassata
1318 910 1359 932 est
1377 914 1383 932 :
1404 906 1451 932 sed
1470 906 1566 932 leviter
1590 910 1695 932 tantum
1714 906 1788 932 illata
1808 911 1834 932 et
1852 913 1896 933 ce.-

1108 952 1203 977 lorata.
1226 951 1291 984 Qua:
1321 960 1363 978 res
1389 951 1523 978 duntaxat
1549 952 1613 984 tegit
1638 957 1720 986 atque
1746 954 1894 978 occultat:

1106 997 1178 1031 qttod
1191 1002 1280 1024 autem
1296 998 1461 1029 oreultatur,
1474 1003 1573 1025 manet.
1588 998 1665 1030 Quod
1682 1005 1744 1024 vero
1758 1002 1897 1023 conteclto

1107 1043 1254 1077 penetralia
1274 1043 1329 1076 ipsa
1349 1051 1402 1068 non
1423 1047 1530 1076 purget,
1553 1042 1634 1069 David
1659 1042 1822 1069 testimonio
1846 1049 1895 1068 suo

1107 1087 1271 1119 continual,
1300 1093 1354 1115 tres
1384 1089 1495 1114 ordines
1521 1084 1665 1116 inducens.
1695 1087 1790 1113 Primo
1824 1087 1895 1113 enim

1108 1141 1139 1161 ac
1164 1135 1302 1168 prtecipuo
1329 1134 1389 1160 loco
1408 1134 1503 1160 beatos
1523 1142 1571 1160 eius
1594 1134 1758 1167 proclamat,
1777 1140 1896 1166 quorum

1109 1181 1267 1216 iniquitates
1295 1181 1418 1207 remissa:
1432 1181 1548 1213 sunt“;
1571 1180 1693 1206 secundo
1716 1187 1776 1209 eos,
1792 1180 1839 1213 qui
1865 1187 1896 1206 ex

1108 1232 1184 1262 parte
1199 1227 1305 1262 purgati
1326 1232 1402 1258 sunt,
1430 1234 1547 1261 quorum
1568 1231 1636 1253 tecta
1651 1233 1761 1260 quoque
1786 1230 1895 1259 peccata

1107 1274 1291 1305 essetlicit”,
1324 1277 1416 1307 utpote,
1440 1273 1485 1305 qui
1518 1272 1636 1298 amulum
1663 1272 1689 1298 in
1717 1271 1898 1305 penitissimis

1107 1319 1191 1346 animi
1217 1318 1436 1352 lateiiris‘atque
1462 1317 1618 1344 recessibus
1645 1317 1746 1350 evpiali
1775 1317 1842 1342 siut.
1867 1316 1894 1342 In

1108 1365 1190 1392 tertio
1203 1365 1312 1391 demum
1327 1364 1425 1391 ordine
1439 1363 1500 1390 illos
1513 1363 1655 1390 constituit
1669 1363 1702 1393 ".
1713 1362 1771 1395 qui,
1787 1362 1896 1388 tametsi

1108 1410 1205 1438 vitiose
1234 1410 1335 1444 aliquid
1368 1409 1491 1442 fecerint,
1518 1408 1555 1435 ita
1581 1412 1669 1434 tamen
1699 1407 1836 1439 fecerunt,
1869 1412 1900 1433 ut

1108 1456 1233 1483 voluntas
1243 1463 1336 1482 eorum
1352 1455 1490 1488 animique
1505 1453 1639 1481 sententia
1656 1453 1774 1480 crimine
1791 1457 1896 1483 careat,

1107 1502 1181 1536 quia,
1204 1501 1244 1528 Vel
1268 1501 1466 1535 imprudentes.
1491 1499 1533 1526 vel
1551 1499 1638 1531 inviti,
1656 1499 1697 1525 vel
1715 1499 1786 1525 bona
1808 1493 1896 1525 inten-

1108 1546 1183 1572 tione
1209 1549 1237 1573 et
1266 1546 1425 1579 proposito,
1459 1544 1485 1571 in
1514 1544 1637 1571 fraudem
1664 1544 1832 1571 inciderunt.
1864 1543 1897 1570 [ι

1069 1588 1089 1616 C
1107 1597 1198 1619 autem
1224 1592 1365 1619 nonnullis
1387 1592 1484 1626 placet,
1506 1592 1685 1618 remittuntur
1701 1591 1812 1625 quidem
1833 1597 1896 1625 pec-

1107 1644 1166 1667 cata
1191 1647 1238 1673 per
1263 1639 1450 1673 baptismum:
1468 1643 1596 1673 teguntur
1622 1642 1712 1664 autem
1737 1645 1785 1671 per
1809 1636 1896 1670 pleni.

1108 1686 1233 1716 tentiam,
1257 1691 1286 1712 ut
1310 1694 1340 1711 ea
1359 1685 1414 1719 jam
1438 1683 1572 1711 Dominus
1590 1691 1643 1710 non
1670 1683 1797 1716 imputet,
1815 1688 1898 1717 atque

1108 1733 1134 1758 in
1152 1733 1284 1758 rationem
1304 1736 1390 1757 vocet.

1142 1777 1202 1804 Col.
1226 1777 1277 1803 406
1297 1776 1326 1802 Β.
1350 1776 1419 1808 Quid
1443 1776 1524 1810 igitur
1539 1775 1618 1802 dico?
1635 1780 1726 1809 etquo
1748 1782 1807 1800 mea
1836 1781 1898 1807 spe.

1107 1829 1175 1854 clat.
1199 1829 1253 1850 etc.
1270 1823 1361 1849 Altera
1380 1827 1422 1849 est
1443 1823 1540 1848 mulier
1558 1827 1697 1848 contracta
1710 1826 1737 1847 et
1755 1821 1897 1851 inclinata,

1108 1871 1192 1897 altera
1221 1870 1386 1896 Chanamea.
1410 1869 1485 1895 illius
1509 1869 1580 1901 apud
1605 1867 1761 1894 Matthaaum
1780 1888 1786 1898 ,
1817 1867 1900 1900 hujus

1109 1917 1180 1951 apud
1198 1916 1299 1943 Lucam
1317 1917 1420 1942 mentio
1438 1914 1476 1942 tit.
1501 1913 1656 1948 Theologus
1682 1918 1773 1940 autem
1801 1914 1898 1939 ambas

1109 1964 1141 1990 ad
1170 1971 1244 1993 eum,
1270 1963 1316 1996 qui
1346 1961 1466 1989 nondum
1497 1961 1653 1995 baptizatus
1682 1964 1735 1990 est,
1755 1959 1810 1985 hoc
1838 1959 1898 1985 loco

1109 2010 1307 2038 accommodat.
1326 2010 1508 2035 Chananaeam
1521 2007 1632 2042 quidem
1649 2013 1760 2042 propter
1786 2011 1898 2040 peccata

1108 2064 1167 2084 eam
1184 2057 1307 2082 nominat
1321 2054 1443 2089 (gentilis
1458 2054 1532 2081 enim
1549 2059 1607 2080 erat
1625 2053 1682 2080 [uec
1697 2053 1854 2079 Chanana-a
1871 2055 1898 2077 et

1108 2110 1122 2129 a
1139 2103 1197 2136 lege
1213 2102 1330 2135 aliena);
1353 2105 1521 2128 contrav-tam
1547 2105 1648 2131 autem,
1675 2104 1788 2133 prepter
1811 2098 1899 2125 sci-le-

1109 2156 1168 2174 rum
1190 2149 1351 2181 gravitatem
1372 2147 1477 2173 Satanzr
1491 2155 1534 2180 lue
1559 2146 1679 2172 vincula.
1699 2145 1778 2177 Quod
1806 2152 1898 2170 autem

1109 2194 1156 2226 ait,
1173 2193 1245 2222 Heri.
1263 2199 1371 2227 tempus
1388 2193 1550 2226 baptismum
1567 2194 1725 2226 praecedens
1740 2191 1896 2224 signitieat;

1109 2241 1190 2268 hodie
1217 2247 1282 2266 vero
1303 2239 1380 2270 illud,
1405 2238 1477 2273 quod
1503 2238 1668 2272 baptismum
1700 2241 1841 2270 sequitur.
1869 2235 1897 2262 Si

1112 2287 1206 2321 igitur,
1231 2286 1330 2320 inquit,
1353 2294 1398 2319 per
1429 2285 1593 2318 baptismum
1621 2291 1635 2310 a
1659 2283 1771 2309 Christo
1792 2289 1899 2308 eri-rtus

1111 2333 1205 2359 fueris.
1225 2339 1257 2358 ne
1277 2339 1370 2357 rursus
1394 2331 1425 2356 ad
1449 2329 1570 2356 terrenas
1587 2328 1752 2362 cupiditates
1773 2336 1899 2361 pioenni-

1112 2380 1170 2410 bas,
1190 2378 1262 2404 Vrlut
1278 2377 1442 2411 quibusdam
1455 2375 1559 2401 catenis
1574 2375 1700 2401 inﬂexus.
1715 2373 1784 2399 Nam
1799 2374 1822 2399 si
1841 2378 1900 2407 post

1111 2425 1277 2459 baptismum
1295 2430 1403 2456 quoque
1422 2421 1448 2447 itt
1467 2426 1565 2447 terram
1582 2420 1774 2454 pluunt-ueris,
1793 2420 1899 2445 ilithcile

1111 2471 1158 2498 tibi
1183 2470 1238 2504 jam
1268 2469 1321 2496 erit
1347 2468 1411 2495 huic
1440 2466 1622 2499 coptractioni
1651 2466 1752 2492 mederi
1775 2475 1781 2491 :
1808 2470 1900 2498 ntpute

1107 2524 1169 2544 cum
1187 2515 1261 2542 nulla
1277 2515 1396 2549 supersit
1410 2513 1465 2547 jam
1486 2513 1607 2540 secunda
1626 2511 1809 2545 regent-ratio.
1829 2511 1900 2536 Itur-

1107 2569 1156 2588 sus
1178 2561 1347 2590 tabescehas,
1369 2559 1432 2593 quia
1453 2558 1528 2586 salus
1552 2563 1577 2584 te
1597 2557 1746 2586 defecerat.
1765 2557 1899 2590 quemad-

1110 2607 1219 2633 modum
1236 2606 1279 2632 illa
1293 2605 1435 2639 sanguinis
1448 2604 1582 2639 profluvio
1599 2604 1740 2634 laboratis,
1754 2604 1899 2630 detieicnte

1107 2653 1252 2687 sanguine.
1268 2653 1356 2685 Atque
1382 2651 1540 2685 impuritatc
1564 2655 1590 2676 et
1606 2649 1736 2677 sontibus
1760 2650 1898 2679 scatebas,

1107 2697 1158 2725 hoe
1175 2702 1227 2728 est,
1246 2698 1406 2730 sanguinem
1429 2702 1456 2723 et
1478 2696 1624 2723 exitiosum
1643 2701 1788 2729 peccatum
1815 2695 1898 2721 fontis

1107 2745 1134 2771 in
1154 2743 1265 2769 modotu
1283 2742 1438 2774 emittebas,
1458 2746 1517 2776 post
1533 2741 1699 2775 baptismum
1718 2748 1784 2768 vero
1801 2741 1897 2767 saluti-

1106 2787 1170 2814 fera:
1181 2795 1259 2822 aqua:
1272 2787 1438 2822 purgatione
1455 2785 1615 2818 retioruisti,
1627 2789 1710 2818 atque
1726 2787 1898 2826 impun-italis

1787 2878 1808 2894 "
1822 2877 1894 2905 Psal.

1303 2879 1324 2896 ¹¹
1339 2878 1404 2906 ibid.
1430 2878 1456 2912 6,
1495 2878 1516 2894 "
1529 2877 1634 2906 Coloss.
1652 2878 1682 2911 ti,
1701 2877 1744 2906 Η.
