2027 3162
123 208 184 241 ιξιι

620 211 779 243 NICETAS
803 212 840 243 lN
861 212 972 243 OliAT.
994 213 1042 244 XL
1064 215 1094 245 S.
1115 215 1229 246 GREG.

1679 218 1747 250 132

122 269 246 294 fluentum
272 268 387 300 exaruit,
415 272 595 304 posteaquam
626 270 718 297 animo
740 271 906 305 baptisntum
921 271 946 301 Α
960 272 1090 300 vitiorum
1116 273 1244 308 sepulcro
1259 280 1321 301 eum
1342 274 1469 302 triduano
1485 274 1593 302 Christo
1617 282 1630 302 a
1660 281 1748 304 utotte

120 312 248 347 tetigisti,
280 314 325 348 qui
353 314 462 348 quidem
492 315 594 342 Christi
622 316 814 343 vestimentum
841 321 904 348 est,

120 362 211 392 utpote
224 358 437 394 iucorruptionis
451 360 641 391 indumentum
660 369 666 387 :
686 361 800 389 fimbriae
815 366 906 390 autem

117 404 213 438 ipsius,
238 411 312 438 aqua
339 409 367 431 et
389 405 443 432 alia
471 405 606 441 sytnbola.
635 406 702 434 Vide
720 407 802 442 igitur
824 415 858 434 ne
879 408 906 434 in

118 450 230 477 rubrum
250 456 277 477 et
295 456 441 478 cruentum
457 456 600 486 peccatum
620 461 718 480 rursus
732 454 837 481 incidas
853 461 907 481 :ne

118 503 213 522 rursus
245 497 454 530 apprehendere
489 497 591 525 Christi
620 499 754 526 fimbriam
786 507 906 533 nequeas

116 542 227 577 (quippe
246 550 320 574 cum,
338 545 435 578 utjam
451 545 554 572 dictum
569 551 620 577 est,
639 546 714 572 nulla
735 547 771 573 sit
786 546 906 573 secunda

117 589 300 623 regeneratio)
327 595 355 617 ut
375 591 490 618 salutem
519 592 568 619 tibi
586 597 656 625 tuto,
682 593 754 620 velut
775 594 801 620 in
820 594 907 625 baiuli-

116 641 174 661 sruo
195 634 337 666 donatam,
360 636 452 664 furtim
481 637 570 665 tollas.
594 637 649 666 Nec
675 640 747 666 enim
779 640 907 668 Christus

117 681 208 707 libenti
235 682 330 708 animo
357 682 407 710 fert
434 684 486 711 sibi
508 692 522 710 a
553 689 577 712 te
600 686 714 712 salutent
740 687 838 714 crebro
860 695 908 722 per

115 725 281 760 baptismum
302 729 415 763 surripi,
434 730 480 756 sed
499 731 583 757 semel
608 731 752 759 duntaxat.
775 733 831 760 Hoc
857 742 906 760 att-

116 776 167 798 tent
197 779 230 798 eo
253 773 293 805 fit,
324 781 357 800 ne
385 775 407 800 si
428 775 521 808 gratiae
545 784 640 802 rursus
663 785 709 811 per
740 777 905 812 baptismum

115 817 271 845 obtinendo
289 827 352 853 spes
368 821 447 848 nobis
466 821 620 856 atTulgeret,
636 823 662 849 in
677 828 863 858 contetttptnm
880 830 908 852 et

115 863 249 891 incuriam
274 865 439 899 laberemur,
459 872 656 903 acceptumque
681 870 797 903 gratiam
825 871 906 899 facile

115 910 304 942 perderemus.
320 911 397 944 Quod
416 912 505 946 ipsunt
524 921 634 948 quoque
649 915 741 942 eximii
760 921 841 951 atque
863 918 905 944 in-

115 955 200 989 signis
221 956 266 982 Dei
286 965 348 991 erga
370 965 420 985 nos
438 959 542 986 amoris
560 965 750 995 argumentum
768 967 819 990 est.

151 1001 218 1028 Ibid.
236 1002 264 1028 Β.
289 1002 354 1030 Heri
372 1004 398 1030 in
414 1004 484 1031 lecto
497 1005 619 1040 jacebas,
633 1012 685 1033 etc.
702 1006 750 1034 llic
765 1009 905 1044 paralytici

117 1047 260 1076 historiam
278 1051 310 1076 ad
328 1050 481 1078 institutam
507 1053 648 1079 materiam
673 1055 904 1082 accommodatam

117 1093 326 1129 interpretatur.
354 1096 392 1123 Ae
431 1105 478 1131 per
509 1098 608 1125 lectum
639 1099 748 1134 quidem
779 1101 905 1135 snpittatn

116 1142 271 1168 socordiam
299 1147 325 1169 et
355 1143 513 1177 pestiferam
538 1145 656 1179 quietem
689 1145 831 1181 intelligit;
859 1155 906 1182 per

115 1190 223 1214 artuum
239 1193 327 1216 autent
346 1190 566 1224 dissolutionem,
581 1192 704 1224 delicias,
721 1194 861 1229 animique
879 1195 905 1222 in

114 1234 301 1268 voluptatibus
339 1238 546 1263 enervationcm
584 1242 610 1264 ct
647 1239 828 1273 languorem;
859 1249 906 1274 pcr

114 1286 193 1313 aqua:
210 1288 274 1307 vero
292 1282 486 1317 turbationem,
505 1292 564 1310 eam
579 1293 640 1319 qu:e
658 1286 684 1312 iu
702 1286 841 1321 baptismo
859 1289 906 1322 sit,

118 1325 279 1358 motionem,
295 1335 326 1354 ac
341 1327 460 1362 Spiritus
474 1330 654 1364 advenientis,
680 1332 758 1366 eique
774 1333 906 1361 sanctita-

117 1374 169 1397 Icm
200 1372 351 1406 afferentis,
381 1377 434 1402 vim
471 1381 497 1403 et
527 1377 688 1405 efﬁcaciam.
721 1378 784 1406 ﬂeri
811 1380 906 1414 igitur,

116 1415 215 1451 inquit,
232 1418 371 1447 hominem
397 1422 519 1449 nancisci
539 1431 592 1449 nott
611 1428 739 1458 poteras;
759 1426 840 1453 ltodic
859 1435 908 1454 tta-

115 1467 176 1490 ctus
193 1471 223 1491 es
238 1463 374 1493 hominem
392 1468 516 1495 eumdem
533 1473 559 1495 et
578 1470 662 1497 Deum
680 1471 819 1506 (divinitas
834 1474 906 1500 cnim

117 1508 285 1538 humanitati
306 1511 410 1540 Cltristi
437 1514 591 1549 hypostasis
609 1515 680 1544 facta
698 1519 767 1552 est);
794 1524 875 1553 atque
890 1527 904 1547 a

115 1557 237 1589 peccatis
260 1558 347 1593 lapsu,
370 1565 498 1595 tanquam
519 1570 533 1589 a
563 1564 689 1598 grabato,
717 1566 841 1593 sublatus
863 1575 903 1599 es,

960 319 992 346 ad
1008 320 1090 346 vitam
1105 320 1239 347 etcitatus
1262 320 1336 355 (nam
1356 328 1402 355 per
1424 321 1523 347 trinam
1544 321 1745 348 dt-tttersiottom

959 370 985 392 et
1001 366 1181 394 emersionem
1199 367 1326 394 triduana
1341 375 1415 395 mors
1429 367 1529 394 Christi
1540 372 1567 394 et
1584 368 1747 394 resurrectio

960 414 1187 447 reprmsentatnr)
1205 422 1212 439 :
1229 420 1261 439 ac
1277 414 1381 447 peccati
1398 412 1515 439 vinculis
1531 413 1639 439 solutus
1655 421 1694 439 es.
1710 412 1746 438 Da

959 465 1024 491 ergo
1044 466 1168 493 operam,
1188 467 1222 486 ne
1243 467 1339 486 rursus
1356 459 1390 486 iis
1417 459 1620 489 adnttmcreris,
1643 460 1701 493 qui.
1718 464 1747 484 ut

960 503 1069 531 Davidis
1084 504 1174 531 verbis
1196 509 1257 532 utar
1270 505 1304 537 ¹⁹,
1318 506 1354 544 {in
1383 505 1516 540 sepulcris
1544 505 1679 535 habitant,
1699 513 1747 530 nec.

961 555 1132 584 peccatorum
1151 555 1262 578 tuorttm
1283 551 1376 579 fasciis
1394 552 1602 586 eoustringaris.
1622 551 1699 581 Nam,
1720 555 1747 576 ιιι

959 601 1000 622 est
1014 597 1084 630 apud
1100 596 1273 624 Sulotttoncm
1294 608 1300 624 :
1318 597 1490 624 Pet-calorum
1510 606 1619 623 suorum
1636 597 1748 623 z-inculis

959 642 1068 676 quisque
1084 643 1275 677 constringitur
1288 643 1322 670 '°.
1341 643 1447 669 Etenim
1464 643 1485 669 si
1500 643 1592 669 animo
1608 643 1747 675 moriaris,

960 688 1091 714 itu-crtum
1109 693 1160 719 est,
1178 694 1270 715 utrttm
1284 689 1317 715 ad
1333 691 1415 716 vitam
1434 697 1530 715 rursus
1549 689 1587 716 sis
1601 689 1747 719 rediturus,

959 742 1047 768 usuue
1074 734 1106 761 ad
1135 743 1309 762 communem
1335 736 1565 761 resurrectionettt
1585 743 1591 760 :
1608 743 1668 769 qua:
1689 735 1749 768 qui-

959 781 1038 811 dem,
1071 786 1100 808 ut
1130 786 1170 808 est
1194 782 1264 815 apud
1294 781 1566 811 Erclrsiasticnnt“,
1595 788 1749 808 creaturam

960 834 1069 854 omnem
1097 828 1130 854 ad
1146 828 1282 863 judicium
1307 829 1440 862 adducet,
1466 829 1527 855 vita:
1546 833 1613 855 aetas
1633 828 1751 854 rationes

959 874 1063 900 redditu
1069 881 1140 901 ram.

994 919 1051 946 Col.
1061 919 1106 946 ΔΟ.
1116 919 1149 946 Α.
1160 919 1190 948 Si
1206 919 1288 951 lepra,
1301 920 1347 946 hoc
1360 921 1528 954 est,deformi
1543 921 1680 954 pravitate,
1697 924 1750 947 etc.

958 965 1035 999 Apud
1067 966 1170 992 Lucam
1184 966 1210 992 itt
1229 965 1376 1000 Evangelio
1393 967 1524 1000 scriptum
1543 971 1590 992 est.
1609 965 1679 1000 quod
1706 965 1753 991 de-

958 1020 1016 1039 cem
1034 1012 1084 1038 viri
1099 1012 1197 1046 leprosi
1220 1012 1336 1039 Dotttitto
1363 1017 1542 1038 occurrerunt
1560 1020 1566 1037 :
1585 1012 1642 1045 ipse
1661 1017 1751 1037 autent

959 1058 1078 1085 faustum
1102 1059 1274 1093 purgationis
1299 1059 1424 1086 nuntium
1443 1058 1496 1084 illis
1513 1057 1639 1086 aﬂereus.
1657 1057 1724 1083 dixit
1742 1065 1749 1084 :

958 1103 1010 1135 Ite,
1026 1105 1154 1131 ostendite
1171 1112 1214 1131 vos
1230 1105 1361 1131 sacerdoti
1374 1106 1407 1131 ²¹.
1427 1104 1560 1131 Sacerdos
1576 1103 1648 1130 enim
1665 1103 1754 1128 Ιιοιιιί-

959 1156 1019 1175 nent
1044 1149 1115 1183 lepra
1144 1155 1300 1184 purgatum,
1321 1150 1442 1183 periculo
1468 1149 1637 1183 purgationis
1669 1148 1750 1176 facta.

959 1194 1069 1228 reliqua:
1085 1199 1177 1228 postea
1194 1195 1262 1229 plebi
1275 1195 1444 1222 acccusebat.
1462 1195 1496 1222 Ut
1510 1199 1598 1220 antem
1616 1193 1750 1223 abierunt,

959 1241 1064 1276 purgati
1090 1246 1152 1268 sunt
1170 1250 1176 1268 :
1194 1249 1287 1268 verum
1315 1249 1411 1268 novent
1437 1249 1467 1267 ex
1487 1241 1530 1272 iis,
1552 1240 1638 1275 patria
1654 1239 1751 1270 Judaei,

959 1287 1082 1314 beneficii
1104 1276 1213 1321 accepti~
1229 1288 1413 1318 immemores,
1429 1294 1482 1314 nort
1502 1287 1644 1313 redierunt
1658 1294 1665 1312 :
1682 1293 1753 1311 unus

958 1341 1034 1363 vero.
1065 1333 1110 1367 qui
1130 1333 1320 1360 Samaritanus
1341 1337 1410 1364 erat,
1437 1333 1470 1359 ad
1490 1333 1586 1359 salutis
1613 1335 1752 1358 auctorem

960 1387 1086 1406 reversus
1101 1383 1153 1411 est,
1172 1380 1329 1414 gratiasque
1341 1380 1407 1413 egit,
1423 1387 1454 1405 ac
1467 1378 1552 1405 Deum
1573 1379 1698 1405 laudibus
1709 1385 1753 1404 cc-

960 1427 1083 1453 lebravit.
1100 1426 1193 1461 Leprze
1204 1426 1297 1460 igitur,
1307 1431 1335 1452 ttt
1348 1430 1445 1460 pra-ter
1461 1429 1585 1451 naturain
1602 1424 1741 1451 exs‘stenti

961 1472 1116 1506 Theologus
1135 1476 1276 1505 peccatum
1295 1476 1446 1506 comparat.
1466 1474 1558 1504 utpote
1572 1469 1643 1503 quod
1659 1473 1750 1503 prtetet

962 1523 1087 1544 naturam
1117 1525 1227 1552 quoque
1253 1518 1298 1549 sit,
1320 1523 1402 1551 atque
1424 1517 1543 1543 animant
1571 1512 1754 1546 deformitate,

961 1565 1192 1598 quemadmodum
1223 1565 1268 1591 illa
1289 1571 1400 1598 corpus,
1423 1562 1530 1589 alliciat.
1559 1561 1586 1588 Si
1603 1561 1694 1595 igitur,
1712 1561 1755 1587 in-

115 1601 279 1638 lapsumque
294 1606 452 1639 hujusmodi
476 1608 549 1635 velut
571 1610 706 1642 extulisti,
726 1612 854 1639 nimirum
871 1613 904 1640 de
921 1621 942 1648 ο
961 1611 1029 1644 quit,
1055 1611 1220 1637 virulentnm
1247 1615 1273 1636 et
1295 1610 1440 1636 exitiosum
1467 1612 1607 1642 peccatum
1637 1607 1683 1633 tibi
1709 1613 1754 1640 per

115 1655 148 1675 eo
163 1657 210 1683 per
237 1650 442 1679 confessionem
473 1654 648 1686 triumphans
665 1664 672 1682 :
687 1655 906 1692 beneficiumque

116 1702 163 1728 per
173 1695 342 1730 baptismum
356 1703 500 1732 acceptum
514 1701 642 1729 ontnibus
655 1703 822 1736 prtedieasti.
837 1704 907 1731 Cave

116 1739 198 1774 igitur
226 1750 325 1770 rursus
348 1744 505 1778 prolabare.
531 1746 644 1777 Verum,
674 1752 703 1774 ut
731 1756 770 1780 es,
795 1750 907 1782 prolici-

116 1793 204 1819 scere,
225 1787 252 1814 id
278 1792 329 1820 est,
348 1797 433 1816 sanus
459 1795 486 1817 et
506 1790 663 1825 incoluntis,
681 1795 807 1828 praecepti
826 1795 908 1829 hujus

116 1840 235 1863 memor.
258 1835 406 1870 paralytico
428 1837 455 1863 in
471 1837 530 1864 haec
546 1838 627 1865 verba
645 1839 699 1866 dati
718 1849 724 1866 :
741 1839 809 1867 Ecce
826 1849 907 1869 sanus

116 1878 203 1912 factus
219 1888 246 1906 es
260 1880 291 1913 ”,
307 1885 360 1908 etc.
378 1881 449 1915 Quin
467 1883 500 1910 ad
515 1884 589 1912 hunc
602 1893 710 1919 quoque
725 1887 835 1913 modttm
852 1888 909 1915 hirc

115 1926 246 1960 explicari
263 1933 373 1960 queant.
389 1929 440 1960 Qui
457 1931 583 1964 corporis
600 1932 787 1966 volupzatibus
804 1934 908 1961 fractus

116 1975 167 2004 est,
187 1972 210 1999 is
229 1980 279 2000 nec
295 1973 328 2000 ad
354 1974 484 2002 virtutem
504 1976 598 2003 eflieax
614 1982 665 2009 est,
685 1986 735 2005 nec
760 1980 793 2006 ad
817 1979 909 2006 scien—

118 2016 183 2044 tiam
209 2022 238 2045 ct
271 2020 456 2053 cognitionem
486 2020 567 2048 facile
598 2025 701 2050 moveri
731 2029 854 2059 potest:
878 2033 910 2053 ac

117 2063 232 2095 proittde
251 2072 301 2091 nec
325 2064 464 2092 hominem
486 2067 578 2098 habet,
600 2068 651 2096 ltoc
677 2074 729 2102 est,
760 2071 908 2098 humanam

116 2112 144 2134 et
163 2109 326 2143 prudentem
346 2111 492 2145 rationem,
516 2121 530 2140 a
547 2122 600 2148 qua
619 2115 651 2142 ad
670 2115 800 2144 virtutem
817 2117 910 2145 scien-

119 2154 163 2181 tia:
178 2163 307 2189 capacem
325 2159 405 2192 quasi
424 2159 451 2186 in
471 2160 605 2194 piscinam
631 2162 771 2195 injiciatur
789 2172 796 2190 :
819 2165 909 2198 quoad

116 2207 204 2234 usqtte
217 2201 337 2230 Verbum
355 2206 466 2233 veniens
480 2208 704 2242 contpendiosaut
719 2209 744 2236 ei
757 2209 910 2244 depellendi

117 2248 206 2275 murbi
231 2250 365 2278 rationem
384 2251 538 2286 tradiderit,
565 2256 649 2282 menti
670 2255 798 2282 nimirum
826 2257 912 2291 impe-

117 2301 195 2327 rans,
212 2299 269 2322 uta
286 2297 456 2333 voluptatum
475 2300 622 2334 illecebris,
642 2302 744 2336 quibus
756 2302 909 2334 detinetur,

119 2347 266 2376 exsurgat,
301 2344 490 2381 virtutumque
522 2346 644 2375 humeris
675 2355 776 2382 corpus
809 2349 909 2380 tollat,

119 2391 202 2422 atque
218 2389 243 2415 in
260 2389 372 2418 domum
391 2400 481 2425 suam,
503 2393 553 2421 ltoe
569 2398 621 2427 est,
640 2394 665 2421 in
682 2394 781 2421 cmlum
799 2394 910 2429 prolici-

117 2437 222 2460 scatur.
250 2435 362 2464 Przestat
389 2439 473 2470 enim,
506 2444 534 2466 ιιι
563 2440 636 2475 qttod
667 2440 794 2473 inferius,
821 2441 854 2467 ab
879 2449 911 2467 co

118 2479 190 2512 quod
205 2481 385 2511 excellentius
399 2490 447 2516 est,
464 2487 581 2514 actionis
596 2487 719 2514 humeris
735 2487 768 2514 ad
781 2486 908 2514 virtutem

118 2530 253 2560 gestetur,
280 2535 362 2562 quam
390 2536 418 2556 ut
441 2532 621 2559 excellentior
642 2541 705 2568 pars
734 2542 781 2567 per
808 2533 908 2560 foedam

119 2572 263 2600 mollitiem
279 2582 292 2600 a
309 2575 439 2602 deteriori
458 2584 532 2611 parte
548 2579 579 2605 ad
601 2581 754 2614 voluptates
770 2581 906 2606 trahatur.

156 2619 224 2647 Ibid.
238 2620 268 2647 C.
284 2621 407 2657 Magnam
420 2624 486 2650 hanc
504 2633 599 2656 rorem,
614 2625 726 2657 Lazare,
739 2627 794 2652 veni
808 2627 840 2658 ’³,
854 2631 907 2653 etc.

121 2665 356 2697 Quemadmodum
378 2670 454 2703 pritts
472 2671 498 2696 itt
525 2670 637 2704 Lazare,
655 2672 690 2698 ita
709 2680 780 2698 nunc
802 2679 911 2706 quoque

123 2709 150 2737 in
179 2716 204 2738 te
233 2713 363 2742 Dominus
391 2715 444 2742 alta
471 2723 537 2742 voce
567 2717 733 2750 inclamatit,
766 2722 795 2744 ut
823 2717 856 2744 ad
886 2722 912 2744 te

122 2763 230 2791 quoque
249 2765 400 2793 mortuum,
429 2763 480 2788 hoc
498 2767 550 2790 est.
566 2763 644 2790 vitali
669 2765 702 2790 ad
719 2764 848 2790 Vlrltllt‘lll
870 2764 911 2790 fa-

122 2801 222 2830 cultate
239 2805 375 2838 orbatum,
402 2807 576 2842 pcrtingeret.
604 2808 642 2835 Tu
672 2813 776 2840 autem,
808 2811 910 2836 litttltOS

121 2847 176 2882 jam
203 2851 260 2878 dies
288 2858 422 2884 mortuus,
448 2861 494 2888 per
518 2854 684 2888 baptismum
713 2856 852 2890 prodiisti,
877 2864 909 2882 ex

144 2938 252 2966 ".loaa.
274 2949 296 2972 v,
317 2941 357 2968 tt.
400 2941 420 2957 ιθ
433 2940 513 2968 Joan.
534 2949 571 2973 XI,
591 2941 635 2968 45.

676 2941 697 2958 ¹⁹
712 2940 784 2973 Psal,
799 2948 884 2974 t.\'vtt,
907 2940 931 2966 7.

960 1657 1126 1692 baptismum
1149 1657 1276 1683 abrasum
1294 1661 1347 1687 est,
1365 1663 1397 1682 ac
1417 1654 1544 1686 fortnam,
1562 1653 1607 1679 Dei
1625 1652 1755 1679 similitu-

959 1703 1022 1729 dine
1053 1710 1222 1736 expressam,
1248 1702 1281 1728 ad
1302 1709 1384 1735 qnatn
1411 1705 1521 1727 creatus
1548 1707 1589 1732 es,
1618 1699 1754 1733 recepisti,

960 1748 1128 1781 purgationis
1153 1752 1205 1774 tute
1222 1747 1286 1773 tttilti
1305 1747 1442 1781 specimen
1468 1747 1528 1779 ede,
1547 1747 1662 1778 tcipsntn
1684 1745 1757 1771 vide-

960 1793 1046 1820 liceta
1064 1793 1167 1827 peccati
1191 1793 1355 1826 contagione
1385 1800 1482 1825 purttm
1506 1799 1630 1818 servans.
1651 1790 1754 1824 Hujus-

961 1839 1033 1866 tnodi
1052 1846 1171 1872 namque
1188 1837 1314 1872 purgatio
1333 1837 1411 1871 legali
1428 1842 1452 1863 cl
1465 1836 1590 1863 Mosaieie
1601 1836 1756 1871 purgationi

961 1884 1107 1912 antecellit.
1124 1883 1171 1910 llla
1186 1883 1259 1911 enim
1271 1890 1417 1917 corporum
1430 1887 1489 1909 erat
1504 1890 1510 1908 :
1525 1882 1581 1908 hate
1591 1882 1756 1908 animarum.

961 1929 1000 1955 Ac
1016 1929 1078 1955 vide
1103 1936 1137 1955 ne
1150 1928 1303 1962 spirituaiis
1324 1927 1399 1962 lepra
1417 1934 1513 1953 rursus
1526 1934 1558 1953 ex
1574 1931 1599 1953 te
1615 1930 1755 1957 nascatur,

961 1975 1070 2009 Alioqui
1087 1975 1182 2002 vitiosa
1199 1973 1297 2001 anima:
1312 1973 1443 2001 ltabitudo
1458 1981 1529 2008 {egre
1549 1973 1684 2000 meduiam
1710 1972 1758 1998 ad—

962 2022 1079 2048 missura
1098 2027 1148 2048 est.
1162 2020 1295 2055 Asperior
1309 2020 1396 2053 enim,
1414 2019 1581 2054 maiorisque
1610 2017 1756 2046 diliiculla-

963 2066 997 2094 tis
1015 2072 1040 2093 et
1057 2066 1159 2100 laboris
1178 2074 1209 2093 ea
1220 2066 1354 2093 medicina
1370 2070 1421 2096 est,
1434 2073 1494 2100 qua:
1513 2065 1538 2091 in
1556 2072 1652 2100 magna
1671 2063 1758 2098 laety-

963 2121 1068 2140 marum
1087 2112 1296 2148 gemituumque
1312 2111 1474 2147 profusione
1489 2112 1626 2139 consistit.

997 2159 1064 2186 Ibid.
1078 2158 1107 2185 B.
1126 2158 1218 2194 Nuper
1238 2159 1355 2186 avaritia
1373 2164 1396 2185 et
1417 2159 1547 2185 tenacitas
1571 2165 1689 2188 manum,
1703 2161 1756 2183 etc.

963 2207 1097 2234 Prmclara
1113 2207 1221 2242 animat,
1236 2213 1251 2234 a
1265 2206 1410 2241 largitione
1423 2211 1450 2232 et
1470 2205 1636 2237 benignitate
1660 2203 1759 2231 abhor-

965 2254 1060 2285 rentis,
1075 2258 1102 2280 et
1119 2261 1216 2281 manus
1229 2254 1350 2280 avaritia:
1366 2260 1398 2280 ac
1410 2252 1565 2279 tenacitatis
1579 2251 1675 2277 morbo
1687 2250 1759 2277 labo-

965 2302 1062 2330 rantis,
1076 2299 1181 2326 curatio
1197 2304 1251 2331 est,
1267 2298 1410 2325 facultates
1426 2295 1757 2332 iitpattperesreﬁ'undrre,

964 2351 1085 2379 opesque
1106 2349 1130 2371 et
1146 2352 1236 2371 rerttttt
1262 2345 1357 2378 copias
1383 2344 1408 2370 in
1428 2351 1460 2370 eo
1481 2343 1585 2377 positas
1603 2349 1663 2368 esse
1688 2341 1753 2367 atbi-

964 2390 1042 2423 trari,
1059 2396 1087 2417 ut
1099 2391 1189 2425 inopia
1200 2395 1310 2425 propter
1321 2390 1459 2417 Christum
1475 2388 1621 2418 aillicteris,
1631 2391 1712 2420 atque
1725 2388 1758 2412 ita

965 2437 1097 2472 prolixam
1121 2437 1315 2470 benignitatem
1342 2436 1454 2467 habere,
1481 2439 1590 2468 tatttqtte
1611 2433 1758 2460 liberaliter

964 2491 1031 2518 opcs
1046 2484 1204 2514 exhaurire,
1225 2488 1254 2510 ιιι
1277 2491 1309 2509 tte
1323 2482 1436 2509 fundum
1454 2482 1561 2515 quidem
1585 2481 1671 2514 ipsum
1692 2479 1746 2504 iuta

964 2535 1039 2557 etttnt
1055 2530 1206 2564 relinquas.
1221 2529 1348 2556 Fortasse
1367 2528 1438 2555 enim
1454 2528 1511 2561 ipse
1536 2533 1644 2560 quoque
1659 2525 1759 2550 exirm:-

961 2583 1021 2604 stus
1037 2584 1132 2603 rursus
1147 2575 1303 2602 alimoniam
1318 2575 1365 2601 tibi
1378 2573 1505 2608 proferet,
1523 2581 1553 2600 ac
1570 2571 1718 2607 prsesertittt
1738 2569 1759 2595 si

963 2624 1101 2650 hominem
1118 2622 1264 2657 qucmdatn
1279 2621 1391 2655 justitizn
1406 2620 1486 2646 laude
1503 2622 1674 2653 pra’stantem
1687 2617 1756 2642 alen-

964 2670 1029 2697 dum
1060 2669 1226 2700 susceperis.
1257 2667 1485 2701 quemadmodum
1517 2664 1685 2698 Sarrphtana
1710 2661 1755 2688 llo

964 2716 1039 2747 liam,
1052 2721 1081 2742 ut
1103 2715 1172 2741 libro
1183 2714 1286 2748 Regum
1307 2713 1388 2740 tertio
1399 2713 1535 2747 prodiluttt
1554 2711 1681 2738 habetur.

1002 2762 1070 2789 Ibid.
1085 2761 1115 2789 Si
1129 2761 1225 2788 surdus
1248 2769 1279 2786 ac
1297 2766 1385 2786 mutus
1413 2767 1483 2790 eras,
1504 2762 1555 2784 etc.
1574 2757 1601 2783 Si
1628 2757 1758 2782 hactenus

965 2808 1065 2834 surdus
1079 2806 1218 2838 fuisti,l)t-i
1236 2811 1368 2840 praecepta
1381 2813 1433 2832 non
1450 2805 1603 2833 addiscens.
1616 2807 1642 2829 et
1658 2805 1757 2828 mutus.

964 2861 994 2881 ea
1015 2862 1067 2880 non
1085 2853 1198 2885 docens,
1216 2854 1257 2879 iac
1276 2853 1322 2879 tibi
1337 2853 1402 2886 legis
1427 2851 1525 2877 divinm
1541 2848 1665 2876 doctrina
1687 2847 1755 2873 inso-

960 2941 982 2957 ²⁰
996 2940 1076 2968 Prov.
1097 2949 1123 2975 v,
1137 2940 1182 2968 22.
1223 2940 1242 2955 ¹¹
1260 2938 1351 2968 Ecele.
1365 2946 1413 2972 xn,
1425 2937 1464 2966 li.
1505 2937 1527 2954 ι’
1545 2936 1614 2964 Lttc.
1628 2943 1695 2969 xvn,
1711 2934 1752 2962 M.
