2027 3162
268 197 336 229 1283

976 191 1164 223 ADDENDL

1836 191 1901 220 Ηθξι

267 261 323 286 net,
352 252 581 289 quemadmodum
612 250 713 278 Christi
735 251 835 279 'sermo
859 250 944 278 surdo
969 249 1007 275 illi
1028 256 1059 275 ac
1074 253 1094 281 Α
1111 257 1159 284 pro
1180 257 1214 277 eo
1239 251 1341 276 malum
1367 250 1517 281 attraxisti,
1543 253 1624 283 atque
1650 249 1754 276 idcirco
1779 249 1857 275 l‘trtnu
1881 254 1905 274 et

268 307 354 329 tnnto.
370 301 440 334 Quin
461 300 552 334 potius
567 303 762 333 praeceptorum
783 298 940 325 divinorum
957 295 1059 324 doctri-

268 359 329 377 nam
341 349 478 376 memoriae
487 351 613 374 contactu
631 346 728 377 retine.
737 353 771 373 tte
780 345 952 373 oblitterctur
965 353 972 372 :
987 351 1063 372 sum-

269 404 365 430 moque
379 395 468 421 studio
484 401 560 423 cave,
579 400 612 419 ne
629 399 709 419 aures
721 396 781 420 luas
802 391 835 418 ad
863 391 969 418 Domini
991 398 1061 417 cutt-

267 443 325 469 silia
346 442 467 472 claudas,
489 448 540 466 ttott
568 447 647 466 secus
673 443 754 473 atque
781 438 855 472 aspis
886 437 1058 463 mortiferum

268 488 342 514 virus
356 487 485 518 occultat,
503 493 535 512 ac
560 485 693 512 surditate
718 485 836 518 scipsam
860 483 950 514 allicit,
969 490 1001 509 nc.
1020 483 1061 508 itt-

267 533 417 560 cantatoris
431 538 526 558 vocem
549 531 652 561 audiat,
669 535 696 556 et
713 529 802 556 furi-rc
818 529 937 555 desinat.
955 527 991 554 De
1005 535 1058 560 qua

267 585 294 606 ct
316 579 400 605 David
417 579 479 604 ait:
504 577 579 603 Sicut
606 576 705 610 aspidis
733 578 831 604 sumite.
857 580 882 601 et
908 574 1058 600 obturantis

266 633 344 651 aures
371 633 455 655 suas,
482 631 542 658 qui;
570 631 620 649 nun
647 622 770 648 exaudiet
800 629 886 648 vocent
914 621 1057 647 incantan-

267 672 333 697 tium
351 671 385 697 “.

301 737 370 764 lbid.
387 736 415 764 Si
430 745 526 767 cacus,
547 741 570 762 et
590 736 697 762 luminis
714 743 818 767 expers,
841 740 893 762 etc.
914 734 942 761 Si
969 742 1057 761 caecus

267 791 339 812 cras.
354 783 447 809 oculos
463 787 525 809 tuos
543 782 670 814 baptismi
693 782 753 808 luce
769 781 911 812 collustra,
930 788 963 807 ne
985 789 1059 806 mur-

269 829 304 856 tis
327 836 423 855 somno
439 829 620 862 consopiaris.
636 827 660 854 is
676 835 757 862 porro
778 828 804 854 in
824 831 939 854 mortem
956 826 1057 853 obdor-

269 875 369 907 tniscit,
387 874 465 910 cujus
486 875 632 901 salutiferae
657 875 739 900 animi
766 874 837 901 vires
862 878 888 900 et
914 873 1057 900 facultates

268 922 462 957 obtorpescunt
479 927 506 948 et
530 922 754 955 exstingmtntur.
774 919 872 948 Lucem
893 920 964 947 illam
978 939 985 950 ,
1009 921 1058 946 tri-

269 975 331 994 nam
359 968 494 1002 personis,
520 967 671 994 substantia
697 972 724 993 et
749 972 844 994 natura
871 972 897 994 ct
916 967 1059 993 divinitate

268 1014 431 1050 simplicem,
461 1014 578 1041 intuere.
606 1014 731 1047 Quonam
767 1019 856 1040 autem
889 1014 967 1039 minio
998 1020 1058 1039 eam

267 1068 381 1088 cernere
409 1067 506 1095 queas,
537 1060 667 1086 admouet
697 1059 790 1090 Datid,
828 1060 859 1085 ad
890 1060 984 1091 Deum,
1017 1059 1059 1086 his

265 1111 345 1134 utens
362 1106 476 1133 verbis:
496 1105 530 1132 In
554 1107 654 1132 lumine
677 1111 722 1132 tuo
746 1106 892 1132 ridebimus
919 1105 1008 1132 lumen
1024 1104 1058 1138 “,

265 1153 317 1180 hoc
334 1157 376 1179 est
396 1152 422 1178 in
438 1151 540 1187 Spiritu
559 1151 670 1179 Filium.

298 1220 367 1248 ibid.
388 1219 418 1248 Si
432 1219 567 1247 Christum
585 1224 669 1247 totum
685 1219 840 1252 admiseris,
853 1225 907 1247 etc.
925 1219 953 1247 Si
971 1223 1057 1247 totum

264 1264 415 1296 Christum.
437 1265 536 1300 inquit.
562 1273 638 1296 cum.
662 1266 786 1299 inquam,
812 1266 972 1292 morborum
999 1273 1059 1291 ont-

264 1309 340 1335 nit~m
365 1309 550 1343 drpttlaorctn,
574 1309 672 1336 animm
697 1314 749 1336 tua:
767 1310 887 1342 hospitio
906 1310 1056 1344 acceperis,

263 1354 392 1382 omnibus
408 1355 671 1382 medicamentorum
687 1355 835 1391 generibus
858 1363 918 1382 eam
934 1356 1059 1382 cumula-

263 1399 316 1428 bis.
341 1400 419 1433 Nam,
444 1407 506 1428 cum
527 1401 662 1428 medicum
685 1406 776 1428 tecum
796 1400 987 1433 circumferas,
1004 1409 1058 1428 non

262 1449 325 1480 erit,
341 1455 391 1474 cur
409 1451 436 1474 te
456 1447 545 1474 morbi
569 1447 734 1482 cujusquam
753 1452 842 1475 metus
857 1452 1004 1476 exterreat.
1024 1449 1058 1474 At

262 1499 351 1526 opera:
364 1494 482 1526 pretium
497 1491 579 1519 fuerit
591 1500 689 1520 causas
703 1493 932 1526 animadvertere,
947 1498 1058 1528 propter

264 1546 334 1573 quas
350 1538 431 1566 bonis
446 1538 540 1565 divino
557 1546 670 1566 munere
685 1539 763 1565 nobis
779 1539 918 1566 concessis
931 1539 1058 1566 excidete

264 1584 393 1611 solemus.
423 1584 451 1612 ld
474 1584 547 1611 enim
570 1584 612 1611 vel
638 1591 669 1611 ea
694 1584 727 1611 de
747 1592 831 1611 causa
854 1584 932 1612 ttnbis
948 1585 1055 1617 accidit.

261 1629 327 1663 qt.ia
344 1634 462 1663 acoeptae
480 1629 573 1664 gratiae
589 1629 792 1665 magnitudines
812 1630 972 1664 ignoramus
988 1638 994 1657 :
1015 1631 1055 1657 vel

261 1674 327 1710 quia
345 1675 558 1702 sollicitudinem
577 1675 679 1702 nullam
695 1675 869 1707 adhibemus,
885 1675 931 1702 sed
950 1675 1054 1703 desidia

261 1725 290 1748 et
316 1720 422 1756 ignavia
449 1725 613 1756 torpcmus:
639 1721 679 1748 vel
709 1721 772 1755 quia
797 1722 925 1749 obcacati
948 1729 1054 1749 sumus.

261 1766 446 1800 Quamobrem
459 1766 501 1794 fac
516 1766 677 1801 baptizeris.
690 1775 739 1794 nec
755 1768 781 1793 in
798 1772 940 1802 peccatum
959 1776 1055 1796 rursus

262 1820 378 1848 prurttas
391 1822 398 1840 :
413 1821 506 1840 verum
524 1812 650 1848 baptismi
664 1814 855 1848 purgationem
869 1815 965 1842 scdulo
977 1823 1053 1847 cura,

262 1863 289 1886 ct
305 1859 332 1887 in
348 1867 380 1886 ea
399 1859 548 1886 excolenda
573 1859 696 1891 elabora,
721 1864 805 1894 atque
827 1861 1003 1889 accessiones
1027 1866 1055 1888 et

261 1906 429 1934 incrementa
451 1906 479 1932 itt
506 1905 599 1934 animo
625 1910 672 1933 tuo
689 1914 738 1941 per
762 1906 891 1934 virtutem
912 1907 998 1934 etlicc.
1017 1907 1054 1935 lta

261 1953 373 1980 domum
391 1958 483 1981 autem
507 1953 716 1988 praeclarissime
736 1953 788 1988 ipsi
814 1961 893 1988 opem
907 1954 1014 1986 tuleris,
1032 1954 1055 1982 si

261 1999 447 2034 evangelicam
462 1998 620 2034 parabolatn
636 1999 729 2026 animo
749 2006 781 2026 ac
802 1999 934 2026 memoria
955 2004 1056 2027 tenne—

263 2045 301 2071 ris
311 2045 334 2060 ’⁸
349 2044 479 2071 nimirum
501 2044 640 2078 itttpurum
656 2043 783 2078 spiritum
807 2051 822 2070 a
841 2049 866 2071 te
897 2051 946 2079 per
964 2044 1054 2079 bapti-

260 2098 352 2117 smum
366 2089 490 2124 fugatum
507 2096 579 2120 esse,
597 2092 679 2123 atque
697 2088 837 2115 ambulare
853 2096 900 2124 per
918 2089 976 2115 loca
998 2089 1057 2115 ina-

261 2143 360 2170 quusa,
385 2135 438 2162 hoc
451 2139 503 2167 cst,
527 2134 635 2162 animas
659 2141 739 2162 sacro
757 2134 886 2169 baptismi
908 2134 989 2161 latice
1009 2141 1056 2161 ca-

262 2186 354 2209 rentes
376 2188 512 2215 quaerere,
542 2187 611 2214 quas
633 2187 696 2207 cum
711 2179 799 2207 nullas
812 2180 940 2214 reperiat.
958 2188 1056 2208 rursus

262 2227 297 2256 ad
313 2232 348 2260 te,
370 2234 386 2254 a
402 2234 457 2262 quo
474 2226 614 2262 digressus
631 2225 730 2260 fuerat,
748 2226 828 2254 redit.
845 2225 885 2253 Ac
902 2226 925 2253 si
942 2226 1054 2261 quidem

262 2275 402 2303 Christum
417 2275 445 2302 in
465 2279 490 2301 te
509 2281 557 2308 per
572 2273 701 2301 virtutem
723 2273 891 2300 habitantem
908 2273 1054 2306 invenerit,

264 2321 290 2348 in
319 2319 409 2356 fugam
433 2328 462 2347 se
485 2319 597 2354 conjicit
623 2327 631 2348 :
657 2319 698 2346 sin
715 2323 805 2346 autem
829 2319 950 2346 animam
982 2324 1055 2346 tuam

264 2374 378 2394 vacuant
395 2366 535 2401 repererit,
547 2370 629 2400 atque
643 2365 680 2393 ita
692 2365 827 2396 all'ectatn,
837 2370 865 2392 ut
882 2366 958 2400 prius
974 2373 1057 2393 occu~

263 2419 372 2448 pantctn
396 2412 522 2447 excipere
547 2415 641 2445 parata
658 2411 704 2442 sit,
721 2410 779 2438 sive
794 2419 868 2444 cum,
890 2411 947 2438 sive
974 2409 1056 2438 Chri-

264 2467 349 2491 stum,
364 2460 466 2486 certius
481 2466 512 2485 ac
527 2458 634 2485 ﬁrmius
655 2457 683 2485 iu
705 2463 729 2484 Ic
740 2457 908 2485 domicilium
920 2455 971 2484 sibi
991 2464 1057 2483 con-

263 2509 364 2535 stttnit.
381 2506 487 2533 Etenim
504 2509 566 2532 ante
586 2504 752 2540 baptismum
770 2511 833 2539 spes
856 2503 1056 2538 resipisccntia:

264 2561 297 2581 ac
315 2553 474 2580 securitatis
495 2556 556 2579 erat
571 2559 668 2587 nempe
684 2559 731 2586 per
747 2551 912 2586 baptismum
929 2559 935 2576 :
952 2554 979 2577 at
994 2553 1054 2584 p0st

264 2599 430 2634 baptismum
461 2597 604 2633 perspicua
633 2602 660 2625 et
686 2600 782 2632 aperta
812 2601 854 2624 est
880 2597 1051 2631 improbitas,

264 2645 393 2682 quoniam
410 2643 473 2671 boni
489 2643 623 2678 particeps
642 2642 742 2675 factus,
758 2642 824 2670 illud
842 2642 997 2677 prodidisti,
1019 2649 1052 2669 ac

600 2722 623 2737 “
635 2720 705 2748 l‘saI.
725 2730 805 2752 xxxv,
823 2721 865 2748 10.

703 2758 724 2772 ³⁸
736 2757 809 2784 Psal.
825 2765 861 2787 tv,
875 2757 902 2784 7.
942 2757 962 2771 ³¹
974 2757 1041 2785 Ibid.

722 2792 745 2809 ³⁸
761 2792 833 2819 Psal.
858 2800 917 2824 CIII,
940 2793 966 2820 ι.

299 2726 322 2741 ³³
339 2724 410 2751 Psal.
423 2721 517 2754 t.vu.5,
535 2721 562 2748 ϐ.

265 2768 334 2788 uxv
348 2780 355 2790 .
373 2759 399 2786 5.
437 2758 460 2773 "
475 2757 544 2784 Psal.
562 2757 664 2786 xut.5.

264 2795 347 2822 "lsa.
367 2801 450 2826 vatt,
467 2795 497 2820 Η
521 2801 577 2820 sec.
603 2792 682 2822 ΕΧΧ,

302 2863 358 2897 (Io)
385 2863 425 2888 At!
451 2863 540 2889 ιὶιῑιιιη
567 2863 645 2896 ﬂecti.
672 2862 749 2894 Quod
773 2860 1006 2897 videtuquicetas
1022 2860 1056 2886 de

266 2895 422 2932 attgrlurutn
450 2904 521 2924 statu
546 2895 690 2930 duntarc,
715 2898 767 2924 hoc
791 2897 846 2931 jam
874 2896 907 2923 ab
932 2895 1053 2922 Ecclesia

1181 2720 1255 2783 rt:

1005 2766 1041 2783 l'.
1126 2765 1165 2783 52-
1202 2777 1209 2783 .

1126 2765 1165 2784 sa.
1183 2764 1209 2790 1.,
1227 2764 1269 2783 ιι.

1114 301 1273 326 constanter
1286 297 1312 323 in
1330 301 1355 323 te
1367 296 1504 327 diabolus,
1521 296 1635 322 habitat.

1148 349 1207 376 Col.
1228 349 1280 377 ΗΟ
1293 349 1324 376 C.
1338 349 1438 376 Rursus
1452 351 1594 382 enimuero,
1608 359 1639 377 ac
1651 351 1749 384 sapius
1762 350 1812 376 tibi
1825 350 1904 375 lumi-

1113 402 1176 421 num
1194 395 1360 426 memoriam,
1382 395 1522 429 refricabo,
1539 401 1592 423 etc.
1611 395 1786 429 Quanquam,
1805 394 1903 428 inquit,

1112 442 1165 468 sttb
1180 441 1314 467 orationis
1331 441 1438 467 initittm
1457 441 1491 468 de
1509 441 1624 468 diversis
1644 440 1778 467 luminum
1797 440 1904 474 generi-

1113 482 1165 509 bus
1179 483 1356 509 tractavimus
1374 488 1462 509 tatncn
1477 490 1573 510 rursus
1591 483 1742 517 Scriptum
1757 482 1844 512 locos,
1858 482 1903 515 qui

1112 527 1248 555 lmninnm
1278 528 1445 554 mentionem
1471 527 1583 560 faciunt,
1609 528 1781 563 proferemus
1810 534 1820 553 :
1847 526 1904 553 Lua:

1112 579 1172 600 otta
1187 578 1227 600 est
1240 574 1327 607 justo,
1349 578 1373 599 et
1390 574 1466 600 rectis
1485 577 1564 600 corde
1581 574 1676 600 ln'titia
1687 574 1722 605 ",
1743 574 1833 606 inquit
1855 574 1904 598 Dr-

1112 619 1167 646 vid.
1191 618 1300 646 Sociatn
1321 623 1411 645 autem
1436 619 1619 653 comitemque
1641 618 1755 645 luminis
1779 617 1903 644 letit-am

1111 665 1188 696 dixit,
1207 671 1235 691 ιιι
1250 665 1323 692 illius
1340 665 1474 692 asseclam
1488 669 1569 699 atque
1584 672 1599 691 a
1614 664 1715 692 Davide
1729 668 1902 691 coornataut.

1112 707 1198 741 llnjns
1214 712 1303 733 autern
1324 706 1395 733 illius
1419 706 1550 733 Salomon
1571 706 1610 733 ait
1627 715 1634 732 :
1657 705 1717 733 Lua:
1729 705 1814 740 justi;
1832 705 1904 732 omni

1111 754 1226 782 tempore
1237 748 1277 780 ";
1294 752 1351 775 tutn
1369 748 1451 775 etiam
1466 755 1565 775 rursus
1582 748 1666 774 David
1683 747 1717 774 ad
1741 747 1825 774 Deum
1848 747 1904 773 cla-

1111 798 1182 820 mat:
1196 793 1358 820 "luminum
1370 798 1398 819 tu
1411 794 1568 820 mirabiliter
1576 802 1592 820 a
1605 793 1736 821 montibus
1747 793 1855 820 retentis
1864 792 1902 823 ²⁸;

1111 846 1159 866 nos
1169 838 1242 865 cnim
1254 839 1414 866 interutcdia
1426 839 1586 872 angelorum
1599 846 1683 874 opera
1695 839 1903 868 collustrantur,

1110 885 1156 920 qui
1186 885 1296 919 quidem
1321 889 1429 912 montes
1456 885 1599 918 dicuntur,
1624 885 1697 920 quod
1722 885 1857 912 sublimes
1876 891 1904 910 et

1111 929 1236 956 ctelestes
1250 929 1315 962 sint,
1333 934 1414 964 atque
1428 929 1460 957 ad
1479 930 1573 957 vitium
1590 929 1661 957 ﬂecti
1678 930 1747 964 (l0),
1768 930 1808 956 vcl
1831 929 1904 955 nullo

1112 974 1202 1001 modo,
1230 971 1272 997 vcl
1299 978 1355 998 non
1380 972 1440 998 sine
1468 979 1566 1004 magna
1592 971 1752 999 dillicultate
1778 975 1902 1005 queant:

1110 1013 1204 1039 :eterni
1221 1020 1323 1043 autem,
1339 1013 1403 1047 quia
1431 1013 1577 1040 immortali
1601 1014 1758 1040 conditione
1779 1018 1855 1039 sunt.
1872 1015 1904 1038 At

1111 1066 1185 1084 nunc
1199 1058 1310 1092 quidem
1333 1058 1415 1085 David
1438 1059 1555 1093 supplici
1577 1059 1704 1086 oratione
1723 1059 1784 1085 ait:
1807 1057 1904 1084 Emitte

1110 1103 1194 1130 lucem
1213 1108 1286 1131 tuam
1307 1108 1332 1131 et
1351 1105 1489 1131 veritatem
1512 1109 1585 1131 tuam
1597 1104 1640 1137 ὀς
1662 1112 1736 1131 nunc
1755 1110 1859 1135 autem,
1876 1110 1904 1130 ιιι

1112 1150 1165 1176 voti
1184 1157 1297 1184 compos
1315 1149 1414 1182 factus,
1431 1150 1473 1177 his
1484 1150 1576 1178 verbis
1595 1150 1699 1183 gratias
1715 1150 1770 1184 agit
1785 1156 1792 1178 :
1807 1149 1903 1184 Signu-

1111 1200 1166 1221 tum
1180 1200 1216 1222 est
1233 1203 1311 1229 super
1325 1203 1371 1222 nos
1393 1195 1480 1222 lumen
1498 1195 1584 1222 uultus
1600 1195 1650 1227 tui,
1669 1194 1833 1228 Domine";
1852 1195 1903 1222 hoc

1109 1247 1151 1269 est
1177 1242 1252 1276 signa
1275 1247 1302 1268 et
1314 1246 1394 1269 notos
1420 1241 1509 1269 habeo
1526 1241 1681 1276 splendoris
1697 1241 1791 1268 divino
1821 1241 1903 1268 bene-

1111 1287 1173 1314 ﬂcio
1201 1287 1318 1323 accepti.
1345 1287 1412 1321 Qua
1438 1288 1547 1315 tandem
1574 1288 1651 1323 signa
1676 1292 1703 1316 et
1722 1288 1902 1323 argumenta?

1110 1333 1258 1367 prophetiae
1279 1332 1364 1359 decus
1390 1336 1417 1359 ct
1440 1332 1664 1359 oblectationem.
1692 1332 1797 1360 Dedisti
1815 1332 1901 1363 enim,

1111 1379 1210 1412 inquit,
1236 1378 1359 1405 ltetltiem
1384 1378 1411 1405 in
1435 1377 1514 1405 corde
1537 1386 1594 1404 meo
1604 1377 1637 1403 ".
1660 1377 1749 1406 Unum
1769 1379 1903 1405 tltllﬂl\al

1110 1423 1176 1451 illud
1194 1424 1288 1451 lutnen
1308 1423 1382 1458 fuge.
1406 1424 1440 1450 de
1463 1432 1517 1458 quo
1540 1430 1588 1458 per
1609 1423 1705 1450 Isaiam
1732 1423 1803 1450 Deus
1820 1424 1901 1450 verba

1109 1466 1224 1498 faciens,
1242 1466 1280 1493 ait
1300 1474 1308 1493 :
1329 1466 1469 1492 Ambulate
1483 1466 1510 1492 in
1525 1465 1625 1492 lumine
1640 1465 1708 1500 ignis
1723 1466 1813 1498 vestri,
1834 1470 1859 1492 el
1875 1467 1901 1490 in

1108 1512 1217 1546 ﬂamma
1227 1520 1307 1546 quam
1319 1511 1583 1544 sttccendirtia",hoc
1595 1515 1648 1543 est,
1661 1511 1687 1538 itt
1697 1511 1807 1538 flamma
1821 1511 1901 1545 ignis,

1109 1561 1190 1588 quem
1216 1553 1338 1587 subjecta
1361 1553 1487 1580 vitiorum
1507 1553 1630 1586 materia,
1651 1553 1730 1580 vobis
1745 1553 1899 1580 excitastis.

1112 1598 1288 1626 Deducamini
1305 1599 1338 1626 ad
1358 1599 1514 1634 hujusmodi
1536 1600 1637 1635 ignem,
1653 1605 1682 1626 ut
1699 1606 1733 1627 eo
1749 1598 1902 1634 conﬂagre-

1109 1644 1156 1671 ιιι.
1175 1643 1283 1677 Quibus
1299 1645 1392 1673 verbis
1407 1644 1452 1671 Dei
1469 1646 1537 1673 iram
1555 1644 1703 1680 signiﬁcat.
1724 1645 1800 1680 Ignis
1817 1646 1902 1676 euint,

1108 1688 1207 1723 inquit,
1223 1696 1364 1716 succensus
1378 1694 1417 1716 est
1432 1690 1459 1716 in
1473 1690 1564 1725 furore
1575 1698 1643 1723 meo,
1659 1695 1684 1717 et
1699 1690 1802 1718 ardebit
1821 1698 1902 1725 usque

1107 1734 1142 1760 ad
1163 1734 1262 1769 inferni
1281 1735 1424 1762 nouissima
1435 1736 1469 1762 ³³.
1490 1736 1728 1769 Quemadmodum
1751 1737 1839 1769 enim,
1855 1738 1901 1772 qui

1108 1779 1176 1806 febri
1192 1781 1352 1815 carripitur,
1373 1780 1457 1808 febris
1478 1781 1616 1812 flammam
1641 1782 1826 1816 ardoremque
1849 1782 1900 1809 sibi

1108 1822 1159 1856 ipsi
1178 1823 1320 1855 excitavit,
1341 1823 1448 1851 vitiosis
1470 1824 1602 1852 nimirum
1625 1824 1788 1852 hutnoribus
1810 1826 1838 1851 in
1861 1825 1902 1851 vi-

1106 1875 1184 1896 scera
1199 1876 1250 1896 sua
1264 1869 1403 1904 congestis
1423 1879 1429 1896 :
1451 1871 1546 1898 eodem
1565 1877 1616 1898 nos
1632 1878 1744 1906 quoque
1758 1871 1840 1898 modo
1856 1878 1904 1905 per

1107 1916 1243 1943 scelerum
1261 1916 1403 1943 materiam
1418 1916 1546 1952 supplicii
1564 1917 1723 1944 thesaurum
1741 1917 1822 1944 nobis
1837 1917 1903 1951 ipsis

1107 1961 1293 1995 congerimus,
1319 1961 1465 1996 ignemque
1486 1962 1672 1989 accendimus.
1696 1961 1737 1989 Ac
1767 1962 1900 1996 quoniam

1107 2007 1173 2035 satvi
1187 2011 1214 2034 et
1229 2007 1320 2034 acerbi
1339 2007 1410 2042 ignis
1431 2008 1597 2035 mentionem
1616 2007 1743 2040 fecimus,
1759 2007 1901 2035 distinctio

1108 2048 1262 2076 adhibenda
1294 2054 1347 2077 est.
1375 2048 1443 2077 Nam
1470 2049 1542 2084 ignis
1565 2057 1676 2084 quoque
1703 2056 1825 2084 purgans
1847 2054 1900 2080 est,

1107 2091 1237 2118 nitnitum
1258 2098 1335 2118 amor
1349 2098 1382 2120 ac
1398 2091 1466 2119 ﬁdes
1481 2099 1545 2127 erga
1568 2092 1665 2124 Deum,
1684 2099 1744 2126 qua:
1755 2091 1835 2125 ignis
1851 2098 1902 2117 no-

1107 2137 1240 2172 minatur,
1257 2144 1310 2165 non
1332 2137 1414 2166 modo
1437 2138 1510 2172 quod
1533 2137 1606 2166 acris
1627 2137 1664 2165 sit
1680 2142 1707 2165 et
1721 2137 1834 2169 ardens,
1854 2137 1903 2164 sed

1107 2184 1188 2211 etiam
1214 2183 1286 2219 quod
1306 2183 1413 2211 animos
1433 2187 1542 2211 nostros
1567 2190 1582 2210 a
1607 2187 1720 2217 peccato
1746 2182 1902 2216 ignorantia

1107 2232 1216 2264 purget,
1229 2228 1363 2264 piutnque
1379 2228 1414 2255 ab
1429 2228 1513 2263 impio
1525 2232 1553 2255 et
1568 2228 1672 2256 intldeli
1685 2228 1799 2255 dividat.
1814 2228 1855 2254 Ac
1868 2227 1903 2254 de

1070 2277 1162 2320 Dhoc
1184 2275 1254 2311 ignis
1270 2282 1369 2310 genere
1388 2274 1516 2302 Christus
1534 2275 1560 2302 itt
1584 2275 1658 2302 hunc
1680 2275 1793 2303 modum
1816 2274 1905 2308 loqui-

1110 2328 1153 2349 tur
1170 2331 1178 2349 :
1194 2321 1286 2356 Ignem
1299 2321 1356 2348 ueni
1368 2321 1504 2348 mitterein
1521 2325 1629 2354 terram.
1646 2327 1671 2349 et
1688 2321 1753 2356 quid
1767 2321 1840 2353 volo,
1851 2321 1902 2348 nisi

1109 2373 1136 2394 ut
1163 2367 1307 2394 ardeat“?
1331 2366 1517 2395 Accelerantis
1535 2371 1625 2395 autem
1637 2372 1718 2402 atque
1729 2367 1902 2402 perurgentis

1108 2418 1149 2441 est
1162 2414 1218 2440 lucc
1232 2413 1332 2440 oratio.
1343 2413 1423 2448 Cupit
1436 2412 1508 2440 enim
1521 2420 1570 2439 ttos
1586 2412 1789 2447 quamprimum
1803 2413 1863 2439 bent
1873 2411 1904 2438 li-

1107 2460 1149 2487 cio
1161 2459 1242 2494 allici;
1253 2466 1285 2486 ac
1298 2459 1411 2494 proinde
1422 2466 1470 2493 per
1483 2458 1581 2486 Isaiam
1593 2466 1702 2494 quoque
1714 2459 1749 2485 ita
1762 2459 1901 2493 loquitur:

1108 2505 1196 2533 [labes
1207 2506 1333 2532 carbones
1348 2505 1416 2539 ignis
1433 2511 1443 2531 :
1458 2506 1517 2532 sede
1531 2512 1608 2538 super
1622 2512 1676 2537 eos,
1691 2504 1718 2530 hi
1737 2504 1786 2530 tibi
1797 2504 1903 2530 auxilio

1109 2552 1194 2586 futuri
1205 2551 1302 2578 sunt”.
1314 2551 1400 2578 Porro
1412 2550 1548 2578 carbones
1561 2550 1710 2577 auxiliares
1721 2557 1753 2576 ac
1766 2549 1903 2576 subsidia-

1108 2599 1152 2630 rii,
1164 2598 1252 2632 angeli
1261 2597 1314 2624 dici
1322 2602 1435 2632 queant,
1445 2605 1515 2632 qttos
1527 2597 1617 2632 ignem
1627 2601 1750 2623 urentem
1763 2595 1848 2622 David
1858 2603 1892 2629 ap

1106 2643 1227 2679 pellat".
1241 2642 1300 2670 iam
1313 2643 1383 2671 Deus
1400 2650 1510 2678 quoque
1523 2642 1595 2678 ignis
1609 2642 1820 2676 vocatur,juxt.t
1833 2640 1899 2668 illud

1480 2720 1503 2736 ’⁷
1518 2719 1600 2747 Prov.
1630 2727 1667 2751 tv,
1686 2718 1729 2746 18.
1783 2717 1806 2732 ’⁸
1824 2717 1898 2744 Psal.

1181 2722 1204 2737 "
1220 2720 1292 2748 Psal.
1311 2729 1380 2752 xc".
1403 2720 1440 2748 Η.
1480 2720 1503 2736 ’⁷
1518 2720 1600 2747 Prov.
1630 2727 1667 2751 tv,
1686 2720 1729 2746 18.
1783 2720 1806 2732 “
1824 2720 1869 2744 Pst

1183 2764 1209 2783 ι..
1227 2756 1269 2783 Η.
1307 2757 1329 2772 ³³
1338 2757 1415 2783 Deut.
1433 2764 1519 2783 xxxtt.
1541 2755 1586 2782 22.
1642 2755 1665 2771 ⁸⁸
1681 2754 1747 2781 Luc.
1763 2760 1812 2783 xu,
1824 2753 1869 2780 49.

1307 2757 1329 2772 ³³
1338 2757 1415 2784 Deut.
1433 2764 1519 2787 xxxtt,
1541 2755 1586 2782 22.

1111 2857 1253 2886 deﬁnitum
1271 2861 1324 2888 est,
1345 2863 1392 2883 eos
1407 2856 1548 2886 nimirum,
1567 2856 1612 2889 qui
1628 2863 1641 2880 a
1668 2856 1720 2881 Deo
1736 2862 1784 2890 per
1807 2863 1901 2887 supcr-

1109 2895 1182 2921 b'tam
1199 2900 1253 2920 non
1271 2892 1429 2919 defecerunt
1441 2912 1447 2924 ,
1463 2891 1489 2916 itt
1507 2896 1593 2925 gratia
1611 2891 1789 2918 continuatos
1805 2892 1900 2918 tuisse.
