2027 3162
136 213 204 246 12ὃό

620 211 782 244 NICETAS
805 208 843 239 IX
869 209 980 239 ORAT.
1003 209 1052 239 XL
1074 209 1104 238 Β.
1128 209 1244 239 GllEG.

1699 205 1767 236 1386

133 274 205 303 Quod
237 273 263 300 in
294 272 503 301 Deuteronomio
531 272 646 300 habetur
671 281 678 300 :
699 270 827 298 Dominus
854 268 923 294 Deus
939 268 961 296 Λ
979 270 1069 293 tamen
1086 274 1116 294 se
1129 274 1190 294 esse
1205 266 1291 301 lingit.
1309 266 1362 293 Aut
1379 266 1493 294 fttt‘iassﬂ
1510 267 1699 301 propheticum
1716 266 1767 293 hoc

133 325 193 346 tuus
210 320 275 354 ignis
293 327 448 346 constituens
461 324 499 346 est
510 320 542 346 ³⁷.
560 318 608 345 Est
622 322 711 345 autem
730 321 757 344 et
773 316 840 343 alter
853 314 923 349 ignis

135 366 230 392 vindex
249 373 280 392 ac
297 366 431 393 scelerum
450 366 533 393 ultor.
563 366 651 400 Atque
674 363 730 395 hic,
762 362 860 397 partim
896 360 922 386 in

134 412 183 438 hac
202 411 255 437 vita
270 413 418 439 sceleratos
432 411 584 442 excruciat,
610 415 639 437 ut
654 408 792 444 quondam
812 407 856 434 ille
872 405 923 433 So-

132 458 290 485 dotttiticns.
308 457 434 484 Dominus
464 458 549 489 enim,
570 457 669 492 ittquit,
687 456 753 490 pluit
773 462 851 488 super
873 452 923 479 Su-

132 504 237 530 donmm
251 508 274 530 et
291 503 449 530 Gomorram
466 503 578 537 sulphur
594 508 617 529 ιιι
631 503 715 537 ignem
730 510 746 527 α
764 500 878 526 Dorttino
890 498 922 530 ³³;

132 558 185 582 quo
201 550 283 575 etiam
304 554 462 584 peccatores
476 557 572 577 omnes
600 548 749 583 perfundit,
761 547 839 581 juxta
856 545 922 571 illud

133 595 242 622 Davnlis
257 604 263 622 :
280 594 355 622 I‘luet
381 603 459 629 super
477 600 625 629 peccatores
649 593 766 628 laqueos,
793 593 877 627 ignem
899 596 923 617 et

132 641 242 675 sulphur
256 647 279 668 et
296 642 419 675 spiritum
433 640 655 676 procellarum”.
675 641 714 666 Ac
729 639 844 674 sulphur
863 638 924 672 qui-

132 687 191 714 dem
211 688 300 722 igttcttt
330 688 396 720 alit;
423 687 555 722 procellas
571 693 661 713 autent
689 690 851 713 exsuscnat.
875 684 925 711 llic

133 738 223 760 autem
243 734 313 768 ignis
329 734 492 760 teutatioues
511 738 538 760 et
564 733 735 760 calamitates
753 739 801 759 eas
817 730 922 764 signiti-

132 787 195 806 care
210 779 340 814 queal,in
356 787 436 814 quas,
451 779 497 814 qui
514 779 634 814 graxiter
650 782 774 813 peccant,
790 777 923 803 incidunt.

132 827 296 860 Quanquam
312 825 395 852 etiam
414 833 462 860 per
487 825 577 860 ignem
606 825 679 852 hunc
697 825 766 858 ignis
785 823 829 850 ille
846 822 925 849 intel-

134 873 178 907 ligi
193 873 288 906 possit,
303 872 349 907 qui
363 872 390 898 in
414 873 501 898 altero
519 879 577 898 tero
592 871 692 906 impios
707 871 821 902 cruciat,
841 869 925 896 nimi-

133 927 192 946 rum
221 921 244 947 is
257 919 303 954 qui
332 918 442 945 diabolo
471 923 582 953 paratus
609 921 692 944 estet
719 916 824 951 angelis
851 915 921 950 ejus,
941 936 962 964 Β

132 965 364 999 quemadmodum
400 964 532 990 Dominus
548 963 575 990 in
607 961 757 996 Evangelio
782 961 861 988 docet
874 959 897 976 ⁵ο
914 968 922 987 :

132 1012 173 1037 vel
186 1011 269 1038 etiam
281 1011 336 1043 ille,
354 1011 450 1045 dequo
463 1009 545 1036 David
558 1009 615 1036 ait:
630 1008 703 1044 Ignis
718 1012 779 1035 ante
790 1015 847 1034 eum
858 1014 925 1041 pra:-

132 1060 215 1090 rertet,
229 1061 253 1084 et
266 1058 293 1084 in
309 1058 424 1084 circuitu
435 1056 455 1071 “
471 1056 522 1083 hoc
537 1060 589 1088 est,
605 1053 924 1088 undecunquciuimicos

132 1104 194 1138 ejus
209 1102 409 1130 iullattttttabit:
431 1111 511 1137 quem
538 1102 619 1129 etiam
635 1101 705 1136 ignis
723 1100 836 1127 iluviunt
861 1105 924 1126 ante

133 1157 195 1176 eum
204 1149 383 1184 proﬂuentem
394 1149 513 1183 Scriptut
521 1156 534 1174 a
547 1147 670 1174 noutittat
676 1147 711 1179 ",
721 1146 800 1181 cujus
811 1146 925 1172 tneutio—

133 1204 195 1223 netu
211 1203 321 1230 quoque
334 1195 420 1223 Isaias
437 1194 599 1227 l'aciens,ait
617 1202 625 1220 :
647 1193 746 1220 Verntis
763 1200 852 1219 eorum
872 1199 923 1218 non

133 1242 302 1272 morietur.et
312 1241 382 1276 ignis
390 1249 480 1267 eorum
492 1239 715 1275 exstinguetur“.
724 1238 858 1267 anutem
871 1238 925 1265 lor-

135 1286 294 1313 niidabilior
303 1290 386 1320 atque
397 1285 552 1312 horribilior
560 1291 600 1313 est
618 1285 662 1312 hic
680 1285 762 1320 ignis.
775 1284 847 1319 quod
861 1291 923 1312 cum

133 1332 393 1366 vermeconjunetus
404 1332 448 1364 sit,
457 1340 488 1360 ac
497 1332 632 1367 duplicem
642 1339 750 1367 poenam
762 1331 924 1358 habeat.Per

134 1388 254 1407 vermetn
268 1388 349 1415 porro
360 1386 442 1415 atque
452 1380 541 1415 ignem
553 1380 702 1408 materialis
713 1380 847 1408 crassitiei
867 1379 924 1407 col-

133 1424 355 1458 tiquelactioneut
379 1429 407 1452 et
425 1425 658 1452 excruciationetu
675 1425 804 1460 iutellige.
823 1423 924 1452 Omnes

132 1478 198 1496 vero
212 1470 239 1497 hi
262 1471 338 1504 ignes
359 1471 591 1498 exterminatricis
613 1475 678 1498 sunt
706 1470 854 1503 facultatis,
871 1470 924 1498 hoc

132 1520 184 1548 est,
204 1516 318 1549 ultricis,
337 1524 390 1544 non
409 1521 499 1544 tamen
527 1517 561 1544 ad
590 1516 728 1543 interimat
742 1517 924 1551 essentiwque

133 1564 315 1598 primtionem
329 1562 498 1590 adducentis.
511 1562 610 1597 Duplex
619 1566 661 1590 est
673 1562 745 1588 enim
757 1562 925 1589 extermina-

976 313 1079 340 (littum
1109 313 1260 347 apostolico
1289 313 1325 340 illi
1349 314 1438 341 simile
1462 318 1512 340 est.
1541 314 1616 345 Quod
1639 315 1661 341 si
1685 314 1766 338 etiam

976 363 1094 393 aperturi:
1109 365 1147 386 est
1164 358 1335 394 Eva-tgelium
1354 365 1484 392 nostrum,
1499 360 1525 385 in
1541 360 1572 386 iis
1586 361 1630 394 qui
1644 365 1765 392 pertint,

976 410 1014 432 est
1032 411 1151 440 opertum
1166 406 1200 433 δ’.
1223 405 1409 440 Undecunque
1434 406 1505 433 enim
1527 406 1648 432 veritatis
1672 407 1764 432 lumen

977 453 1092 480 meridie
1109 453 1209 480 clarius
1224 453 1346 484 irradiat,
1363 459 1418 480 tum
1436 461 1451 479 a
1466 453 1578 484 mundo,
1593 458 1647 478 tttm
1662 460 1676 478 a
1693 453 1767 478 Str-

976 500 1074 534 ptnris,
1089 504 1144 527 tum
1159 508 1172 526 a
1187 501 1265 526 nobis
1278 508 1386 535 qunque
1403 500 1479 534 ipsis,
1495 499 1657 533 1”ν1·ιιιιι,‹ιιιί
1671 501 1766 524 (tl'tlitls

977 545 1081 579 aperire
1098 546 1205 578 nolunt,
1220 553 1233 572 a
1250 546 1322 572 ttttlla
1347 554 1440 572 carum
1461 553 1564 577 rerum,
1590 553 1651 579 qua:
1675 546 1700 570 in
1718 553 1765 570 na~

977 596 1037 618 tura
1055 597 1128 624 sttnt,
1147 592 1231 618 Duunt
1250 593 1405 626 perspicere
1424 596 1504 626 atque
1521 592 1619 618 inmori
1639 595 1764 625 possunt.

977 639 1102 674 EUltlm
1126 643 1187 665 sunt
1204 638 1287 664 anitni
1307 638 1449 672 praritate,
1467 643 1496 664 ut
1517 637 1644 663 meridies
1661 636 1697 662 illi
1717 643 1765 669 ιιιο

976 685 1092 719 caligine
1107 686 1152 711 sit.
1178 685 1213 711 At
1233 686 1314 711 etiam
1335 685 1463 714 Satanas.
1480 689 1505 710 et
1530 691 1582 710 nox
1599 687 1650 712 est.
1667 687 1694 709 ct
1719 683 1765 709 lux

977 739 1067 760 tamen
1092 732 1125 759 iis
1149 739 1211 759 esse
1238 731 1355 762 videtur,
1373 731 1419 765 qui
1445 731 1583 764 voluptate
1607 737 1637 756 ac
1661 730 1767 756 deliciis

976 780 1096 813 corrupti
1111 783 1185 806 sntit.
1202 778 1247 805 Ait
1260 778 1360 812 quippe
1375 777 1458 803 David
1473 786 1478 803 :
1494 776 1525 803 Et
1541 785 1592 803 no.1:
1607 776 1767 804 illuitiinulio

976 835 1033 853 mea
1053 827 1079 853 in
1094 825 1196 852 deliciis
1212 827 1274 852 meis
1290 825 1322 857 ",
1337 825 1387 851 ltoc
1404 829 1456 855 est,
1473 824 1600 850 tenebras
1617 823 1688 854 illas,
1706 824 1767 857 qui-

976 874 1029 901 bus
1040 874 1067 900 itt
1079 873 1185 900 deliciis
1196 873 1275 903 meis,
1288 872 1397 906 vitaque
1411 871 1599 905 voluptatibus
1614 869 1765 900 dilllueute,

977 920 1162 947 circumfusus
1182 926 1268 952 cram,
1294 918 1421 946 tenebras
1447 925 1507 944 eSSe
1533 916 1701 948 nesciebam,
1721 924 1767 942 ve-

977 973 1038 993 rum
1059 966 1147 992 lucem
1174 971 1236 991 esse
1263 964 1428 991 arbitrabar.
1454 963 1543 997 Atque
1563 962 1589 988 ιιι
1617 969 1693 995 sane,
1720 962 1767 996 qui

977 1013 1042 1040 luxu
1056 1011 1154 1047 perditi
1171 1015 1246 1043 suttt,
1260 1011 1311 1038 hoc
1327 1011 1405 1036 nnnlo
1422 1017 1453 1036 se.
1470 1009 1588 1041 habent;
1609 1016 1659 1035 nos
1676 1013 1766 1035 autem

977 1059 1063 1087 Oseas
1078 1059 1218 1089 adtnonet,
1232 1061 1260 1084 ut
1274 1057 1396 1084 scientiae
1412 1055 1502 1082 lumen
1519 1055 1597 1082 nobis
1613 1055 1680 1089 ipsis
1692 1054 1768 1081 exci-

977 1111 1077 1134 temus.
1103 1104 1228 1137 Quonam
1253 1106 1344 1130 autem
1372 1101 1451 1128 tuodo
1477 1101 1502 1126 id
1528 1100 1583 1132 ﬁat,
1612 1100 1682 1126 idem
1702 1106 1768 1134 pro-

978 1152 1057 1187 pheta
1079 1151 1124 1178 Itis
1142 1149 1231 1177 verbis
1249 1147 1362 1183 subjicit
1382 1156 1389 1174 :
1414 1146 1548 1174 Sentinate
1565 1146 1634 1172 vobis
1653 1146 1716 1180 ipsi!
1732 1144 1768 1171 ad

972 1198 1121 1233 justitiam,
1144 1195 1302 1223 uiudemiate
1325 1194 1442 1228 fructum
1460 1193 1520 1219 rita.-
1543 1192 1576 1219 ⁸³.
1601 1191 1639 1219 Ita
1655 1191 1767 1218 demum

977 1244 1067 1280 inquit
1086 1242 1229 1278 propheta,
1253 1240 1334 1268 nobis
1359 1241 1482 1268 scientia:
1506 1240 1598 1265 lumen
1622 1245 1768 1272 compara—

977 1290 1078 1321 bitnus,
1098 1289 1121 1316 si
1141 1287 1253 1323 justitiie
1272 1291 1299 1314 et
1322 1285 1430 1313 virtutis
1453 1292 1535 1318 opera
1559 1291 1695 1315 set-amns,
1717 1283 1769 1309 hoc

977 1341 1030 1370 est,
1046 1343 1202 1371 operetnur,
1217 1341 1299 1369 atque
1316 1333 1438 1360 actiones
1471 1332 1532 1358 vitae
1545 1335 1654 1358 aderam
1671 1336 1768 1364 paren-

978 1388 1018 1412 tes
1044 1384 1224 1417 decerpamus
1255 1385 1283 1408 et
1310 1379 1473 1414 colligamus
1502 1386 1509 1404 :
1544 1375 1769 1412 quandoquidem

978 1430 1049 1458 actio
1076 1426 1268 1463 comparanda:
1288 1424 1486 1461 speeulationis
1513 1422 1567 1450 vim
1592 1421 1683 1449 habet.
1713 1420 1766 1448 Lu-

980 1477 1054 1504 mine
1075 1476 1166 1509 itaque
1193 1473 1315 1501 scientiae
1343 1471 1522 1502 illustremur,
1550 1473 1580 1496 ut
1607 1469 1696 1495 lumen
1722 1474 1772 1494 vc—

980 1530 1042 1550 rum
1059 1529 1074 1549 a
1093 1521 1160 1548 falso
1176 1524 1203 1548 et
1226 1518 1357 1547 etneutito
1377 1517 1480 1544 lumine
1501 1515 1658 1542 discernere
1684 1520 1769 1548 quea-

979 1576 1051 1599 mus,
1075 1574 1107 1594 ac
1135 1573 1187 1594 non
1214 1565 1241 1592 in
1265 1564 1366 1591 malum
1389 1567 1517 1596 tanquam
1546 1561 1572 1588 in
1592 1561 1693 1588 bonutn
1722 1567 1770 1595 per

134 1614 181 1641 tto,
195 1607 427 1643 quemadmodum
437 1612 464 1634 et
475 1607 601 1642 perditio.
618 1606 677 1634 Nisi
696 1606 759 1641 quis
768 1605 838 1634 forte
852 1606 925 1634 hunc

980 1620 1102 1642 errorem
1129 1611 1293 1639 incidamus.
1321 1609 1377 1636 Nec
1407 1615 1472 1636 vero
1494 1606 1643 1642 nobisipsis
1663 1609 1770 1634 tantum

133 1655 269 1682 vindicent
277 1654 365 1689 ignem
375 1653 512 1680 mitiorem
519 1658 546 1680 et
553 1653 766 1680 moderationem
774 1652 927 1688 intelligere

134 1700 208 1732 velit,
219 1707 303 1734 quam
314 1699 447 1727 scelerum
459 1705 617 1727 nostrorum
626 1699 758 1727 atrocitas
767 1704 906 1727 mereatur
917 1706 926 1731 ;

134 1750 229 1782 utpote
244 1747 308 1781 quia
319 1745 390 1773 Deus
406 1746 502 1774 vindex
516 1746 619 1781 justam
640 1752 749 1781 pinnam
771 1745 928 1774 misericor-

132 1793 177 1821 dia
197 1797 225 1821 et
245 1794 356 1820 lenitate
370 1798 522 1828 temperare
537 1793 634 1820 soleat.

167 1839 228 1866 Col.
253 1839 306 1866 4ιῦ
331 1838 360 1865 Β.
387 1838 616 1871 Quemadmodum
637 1846 717 1874 porro
739 1838 837 1873 duplex
856 1837 926 1873 ignis

133 1893 213 1920 genus
227 1889 276 1918 est,
290 1889 343 1913 etc.
357 1884 594 1918 Quemadmodum
610 1885 746 1919 duplicem
763 1884 853 1918 ignem
864 1890 927 1912 esse

133 1933 316 1966 ostendimus,
332 1934 449 1960 alterum
466 1935 642 1966 purgantem,
659 1931 776 1957 alterum
791 1930 926 1958 scelerum

133 1979 269 2007 vindicem
286 1986 296 2006 :
314 1979 351 2006 ita
368 1979 468 2013 duplex
493 1985 604 2013 quoque
629 1977 720 2005 lumen
738 1981 791 2010 est,
808 1976 926 2004 alterum

134 2027 236 2054 bonum
254 2025 409 2060 mentisque
425 2028 525 2051 nostra:
539 2023 726 2052 illuminanda
740 2023 796 2051 vim
811 2022 925 2057 habens,

133 2072 250 2099 alterum
265 2071 346 2098 fallas
361 2075 388 2098 et
402 2069 535 2102 iocatum,
549 2076 669 2104 veroque
681 2069 790 2102 lumini,
804 2069 857 2097 hoc
872 2074 926 2103 est,

133 2119 254 2152 Christo,
280 2117 462 2148 conn-arium.
490 2115 532 2143 vel
559 2120 589 2143 ut
612 2115 805 2150 caliginosum.
831 2115 873 2143 vel
897 2119 928 2143 ut

134 2165 266 2193 infestum
282 2164 362 2191 nobis
383 2167 410 2191 et.
434 2162 544 2195 hostile,
560 2162 783 2198 quandoquidem
808 2160 926 2190 Satanas

134 2219 244 2247 quoque
259 2214 382 2242 vocatur,
405 2210 458 2237 hoc
477 2215 530 2241 est,
553 2208 740 2237 adversarius.
757 2207 809 2242 Qui
831 2209 925 2242 etiam,

134 2266 198 2285 cum
213 2257 300 2292 caligo
314 2257 361 2289 sit,
373 2256 466 2283 lunten
480 2260 571 2283 tamen
587 2255 673 2282 videri
687 2255 744 2282 vult
759 2264 766 2282 :
782 2255 927 2291 transﬁgu-

136 2310 212 2332 ratur
226 2305 298 2331 enim
313 2304 340 2330 in
357 2303 484 2338 angelum
498 2302 578 2334 locis,
593 2307 624 2330 ut
637 2302 689 2329 sub
701 2309 734 2330 ea
747 2302 838 2338 specie
852 2309 926 2330 mor-

136 2352 202 2379 tales
220 2351 245 2378 itt
263 2350 388 2378 fraudem
404 2349 525 2384 impellat
545 2349 579 2376 “.
602 2349 642 2376 Ac
661 2349 791 2384 permulti
814 2348 924 2383 quidem

135 2405 198 2425 eum
213 2398 356 2432 caliginem
369 2404 432 2425 esse
446 2404 500 2424 non
517 2396 772 2424 animadverterunt
784 2403 816 2424 ac
829 2396 926 2430 depre-

137 2444 290 2470 hcndcrunt
315 2452 321 2471 :
346 2450 440 2470 verum
469 2443 610 2471 meridiem
637 2449 698 2470 esse
722 2443 925 2475 existimarunt,

136 2491 189 2517 hoc
209 2494 262 2521 est,
287 2488 468 2516 clarissimam
486 2489 586 2522 lucem,
604 2488 830 2524 quandoquidem
851 2488 926 2516 circa

138 2536 278 2563 meridiem
293 2535 340 2562 lus
363 2535 481 2562 maritae
503 2536 583 2570 viget.
607 2536 695 2571 Atque
720 2536 748 2564 in
771 2536 845 2563 hunc
862 2543 926 2563 sen-

137 2590 198 2610 sum
220 2582 286 2609 illud
301 2581 335 2609 de
352 2582 442 2616 impiis
459 2588 490 2608 ac
512 2583 794 2616 perditishominihns
808 2583 841 2610 ab
855 2582 925 2611 Isaia

137 2630 239 2656 dictum
263 2629 384 2663 intelligo
399 2637 406 2654 τ
423 2627 456 2654 In
478 2629 635 2655 meridianis
650 2629 762 2656 tenebris
776 2631 876 2665 fugient
891 2630 926 2662 “,

139 2676 166 2702 id
190 2681 242 2708 est,
266 2676 293 2702 in
312 2675 436 2702 dattnone
460 2683 598 2702 summum
615 2676 717 2703 bonutn
743 2677 858 2710 fugient,
882 2681 929 2703 aut

140 2722 221 2750 variis
247 2727 274 2748 et
301 2721 466 2748 turbulentis
490 2721 633 2748 erroribus
654 2722 852 2754 distrahentur,
882 2722 928 2757 qui

139 2768 248 2802 quidem
276 2768 402 2800 dannon,
432 2768 560 2802 quamvis
587 2768 674 2804 caligo
702 2769 759 2800 sit,
787 2769 928 2796 meridiem

178 2847 198 2863 ³⁷
212 2848 290 2874 Dent.
308 2854 344 2876 tv.
371 2846 417 2873 2t.
456 2846 478 2862 ⁸⁸
498 2845 566 2873 Gen.
587 2854 644 2879 ns,
661 2847 706 2873 5|.

145 2880 187 2908 10⁸
224 2883 246 2898 ⁵⁸
262 2883 315 2909 lsa.
339 2889 412 2912 vat,
430 2881 476 2908 24.
529 2882 551 2896 ⁸⁵
567 2882 587 2908 li
606 2882 669 2909 Cor.
691 2890 728 2914 ιι,
745 2882 788 2908 Μ.

144 2917 166 2933 ³⁸
182 2917 252 2946 Osee
269 2926 296 2951 tt,
316 2919 359 2945 te.
397 2917 419 2933 δ’
435 2917 554 2952 Philipp.
573 2925 603 2950 tt,
624 2918 667 2944 15.

761 2847 782 2863 ³’
795 2846 867 2875 Psal.
887 2855 913 2880 ι,
932 2848 958 2875 7.

838 2883 861 2898 ⁸⁵
881 2883 931 2910 lsa.
950 2891 1004 2910 LVI.
1024 2884 1064 2910 10.

733 2917 756 2933 ⁵⁸
770 2917 869 2944 .leretn.
887 2926 944 2949 xm,
964 2920 1004 2944 l6.

979 1660 1101 1688 scientia
1120 1659 1212 1686 lumen
1231 1657 1396 1688 excitemus,
1414 1655 1462 1683 sed
1480 1655 1575 1686 etiam,
1592 1652 1663 1688 quod
1681 1659 1770 1686 majus

977 1712 1038 1739 est,
1067 1706 1142 1733 velut
1170 1704 1317 1732 luminaria
1345 1703 1506 1734 eﬂicinmnr,
1536 1700 1772 1736 quemadmodum

978 1753 1016 1780 ait
1041 1752 1188 1788 Apostolus
1210 1750 1245 1784 δ’,
1272 1755 1299 1778 ct
1323 1750 1398 1785 quod
1419 1750 1569 1777 maximum
1590 1752 1643 1779 est,
1670 1745 1772 1773 divini—

980 1803 1062 1824 tatem
1090 1797 1256 1830 arripiamus
1274 1803 1282 1821 :
1300 1802 1362 1829 quae
1388 1793 1499 1828 quidem
1529 1793 1647 1827 primum
1669 1798 1702 1818 ac
1721 1797 1771 1825 pu-

979 1843 1120 1871 rissimum
1145 1841 1238 1868 lumen
1265 1845 1326 1874 est,
1354 1847 1387 1868 ac
1413 1838 1605 1874 perceptibile,
1633 1844 1686 1864 non
1707 1835 1769 1871 qui-

978 1891 1040 1918 dem
1057 1893 1166 1919 natura,
1183 1887 1230 1915 sed
1248 1886 1335 1922 gratia
1349 1890 1377 1913 et
1392 1885 1484 1913 divina
1501 1883 1715 1910 illutnittatione.
1731 1882 1771 1910 ita

977 1935 1110 1963 Jeremias
1125 1935 1259 1966 ltortatur,
1269 1932 1364 1967 Arripe
1379 1939 1438 1958 eam
1456 1938 1465 1958 :
1484 1930 1519 1957 ad
1535 1930 1698 1965 splendorem
1710 1936 1775 1963 pro-

978 1982 1105 2017 ﬁciscere,
1121 1986 1200 2015 atque
1219 1979 1347 2013 eregione
1366 1977 1433 2005 luris
1445 1977 1530 2008 illius,
1547 1980 1687 2009 antequam
1706 1983 1771 2002 ron.

979 2028 1149 2057 tenebreuat.
1164 2031 1189 2054 et
1213 2026 1366 2060 priusquam
1386 2024 1462 2059 pedes
1475 2023 1559 2050 nostri
1573 2023 1607 2050 ad
1622 2027 1720 2049 montes
1732 2026 1773 2048 te-

979 2075 1101 2102 nebrosus
1129 2071 1342 2108 impinguaut“.
1359 2071 1420 2104 Quo
1445 2070 1505 2098 loco
1527 2077 1575 2105 per
1599 2069 1681 2104 pedes
1709 2069 1773 2096 vita:

978 2121 1112 2149 rationem
1138 2124 1166 2147 et
1193 2119 1348 2147 institutum
1388 2117 1512 2152 accipere
1538 2123 1706 2151 possumus:
1725 2123 1772 2150 per

977 2172 1085 2196 montes
1119 2171 1223 2198 autem,
1263 2165 1402 2193 daemones
1441 2168 1552 2198 propter
1587 2163 1773 2197 arrogantims

977 2218 1005 2242 et
1021 2213 1190 2248 superbiam,
1203 2211 1246 2240 vel
1256 2211 1339 2240 etiam
1364 2218 1460 2238 eorum
1487 2210 1611 2245 laqueus,
1626 2210 1672 2244 qui
1691 2217 1771 2236 mon-

981 2265 1022 2288 les
1033 2259 1144 2295 quidem
1172 2259 1312 2290 dicuntur,
1330 2257 1403 2293 quod
1427 2264 1475 2292 per
1489 2264 1536 2284 eos
1560 2257 1717 2291 prudentes,
1745 2259 1772 2281 et

980 2314 1054 2334 sanae
1071 2305 1171 2333 mentis
1186 2304 1313 2332 homines
1329 2310 1502 2338 nequaquam
1520 2302 1657 2334 incedant,
1667 2306 1693 2328 et
1708 2302 1771 2336 quia

978 2351 1111 2388 praarupti
1141 2357 1173 2378 ac
1197 2350 1318 2385 pestiferi
1343 2353 1408 2376 sttnt
1425 2357 1432 2375 :
1452 2348 1590 2375 tenebrosi
1613 2353 1712 2381 autem,
1743 2353 1770 2374 ul

981 2399 1092 2426 obscuri
1113 2402 1194 2432 atque
1209 2396 1319 2424 oculum
1338 2395 1472 2421 fallentes.
1489 2393 1564 2426 Quos
1580 2399 1608 2419 ut
1623 2394 1768 2428 fugiamus,

980 2444 1079 2480 inquit,
1095 2442 1243 2478 Apostolus
1253 2442 1287 2473 ⁸⁸,
1302 2439 1422 2475 quandiu
1438 2439 1497 2466 dies
1510 2443 1563 2470 est,
1588 2439 1613 2466 id
1629 2443 1681 2469 est.
1712 2438 1772 2465 vine

980 2494 1005 2518 et
1022 2489 1124 2516 laboris
1146 2492 1265 2522 tempus,
1292 2489 1320 2513 ut
1344 2486 1370 2512 ιιι
1393 2485 1437 2512 die
1456 2485 1571 2512 honeste
1587 2484 1771 2516 ambulemus,

980 2536 1048 2564 nihil
1064 2540 1153 2570 turpe,
1169 2534 1237 2561 nihil
1255 2533 1289 2561 ab
1305 2533 1422 2560 honesto
1437 2536 1463 2559 et
1480 2532 1580 2558 decoro
1596 2530 1714 2557 alienum
1730 2531 1771 2556 t'a-

980 2585 1094 2614 cientes,
1111 2589 1161 2609 nec
1181 2579 1437 2612 romessationibus,
1454 2583 1479 2606 et
1494 2577 1630 2609 ebrietati,
1647 2581 1726 2610 atque
1738 2584 1770 2603 εκ

979 2630 1013 2657 iis
1027 2634 1116 2656 citum
1136 2627 1300 2655 habentibus
1316 2625 1451 2654 cubilibus
1465 2629 1494 2652 et
1504 2623 1680 2659 impndieitiis
1695 2623 1770 2649 addi-

980 2680 1083 2706 eentvs,
1099 2682 1159 2709 quze
1182 2674 1291 2708 quidem
1314 2672 1412 2699 furtiva
1436 2671 1525 2699 noctis
1544 2679 1625 2706 opera
1641 2674 1715 2700 sunt,
1739 2677 1772 2696 ac

981 2725 1093 2756 propter
1119 2719 1311 2746 verecundiam
1329 2718 1422 2752 reique
1448 2716 1644 2744 obscenitatem
1665 2717 1772 2742 occulte

982 2767 1132 2801 furtimque
1145 2770 1323 2802 peraguntur,
1347 2764 1576 2800 quemadmodum
1599 2767 1694 2790 contra
1717 2761 1769 2788 diei

1300 2845 1322 2862 “
1339 2845 1411 2873 Psal.
1436 2851 1507 2875 XCVI,
1522 2844 1549 2871 5.
1585 2841 1608 2861 υ
1628 2842 1693 2870 Dan.
1720 2849 1771 2873 vn,

1010 2848 1033 2864 ¹⁸⁰
1049 2847 1145 2875 Matth.
1164 2855 1190 2878 v,
1214 2847 1262 2874 Μ.
1300 2847 1322 2862 δ’
1339 2847 1411 2873 Psal.
1436 2851 1507 2875 xcw,
1522 2847 1549 2871 5.
1585 2847 1608 2861 ἰ
1628 2847 1693 2870 Dan.
1720 2849 1770 2873 vn,

1024 2884 1064 2910 to.
1117 2883 1138 2898 "
1160 2882 1180 2908 II
1198 2883 1261 2909 (lor.
1277 2889 1313 2910 tv.
1339 2881 1366 2908 ὃ.
1423 2880 1446 2895 ⁵⁷
1464 2879 1543 2910 J’sal.
1567 2885 1699 2910 cxxxvnt,
1725 2878 1770 2904 tt.

1117 2883 1138 2898 "
1160 2882 1180 2908 II
1198 2883 1261 2909 (lor.
1277 2889 1313 2911 Iv.
1339 2881 1366 2908 5.

1044 2919 1063 2934 "
1081 2918 1157 2944 Rom.
1180 2926 1237 2948 χιιι,
1255 2916 1344 2944 i214.
