2027 3162
235 176 301 210 1237

233 283 258 309 ci
265 286 356 309 untur.

269 328 327 355 Col.
336 327 398 358 4H,
407 327 438 352 Α,
445 325 569 351 Omnibus
579 322 700 349 membris
707 321 886 356 puri/iacturis,
895 324 946 346 etc.
953 319 1027 345 Nune

234 375 266 400 de
283 374 401 407 quinque
414 378 541 397 sensuum
555 373 714 403 purgatione
724 372 831 395 tractat.
842 371 1002 400 argumento
1013 372 1026 390 τι

235 419 373 452 Scriptura
395 416 488 451 petito.
503 417 540 441 Ac
554 415 669 448 primum
687 413 720 439 dc
732 414 802 441 visu,
826 412 947 438 omnium
964 418 1025 436 scu«

233 473 312 492 suutn
329 463 463 498 prinxipe,
483 462 632 489 disserens.
652 461 689 486 ait
707 469 710 486 :
728 459 916 485 lllunxinentnr
946 456 1025 488 oculi,

232 517 270 543 ut,
287 510 359 544 quod
384 509 419 535 ait
439 508 579 536 Salomon,
599 511 670 532 recta
696 513 834 532 cernamus
847 504 880 535 η,
905 511 936 530 ac
962 511 1026 534 non,

232 556 302 591 quod
320 560 391 581 vetat
404 555 549 586 Dominus,
564 554 682 579 curiose.
701 557 726 577 et
745 550 972 585 ioncupisccutiaa
995 558 1026 574 ac

233 602 353 629 libidinis
364 609 446 628 causa
464 601 611 631 intuentes,
630 599 715 632 stup:i
734 597 909 624 simulacrum
936 595 961 621 in
978 603 1027 621 no-

233 647 273 673 bis
296 646 508 674 constituamus.
527 643 646 678 Alioqui,
659 643 741 669 etiam
760 642 780 668 si
794 641 896 667 libidini
910 648 956 674 per
968 647 1027 664 cur-

232 699 344 727 poreum
369 698 546 724 congressum
573 697 626 716 non
642 688 853 715 succumbamus
876 688 938 721 (hoc
954 686 1025 712 cnim

232 738 352 764 :tdoralio
372 735 516 771 signiﬁcat)
537 740 625 760 tamen
642 734 667 760 in
687 735 778 759 animo
799 732 894 759 sordes
910 731 1027 764 excipie-

231 791 321 816 euus,
338 783 479 816 impressis
493 781 617 807 videlicet
634 781 660 806 in
683 780 759 806 nobis
777 779 879 813 peccati
895 777 989 804 formis
1001 783 1027 803 et

235 830 402 856 simulacris.
425 828 556 862 Quisquis
578 827 649 854 enim
677 826 792 860 cupidos
821 825 914 851 oculos
929 825 955 850 iu
979 824 1027 849 ali-

234 883 315 910 quem
333 874 467 908 injeeerit,
488 873 541 905 iam
561 872 726 898 adulterium
744 871 880 897 commisit.
897 870 923 895 in
945 868 1026 895 cordo

236 921 330 948 Suo".
347 920 375 947 Si
393 927 490 954 magna
506 919 628 952 quaedam
641 918 724 944 animi
743 916 913 951 perturbatio
929 913 954 941 in
977 923 1025 940 no-

233 967 284 997 bis,
296 967 373 1000 quasi
388 965 489 997 trabes,
506 965 598 994 fuerit,
617 967 663 989 ειιιῑ
678 970 771 996 parva,
787 966 816 988 ut
830 961 944 991 festuca,
959 960 1028 986 haue

235 1014 278 1048 de;
289 1013 415 1044 ellumus,
428 1016 457 1038 ut
474 1012 588 1037 aliorum
606 1016 714 1044 quoque
737 1008 850 1034 vitiosos
866 1007 948 1033 animi
962 1006 1027 1032 alle—

233 1050 294 1085 ctus
309 1058 462 1092 perspicere
478 1057 626 1090 possimus.
654 1055 726 1087 Ejice
742 1056 824 1083 enim,
852 1052 950 1086 inquit.
973 1053 1027 1086 pri-

234 1113 304 1131 mum
323 1104 422 1130 trabem
442 1103 473 1129 ab
490 1103 565 1128 oculo
580 1107 633 1133 tuo,
656 1106 679 1127 et
696 1105 749 1126 tum
764 1100 924 1133 re:picie.s,ut
936 1098 1027 1132 ejicins

232 1151 361 1186 festuwnm
378 1151 409 1175 ub
427 1149 502 1175 oculo
518 1148 610 1182 fratris
628 1147 667 1174 tui
680 1147 712 1173 “.
727 1145 920 1172 Illumineutur
935 1151 1026 1173 aures.

235 1204 335 1224 utcutn
365 1196 463 1226 [invide
492 1195 628 1222 dicatuus.
661 1193 786 1223 Audiam,
815 1192 877 1226 quid
904 1191 1028 1224 iuqualur

233 1244 260 1268 in
288 1250 327 1268 me
345 1241 472 1267 Dominus
487 1240 520 1266 ".
550 1239 581 1265 Et
597 1246 692 1265 rursus
712 1246 719 1264 :
740 1237 870 1263 Auditum
895 1236 937 1269 fut:
964 1236 1027 1261 mihi

234 1295 309 1313 mane
323 1286 531 1312 miserirordiam
545 1291 615 1311 tuam
625 1285 658 1310 ⁸⁸.
674 1283 730 1310 Hoc
743 1287 795 1314 est,
811 1282 1025 1309 misericordiam

235 1339 390 1366 lttmtt,qtt;u
411 1333 444 1358 ab
456 1332 488 1358 iis
506 1332 550 1365 qui
565 1333 590 1357 in
601 1329 749 1364 spitituules
761 1330 827 1355 lucis
836 1329 940 1354 oriente
952 1332 1026 1358 sunt,

238 1378 420 1413 conspicitur,
450 1377 583 1404 acoelera.
615 1377 645 1402 lit
673 1376 727 1402 alio
744 1375 803 1401 loco
820 1383 826 1400 :
845 1374 954 1400 Auditui
971 1381 1026 1399 meo

235 1425 311 1450 dabis
330 1424 456 1458 gaudium
483 1428 507 1449 et
521 1422 724 1449 mutilationem
740 1422 774 1454 ⁵τ,
805 1421 855 1447 hoc
867 1424 919 1451 est,
945 1425 1026 1446 aures

235 1479 310 1497 meas
329 1470 424 1496 laetitia
439 1468 647 1502 rtjucuudila'c
660 1467 822 1497 (-uu-ulabis,
839 1465 966 1500 mysteria
981 1469 1026 1490 tua

234 1516 300 1542 mihi
325 1516 467 1542 insonans.
486 1513 655 1539 llluminetur
670 1513 773 1546 lingua,
786 1519 820 1537 ne
835 1511 929 1537 eadem
947 1509 1026 1535 nobis

236 1560 354 1586 infamia:
370 1564 431 1585 uota
452 1556 726 1591 iuuratur,qn;eillis,
743 1557 775 1582 de
793 1554 892 1589 quibus
914 1555 951 1580 ait
973 1553 1025 1579 Da-

235 1604 278 1631 vid
296 1613 303 1630 :
321 1609 345 1630 et
360 1603 449 1638 lingua
470 1610 560 1628 eorum
589 1601 693 1635 gladius
712 1603 808 1625 acutus
823 1599 867 1630 “';
891 1598 940 1624 hoc
966 1602 1024 1629 est,

238 1655 382 1676 sermones
400 1648 533 1681 ipsorum,
561 1646 608 1679 qui
639 1652 686 1679 per
716 1644 812 1670 dentes
837 1642 1023 1676 proferuntur,

235 1694 307 1721 noxii
333 1701 365 1720 ac
383 1692 528 1727 perniciosi
562 1695 649 1717 sunt:
667 1694 692 1716 et
717 1688 946 1724 quemadmodum
967 1686 1026 1721 gia-

236 1740 298 1766 dius
317 1739 349 1766 ad
366 1743 455 1766 cotem
469 1741 577 1764 amotus
591 1741 616 1762 ct
632 1740 774 1766 exacutus,
791 1734 928 1761 hominem
944 1731 1024 1759 facile

233 1786 265 1812 de
282 1786 370 1812 medio
385 1785 464 1814 tollit.
489 1789 542 1810 tam
572 1783 652 1809 etiam
676 1782 768 1815 lingua
784 1787 892 1811 eorum,
916 1778 1024 1806 calum—

238 1832 291 1858 uiis
318 1836 344 1858 ct
381 1828 630 1857 obtrectationibus
657 1832 785 1860 oracula,
802 1825 881 1853 facile
904 1825 1024 1852 homini-

234 1879 285 1905 bus
313 1885 405 1904 necem
437 1876 524 1902 :dl‘ert.
543 1873 617 1901 Talis
633 1879 692 1900 erat
709 1872 781 1907 Doeg
807 1872 851 1899 ille
865 1871 961 1906 Syrus,
977 1871 1024 1906 qui

233 1925 401 1951 sacerdotem
420 1920 578 1949 Abimelech
596 1919 668 1954 apud
690 1919 800 1946 Saulem
825 1917 933 1950 detulit,
951 1917 1024 1952 quod

233 1970 361 1997 Davidem
390 1969 538 2004 fugientem
568 1966 745 2001 suscepisset,
774 1972 807 1993 ac
829 1964 1023 2000 propositionis

233 2017 377 2051 pauesipsi
390 2015 518 2046 dedisset,
532 2019 614 2048 atque
626 2012 702 2039 necis
714 2012 837 2039 omnium
851 2011 1022 2039 sacerdotum

232 2067 330 2089 auctor
347 2061 438 2087 fuit".
457 2060 493 2086 De
508 2066 561 2093 quo
575 2064 602 2085 et
617 2058 644 2084 in
659 2057 773 2085 Psalmis
788 2058 825 2084 ita
840 2058 940 2084 dictum
957 2060 998 2083 est
1014 2065 1021 2083 :

237 2106 310 2133 Velut
323 2105 450 2132 novacula
461 2108 541 2130 acuta
551 2103 636 2137 furiali
648 2102 737 2129 dolum
745 2103 778 2134 ¹⁰,
789 2102 839 2129 hoc
846 2107 888 2129 est
896 2101 1023 2128 callidum

233 2157 261 2178 ct
277 2151 481 2177 fraudulentum
498 2148 643 2175 consilium
667 2147 759 2173 animo
777 2146 943 2180 concepisti,
968 2153 1023 2180 quo

235 2197 306 2222 [ιυιιὶ
323 2195 432 2229 negotio
460 2193 635 2220 sacerdotum
664 2192 801 2219 civitatem
822 2191 958 2223 excidisti,
977 2199 1023 2217 vc-

234 2242 327 2274 lutque
343 2238 482 2266 abi-risisti.
501 2236 635 2263 Novacula
655 2236 728 2264 cnim
745 2243 851 2263 comam
873 2236 953 2262 facile
974 2237 1021 2262 de-

234 2287 321 2312 metit.
347 2284 404 2311 Hoc
433 2288 523 2310 autem
554 2282 662 2309 Davidis
693 2282 794 2309 dictum
827 2281 854 2308 in
881 2281 1020 2315 diabolum

233 2339 342 2366 quoque
356 2329 478 2365 torqueri
493 2333 585 2364 queat.
604 2327 640 2355 Ut
654 2329 726 2355 enim
748 2329 880 2355 novacula
899 2329 1022 2362 apprime

232 2381 348 2404 exacula
365 2376 401 2403 ita
420 2382 527 2402 contam
543 2374 690 2407 abscindit,
705 2379 733 2401 ut
752 2375 799 2409 qui
817 2374 932 2407 raditur,
951 2373 1020 2400 nihil

233 2423 333 2450 sentiat
349 2430 356 2449 :
373 2421 412 2448 sic
427 2421 507 2448 etiam
524 2419 661 2451 diabolus.
678 2427 732 2455 qua
747 2425 789 2447 est
801 2419 951 2447 calliditate
979 2423 1021 2445 at-

232 2477 286 2504 que
301 2469 432 2500 versutia,
449 2467 527 2494 dolos
554 2467 590 2494 ita
619 2466 794 2494 machinatur
821 2472 902 2501 atque
923 2467 1021 2492 anith

233 2516 360 2550 gratiam,
379 2515 431 2541 hoc
454 2517 505 2545 est,
533 2513 658 2540 virtutetn
673 2517 700 2541 et
714 2514 856 2541 scientiam
881 2513 1018 2544 detondei,

233 2566 259 2587 ut
276 2568 306 2587 ea
329 2561 380 2587 sibi
395 2560 452 2587 haec
471 2563 631 2586 ornamenta
649 2559 756 2586 detrahi
776 2567 828 2585 non
855 2558 965 2585 sentiat.
983 2557 1020 2584 De

232 2615 287 2642 quo
308 2611 334 2633 et
355 2607 381 2633 in
395 2607 458 2636 hoc,
472 2605 541 2632 etin
561 2613 634 2632 nono
649 2605 754 2639 psalmo
784 2605 855 2631 idem
886 2603 1020 2638 Propheta

231 2654 269 2680 ait
289 2661 295 2679 :
314 2651 399 2686 Cujus
414 2651 599 2677 maledictionc
619 2659 646 2677 os
659 2651 765 2686 plenum
789 2656 827 2677 est
846 2655 870 2676 et
888 2651 1022 2676 amaritu-

231 2698 291 2724 dine
308 2702 331 2724 et
349 2696 421 2725 dolo.
442 2695 489 2722 sub
505 2695 595 2729 lingua
614 2695 671 2729 ejus
688 2696 764 2722 labar
780 2700 804 2722 et
821 2695 897 2721 datur
914 2695 947 2721 ⁶¹.
966 2695 1020 2721 Do-

234 2744 273 2770 lus
288 2745 360 2771 enim
379 2744 500 2773 consuil,
524 2750 556 2769 ac
581 2743 650 2769 mala
667 2743 750 2769 struit
763 2747 789 2769 et
802 2743 924 2775 molitur,
941 2747 1022 2778 atque

269 2811 291 2825 θ’
308 2811 386 2837 Prov.
406 2819 442 2840 tv,
463 2810 507 2837 '25.
547 2810 569 2825 ”
584 2810 677 2837 Matth.
697 2819 720 2842 v,
745 2811 790 2838 28.

233 2846 269 2871 al.
292 2853 317 2875 L,
333 2846 374 2872 lt).
412 2846 434 2861 "
449 2846 518 2871 I’sal.
534 2853 587 2876 ιιι,
605 2847 631 2871 Ii.
671 2847 693 2861 δο
711 2848 717 2872 I
736 2846 799 2880 I’wg.
819 2856 873 2880 xxt,
890 2856 957 2875 xui.

235 2899 243 2911 ,
260 2888 288 2912 ιι,
305 2881 314 2905 l
334 2888 409 2913 seqq.
450 2882 472 2896 εν
490 2881 542 2907 ιδῃ.
560 2889 601 2912 ιιι,
617 2881 660 2906 ξι.
702 2881 723 2897 ⁸⁵
743 2881 820 2909 Cant.
840 2891 859 2914 ι,
887 2883 913 2909 2.

829 2812 852 2828 ’⁸⁵
867 2812 962 2840 Matth.
981 2822 1017 2864 1ζὸ

996 2850 1017 2864 ⁶⁰
1040 2849 1110 2875 ['sal.
1127 2859 1162 2888 ιι,
1178 2851 1194 2877 4

972 2884 993 2899 ⁸⁵
1010 2883 1032 2911 Ii
1052 2884 1114 2912 Cor.
1138 2894 1166 2916 ll,
1188 2885 1228 2912 15.

945 174 1019 203 AD‘)

1076 172 1134 201 DA.
1804 169 1874 198 7‘3

232 243 327 271 opera,
343 239 453 270 propter
469 233 638 261 honestatem
656 230 742 266 palam
771 234 917 264 aperteque
944 227 1028 254 eunti-
1043 231 1065 259 Α
1081 228 1144 254 huic
1165 228 1255 254 studio
1271 227 1413 257 incumbit,
1430 231 1459 253 ut
1477 234 1525 253 nos
1545 225 1649 251 insidii;
1667 225 1874 252 cir(umvcnius

1080 275 1230 308 opprimat.
1248 273 1382 306 Quocirca
1403 281 1558 304 mutamus,
1580 280 1612 298 uc
1627 272 1691 306 quid
1711 271 1874 305 hujusmmi

1081 320 1232 352 faciamus;
1250 328 1355 352 verum,
1370 320 1440 346 sicut
1457 319 1489 345 ad
1504 318 1660 345 Corinthios
1679 318 1781 344 Paulus
1800 317 1874 343 scri-

1080 367 1126 396 bit.
1141 367 1286 401 loquamur
1299 366 1412 400 mysticc
1430 371 1457 392 el
1469 370 1547 392 caute
1564 372 1594 392 ea
1612 373 1672 399 qua:
1688 365 1806 398 impuris
1819 366 1872 389 lto-

1080 413 1199 440 miuibus
1218 417 1287 439 tecta
1303 417 1367 438 sunt
1380 417 1406 438 et
1417 411 1575 438 abscondita
1591 411 1623 437 ".
1646 410 1742 445 Igneus
1759 410 1872 438 (innuat

1078 467 1205 491 verentes,
1219 459 1244 485 in
1261 467 1376 494 quarum
1396 458 1481 484 forma
1497 457 1616 491 Spiritus
1626 462 1739 484 sam-tus
1757 458 1783 482 iu
1804 464 1875 490 apo-

1079 505 1165 532 stolos
1187 504 1295 531 inﬂuxit
1310 504 1341 530 ".
1367 503 1403 530 Ita
1428 508 1517 529 autem
1535 510 1582 529 eas
1602 502 1768 530 verebimur,
1790 501 1825 532 si,
1845 506 1875 526 ut

1079 551 1112 578 iis
1126 559 1186 586 qum
1205 551 1359 585 linguarum
1377 549 1552 583 splendorem
1575 553 1602 575 et
1616 548 1763 582 puritatem
1799 547 1874 572 nosi-

1079 602 1174 631 guaut.
1195 597 1306 631 dignum
1323 601 1374 628 est,
1393 595 1472 622 verba
1491 595 1637 621 facianius.
1661 593 1721 620 Jani
1737 600 1803 619 vero
1823 600 1876 618 cu-

1081 648 1138 669 rata
1156 644 1246 676 lingua
1263 642 1375 669 olfactui
1393 649 1502 676 quoque
1517 641 1677 667 medeantur
1691 661 1697 670 ,
1711 647 1745 666 ne
1764 639 1875 666 (Βριμί-

1081 697 1177 715 neuiur
1193 688 1346 722 (muliebris
1361 689 1432 714 enim
1445 692 1472 714 et
1484 688 1629 714 cll'emiuati
1644 691 1684 714 est
1702 687 1786 713 animi
1806 694 1874 711 aro-

1081 735 1200 760 uiatibus
1227 734 1264 759 uti
1295 741 1302 760 :
1333 737 1414 766 atque
1444 733 1546 758 crebra:
1578 734 1693 758 odorum
1721 730 1876 756 suavitates

1078 780 1227 815 appetitum
1241 786 1415 813 corrumpere
1429 783 1509 812 atque
1522 777 1644 804 eiuolire
1659 783 1803 803 consucvei
1814 775 1874 809 unt)

1080 835 1112 853 ne
1129 826 1152 851 ιιι
1166 825 1244 852 nobis
1261 825 1460 858 accidat,quu.l
1477 823 1560 850 isaias
1576 822 1677 849 ,Ιιιιίτριε
1689 823 1791 848 minact
1809 830 1875 846 om-

1080 872 1151 898 tiune
1167 870 1337 898 denuntiavit
1355 878 1361 896 :
1381 870 1438 895 Erit
1455 870 1540 900 cuitu,
1563 869 1662 903 inquit,
1681 877 1728 902 pro
1748 867 1874 902 jucunda

1081 918 1159 945 adure
1175 907 1260 952 pulvis
1273 917 1305 942 “.
1322 916 1369 943 lilc
1381 924 1444 942 vero
1460 921 1660 948 unguentorum
1679 914 1874 949 profusionem

1078 964 1180 991 Judmis
1200 964 1347 990 criminose
1360 963 1503 997 objicicus,
1524 970 1571 995 pro
1588 970 1618 988 ea
1638 962 1776 997 pulverem
1793 962 1872 987 illum

1079 1012 1146 1044 ipsis
1162 1010 1346 1036 comminatus
1363 1013 1414 1040 est,
1431 1016 1512 1043 quem
1534 1009 1550 1034 ii
1575 1013 1669 1042 pastca
1699 1008 1873 1039 excitarunt,

1079 1064 1092 1082 a
1111 1057 1209 1090 quibus
1223 1055 1376 1082 Jerusalem
1393 1062 1487 1082 eversa
1513 1060 1564 1080 est.
1591 1054 1748 1087 TlierIOgus
1776 1060 1872 1080 autem

1079 1109 1126 1135 per
1147 1108 1258 1126 suavem
1284 1100 1396 1127 odorem
1413 1100 1542 1126 virtutum
1568 1100 1746 1134 iragrantiani
1773 1100 1875 1124 intr-tli—

1079 1149 1116 1180 pit
1132 1154 1138 1175 :
1155 1155 1201 1181 per
1224 1146 1361 1180 pulverem
1390 1150 1491 1176 autem,
1520 1145 1758 1179 inquinamentum
1793 1145 1873 1175 illud,

1078 1196 1149 1227 quod
1162 1193 1253 1219 anima
1270 1200 1316 1226 per
1329 1192 1439 1218 sensilia
1454 1196 1603 1226 unguenta,
1614 1198 1675 1225 qua:
1686 1191 1772 1225 ipsius
1788 1191 1874 1224 robur

1080 1238 1235 1272 inl‘ringunt
1258 1244 1289 1264 ac
1305 1237 1448 1271 dejiciunt,
1467 1237 1632 1263 contrahere
1660 1237 1740 1262 solet.
1770 1235 1872 1261 Verum

1078 1284 1226 1310 odoremur
1248 1281 1399 1313 Christum,
1413 1282 1445 1308 ad
1461 1281 1541 1307 breve
1575 1286 1682 1314 tempus
1703 1280 1790 1314 gloria
1820 1288 1871 1306 sua

1077 1329 1260 1359 exinanitum,
1276 1327 1355 1361 juxta
1372 1327 1397 1353 id
1411 1327 1482 1361 quod
1499 1328 1526 1352 in
1542 1326 1663 1353 (lauticis
1678 1327 1710 1352 ad
1726 1326 1869 1352 Christum

1078 1374 1202 1401 dicitur:
1222 1373 1389 1407 Unguentum
1415 1373 1527 1406 e/fusum
1552 1380 1645 1398 nomen
1674 1377 1748 1398 tuum
1775 1372 1809 1398 “.
1837 1370 1872 1398 Ut

1077 1421 1149 1447 enim
1163 1424 1332 1454 unguentum
1349 1418 1466 1446 effusum
1482 1419 1594 1445 suavius
1607 1418 1719 1453 fragrat,
1731 1423 1814 1452 atque
1825 1425 1871 1449 ea,

1077 1468 1178 1502 quibus
1198 1467 1372 1496 admovetur,
1388 1465 1465 1492 suavi
1483 1465 1566 1492 odore
1589 1464 1729 1499 perfundit
1744 1473 1751 1490 :
1765 1465 1865 1491 eodem

1077 1520 1185 1547 quoque
1196 1512 1277 1538 modo
1292 1511 1432 1544 Dominus,
1447 1516 1624 1545 posteaquam
1652 1515 1755 1538 nostra:
1771 1510 1872 1537 salutis

1078 1566 1159 1585 causa
1176 1558 1332 1585 exinanitus
1349 1562 1399 1589 est,
1419 1558 1577 1592 cognitione
1591 1558 1644 1590 sui,
1661 1557 1735 1584 velut
1762 1557 1873 1584 suavis-

1078 1603 1150 1629 simo
1166 1601 1284 1636 quodam
1304 1602 1400 1633 odore,
1418 1602 1576 1628 universum
1604 1601 1699 1627 orbem
1731 1606 1869 1628 terrarum

1078 1647 1211 1681 implevit.
1228 1648 1317 1682 Atque
1333 1647 1406 1674 hunc
1430 1654 1445 1673 a
1471 1647 1549 1673 nobis
1574 1647 1756 1681 spiritualiter
1780 1647 1870 1681 accipi

1076 1700 1188 1721 necesse
1198 1698 1249 1725 est,
1268 1693 1320 1721 hoc
1336 1698 1387 1726 est,
1402 1697 1430 1719 ut
1448 1693 1580 1720 beneﬁcia
1601 1693 1636 1720 ab
1650 1700 1684 1720 eo
1695 1693 1723 1720 in
1740 1701 1791 1720 nos
1808 1697 1870 1721 cot-

1078 1739 1130 1766 lata
1148 1740 1299 1767 sentiamus
1318 1743 1346 1766 et
1369 1746 1563 1775 agnoscamus,
1590 1744 1671 1774 atque
1697 1739 1730 1766 ab
1748 1747 1782 1766 eo
1799 1739 1869 1767 adeo

1076 1785 1261 1818 elformemur,
1289 1791 1315 1812 et
1333 1785 1358 1812 in
1376 1786 1490 1812 alteram
1517 1785 1678 1820 qualitatem
1702 1786 1868 1820 migremus,

1077 1836 1106 1858 ut
1125 1832 1175 1866 ipsi
1191 1839 1302 1866 quoque
1319 1833 1412 1858 suavis
1435 1832 1501 1858 odor
1519 1832 1606 1858 simus
1623 1831 1656 1863 “,
1676 1839 1707 1858 ac
1729 1832 1764 1858 de
1785 1833 1867 1859 nobis

1075 1878 1160 1909 idem,
1186 1884 1241 1911 quo
1257 1877 1290 1904 de
1315 1877 1452 1904 sacriﬁcio
1483 1876 1550 1909 Noe,
1582 1878 1700 1910 dicatur,
1728 1877 1868 1905 Odorntus

1074 1929 1112 1950 est
1127 1923 1255 1950 Dominus
1271 1923 1378 1949 odorem
1402 1923 1544 1950 suavitatis
1567 1923 1599 1954 ⁸⁷,
1616 1924 1667 1950 hoc
1681 1928 1732 1955 est,
1751 1923 1870 1949 libenter

1075 1975 1103 1997 et
1132 1968 1253 2004 jucunde
1273 1969 1387 2004 accepit.
1415 1969 1515 1996 Tactus
1546 1974 1690 2004 purgetur,
1718 1973 1748 1996 ut
1769 1977 1805 1996 ne
1823 1977 1869 1996 res

1075 2015 1170 2043 molles
1187 2019 1213 2042 et
1229 2019 1349 2047 teneras,
1360 2022 1475 2049 qiueque
1491 2015 1573 2041 animi
1589 2016 1709 2049 vigorem
1727 2015 1867 2047 molliunt,

1074 2065 1277 2088 contrectemus
1292 2070 1299 2088 :
1317 2068 1411 2087 verum
1428 2061 1602 2087 iltlcllectttali
1619 2068 1651 2087 ac
1664 2061 1802 2094 spirituali
1819 2066 1863 2087 ta-

1074 2113 1118 2134 ctu
1135 2108 1275 2135 Christum
1293 2111 1449 2141 tangamus,
1467 2107 1518 2132 hoc
1530 2111 1572 2133 est
1590 2107 1677 2140 ipsius
1702 2107 1867 2141 mysterium

1075 2159 1104 2180 ut
1122 2153 1175 2180 Deo
1189 2154 1301 2189 dignum
1314 2157 1366 2184 est,
1379 2157 1593 2187 perscrutemur.
1605 2152 1708 2180 Gustus
1720 2158 1864 2187 purgetur,

1075 2203 1168 2226 utnon
1182 2199 1272 2227 succis
1290 2203 1317 2226 et
1334 2199 1495 2233 liquoribus,
1513 2205 1544 2225 ac
1557 2198 1687 2232 iucundis
1703 2202 1730 2225 et
1752 2199 1863 2233 pingui-

1039 2255 1061 2282 ι)
1076 2245 1126 2272 bus
1142 2245 1229 2279 epulis
1260 2245 1402 2272 titillemur
1423 2249 1450 2271 ct
1464 2244 1644 2276 oblectemur,
1659 2249 1742 2279 atque
1756 2244 1790 2271 ad
1806 2245 1867 2278 plu-

1075 2298 1119 2317 res
1138 2291 1215 2317 cibos
1228 2289 1403 2323 accipicudos
1419 2289 1576 2317 incitcmur.
1593 2289 1644 2322 Qui
1660 2290 1772 2324 quidem
1789 2291 1867 2318 succi

1073 2341 1100 2362 et
1115 2336 1244 2369 liquores,
1261 2340 1393 2369 quatenus
1409 2334 1529 2367 titillant,
1550 2334 1738 2362 illecebrarum
1753 2343 1786 2362 ac
1802 2343 1868 2370 pru-

1075 2382 1176 2409 rituutn
1190 2380 1312 2408 libidinis
1323 2380 1421 2408 fratres
1437 2385 1513 2413 sunt,
1531 2381 1589 2415 qui,
1610 2385 1753 2415 postquam
1767 2388 1867 2414 pecca-

1074 2431 1132 2454 tum
1163 2427 1196 2453 ab
1222 2427 1256 2453 iis
1285 2431 1396 2453 enatum
1427 2430 1509 2460 atque
1540 2431 1677 2461 patratum
1709 2427 1813 2454 sentire
1839 2433 1867 2454 et

1074 2473 1225 2507 intelligere
1237 2472 1382 2506 cmpimus,
1399 2472 1489 2498 acerbi
1511 2477 1593 2506 atque
1616 2471 1702 2498 amari
1719 2477 1794 2498 sunt.
1816 2473 1865 2498 lit-

1074 2519 1146 2546 enim
1159 2518 1274 2545 obsonia
1287 2517 1320 2544 ad
1333 2518 1482 2552 ingluviem
1506 2525 1555 2544 nos
1571 2517 1749 2549 extimulaut;
1773 2518 1867 2551 inglu-

1075 2565 1131 2592 vics
1145 2569 1235 2591 autem
1252 2564 1285 2590 ad
1312 2563 1463 2590 libidinem.
1487 2562 1612 2590 Pramus
1637 2570 1719 2597 porro
1738 2563 1865 2596 voluptas

1075 2611 1214 2638 insuavem
1230 2610 1339 2637 tandem
1351 2615 1377 2636 et
1395 2610 1523 2637 acerbum
1544 2609 1623 2636 tinent
1649 2609 1729 2636 nobis
1745 2609 1862 2635 allatura

1075 2663 1115 2684 est
1129 2666 1135 2683 :
1151 2664 1182 2683 ac
1200 2656 1319 2683 titillatio
1334 2656 1389 2688 illa,
1409 2663 1460 2690 qua
1474 2662 1573 2689 corpus
1587 2661 1709 2683 nostrum
1724 2655 1867 2689 voluptate

1074 2702 1199 2734 allicitur,
1219 2701 1368 2728 veuelicutn
1383 2706 1409 2727 ct
1423 2700 1593 2727 mortiferum
1611 2708 1731 2726 vermcm
1759 2701 1864 2734 sempi~

1076 2753 1151 2774 turne
1162 2748 1188 2774 in
1201 2746 1309 2774 inferno
1323 2754 1381 2774 exet
1390 2746 1524 2773 uciantem
1538 2746 1701 2780 procreabit.
1714 2745 1864 2773 Enimvero

1793 2815 1815 2830 ιτ
1831 2814 1866 2840 Ps

1776 2850 1799 2864 ΕΞ
1814 2851 1866 2875 ἔχιςι

1122 2815 1144 2830 ⁸⁵
1163 2815 1234 2842 Psai.
1251 2822 1362 2845 1.xxxtv,
1380 2813 1406 2841 9.
1464 2814 1487 2829 ’θ
1500 2813 1572 2840 Psal.
1587 2821 1708 2844 cvuxn,
1727 2815 1753 2841 8.

1262 2850 1282 2864 Μ
1304 2849 1372 2875 Ρδίιι.
1391 2857 1417 2877 x,
1433 2848 1458 2874 7.
1516 2849 1556 2875 ⁶¹Ι
1575 2850 1629 2875 Cor
1659 2858 1687 2877 ll,
1711 2850 1735 2875 7.

1286 2885 1306 2900 ⁸⁷
1324 2885 1391 2911 Gen.
1411 2891 1467 2916 rut,
1483 2883 1528 2909 2t.
