2027 3162
157 203 222 235 12ῖ,9

633 207 794 238 NICETAS
817 207 858 237 IN
879 206 992 237 ORAT.
1013 206 1063 236 XL
1084 205 1112 236 S.
1137 205 1249 235 GREG.

1713 209 1781 240 1290

156 262 248 289 DAvidi
264 269 418 297 pareamus,
447 262 546 290 dicenti
565 270 572 289 :
589 261 701 289 Gustale
716 268 739 289 et
756 263 849 295 videte,
873 271 940 299 quo-
954 265 976 294 Α
990 263 1135 292 admodum
1149 265 1187 293 ait
1203 265 1352 300 Apostolus
1370 265 1405 298 ⁷³,
1424 265 1450 292 itt
1469 266 1544 294 omni
1561 266 1620 294 loco
1638 275 1722 302 puras
1736 275 1784 295 cas

154 309 225 335 niam
248 309 337 335 suavis
350 313 388 335 est
403 309 533 335 Dominus
549 307 587 340 ⁸⁸,
617 313 725 343 gustate
746 317 841 344 panem
865 310 940 342 vitae,

154 355 257 386 cibum,
273 354 398 389 inquam.
415 355 504 387 illum,
520 354 568 390 qui
582 362 636 382 non
649 355 691 390 (ut
708 355 847 382 sensibilis
863 355 942 390 panis

153 400 294 436 alimonia)
322 402 401 436 perit,
427 401 474 428 sed
501 406 606 435 manet,
631 406 661 429 ut
689 401 727 429 ait
757 401 890 430 Dominus
906 402 940 429 ".

153 446 251 473 Gustat
272 452 362 474 autem
380 446 489 474 Domini
510 448 684 480 suavitatem,
699 448 751 476 hoc
765 453 817 480 est,
835 449 942 483 experi-

153 497 275 519 mentum
294 492 381 528 ipsius
395 493 477 528 capit,
497 494 544 528 qui
559 494 620 522 sine
643 494 697 521 ulla
725 494 898 522 dubitatione
914 495 940 521 in

153 538 242 572 ipsum
266 543 367 572 sperat,
385 546 514 573 eumque,
529 543 559 566 ιιι
569 539 658 572 decet,
675 539 794 566 invocat.
813 539 868 566 Nec
881 539 941 566 esui

151 589 178 612 et
191 585 327 612 voratioui
356 585 543 612 lenocinemur
559 585 663 621 (postea
680 586 751 613 enim
769 587 823 613 cibi
847 593 942 613 omnes

152 631 213 666 pari
234 631 294 659 loco
305 631 420 659 honoris
437 631 511 667 sunt)
525 639 576 659 nee
594 632 744 667 cupiditate
769 637 849 667 atque
861 639 944 667 appe-

152 678 203 704 titu
222 677 381 713 flagrantem
405 678 541 713 ingratam
563 678 637 705 illam
652 678 754 712 gulam,
780 682 874 713 utpote
897 679 944 705 be-

152 723 246 750 neficii
274 724 476 755 itnuwtnorem,
503 722 712 758 refrigeremus,
734 728 759 750 et
779 723 944 758 obsequiose

152 770 290 801 colamus,
305 769 387 805 idque
403 769 436 796 ad
454 769 536 797 breve
550 773 669 804 tempus,
687 769 758 804 quod
775 777 806 796 ea
817 777 878 804 quae
892 768 944 803 ipsi

152 816 345 851 porriguntur,
375 815 519 843 celerrime
549 817 728 847 transmittat,
754 823 814 848 nec,
837 815 944 842 etiarnsi

153 866 288 897 perpetuo
303 861 494 893 infundantur,
519 862 638 889 retinere
660 867 754 896 queat.
768 860 840 894 Quin
854 861 944 896 potius

152 915 267 943 operam
286 908 394 940 demus,
416 912 445 935 ut
461 907 612 942 spiritualis
634 911 732 942 gustus
757 907 834 935 nobis
860 907 944 942 probe

153 959 348 989 comportatur,
365 959 395 982 ut
407 962 469 982 cum
488 953 591 981 Davide
613 953 739 980 dicamus
755 961 763 980 :
783 953 869 985 Quam
885 953 945 979 dul-

153 1001 196 1027 cia
215 1000 337 1033 faucibus
352 1000 418 1026 nteit
427 1000 531 1035 eloquia
548 1005 605 1030 tua,
623 1007 703 1034 super
716 999 768 1026 mel
787 999 828 1026 ori
841 1007 897 1026 meo
912 999 945 1027 "‘.

154 1048 194 1073 Ac
210 1045 339 1073 Salomon
361 1053 471 1080 quoque
487 1045 544 1080 ipse
569 1045 596 1072 in
611 1045 767 1073 Proverbiis
789 1045 826 1072 ait
848 1053 855 1071 :
881 1043 945 1077 Fili,

157 1092 210 1118 mel
225 1091 340 1124 comede,
362 1097 390 1118 ut
406 1091 559 1118 dulcescunt
574 1093 664 1126 [antes
681 1095 733 1119 tua!
748 1091 783 1122 τ’.
799 1091 851 1118 mel
870 1091 944 1119 vide-

155 1139 219 1165 licet
236 1137 354 1172 figurata
375 1138 514 1166 locutione
528 1138 649 1165 divinam
673 1138 828 1166 doctrinam
858 1139 946 1165 nomi-

154 1191 237 1212 113118-

190 1228 251 1256 Col.
267 1228 320 1256 4M
335 1227 367 1256 C.
384 1227 548 1255 thclarum
573 1228 679 1262 insuper
693 1229 784 1263 fuerit,
807 1233 860 1257 etc.
877 1229 946 1256 Pur-

154 1274 276 1309 gandum
291 1282 412 1309 quoque,
427 1275 524 1309 inquit,
537 1280 617 1310 caput
629 1280 680 1308 est,
697 1275 723 1302 in
737 1282 793 1310 quo
808 1281 834 1303 ct
847 1283 946 1303 sensus

153 1328 256 1349 milites
272 1320 316 1348 siti
336 1325 414 1354 sunt,
433 1325 460 1348 et
477 1321 614 1348 actionem
636 1321 749 1355 habent,
776 1323 889 1349 cerebro
905 1323 948 1350 ni-

154 1367 259 1394 mirunt
286 1367 340 1393 vim
360 1371 388 1394 ct
412 1366 570 1394 facultatem
591 1368 659 1402 ipsis
689 1369 889 1402 suppeditante,
918 1373 948 1396 ut

152 1413 268 1440 (:hristo
283 1412 365 1444 capiti
382 1417 476 1439 nostro
492 1413 595 1440 han-ere
607 1421 751 1448 qut-anius.
770 1422 801 1441 ac
823 1422 886 1441 cum
902 1423 946 1447 eo,

153 1459 227 1486 \clut
243 1459 329 1493 ipsius
346 1465 460 1493 corpus,
477 1458 606 1493 conjungi
623 1467 631 1485 :
647 1465 743 1486 contra
761 1467 842 1494 quam
859 1461 948 1496 impo-

153 1509 217 1531 stor
233 1504 289 1537 ille,
306 1503 352 1538 qui
369 1504 413 1537 ,ab
436 1504 560 1538 apostolo
587 1503 671 1532 Paulo
697 1505 893 1539 proscinditur,
918 1513 948 1534 ut

153 1557 260 1579 temere
279 1551 474 1584 intumescens,
496 1559 545 1579 nec
558 1557 650 1586 caput,
675 1552 700 1578 id
726 1557 779 1584 est,
805 1553 946 1580 Christum

153 1604 280 1629 tenens,
312 1605 345 1624 ex
377 1605 431 1632 quo
464 1602 552 1624 totum
594 1606 696 1633 corpus
729 1600 898 1627 construitur
922 1605 948 1627 et

151 1647 376 1677 eoagmeutatur,
392 1642 443 1669 hoc
457 1647 508 1675 est,
520 1643 704 1677 compingitur
715 1650 742 1671 et
755 1652 820 1679 pace
836 1645 946 1673 fruitur.

151 1687 225 1716 Nam
239 1688 262 1715 si
274 1693 367 1724 caput,
385 1689 438 1716 hoc
453 1693 504 1721 est,
520 1690 671 1724 principem
689 1691 773 1717 animi
789 1692 873 1718 nostri
890 1700 948 1726 par-

151 1741 223 1769 tem,
243 1737 463 1771 purgaverimns,
486 1737 714 1771 quemadmodum
737 1738 824 1772 ipsius
851 1743 948 1766 ruitura

153 1783 221 1816 fert,
254 1790 352 1817 nempe
375 1790 423 1818 per
445 1783 572 1811 virtutem
595 1791 627 1810 ac
652 1785 817 1812 scientiam:
838 1785 950 1813 minimc

153 1829 311 1856 timendum
325 1829 387 1862 erit,
400 1837 432 1857 tte
448 1830 473 1856 id
487 1830 566 1857 nobis
583 1831 701 1864 accidat,
721 1832 792 1866 quod
809 1831 894 1859 David
910 1832 951 1859 in-

153 1875 314 1910 gemiscens
329 1876 368 1903 ait
386 1885 392 1903 :
412 1876 572 1912 Iniquitate:
598 1886 663 1904 mea:
689 1878 863 1917 suqugressa:
889 1884 949 1905 sunt

153 1926 238 1955 caput
266 1929 351 1948 nicum
368 1922 401 1955 τ’,
432 1927 550 1950 mentem
576 1923 766 1958 rationcu'que
795 1929 950 1958 prementes

152 1972 243 2002 atque
258 1972 414 1994 onerantes.
433 1967 532 1994 Verum
552 1968 737 2002 iniquitatem,
755 1977 837 2005 supra
863 1977 945 2006 caput

154 2017 285 2040 nostrum
300 2019 361 2039 sese
375 2013 543 2046 ell'ercntent,
557 2022 589 2041 ac
603 2014 784 2050 principatum
802 2021 949 2049 tenenteut,

154 2059 237 2086 humi
255 2063 420 2090 sternentus,
441 2060 630 2095 rationemque
648 2062 682 2087 ah
708 2069 740 2089 ea
764 2070 949 2098 compressam

153 2110 244 2139 atque
258 2104 385 2131 amictum
398 2105 424 2131 in
447 2105 600 2133 libertatem
617 2107 830 2136 vindicaltimus.

192 2150 264 2177 Ibid.
287 2148 454 2177 l’ra'clarum
484 2151 565 2177 etiam
589 2152 707 2179 [mitteris
737 2152 901 2188 sanctiﬁcari
920 2163 951 2182 ac

151 2194 281 2230 purgari,
301 2198 354 2222 etc.
371 2194 422 2221 l’er
438 2195 566 2223 humeros
584 2196 638 2223 vim
662 2204 722 2223 eam
737 2201 764 2224 ut
782 2197 949 2231 facultatem,

153 2248 224 2276 quae.
250 2240 275 2267 ιιι
303 2241 411 2268 actione
441 2241 530 2276 posita
547 2247 599 2276 est,
621 2243 722 2270 indicat
739 2252 746 2270 :
762 2244 796 2271 ab
814 2244 846 2271 iis
877 2245 950 2271 enirn

154 2295 260 2315 manus
273 2287 345 2315 vires
367 2295 432 2315 suas
457 2288 605 2323 accipiunt.
638 2289 690 2316 Per
715 2297 826 2317 crucem
848 2295 952 2324 autem,

153 2339 263 2361 statum
281 2341 344 2362 eum
360 2335 455 2368 animi,
470 2342 536 2369 quo,
554 2336 628 2363 velut
648 2341 776 2364 mortuus
803 2342 830 2364 et
845 2338 952 2364 exstin-

153 2385 237 2411 ctus,
268 2380 302 2406 ad
330 2381 450 2409 vitiosos
479 2386 507 2409 et
532 2382 706 2410 turbulentos
734 2383 848 2412 all'ecrus
878 2384 953 2411 nullo

155 2430 239 2454 motu
253 2426 413 2458 impellitur.
428 2427 494 2454 Nam
512 2437 560 2463 per
573 2430 684 2457 virtutis
709 2430 814 2457 cultum
842 2437 874 2458 ac
897 2421 965 2458 stu-i

152 2473 237 2499 dium
255 2478 288 2498 eo
306 2473 414 2499 tandem
434 2476 620 2508 pervenimus,
648 2481 677 2503 ut
691 2477 775 2503 animi
805 2477 892 2504 nostri
919 2477 952 2503 ab

154 2517 294 2544 ormtibus
323 2518 577 2551 perturbationibus
604 2522 743 2556 tranquilli
770 2523 826 2549 sint
851 2529 878 2550 et
909 2531 951 2558 pa.

154 2564 227 2590 cati.
257 2562 385 2590 littnteris
415 2565 506 2600 itaque
523 2568 696 2599 sanctitatem
723 2568 812 2601 all‘ert,
830 2570 876 2604 qui
892 2578 955 2597 cru-

140 2606 221 2636 'cetn
238 2615 310 2640 eam,
337 2616 391 2642 qua
409 2610 500 2636 vitiosi
529 2611 684 2638 animorum
717 2613 830 2641 allectus
854 2614 956 2640 existin-

156 2658 297 2689 Buuntur,
335 2653 457 2681 humeris
487 2655 565 2688 tollit,
595 2656 791 2692 Christumque
819 2664 954 2694 sequitur.

156 2700 261 2727 Manus
291 2704 381 2725 autem
413 2704 520 2734 purgat,
548 2701 626 2735 quia
645 2703 740 2736 rapina
758 2708 784 2730 et
811 2705 956 2732 latrocittio

155 2752 191 2771 ac
212 2743 434 2771 diverberatione
457 2745 575 2780 integras
604 2752 650 2773 cas
680 2752 791 2775 servat:
810 2754 839 2776 ut
861 2757 955 2784 qut-m-

197 2822 222 2838 ⁶⁸
242 2821 314 2850 Psal.
329 2831 424 2856 xxxut,
438 2823 464 2851 9.

157 2859 167 2885 I
188 2857 263 2884 Tim.
284 2866 313 2890 ιι,
327 2858 353 2885 8.
406 2860 429 2875 "
444 2859 518 2892 Psal,
545 2868 605 2892 VIII,
621 2862 664 2888 i2.

159 2894 248 2930 lion).
263 2900 302 2924 ιι,
322 2895 363 2922 l5.
402 2895 424 2910 "’
442 2894 560 2930 Philipp.
576 2904 616 2928 Ill,
636 2897 679 2925 Μ.

156 2928 266 2956 lenem.
287 2936 326 2960 IV,
341 2930 382 2957 l9.
420 2930 443 2946 ⁸⁵
462 2928 541 2959 Ρδιιὶξ
553 2939 579 2962 ι,
596 2933 638 2958 1'2.

285 2976 420 3008 l'ntton.
435 2978 480 3006 Uti
514 2980 596 3011 CXX
605 2982 668 3012 ΠΙ.

503 2824 525 2840 ⁶³
541 2824 621 2852 Joan.
638 2834 675 2858 Vl,
688 2825 734 2854 27.

503 2860 505 2878 |
545 2868 593 2878 um
621 2862 654 2878 Ιο
718 2863 740 2878 'll

719 2863 740 2878 "'
763 2863 830 2897 Agg.
852 2871 872 2894 ι,
890 2864 914 2890 1.

719 2897 742 2913 ⁸⁸
757 2899 856 2933 Ιῦριιρδ.
875 2907 910 2932 \‘l,
926 2899 958 2926 15

782 2827 805 2843 τ’
818 2827 891 2855 Psal.
911 2834 1006 2862 crvrn,
1020 2830 1082 2858 105.

992 309 1105 342 attollat,
1123 311 1182 338 sine
1198 311 1237 338 ira
1255 315 1282 338 ct
1296 311 1552 346 disceptationibus,
1570 317 1660 347 atque,
1678 317 1708 340 nt
1719 320 1783 340 eum

993 356 1091 384 llaride
1107 356 1249 391 loquar",
1267 357 1439 392 disciplinam
1464 357 1660 392 apprchcndat,
1683 357 1784 385 Christi

992 401 1116 434 scilicet,
1130 403 1188 430 sive
1214 403 1434 438 erangelicorum
1461 410 1671 438 prmecpmrinn,
1687 413 1718 432 ac
1739 413 1786 439 per

993 446 1047 473 vim
1062 455 1134 480 eam,
1154 455 1215 482 qttte
1232 448 1259 475 in
1278 449 1382 483 agendo
1404 453 1539 480 versatur,
1558 450 1635 484 quasi
1661 456 1709 483 per
1726 457 1787 476 nia-

994 500 1059 520 num
1078 494 1236 528 quamdam,
1255 501 1422 527 sermonem,
1438 495 1488 521 ltoc
1504 499 1556 526 est,
1574 495 1786 530 contemplatio-

995 546 1055 565 nem
1074 539 1101 566 in
1125 539 1204 566 lidetn
1229 540 1356 574 accipiat.
1375 540 1480 567 Etenim
1498 548 1530 567 ex
1555 541 1675 568 hom-sta:
1692 540 1787 567 ctlau-

994 585 1093 612 dabilis
1109 584 1169 612 vitae
1183 585 1274 611 studio
1287 585 1482 619 contemplatio
1501 585 1581 613 nobis
1600 591 1786 620 comparatur,

992 630 1070 665 juxta
1086 630 1151 657 illttd
1172 629 1322 665 Scriptum
1338 641 1344 659 :
1366 630 1464 658 Factus
1480 637 1518 658 est
1536 639 1621 658 sermo
1638 632 1743 658 Domini
1760 633 1787 658 in

995 684 1076 702 manu
1094 676 1226 711 Aggwi".
1245 676 1278 703 Et
1302 677 1379 711 juxta
1409 677 1473 704 illud
1504 677 1646 705 Malachia:
1666 686 1673 704 :
1695 677 1788 705 Sermo

995 722 1101 748 Domini
1114 723 1149 749 ad
1163 722 1287 750 Israelem
1304 724 1331 750 in
1346 731 1428 750 manu
1443 724 1532 759 angeli
1544 724 1627 750 sui".
1645 723 1706 751 Jam
1724 732 1788 750 vero

996 767 1095 802 pedum
1125 767 1258 801 perfectio
1274 769 1301 795 in
1318 775 1350 795 eo
1365 769 1502 800 consistit,
1518 773 1545 794 ul
1565 769 1644 795 nobis
1672 776 1734 795 cum
1756 769 1791 795 iis

997 813 1064 840 nihil
1085 814 1121 841 sit
1141 822 1298 846 commune,
1316 815 1349 842 de
1367 815 1467 850 quibus
1484 816 1521 842 ait
1537 814 1666 842 Salomon
1682 823 1688 841 :
1707 814 1791 842 Pedes

996 867 1084 886 eorum
1100 861 1134 887 ad
1151 861 1248 888 titulum
1271 866 1392 894 currunt,
1410 866 1434 887 et
1462 862 1561 888 veloces
1577 866 1640 888 sunt
1653 861 1687 887 ad
1703 859 1791 894 eﬂ'tm-

997 905 1111 932 demtum
1129 906 1326 942 sanguinem";
1345 914 1440 933 verum
1466 915 1527 935 cum
1547 906 1600 934 illis
1629 906 1790 934 societatem

1000 953 1133 984 ineamus,
1160 953 1207 987 qui
1235 952 1269 979 ab
1291 952 1360 980 Isaia
1390 952 1433 980 his
1450 952 1539 980 verbis
1567 952 1759 979 collaudantur
1783 960 1790 979 :

998 997 1086 1030 Quam
1122 998 1233 1032 formosi
1264 1003 1326 1024 sunt
1363 998 1440 1032 pedes
1472 997 1713 1032 evangrlizantium
1742 1005 1792 1032 pn-

999 1051 1052 1070 cem
1066 1048 1091 1070 rt
1111 1046 1180 1070 bona
1189 1043 1214 1059 "
1232 1052 1239 1070 τ
1256 1044 1362 1079 quales,
1377 1051 1438 1071 cum
1456 1043 1574 1071 aliorum
1593 1043 1791 1078 apostolorum.

999 1094 1056 1116 tum
1075 1088 1151 1116 Pauli
1180 1090 1263 1124 pedes
1288 1094 1376 1116 erant.
1392 1089 1444 1122 Qui
1461 1089 1542 1117 etiam
1560 1090 1618 1124 ipse
1632 1090 1667 1117 de
1682 1097 1712 1117 se
1729 1089 1765 1116 ait
1785 1098 1792 1117 :

998 1135 1039 1162 Αμι
1067 1135 1231 1170 propositum
1254 1143 1394 1170 persequor
1406 1136 1449 1167 ";
1463 1140 1544 1170 atqtte
1559 1135 1628 1162 alios
1641 1135 1683 1162 Itis
1701 1136 1792 1162 verbis

998 1182 1123 1209 hortalttr
1141 1190 1147 1209 :
1162 1181 1281 1209 Calceati
1299 1183 1376 1216 pedes
1393 1182 1420 1208 in
1437 1183 1636 1218 pra'paratiune
1656 1181 1793 1217 Evangelii

998 1229 1071 1262 pacis
1083 1228 1116 1256 ".
1143 1228 1307 1263 llujusmodi
1328 1229 1420 1264 pedes,
1433 1229 1455 1255 si
1476 1229 1542 1263 quid
1558 1229 1640 1256 etiam
1662 1233 1723 1263 post
1739 1229 1793 1254 ha-

998 1275 1127 1308 ptismum
1152 1281 1308 1310 susecptum
1339 1283 1386 1309 per
1412 1275 1538 1302 humanae
1554 1275 1614 1302 ViltB
1631 1275 1680 1301 iter
1702 1275 1792 1302 sordis

999 1321 1198 1352 coutraxcriut,
1218 1321 1302 1348 abluit
1319 1321 1463 1353 Dominus,
1478 1329 1510 1348 ac
1528 1328 1560 1347 nc
1577 1320 1718 1347 minimam
1730 1320 1793 1356 qui-

999 1366 1059 1393 dem
1078 1367 1255 1402 inlimatnque
1272 1372 1376 1402 partem
1388 1367 1513 1401 despicit,
1527 1367 1575 1394 sed
1605 1374 1664 1394 eam
1684 1374 1794 1402 quoque

999 1417 1107 1448 purgat.
1137 1412 1229 1440 Parati
1257 1419 1347 1441 autent
1374 1414 1456 1448 pedes
1475 1414 1605 1440 dicuntur
1620 1414 1653 1440 ad
1672 1412 1795 1447 Evange-

999 1459 1079 1491 liun,
1101 1459 1153 1486 hoc
1168 1464 1220 1491 est,
1241 1459 1274 1486 ad
1297 1466 1409 1486 cursum
1441 1459 1643 1494 evangelicum,
1662 1459 1794 1492 expediti,

999 1513 1062 1532 cum
1095 1505 1224 1532 videlicet
1245 1511 1270 1533 et
1286 1506 1373 1541 ipsius
1386 1510 1521 1540 pra-cepta
1538 1511 1738 1540 exsequuntur,
1768 1511 1796 1532 et

1000 1559 1031 1579 ea
1046 1551 1107 1578 aliis
1127 1551 1250 1579 tradunt.

962 1614 983 1643 ο
1035 1596 1076 1624 Cl.
1089 1596 1183 1624 415A.
1196 1597 1277 1630 Quod'
1288 1597 1311 1624 si
1324 1605 1376 1632 qua
1390 1597 1485 1624 ventris
1500 1605 1601 1632 quoque
1612 1596 1697 1628 illius,
1711 1600 1762 1623 rte.
1774 1595 1794 1622 Λ

1001 1644 1123 1671 sensibili
1153 1651 1247 1672 ventre
1268 1643 1301 1671 ad
1316 1645 1498 1679 spiritualem,
1516 1645 1568 1672 hoc
1582 1647 1623 1671 est
1639 1643 1672 1670 ad
1690 1651 1796 1670 memo-

1001 1691 1070 1717 riam
1094 1691 1236 1719 transitum
1257 1690 1322 1718 facit
1339 1699 1345 1717 :
1361 1699 1421 1726 qua:
1434 1698 1519 1726 capax
1533 1691 1643 1725 quidem
1664 1695 1704 1717 est
1720 1691 1797 1724 cogi-

1002 1740 1134 1767 tationth
1151 1740 1205 1774 (ha:
1224 1740 1296 1766 enittt
1323 1739 1438 1766 rationis
1462 1744 1527 1766 sunt
1550 1739 1693 1772 alimenta)
1720 1738 1798 1772 dige-

1001 1785 1071 1812 strix
1089 1789 1179 1811 autem
1198 1793 1228 1811 ac
1248 1784 1432 1817 distributrix,
1448 1788 1543 1818 utpote
1557 1789 1619 1819 pst
1643 1783 1796 1810 adhibitum

1000 1830 1144 1865 judicium,
1162 1837 1194 1856 ac
1210 1829 1284 1856 velut
1300 1829 1521 1861 concoctionem,
1537 1830 1569 1856 ad
1585 1829 1683 1856 anima:
1698 1829 1799 1856 alimo-

1004 1875 1075 1901 niam
1104 1882 1151 1901 eas
1180 1874 1334 1901 diffundens
1359 1879 1440 1909 atque
1455 1874 1637 1902 distribuens.
1659 1875 1700 1902 ΛΙ)
1725 1874 1798 1909 Apo-

1003 1920 1075 1948 stolo
1098 1925 1189 1948 autem
1209 1920 1293 1955 hujus
1307 1920 1383 1948 verbi
1399 1920 1548 1953 θεοποιεῖν,
1566 1921 1617 1948 hoc
1640 1925 1691 1955 est,
1712 1921 1796 1948 Deum

1002 1967 1119 1998 edicere,
1140 1974 1221 1994 usum
1253 1966 1384 1999 traduxit,
1400 1967 1446 2002 qui
1475 1967 1508 1994 de
1536 1967 1571 1994 iis
1596 1967 1642 2002 qui
1670 1967 1751 1994 vitam
1770 1968 1796 1994 i‘u

1003 2011 1108 2040 deliciis
1134 2017 1236 2048 agunt,
1252 2013 1336 2040 verba
1361 2012 1476 2046 faciens,
1503 2013 1565 2041 ait:
1585 2013 1704 2047 Quorum
1728 2014 1797 2041 Deus

1003 2065 1092 2088 venter
1117 2060 1195 2088 est".
1223 2059 1290 2087 Nam
1320 2059 1367 2095 qui
1397 2059 1483 2087 ventri
1514 2061 1576 2095 plus
1604 2068 1683 2095 {equo
1709 2060 1796 2088 inser-

1004 2107 1107 2139 viunt,
1166 2106 1335 2140 deliciasque
1384 2105 1408 2132 ei
1453 2106 1687 2139 subministrant,
1735 2115 1797 2134 eum

1003 2151 1208 2187 quodammodo
1244 2150 1328 2179 Deum
1365 2151 1480 2179 faciunt.
1527 2152 1613 2179 l’orro
1647 2153 1799 2187 spiritualis

1004 2198 1118 2229 ventris.
1133 2199 1185 2225 hoc
1213 2203 1266 2230 est,
1286 2199 1424 2226 memoriae
1448 2199 1538 2230 luxus,
1555 2203 1596 2225 est
1624 2199 1791 2226 auscultatio

1005 2245 1186 2278 studiumque
1202 2248 1324 2271 externa:
1353 2249 1380 2271 et
1399 2244 1520 2278 profana:
1534 2244 1797 2278 sapientia-,jucun—

1007 2289 1165 2324 mequidem
1183 2289 1257 2316 illius
1272 2294 1298 2316 et
1317 2297 1442 2322 aIIICDIIIP,
1469 2291 1515 2317 sed
1537 2297 1589 2316 non
1607 2290 1720 2324 perinde
1740 2290 1797 2316 fru-

1007 2341 1120 2369 ctuosae,
1138 2336 1280 2370 ach-poris
1291 2341 1318 2363 et
1329 2336 1471 2370 elegantiae
1481 2336 1555 2362 illius
1565 2336 1769 2362 comlimCtttum
1788 2344 1794 2361 :

1006 2384 1053 2416 qui
1075 2382 1157 2409 ctiam
1178 2382 1303 2409 dilllucns
1334 2387 1416 2416 atque
1443 2388 1612 2408 evanescens
1639 2381 1717 2407 cibus
1744 2384 1796 2407 cst.

1009 2428 1066 2456 lloc
1092 2436 1201 2464 quoque
1218 2429 1252 2455 ab
1270 2429 1401 2462 Apostolo
1435 2432 1577 2462 sumptum
1603 2432 1653 2454 est.
1677 2426 1714 2453 De
1730 2427 1800 2454 cibis

1007 2474 1080 2501 cnitn
1106 2479 1134 2501 et
1150 2478 1244 2500 vettlre
1268 2473 1423 2507 disputans,
1453 2473 1510 2499 [nec
1528 2472 1611 2499 verba
1637 2472 1799 2506 subjunxit:

1008 2522 1079 2549 Deus
1099 2526 1197 2553 autem,
1223 2526 1246 2548 et
1275 2522 1354 2553 Ittutc,
1373 2525 1397 2547 et
1420 2520 1465 2547 llos
1492 2521 1608 2547 destruet
1620 2520 1653 2552 3',
1671 2521 1720 2547 hoc
1746 2526 1798 2551 est.

1008 2569 1170 2603 comprimet
1183 2572 1264 2602 atque
1276 2567 1403 2594 abolebit.
1420 2567 1450 2592 At
1466 2574 1528 2593 vero
1552 2565 1691 2592 memoriae
1707 2570 1800 2592 venter

1007 2623 1053 2650 per
1066 2619 1257 2649 eorrttptarum
1270 2618 1296 2641 et
1306 2613 1490 2647 improbarum
1500 2612 1708 2648 cogitationum,
1720 2611 1799 2646 quasi

1008 2660 1154 2686 ttoxiorttut
1180 2660 1361 2694 quorumdam
1399 2661 1543 2686 Lutnorum
1573 2658 1732 2693 ejectiOnem
1763 2663 1802 2684 le-

1009 2706 1090 2732 Ituior
1105 2705 1233 2738 efficitur,
1252 2710 1335 2739 atque
1363 2706 1398 2732 ita
1426 2706 1536 2732 demum
1562 2705 1671 2732 Domini
1687 2705 1799 2732 verbum

1010 2751 1121 2786 excipit,
1137 2751 1367 2786 quemadmodum
1387 2752 1425 2778 ait
1451 2751 1535 2778 David
1553 2760 1561 2778 ;
1580 2752 1614 2777 Et
1628 2750 1709 2786 legem
1726 2756 1800 2777 tuum

962 941 983 970 B

1139 2831 1160 2846 ⁷¹
1177 2829 1257 2857 Prov.
1273 2839 1336 2859 μιν
1362 2832 1406 2859 15.
1464 2831 1487 2847 ⁷³
1505 2832 1575 2858 Ρκιιι.
1594 2838 1696 2863 xxxvii,
1711 2830 1737 2860 Β.
1777 2830 1800 2846 ⁷³

968 2866 990 2880 τ’
1011 2866 1126 2892 Malach.
1144 2874 1162 2898 ι,
1180 2867 1205 2892 Ι.
1255 2866 1369 2893 "Prov.
1388 2876 1407 2897 ι,
1425 2867 1469 2894 16.
1526 2867 1678 2893 "Nullum.
1704 2874 1722 2896 I,
1744 2865 1797 2898 i5;

963 2919 969 2926 .
1009 2901 1030 2915 ⁸⁸
1045 2900 1160 2936 l'hilipp.
1174 2909 1214 2934 Ill,
1233 2902 1274 2930 19.
1315 2902 1337 2918 ⁸¹
1356 2903 1436 2929 ibid..
1476 2902 1499 2917 "'
1515 2901 1587 2930 i’sal.
1603 2909 1695 2934 nats,
1709 2902 1737 2928 9.

1467 2982 1499 3013 41
