2027 3162
243 226 308 263 1291

957 225 1150 256 ᾹΒΒΕΝΒᾹ.

1794 219 1804 250 i
1810 217 1863 249 292

242 285 269 310 in
285 282 368 310 medio
387 283 488 310 centris
501 281 581 309 mei"
596 290 603 308 :
621 288 676 316 quo
692 280 753 308 loco
768 288 815 316 per
836 285 958 308 ventrem
978 287 1026 307 cor
1039 284 1065 314 Α
1077 280 1174 308 ditates
1209 285 1276 307 suas
1315 278 1423 314 spiritui
1449 278 1610 306 adversatur
1622 296 1630 308 ,
1662 276 1689 304 in
1718 275 1864 311 procinctu

244 328 378 364 intelligit.
391 330 480 363 Atque
496 327 578 354 etiam
607 327 643 354 ita
660 331 799 361 purgatus
815 330 910 353 venter
930 333 1025 353 eorum

244 375 330 402 vicem
344 374 428 406 dolet,
444 374 490 408 qui
517 373 544 400 in
562 377 710 407 peccatum
734 372 874 403 labuntur,
889 377 972 405 atque
998 372 1027 398 in

245 423 292 449 Dei
306 421 484 449 oﬂeusiOncm
502 420 656 447 incurrunt.
670 417 908 452 Quemadmodum
935 421 963 444 et
979 415 1027 444 Je-

246 467 343 494 rcmias
366 470 477 501 propter
503 464 614 492 Indicos
642 464 734 490 animo
763 463 959 494 discruciatur,
985 462 1028 490 his

245 513 333 539 verbis
344 518 438 539 utens:
460 510 577 538 Ventrem
594 514 811 541 meum,eentrem
820 516 910 536 meum
918 507 1028 535 doleo“.

243 557 314 590 Quin
331 558 412 584 etiam
431 556 562 584 Doridem
578 564 627 591 pro
654 555 738 582 corde
766 562 799 582 ac
816 555 966 582 visceribus
983 554 1029 581 Dei

245 611 322 638 opem
337 602 528 636 implorantem
544 600 650 636 reperio
659 600 851 634 ",eorumque
860 599 991 626 rationem
1003 602 1032 625 et

245 656 339 676 curam
357 648 512 675 habentem.
526 647 581 674 Cor
590 651 682 674 autem
701 647 755 673 vim
771 646 966 681 intelligentetn
983 651 1031 679 ap~

247 694 343 729 pullat;
360 695 464 721 viscera
481 699 544 720 vero
557 692 643 726 ipsius
661 699 741 718 sensa
757 695 785 718 et
804 690 995 725 cogitationes.

280 741 341 768 Col.
359 739 413 767 415
433 740 466 766 Δ.
495 737 565 771 Quid
589 737 691 765 (utubi?
723 737 786 772 quid
814 735 912 763 renes!
931 733 1031 766 Judaei,

246 794 308 813 cum
339 785 477 821 paschalis
508 784 571 819 agni
596 782 742 818 participes
774 782 887 814 fiebant,
910 780 1034 814 corporis

248 831 358 860 lumbos
374 831 530 859 succinctos
544 829 697 862 habebam;
711 835 727 855 a
740 828 820 855 nobis
833 833 924 855 autem
943 825 1033 860 requi.

249 879 319 905 ritur
349 882 379 904 ut
402 868 464 912 pars
485 884 516 904 ea
539 876 651 907 anim-.3,
679 875 707 902 in
729 881 783 909 qua
804 874 892 901 libido
916 873 1034 905 exsistit,

250 923 386 959 spirituali
413 923 495 950 modo
526 929 574 958 per
603 921 803 949 continentiam
841 920 1033 953 restringatnr.

1079 330 1192 354 stantes.
1214 325 1392 361 lgnobiliores
1407 331 1489 360 porro
1502 329 1528 352 et
1544 323 1747 350 inhonestiores
1761 327 1866 356 partes.

1078 376 1143 400 sunt
1162 371 1246 399 lumbi
1267 376 1294 399 et
1310 379 1399 404 renes,
1419 375 1512 405 utpote
1535 377 1654 405 quorum
1675 377 1758 405 opera
1780 375 1866 396 vene-

1078 424 1142 446 reus
1153 425 1315 453 congressus
1329 418 1476 452 peragitur.

1115 463 1183 492 Ibid.
1208 463 1239 492 C.
1261 462 1358 491 Omnia
1380 463 1506 495 membra,
1534 470 1592 498 qut:
1611 468 1672 490 sunt
1701 470 1783 497 super
1811 468 1868 489 ter-

1080 518 1151 541 ram.
1170 513 1225 537 etc.
1250 508 1304 536 Lex
1324 509 1440 536 llosaira
1468 516 1604 536 summam
1623 508 1728 542 hepatis
1749 513 1869 543 partem,

1080 560 1108 583 et
1124 562 1214 587 renes,
1234 562 1287 582 una
1302 562 1364 581 cum
1385 554 1476 588 adipe.
1491 562 1518 581 In
1540 554 1704 589 quibus-fam
1722 554 1870 582 sacriﬁciis

1082 602 1137 629 Deo
1163 609 1327 629 consecrare
1347 600 1471 635 iubebat,
1494 600 1560 627 illud
1586 600 1761 635 significans,
1787 601 1871 632 iram,

1082 656 1143 683 qut:
1156 655 1205 682 per
1229 648 1324 674 ﬁbram
1343 647 1504 682 designatur
1524 646 1598 681 (huic
1616 646 1690 672 enirn
1715 653 1763 673 vas
1786 646 1871 673 bilem

1083 695 1240 729 concipiens
1256 694 1420 728 _adjunctnm
1435 693 1500 728 est),
1518 697 1546 720 et
1571 692 1727 726 libidinem,
1743 699 1805 728 qua
1824 700 1874 725 per

1084 747 1164 766 rencs
1192 743 1220 766 et
1248 738 1355 772 adipem
1392 738 1572 772 significatur,
1607 737 1784 772 potissimum
1818 737 1874 764 Deo

1085 784 1240 812 consecrari
1265 784 1374 812 debere.
1409 783 1516 810 Iturius
1542 782 1631 811 Moses
1663 783 1808 813 brachium
1839 791 1875 811 ac

1087 831 1273 865 pectusculum
1299 830 1326 857 in
1355 830 1496 857 nonnullis
1518 829 1660 856 sacriﬁciis
1683 830 1876 857 sacerdotibus

1086 876 1236 911 assignavit
1265 884 1273 903 :
1302 875 1368 904 illud
1393 876 1511 904 obscure
1536 875 1684 908 indicans,
1717 875 1875 903 faciendum

1090 922 1168 950 nobis
1191 928 1262 954 esse,
1283 927 1312 949 ut
1335 925 1364 949 et
1381 922 1465 949 corda
1482 926 1575 949 nostra
1603 929 1652 956 per
1671 921 1876 949 confessionem

249 969 301 997 Per
326 969 434 997 lumbos
459 969 531 996 enirn
556 975 589 996 ac
615 975 696 996 renes
709 965 932 1001 concupiscentia
950 964 1034 999 signi.
1053 975 1073 1002 Β
1088 967 1278 995 sacerdotibus
1311 966 1459 995 oneramus
1488 967 1547 1002 (per
1578 967 1769 1002 peclugculum
1800 967 1877 994 enim

250 1017 347 1043 ficatur
363 1024 370 1043 :
388 1015 461 1051 quod
477 1015 505 1042 in
526 1015 561 1042 iis
583 1014 708 1050 partibus
723 1016 829 1040 arstuet.
852 1011 922 1038 Sunt
944 1015 1035 1038 autent

252 1062 336 1089 lumbi
362 1062 390 1088 iu
418 1060 509 1088 antica
532 1065 609 1096 parte
638 1067 646 1086 :
671 1065 750 1086 renes
773 1064 839 1084 vero
865 1057 892 1084 in
918 1056 1035 1091 postica.

252 1107 369 1135 Pulchra
395 1113 479 1142 porro
492 1110 520 1134 et
534 1105 644 1141 egregia
661 1111 758 1132 renum
781 1102 896 1131 mutatio
913 1106 957 1130 est
970 1108 1037 1128 con-

251 1152 466 1188 cupiscentiam
488 1152 589 1180 bonum
615 1149 771 1182 conversio,
794 1156 827 1176 ac
850 1147 1036 1183 spiritualium

253 1207 344 1227 rerum
372 1206 451 1226 amor
475 1203 502 1226 et
526 1197 662 1232 cupiditas
685 1204 693 1223 :
724 1197 761 1223 ita
787 1200 816 1222 ut
846 1201 909 1222 cum
937 1192 1038 1220 Duvide

252 1246 345 1273 dicere
363 1252 496 1280 queamus
517 1253 524 1272 :
553 1244 756 1278 lnﬂautmotum
779 1246 818 1269 est
842 1248 888 1268 cor
902 1248 999 1272 meum,
1014 1243 1038 1266 et

253 1299 327 1318 renes
349 1291 401 1318 mei
427 1290 585 1317 commutati
603 1294 663 1316 sunt
679 1289 713 1315 ".
729 1287 761 1314 Et
785 1293 882 1314 rursus
901 1294 909 1313 :
933 1285 1001 1312 Aule
1016 1290 1040 1311 Ie

254 1343 329 1363 autne
358 1336 519 1362 desiderium
546 1342 632 1361 meum
655 1331 697 1365 ⁸⁷,
726 1331 801 1359 omni
818 1338 854 1358 ex
873 1335 949 1365 parte
972 1337 1040 1357 cou-

255 1382 394 1413 blticltltn,
421 1388 470 1407 nec
484 1381 517 1406 ad
535 1379 607 1406 aliud
623 1378 771 1414 quidquam
787 1376 927 1409 difiusum,
946 1382 1040 1403 verum

254 1429 288 1455 ad
306 1433 332 1455 te
345 1434 430 1454 unum
454 1427 601 1454 intensuru.
625 1425 714 1459 Atque
735 1424 799 1451 item
815 1430 878 1450 eum
897 1420 1016 1448 .Ieremia
1032 1429 1040 1447 :

257 1474 332 1501 Diem
352 1473 466 1501 hortium
486 1480 538 1499 non
553 1470 690 1504 concupiui
702 1469 737 1502 9⁸,
757 1469 809 1496 hoc
823 1472 876 1500 est,
893 1468 1041 1494 humanam

256 1524 284 1547 et
304 1526 464 1554 corpoream
490 1517 659 1545 felicitatem.
687 1514 743 1542 Nos
760 1514 833 1541 enim
855 1512 1042 1548 spiritualium

257 1573 347 1593 rerum
366 1565 516 1600 cupiditate
532 1563 618 1591 teneri
635 1561 774 1593 convenit,
783 1568 838 1595 quo
851 1559 933 1586 etiam
951 1558 1042 1587 modo,

256 1619 283 1638 ct
299 1611 437 1638 Danielem
456 1610 572 1645 angelus
590 1607 770 1642 nuncupavit,
797 1605 840 1632 bis
855 1605 947 1632 verbis
962 1612 969 1631 :
990 1603 1044 1630 Du-

1087 1021 1136 1042 cor
1165 1013 1347 1048 significatur,
1379 1018 1474 1047 utpote
1500 1012 1588 1047 ipsius
1610 1013 1812 1040 munimentum
1844 1020 1879 1040 ac

1088 1060 1269 1095 praesidium),
1291 1065 1318 1087 et
1334 1060 1417 1087 etiam
1434 1059 1566 1091 actiones,
1584 1066 1644 1094 qua
1666 1067 1714 1094 per
1726 1059 1878 1086 brachium

1088 1105 1268 1142 designantur
1281 1126 1289 1140 ,
1307 1112 1390 1141 atque
1407 1113 1456 1141 per
1473 1106 1630 1133 sacerdotes
1647 1105 1681 1132 ad
1702 1106 1788 1132 Deum
1810 1105 1879 1132 alle-

1089 1157 1198 1180 runtur.
1215 1153 1304 1187 Atque
1317 1152 1376 1179 haec
1389 1152 1499 1186 quidem
1518 1151 1561 1178 lex
1574 1155 1652 1178 vetus
1663 1151 1859 1186 praescribunt
1871 1159 1880 1183 ;

1091 1206 1141 1226 nos
1155 1202 1246 1226 autem
1263 1217 1271 1230 ,
1294 1197 1371 1232 juxta
1398 1197 1618 1224 coltortationem
1644 1198 1824 1232 apostolicam
1844 1199 1880 1231 θ’,

1091 1245 1184 1272 omnia
1212 1243 1349 1277 membra,
1369 1251 1431 1278 qum
1452 1248 1517 1271 sunt
1540 1251 1622 1278 super
1645 1248 1758 1276 terram,
1784 1244 1812 1271 id
1827 1250 1881 1275 est,

1092 1297 1205 1318 munere
1225 1297 1276 1318 suo
1295 1289 1322 1317 in
1340 1294 1410 1317 terra
1430 1289 1592 1324 funguntur,
1615 1289 1658 1317 vel
1681 1290 1764 1317 etiam
1782 1292 1883 1318 veteris

1093 1337 1224 1369 hominis,
1238 1337 1292 1364 hoc
1317 1341 1360 1364 est
1384 1336 1499 1371 pet-cati.
1523 1335 1646 1363 membra
1663 1336 1880 1370 mortiticcmus;

1093 1392 1126 1412 ac
1141 1392 1191 1412 nos
1204 1388 1276 1412 totos
1292 1383 1346 1411 Deo
1369 1383 1396 1410 in
1412 1382 1578 1410 sacriﬁcium
1597 1381 1756 1415 ulc-ramus,
1771 1383 1884 1418 jugula-

1094 1429 1129 1457 tis
1141 1429 1268 1456 nimirum
1283 1428 1358 1455 verbi
1372 1427 1455 1455 divini
1469 1427 1560 1462 gladio
1572 1427 1697 1462 turpibus
1711 1434 1745 1454 ac
1762 1431 1884 1455 temera-

1095 1476 1145 1503 riis
1159 1481 1186 1502 et
1204 1474 1332 1502 belluinis
1357 1473 1511 1506 affectibus,
1533 1478 1612 1508 atque
1637 1473 1735 1501 hostiae
1755 1473 1885 1508 perfecta

1094 1521 1256 1549 efficiamur.
1277 1520 1346 1547 Nam
1368 1521 1439 1555 quod
1459 1528 1491 1558 es
1507 1525 1583 1554 parte
1596 1526 1639 1548 est
1665 1520 1883 1555 haudquaquam

1095 1566 1245 1603 perfectum
1260 1571 1311 1594 est.
1332 1567 1367 1593 At
1384 1566 1430 1601 qui
1452 1566 1573 1600 seipsum
1589 1570 1676 1593 totum
1695 1566 1751 1593 Deo
1764 1566 1884 1598 addixit,

1096 1614 1176 1649 eique
1187 1613 1302 1641 salutem
1327 1620 1405 1640 suam
1429 1612 1613 1647 consecravit,
1630 1611 1673 1639 hic
1688 1612 1785 1647 procul
1798 1612 1885 1639 dubio

257 1658 318 1690 niel,
342 1657 381 1683 vir
396 1655 598 1687 desideriorum,
613 1653 731 1687 intellige
753 1658 896 1684 sermones,
919 1658 984 1685 quos
1009 1648 1043 1676 ad
1058 1651 1078 1681 c
1097 1648 1217 1694 “ipsum
1235 1664 1322 1686 mlum
1339 1658 1444 1693 accepit
1458 1657 1527 1692 (ﬂ).

259 1708 284 1728 te
300 1701 440 1728 habiturus
462 1699 567 1727 sum".
590 1697 826 1732 Quemadmodum
852 1701 944 1723 autem
961 1695 1044 1722 homo

260 1750 337 1784 pacis
353 1748 464 1780 dicitur,
480 1746 527 1782 qui
549 1744 696 1779 tranquillo
713 1748 741 1770 ct
760 1747 854 1778 pacato
873 1746 914 1769 est
931 1742 1022 1768 animo
1037 1749 1043 1766 :

262 1801 298 1823 ita
312 1796 354 1822 vir
379 1795 589 1826 desideriorum,
614 1791 660 1827 qui
686 1790 821 1819 desiderio
849 1788 1043 1816 inflammatur.

259 1841 354 1869 Daniel
382 1841 453 1868 enim
485 1831 649 1866 [ιιιιιι-ιιιιιιιι1
671 1844 763 1864 rerum
792 1834 1044 1871 cognoscendarum

260 1889 406 1923 cupiditate
422 1887 554 1921 ﬂagrabat
568 1894 575 1913 :
594 1893 625 1912 ac
640 1884 753 1918 proinde
767 1890 810 1914 ea,
831 1890 892 1917 qua:
907 1888 995 1915 usque
1013 1879 1046 1906 ad

261 1934 353 1962 saeculi
366 1934 448 1960 linem
465 1937 597 1960 eventura
616 1935 705 1963 erant,
732 1929 876 1958 intellexit.
899 1927 1007 1955 Etenim
1023 1926 1046 1953 si

261 1986 317 2008 tota
351 1985 442 2008 nostra
467 1979 603 2014 cupiditas
626 1977 659 2005 ad
685 1977 770 2005 Deum
797 1975 930 2002 translata
955 1973 1046 2006 fuerit,

261 2035 276 2055 a
291 2028 372 2055 nobis
394 2027 488 2060 utique
509 2025 660 2061 spiritualis
676 2031 707 2051 ac
730 2022 843 2059 pestifer
862 2027 889 2049 ct
919 2021 1049 2048 sinuosus

261 2074 306 2101 ille
322 2074 404 2101 tlraco
421 2073 545 2100 vinCctur
559 2075 587 2098 et
597 2070 778 2105 opprimetur.
793 2069 826 2096 de
841 2075 896 2103 quo
911 2068 982 2095 Deus
997 2065 1048 2093 Job

262 2120 417 2153 alloquens,
435 2119 472 2145 ait
489 2126 496 2144 :
521 2116 588 2143 Ecce
606 2116 735 2150 fortitudo
757 2115 830 2142 illius
852 2116 879 2141 in
900 2113 1010 2145 lumbis,
1024 2117 1048 2139 et

262 2165 380 2198 potentia
393 2164 466 2190 illius
483 2163 510 2190 in
522 2162 646 2189 umbilico
660 2161 756 2188 ventri;
771 2162 805 2188 ".
830 2160 936 2193 Quibus
959 2160 1049 2187 verbis

263 2212 429 2244 ostenditur,
452 2209 591 2238 diabolum
614 2208 641 2235 in
659 2207 712 2240 liis,
729 2215 798 2242 quas
814 2207 943 2238 diximus,
961 2206 1050 2233 homi-

264 2263 328 2282 num
344 2256 467 2290 pat-tibus
488 2253 636 2289 plurimum
652 2252 752 2279 virium
780 2251 892 2284 habere,
923 2251 975 2278 hoc
997 2257 1050 2285 est,

263 2302 291 2330 in
317 2300 525 2335 concupiscibili
547 2304 634 2334 parte,
661 2306 743 2335 quam
764 2297 882 2333 graviori
905 2297 1050 2333 tyrannide

264 2348 371 2383 premit,
389 2352 483 2382 utpote
509 2347 570 2382 plus
597 2347 657 2382 opis
683 2346 734 2381 ipsi
760 2346 793 2373 ad
821 2345 961 2373 hominem
981 2345 1051 2372 bello

263 2394 450 2422 lacessendum
473 2393 630 2421 afferentem
645 2412 653 2426 ,
672 2397 784 2428 propter
805 2391 952 2427 voluptatis
980 2391 1051 2418 acri-

264 2441 384 2468 moniam
398 2447 424 2468 et
437 2440 649 2468 vehementiam.
663 2438 720 2467 Nec
734 2438 782 2466 tibi
799 2438 898 2466 mirum
920 2437 1052 2470 videatur,

264 2487 286 2513 si
316 2487 546 2522 quemadmodum
575 2486 664 2521 inquit
694 2485 842 2521 Apostolus
870 2484 904 2517 ",
932 2483 965 2510 iis
992 2490 1052 2518 quae

265 2532 428 2567 ignobiliora
439 2537 464 2560 et
472 2532 716 2567 contemptibiliora
728 2531 754 2558 in
767 2537 881 2565 corpore
888 2536 948 2556 esse
960 2529 1054 2555 Videti-

268 2585 322 2612 tur,
345 2580 576 2607 abundantiorem
600 2580 733 2607 honorem
749 2577 906 2609 tribuimus,
920 2584 950 2603 ea
973 2575 1054 2602 nimi-

267 2633 326 2652 rum
343 2630 382 2653 tot
404 2627 540 2661 tantisque
566 2626 883 2659 verbisvprosequcntes,
909 2628 989 2658 atque
1006 2622 1052 2648 ad-

267 2679 361 2699 versus
376 2673 467 2700 carnis
485 2673 625 2700 materiam
638 2676 664 2699 ct
676 2671 828 2698 crassitietu
843 2677 903 2704 qua:
916 2676 962 2703 per
978 2669 1040 2703 cupi

1131 1705 1192 1733 Col.
1205 1705 1257 1733 M8
1269 1707 1301 1732 Α.
1323 1704 1425 1732 Pro-ter
1442 1706 1497 1732 haec
1513 1704 1612 1735 omnia,
1627 1708 1680 1731 etc.
1699 1704 1769 1731 Ante
1781 1704 1888 1736 omnia,

1098 1752 1196 1786 inquit,
1211 1750 1355 1778 Trinitatis
1367 1750 1447 1778 tidem
1463 1755 1491 1777 et
1503 1749 1717 1783 confessionem,
1741 1754 1772 1777 ut
1799 1751 1890 1785 magis

1099 1805 1181 1825 neces
1196 1797 1294 1827 ariam,
1313 1796 1360 1823 tibi
1380 1796 1551 1823 committam
1566 1800 1650 1829 atque
1670 1796 1887 1823 commendabo.

1099 1844 1166 1872 Cum
1187 1843 1248 1874 hac,
1264 1847 1290 1870 et
1304 1847 1330 1870 te
1356 1842 1500 1877 baptizabo
1516 1849 1564 1876 per
1582 1842 1720 1876 triplicem
1738 1842 1888 1870 dimersio-

1100 1898 1173 1922 nem,
1188 1894 1215 1918 et
1230 1894 1256 1916 te
1276 1888 1389 1916 totidem
1417 1889 1522 1916 vicibus
1537 1896 1571 1916 ex
1591 1889 1671 1923 aquis
1685 1893 1842 1916 extractum
1859 1889 1887 1915 in

1101 1937 1185 1964 altum
1199 1935 1322 1964 efferam.
1352 1935 1448 1962 Postea
1472 1943 1487 1962 a
1503 1935 1679 1962 confessione
1694 1935 1728 1962 ad
1751 1935 1887 1962 divinita-

1101 1987 1155 2010 tem
1171 1982 1281 2014 transit,
1303 1981 1330 2008 in
1355 1989 1437 2016 quam
1456 1981 1517 2008 fidei
1536 1981 1675 2009 confessio
1697 1981 1738 2013 fit,
1752 1988 1816 2015 qua
1828 1981 1890 2015 qni-

1098 2029 1161 2057 dem
1178 2029 1205 2056 in
1217 2029 1304 2055 triluts
1326 2028 1450 2062 personis
1473 2027 1642 2062 conjttnetim
1659 2031 1687 2054 et
1707 2027 1886 2062 singulariter

1100 2075 1234 2110 reperitur
1248 2076 1312 2109 (una
1324 2074 1396 2100 enim
1408 2073 1434 2100 in
1458 2073 1548 2107 Patre,
1562 2073 1643 2105 Filio,
1659 2077 1686 2100 et
1701 2073 1809 2108 Spiritu
1824 2080 1890 2100 san-

1101 2124 1145 2147 cto
1161 2125 1203 2147 est
1216 2119 1377 2153 divinitas);
1400 2123 1427 2146 et
1448 2124 1504 2146 tres
1528 2126 1660 2154 personas
1685 2119 1795 2146 divisim
1813 2126 1890 2145 com-

1103 2166 1248 2201 plectitur;
1265 2165 1292 2192 in
1305 2165 1445 2193 divinitate
1460 2166 1532 2192 cnim
1552 2170 1616 2192 sunt
1632 2164 1712 2192 Pater
1725 2170 1752 2192 et
1767 2163 1855 2191 Filius
1867 2168 1892 2190 et

1102 2212 1220 2247 Spiritus
1233 2215 1357 2244 sanctus,
1371 2218 1421 2238 nec
1435 2211 1592 2246 disparibus
1606 2210 1778 2242 substantiis,
1793 2215 1852 2241 aut,
1868 2209 1890 2236 si

1102 2259 1198 2292 mavis,
1216 2258 1337 2290 naturis,
1353 2257 1497 2292 inazqualis
1509 2263 1561 2285 est.
1579 2256 1659 2289 Nam,
1676 2261 1705 2284 ut
1721 2256 1827 2283 sanctis
1842 2255 1891 2282 Pa-

1104 2306 1192 2332 tribus
1218 2305 1316 2339 placet,
1335 2305 1453 2331 essentia
1470 2309 1498 2331 et
1521 2307 1629 2334 natura,
1651 2310 1713 2330 cum
1736 2304 1771 2330 de
1796 2307 1890 2330 sancta

1104 2349 1236 2378 Trinitate
1250 2350 1349 2385 agitur,
1365 2350 1437 2377 idem
1450 2353 1526 2378 sunt.
1548 2348 1605 2377 Nec
1622 2348 1703 2376 I’ater
1715 2347 1827 2378 Filium,
1845 2355 1892 2374 nec

1103 2405 1200 2425 rursus
1221 2395 1307 2424 Filius
1334 2395 1467 2431 Spiritqu
1493 2401 1603 2431 superat
1620 2404 1628 2422 :
1655 2402 1706 2422 nec
1723 2394 1845 2429 Spiritus
1860 2393 1892 2420 ad

1105 2442 1204 2470 Filiqu
1231 2444 1430 2477 permutatione
1451 2442 1569 2477 quadam
1596 2442 1704 2474 transit,
1731 2445 1827 2476 utpote
1847 2440 1891 2474 qni

1105 2490 1212 2524 genitus
1227 2496 1279 2516 non
1297 2489 1342 2521 sit,
1360 2497 1409 2516 nec
1425 2487 1510 2516 Filius
1526 2489 1558 2515 ad
1572 2488 1693 2520 Patrem,
1709 2492 1740 2514 ut
1755 2486 1803 2522 qui
1818 2487 1893 2521 inge—

1106 2535 1180 2562 nitus
1195 2542 1248 2561 non
1265 2535 1316 2566 sit.
1333 2533 1564 2569 quemadmodum
1579 2533 1671 2561 Pater.
1690 2533 1790 2560 Verum
1809 2532 1894 2559 unde-

1108 2587 1217 2614 cunque
1242 2579 1355 2614 tequalis
1373 2585 1454 2613 atque
1472 2579 1565 2606 eadem
1588 2582 1630 2605 est
1654 2577 1796 2609 divinitus,
1823 2575 1894 2603 haud

1107 2632 1186 2652 secus
1197 2630 1279 2660 atque
1294 2633 1346 2652 una
1365 2625 1516 2659 eademque
1542 2624 1603 2651 coeli
1628 2624 1798 2658 magnitudo,
1820 2627 1893 2652 omni

1108 2671 1231 2697 videlicet
1255 2678 1287 2697 ex
1313 2675 1388 2705 parte
1405 2670 1517 2705 aequalis
1533 2677 1678 2704 apparens.
1696 2667 1730 2695 Ut
1747 2668 1821 2695 enim
1840 2669 1894 2694 htec

295 2764 319 2780 ⁸³
333 2763 405 2791 Psal.
425 2762 553 2795 xxx:x,9.
589 2761 611 2777 "
626 2761 725 2788 Jeretn.
744 2767 780 2792 Iv,
797 2758 839 2787 19.
878 2759 900 2774 ⁸⁵
915 2758 987 2795 Psnl.
1003 2767 1028 2790 ι,

1124 2757 1146 2774 ⁸⁸
1160 2758 1333 2795 Ρειιιηωιιιι,
1346 2759 1390 2785 ΞἹ.
1420 2759 1443 2774 ⁸⁷
1463 2758 1535 2795 Psal.
1552 2767 1655 2791 sum,
1673 2758 1715 2786 10.
1754 2757 1778 2774 ⁸⁸
1794 2756 1896 2784 Jerem.

267 2807 332 2833 xvn,
350 2801 394 2826 lo‘.
432 2798 454 2813 θ’
477 2800 542 2825 Dan.
561 2805 586 2829 ιι,
605 2797 647 2823 ll.
686 2796 708 2811 '°
728 2795 780 2822 Job
797 2802 839 2827 XL,
857 2795 899 2822 ll.

307 2868 362 2902 (ll)
384 2868 518 2902 Scriptum
537 2871 619 2893 totum
636 2865 744 2900 accepit.
757 2864 809 2902 _Sic
820 2864 892 2902 enim
906 2864 965 2898 lego
982 2869 1010 2902 ut
1026 2864 1052 2891 in

275 2900 382 2936 Regina-
398 2900 502 2933 cortice,
528 2903 592 2936 quia
618 2903 676 2927 lucc
701 2900 782 2927 lectio
808 2900 895 2933 magis
918 2900 1054 2936 quadrare

273 2935 381 2964 videtur
395 2945 455 2963 cum
474 2935 547 2964 textu
565 2946 571 2964 :
592 2937 619 2962 in
645 2943 704 2962 meo
722 2940 811 2961 tamen
832 2935 979 2968 exemplari
999 2942 1052 2961 non

940 2794 960 2809 “
985 2795 992 2820 l
1012 2795 1074 2822 Cor.
1095 2794 1199 2825 xtt,25.
1238 2793 1261 2809 ’ί
1281 2795 1387 2822 Coloss.
1405 2802 1446 2826 ιιι,
1462 2794 1489 2821 5.

1110 2865 1221 2927 ξλαὸεἴ,
1240 2864 1288 2905 sed
1303 2864 1408 2897 ἔθυσεν,
1424 2864 1534 2899 legitur,
1558 2863 1584 2890 id
1600 2868 1650 2894 est,
1672 2862 1799 2890 mactavit
1817 2867 1896 2896 atque

1110 2907 1193 2927 nnmo
1206 2905 1271 2927 aut.

1110 2905 1271 2928 ttllmolM'll.
