2027 3162
173 232 181 263 l
189 231 240 262 2‘33

665 232 826 263 NICETAS
846 233 887 263 ΙΝ
905 233 1017 264 ORAT.
1039 233 1088 264 XI.
1111 233 1141 264 S.
1164 233 1280 263 GREG.

1723 229 1790 260 12%

169 288 220 315 tria
237 285 341 313 inlinita
355 290 382 313 et
397 284 622 321 imperccptibilia
649 290 713 313 sunt
728 294 735 314 :
755 286 792 314 ita
806 291 833 314 et
854 286 951 314 horum
966 290 992 321 Α
1005 295 1098 314 rerum
1115 287 1197 314 etiam
1212 293 1309 314 rursus
1328 286 1385 320 ipsa
1403 285 1505 312 creatio
1518 285 1596 320 juxta
1622 291 1716 312 eorunt
1732 285 1793 318 νηπία

167 331 324 367 conjunctio
345 335 502 366 naturaeque
528 331 665 358 identitas.
681 331 751 360 Deus
781 339 951 368 unaquzeque

167 387 293 415 pascua,
310 379 332 407 si
356 379 502 414 separatim
523 378 723 410 consideretur,
744 383 834 405 ntettte
847 378 952 406 scilicet

168 433 210 452 res
234 429 332 452 natura
355 423 556 459 inscparabiles
580 427 733 456 separante.
756 421 862 458 (Neque
878 423 951 450 enim

166 471 294 506 cuiquam
309 470 406 498 horum
427 470 509 497 triuttt
527 468 580 496 ulla
593 468 744 496 divinitatis
761 473 825 495 nota
840 469 925 502 deest)
943 477 951 496 :

167 522 195 543 ut
209 515 302 549 Pater,
327 517 362 542 ita
385 515 472 543 Filius
489 523 496 541 :
514 519 543 542 ut
558 513 654 548 Filius,
671 514 709 540 ita
725 512 853 548 Spiritus.
871 513 955 548 Adje-

165 563 220 590 ctio
241 567 332 590 autem
347 561 427 596 hujus
435 560 584 596 particulae,
603 563 642 591 ut,
658 560 842 594 :eqttalitatem
860 559 952 593 infert,

165 613 274 637 servata
301 608 400 643 cuique
422 614 546 643 persona:
572 607 740 642 ltypostatica
765 606 952 642 proprietate;

165 653 238 681 Patri
266 653 408 686 videlicet,
437 653 510 688 quod
526 652 668 687 ingenitus
694 653 747 684 sit;
773 651 856 684 Filio,
882 654 953 687 qnod

165 699 288 735 genitus;
311 706 344 726 ac
360 698 489 734 denique,
515 698 629 732 Spiritui
655 702 763 730 sancto,
791 697 864 732 quod
889 705 954 732 pro-

165 745 254 772 cedat.
271 745 311 772 Ac
331 744 402 771 Deus
430 751 525 771 rursus
543 744 594 771 tria
619 745 687 775 lucc,
702 744 725 771 si
737 744 819 771 simul
835 745 956 778 cogiten-

166 794 355 824 tur,.propter
382 788 502 816 notionis
517 796 549 816 ac
565 793 669 816 naturae
686 789 867 816 identitatcm.
885 789 957 817 Deus

165 835 237 863 enim
267 835 479 870 unumquodque
513 833 622 864 horum,
651 833 714 868 quia
743 835 866 861 eamdem
891 835 957 861 sub-

165 881 294 908 stantiam
325 881 438 909 habet:
467 887 564 908 rursus
594 884 684 907 autent
719 880 769 906 tria
796 880 855 907 haec
887 886 957 907 unus

166 927 248 959 Deus,
273 927 338 962 quia
363 934 434 954 unus
463 931 505 954 est
528 926 678 954 divinitatis
703 926 882 962 principatus.
909 925 958 954 Vix

1003 333 1113 359 nionem
1139 331 1289 358 dividatur.
1312 331 1428 357 Αὶυὺωιι
1452 330 1523 357 enini
1551 329 1733 360 divinitatem,
1759 333 1789 354 nt

1001 379 1167 413 tequivocam
1183 385 1276 404 vocem
1292 377 1389 412 partim
1402 377 1551 404 increatatn
1566 383 1637 408 csse,
1650 379 1680 402 ut
1691 375 1791 406 Pater;

1002 424 1100 459 partim
1117 428 1246 451 creatam.
1267 423 1375 450 Rursus
1398 421 1587 454 divinitatem;
1614 427 1734 448 creatam
1753 421 1792 447 ita

1003 469 1170 501 dividebattt,
1197 474 1227 496 ut
1254 467 1471 503 praestantiorem
1500 471 1654 495 creaturam
1680 465 1791 498 Filium,

1003 515 1160 542 inferiorem
1177 515 1268 541 autem
1280 518 1432 541 creaturam
1445 512 1576 547 Spiritum
1586 516 1710 539 sanctum
1722 519 1794 539 assc-

1004 568 1105 591 rerent.
1127 562 1166 589 Ex
1193 569 1259 597 quo,
1285 566 1312 590 et
1334 561 1406 589 Deus
1426 560 1591 588 contumelia
1613 560 1790 592 adiciebatur,

1006 614 1098 644 utpote
1133 608 1159 635 in
1192 612 1381 635 creaturarum
1404 606 1532 633 ‘ordinem
1558 606 1684 634 redactus
1711 609 1793 640 atque

1006 655 1152 690 depressus
1169 663 1175 681 :
1193 657 1220 680 et
1242 657 1367 680 creatura
1383 652 1453 687 ipsa,
1470 656 1499 679 ut
1513 658 1574 686 quae
1586 652 1681 679 eodettt
1695 651 1792 679 ordine

1006 708 1068 727 cttttt
1094 699 1149 726 Deo
1162 703 1331 726 censeretur.
1355 697 1420 724 Nam
1435 697 1456 724 si
1473 703 1554 724 servo
1571 697 1735 724 contumelia
1753 700 1794 723 est

1007 745 1064 781 pari
1091 745 1195 772 ordinis
1221 744 1305 780 gradu
1329 751 1391 770 cum
1420 743 1486 769 ltcro
1519 743 1659 774 collocari,
1691 747 1794 777 quanto

1007 790 1156 825 tandem,ea
1171 789 1281 824 gravior
1294 788 1429 816 censenda
1444 792 1496 820 est,
1512 795 1653 822 perquam
1667 792 1792 814 creatura

1009 831 1063 863 Deo
1075 836 1190 862 creatori
1207 834 1347 870 aequatur?
1361 833 1507 861 Enimvero
1524 832 1687 869 Gregorium
1705 833 1792 865 illum,

1009 882 1202 910 miraculorum
1220 881 1340 908 editione
1353 881 1456 908 clarum
1475 885 1502 908 et
1524 881 1672 912 Celebrent,
1691 879 1794 911 audivi,

1009 935 1070 954 cum
1086 921 1199 959 diceret,
1222 926 1249 953 itt
1268 926 1401 953 Trinitate
1428 933 1478 953 nec
1501 930 1622 952 creatunt
1643 924 1793 959 quidquam

169 977 257 999 unum
282 979 315 999 ex
333 972 374 999 his
395 971 485 998 tribus
504 971 597 998 animo
619 972 744 1005 conecpi,
757 975 890 1006 quantuni
906 978 953 1005 per
967 969 990 999 B
1005 980 1076 1004 esse,
1094 980 1143 1000 nec
1169 980 1278 999 servum
1306 979 1356 999 nec
1382 971 1573 1004 advetttilium,
1601 974 1694 1005 utpote
1712 971 1790 1006 prius

167 1016 317 1043 humanam
349 1015 536 1043 inﬁrmitatem
565 1015 748 1049 conceditur,
775 1023 838 1042 cutn
862 1015 952 1042 statim

165 1062 237 1090 trino
261 1065 289 1089 ct
309 1061 410 1096 triplici
426 1061 532 1089 lumine
548 1062 757 1098 circutnl‘ulgeo,
775 1066 885 1097 propter
904 1069 954 1088 tta-

167 1112 236 1134 tttrae
258 1106 436 1135 identitatem.
463 1105 513 1134 Vix
536 1107 598 1139 tria,
614 1107 639 1134 id
656 1112 708 1141 est,
727 1113 782 1135 tres
798 1107 952 1142 proprieta-

167 1155 219 1181 tes,
236 1154 284 1178 aut
304 1158 449 1186 personas,
464 1151 633 1185 distinguere
648 1151 759 1186 incipio,
784 1158 846 1178 cum
861 1151 953 1178 statim

165 1196 199 1222 ad
216 1203 312 1227 unum,
328 1195 355 1223 id
371 1200 424 1227 est,
453 1195 603 1224 divinitatis
629 1203 662 1224 ac
678 1196 846 1231 principatus
864 1197 954 1223 unita-

165 1245 233 1273 tem,
257 1240 384 1269 sublimis
412 1240 494 1268 l'eror.
525 1241 553 1268 Si
590 1241 823 1276 unumquodpiant
853 1241 951 1268 horuut

165 1287 248 1313 trium
274 1294 322 1321 per
344 1287 490 1322 imaginem
511 1294 674 1321 concepcro,
693 1288 780 1322 major
804 1295 866 1322 pars
882 1288 953 1322 ejus,

163 1331 238 1365 quod
260 1331 353 1358 animo
376 1331 550 1359 observatum
569 1337 633 1365 est,
656 1333 722 1360 ntihi
747 1325 881 1367 elabitur,
912 1338 942 1362 ut

164 1382 228 1412 pote
248 1381 330 1412 captu
360 1385 421 1405 meo
450 1379 550 1412 majus.
588 1378 799 1414 Magnitudinem
828 1380 865 1408 rei
890 1381 955 1408 visa:

164 1423 265 1450 mentis
295 1423 383 1451 oculis
415 1424 555 1458 percipere
590 1432 621 1451 ac
646 1426 877 1460 comprehendere
907 1434 941 1455 ne

163 1477 245 1505 queo,
271 1474 300 1496 tit
319 1476 476 1504 personam,
508 1477 568 1504 quae
593 1476 687 1503 restat,
714 1472 846 1506 majorem
874 1473 951 1500 acci-

163 1516 247 1550 piam.
265 1513 351 1549 Major
365 1514 438 1542 enini
451 1522 515 1549 pars
530 1515 624 1550 ellngit
639 1523 671 1544 ac
687 1516 791 1552 dilapsa
807 1523 857 1544 est.
875 1518 952 1550 Quod

162 1564 256 1588 autem
275 1559 473 1595 compreltendi
499 1569 552 1587 non
572 1567 673 1596 potest,
691 1561 717 1589 id
739 1570 790 1590 ttee
802 1563 953 1591 dimensio-

167 1615 231 1634 neut
249 1607 378 1634 admittit.
394 1605 472 1639 Quod
489 1607 512 1634 si
528 1615 624 1635 rursus
641 1606 691 1635 tria
712 1607 770 1636 haec
787 1609 870 1636 simul
885 1617 951 1637 con-

162 1653 289 1689 templer,
306 1661 390 1680 unum
409 1653 581 1688 splendorem
609 1654 689 1682 video
720 1660 830 1690 propter
849 1661 953 1683 natura:

160 1700 384 1734 conjunctionem
400 1704 428 1726 et.
441 1699 637 1733 aequalitatem,
656 1698 756 1734 quippe
783 1701 829 1735 qui
856 1701 953 1728 unius—

161 1746 297 1781 cujusque
319 1752 442 1779 persottae
464 1745 554 1772 locum
576 1745 745 1780 distinguere
770 1753 802 1774 ac
823 1754 952 1781 separare

161 1799 309 1827 nequeam,
335 1799 384 1818 nec
403 1798 534 1818 mensura
562 1791 673 1826 assequi
693 1790 833 1826 quodnam
853 1792 951 1819 horutn

161 1840 226 1874 plus
251 1837 405 1873 splendoris
425 1838 531 1865 habeat.
561 1837 628 1864 Nam
656 1837 729 1870 quod
756 1837 952 1872 comprehendi

161 1894 217 1913 tton
234 1889 332 1920 potest,
351 1884 379 1911 id
394 1892 443 1912 nec
456 1892 584 1911 tttcttsura
600 1884 654 1911 ulla
668 1884 806 1911 delinitur.

199 1932 269 1959 Ibid.
295 1930 326 1958 C.
356 1930 429 1957 Tune
456 1931 650 1965 generationem
674 1929 787 1962 metuis,
817 1933 870 1956 etc.
898 1929 951 1962 Tit,

161 1978 262 2012 inquit,
281 1977 308 2003 itt
328 1977 382 2003 Deo
397 1976 583 2010 generationis
601 1975 713 2002 verbuttt
728 1976 898 2009 expavescis,
918 1983 952 2003 ne

160 2025 289 2052 allectqu
311 2022 456 2057 quemdam
481 2022 611 2049 inducere
639 2021 756 2049 videaris
782 2030 790 2050 :
820 2022 898 2057 quasi
916 2022 950 2054 is,

161 2070 210 2104 qui
225 2069 322 2105 gignit,
340 2069 485 2096 ﬂuxionem
500 2068 632 2103 patiatur.
655 2068 738 2104 Atqui
753 2073 779 2096 te
795 2068 950 2104 oportebat,

163 2117 187 2143 si
205 2114 315 2150 quidem
327 2114 361 2141 de
376 2115 495 2141 humano
517 2118 594 2148 patre
609 2120 702 2141 sermo
717 2113 874 2147 haberetur,
891 2117 949 2140 tum

161 2159 314 2187 aﬂectionis
341 2165 451 2193 quoque
472 2158 666 2193 cogitationem
690 2165 832 2186 assumere
854 2167 862 2186 :
886 2166 948 2186 cum

160 2211 253 2232 autem
268 2204 352 2231 Deum
370 2202 478 2230 Patrem
496 2202 586 2234 audis,
605 2202 639 2230 ad
651 2211 764 2231 causam
780 2203 869 2231 omnis
880 2208 950 2239 tpcr-

159 2249 301 2286 pt'ssionis
321 2254 462 2284 expertem
477 2249 644 2283 cogitatione
659 2249 782 2284 provehi.
806 2249 864 2276 Non
875 2250 948 2277 ettittt

1005 1025 1177 1053 nequaquam
1204 1017 1360 1050 exsistens,
1390 1017 1488 1044 deinde
1514 1021 1603 1043 autent
1635 1015 1793 1044 adveniens.

1006 1064 1099 1099 Neque
1127 1063 1220 1099 igiturI
1239 1068 1286 1090 aut
1304 1062 1389 1091 Filius
1408 1070 1526 1098 unquam
1543 1063 1615 1090 l'atri
1635 1061 1730 1094 deluit,
1746 1065 1794 1088 rut

1005 1109 1075 1137 Filio
1092 1109 1210 1145 Spiritus
1232 1118 1240 1137 :
1265 1117 1360 1136 verum
1383 1109 1565 1136 immutabilis
1584 1115 1693 1143 semper
1710 1111 1793 1142 atque

1003 1155 1175 1183 alterationis
1192 1163 1291 1190 expers
1314 1159 1357 1183 est
1383 1154 1515 1182 Trittitas.
1536 1154 1568 1181 Et
1589 1154 1700 1188 quidem
1718 1153 1792 1188 Apo—

1004 1200 1093 1228 stolus
1111 1200 1149 1227 ait
1170 1209 1178 1227 :
1213 1200 1244 1227 Si
1264 1201 1414 1227 hominibus
1429 1200 1571 1234 placerent,
1588 1199 1686 1227 Clit‘ialt'
1702 1207 1792 1226 servus

1004 1253 1055 1272 non
1079 1253 1162 1272 essem
1177 1245 1211 1261 "‘
1231 1255 1238 1273 :
1255 1245 1310 1281 Ego
1321 1251 1410 1273 autem
1431 1245 1544 1273 dixerint
1564 1254 1570 1272 :
1587 1245 1615 1272 Si
1646 1244 1744 1271 Filium
1762 1247 1793 1270 ttt

1004 1297 1157 1318 creaturam
1173 1292 1326 1323 adorarent,
1341 1296 1388 1318 aut
1400 1292 1427 1318 iu
1448 1291 1537 1326 ipsum
1555 1290 1627 1317 velut
1643 1291 1668 1316 itt
1685 1294 1792 1316 creatu-

1005 1345 1062 1364 ram
1074 1338 1238 1373 baptizarer,
1250 1345 1389 1373 nunquam
1400 1336 1472 1364 Dens
1483 1337 1591 1364 iuturus
1600 1335 1791 1362 essent.(‘.rea-

1003 1387 1065 1409 tura
1087 1382 1158 1409 enitn
1183 1382 1333 1409 divinitatis
1363 1381 1514 1409 tribuenda:
1543 1382 1598 1407 vim
1620 1388 1673 1407 uoti
1699 1380 1790 1407 habet.

1003 1427 1062 1454 .lant
1083 1435 1147 1455 vero
1170 1427 1273 1463 Regum
1300 1429 1380 1455 tertio
1406 1427 1537 1455 Salomon
1570 1427 1678 1454 miseris
1704 1426 1792 1453 modis

1003 1474 1165 1508 exagitator,
1193 1473 1267 1508 quod
1286 1473 1416 1505 Chamos,
1439 1473 1638 1500 Mohabitarum
1666 1471 1748 1501 idolo.
1765 1474 1792 1497 ιιι

1003 1519 1122 1546 Astarte:
1145 1520 1283 1546 exeelsum
1318 1519 1404 1546 altare
1432 1519 1617 1546 construxerit
1643 1517 1677 1544 ".
1705 1518 1792 1551 Atque

1002 1564 1083 1591 etiam
1106 1565 1190 1591 Amos
1219 1564 1372 1592 maledictis
1392 1571 1439 1591 e0s
1467 1564 1632 1596 conscittdit,
1652 1563 1697 1598 qui
1722 1561 1790 1589 astri

1005 1611 1119 1645 ﬁgurant
1152 1611 1210 1638 arte
1233 1610 1420 1645 exprimebant
1444 1617 1559 1644 eamque
1583 1609 1732 1636 adorahaut
1755 1607 1789 1634 ’⁵.

1004 1657 1113 1684 Astarte
1137 1664 1219 1692 porro
1233 1660 1260 1684 et
1280 1655 1410 1687 Chamos,
1438 1655 1550 1682 \‘enet-is
1577 1659 1674 1681 statum
1699 1656 1789 1684 erant,

1003 1711 1072 1738 quas
1092 1702 1197 1730 Sidonii
1214 1702 1280 1729 olim
1297 1706 1325 1730 et
1339 1701 1467 1729 Moabitze
1484 1701 1620 1733 colebant,
1643 1707 1675 1727 ac
1696 1699 1790 1726 divino

1004 1748 1108 1776 honore
1123 1748 1286 1775 adiciebant.
1312 1748 1418 1776 Sideris
1434 1755 1499 1775 vero
1515 1747 1614 1777 forma.
1630 1751 1689 1774 eral
1701 1746 1789 1780 ipsum

1003 1794 1090 1828 sidus,
1111 1802 1208 1828 nempe
1229 1793 1348 1826 Lucifer,
1377 1801 1457 1828 quem
1485 1793 1618 1820 Venerem
1642 1791 1789 1825 appellant.

1003 1840 1162 1874 Quanquam
1176 1839 1257 1874 igitur
1273 1840 1323 1866 tria
1338 1839 1498 1870 adorabant,
1515 1842 1598 1872 atque
1613 1837 1710 1863 horum
1726 1835 1789 1862 uni-

1003 1887 1102 1921 cuique
1129 1894 1227 1913 nomen
1253 1886 1298 1913 Dei
1320 1885 1519 1920 imponebat-tt
1545 1889 1634 1910 tamen
1658 1882 1788 1913 quoniam

1003 1932 1080 1960 sidus
1106 1932 1214 1959 duobus
1235 1931 1296 1958 aliis
1315 1930 1493 1958 excullentins
1521 1928 1734 1958 arbitrabantur,
1757 1934 1789 1953 ac

1003 1976 1133 2012 majorem
1151 1975 1249 2007 Deum,
1278 1975 1351 2002 velut
1377 1975 1518 2002 caelestem
1542 1982 1603 2001 esse
1626 1973 1788 2002 censebant.

1002 2030 1162 2058 quamnattt,
1185 2022 1284 2056 inquit,
1298 2028 1410 2049 causam
1436 2021 1679 2055 defensionemque
1691 2019 1724 2046 ad
1741 2026 1789 2045 eos

1002 2068 1125 2102 all‘eram,
1142 2076 1202 2095 cum
1219 2074 1263 2095 me
1286 2067 1406 2095 vicissim
1422 2074 1455 2094 eo
1471 2066 1582 2093 nomine
1601 2065 1789 2092 criminaban-

1002 2119 1057 2147 tur,
1074 2115 1146 2150 quod
1163 2114 1296 2148 majorem
1309 2120 1419 2148 quoque
1436 2117 1517 2147 atque
1531 2111 1688 2139 inferiorem
1703 2110 1786 2136 Deum

1001 2161 1143 2193 allirmom,
1159 2160 1339 2195 divinumque
1355 2160 1484 2186 bonorettt
1502 2158 1636 2185 creaturis
1650 2156 1787 2183 tribuam?

1000 2207 1083 2240 Quid,
1099 2208 1222 2242 inquam,
1239 2207 1363 2233 dicturus
1383 2213 1455 2238 sum,
1471 2205 1513 2231 vel
1529 2203 1630 2231 Filium
1646 2210 1678 2230 ac
1700 2202 1787 2238 Spiri-

1002 2260 1058 2281 tuttt
1077 2259 1202 2282 sanctum
1230 2259 1258 2280 ut
1293 2253 1414 2279 ntittores
1429 2251 1494 2278 deos
1515 2258 1568 2277 non
1592 2250 1728 2280 adorans,
1746 2249 1786 2274 vel

159 2296 225 2331 quia
246 2295 371 2323 mortalia
397 2295 547 2322 animantia
566 2303 614 2330 per
638 2295 764 2323 allectum
790 2301 871 2331 atque
885 2304 947 2331 per-
966 2309 988 2335 ι)
1001 2307 1149 2327 consertos
1169 2306 1243 2326 meos
1260 2296 1400 2325 adorans?
1415 2297 1547 2324 Cons-crvi
1569 2297 1642 2323 cnittt
1665 2295 1787 2330 proiecto

161 2344 315 2379 pessionem
343 2343 471 2379 gignunt,
498 2343 604 2371 idcirco
628 2344 662 2371 de
689 2344 744 2372 Deo
765 2344 837 2372 idem
854 2345 949 2373 existi-

161 2389 292 2416 mandum
321 2393 382 2422 est;
412 2397 508 2416 verum
532 2389 596 2417 hinc
625 2390 719 2424 potius
749 2390 783 2417 ad
804 2390 948 2418 veritatem

160 2434 226 2462 duci
257 2434 397 2468 debemus,
423 2440 452 2463 ut
481 2436 522 2463 sic
550 2437 747 2464 ratiocinemur
775 2445 783 2463 :
813 2436 948 2470 Quoniam

161 2479 313 2506 animantia
328 2481 497 2515 corruptioni
515 2482 633 2509 obnoxia
653 2483 688 2510 ita
705 2477 839 2518 gignunt,
851 2483 948 2515 Deum,

160 2525 210 2560 qui
230 2525 405 2559 corruptione
431 2532 519 2560 vacat,
548 2530 691 2556 contrario
719 2529 800 2556 tttodo
824 2529 946 2563 gignere.

160 2575 197 2599 Λι
219 2579 270 2606 ego
284 2577 388 2604 metuo,
413 2580 448 2600 ne
477 2572 524 2600 Dei
552 2575 605 2601 mei
629 2575 764 2609 jacturatn
787 2575 897 2607 iaciant,
923 2575 946 2602 si

157 2619 236 2652 juxta
255 2617 444 2645 hereticorum
474 2626 561 2654 nugas
583 2625 609 2646 et
635 2620 816 2648 deliramenta
843 2626 948 2648 creatu-

160 2671 219 2690 t'atn
246 2664 336 2698 ipsum
350 2665 575 2698 pronuntiavero.
598 2665 702 2693 Etenim
729 2668 752 2694 si
770 2674 878 2696 creatus
894 2674 947 2701 est,

159 2710 232 2736 Deus
247 2717 301 2736 non
316 2714 379 2741 erit,
394 2717 427 2737 ac
441 2710 571 2745 deinceps
590 2712 655 2738 tnilti
672 2713 782 2747 peribit.
797 2712 864 2740 Nam
880 2715 948 2741 mira

159 2757 216 2783 hac
232 2755 429 2791 haereticorum;
441 2757 598 2785 absurditas
615 2763 675 2790 est,
695 2761 768 2794 quod
791 2767 846 2786 non
867 2761 948 2787 modo

159 2803 211 2829 hoc
227 2801 282 2829 Deo
297 2802 331 2829 ab
348 2803 381 2830 iis
399 2803 545 2836 tribuatur,
566 2804 638 2838 quod
654 2809 765 2832 creatus
782 2805 817 2833 sit
837 2806 947 2840 (divitii-

158 2853 241 2876 tatem
270 2849 374 2877 scilicet
392 2850 462 2877 male
485 2855 512 2877 et
537 2851 668 2878 scelerate
697 2851 944 2886 ponderantibus);

999 2350 1090 2377 erunt,
1108 2345 1130 2372 si
1160 2349 1292 2372 creatura:
1313 2349 1389 2374 sunt.
1418 2341 1638 2377 quandoquidem
1665 2341 1785 2367 lneretit'i

998 2391 1096 2418 Fdiutn
1119 2395 1146 2418 et
1181 2390 1312 2425 Spiritum
1339 2394 1464 2416 sanctum
1492 2388 1636 2415 inferiores
1669 2387 1735 2414 deos
1759 2391 1786 2412 et

999 2437 1133 2464 creaturis
1165 2435 1369 2471 prtestantiores
1401 2434 1570 2461 asserebant.
1595 2432 1661 2460 Nam
1697 2438 1724 2460 et
1758 2432 1784 2458 itt

999 2483 1079 2510 rebus
1110 2482 1209 2508 creatis
1234 2480 1308 2508 aliud
1346 2479 1476 2515 quiddam
1511 2479 1565 2506 alto
1601 2478 1784 2506 excellentius

1001 2528 1145 2562 repetitur.

1033 2576 1094 2602 Col.
1112 2574 1161 2601 ΗΟ
1180 2573 1208 2601 Β.
1241 2574 1325 2608 Cupio
1355 2572 1460 2599 Patrem
1481 2571 1607 2606 majorem
1633 2571 1730 2603 dicere,
1753 2577 1785 2596 ea:

999 2630 1050 2657 quo
1065 2621 1091 2648 id
1107 2620 1220 2655 wquuler
1236 2620 1342 2652 habent,
1366 2625 1419 2646 etc.
1446 2618 1534 2653 Cupio
1548 2618 1658 2653 quidem
1676 2617 1785 2644 l'atrem

1000 2668 1069 2695 Filio
1083 2672 1110 2695 et
1134 2667 1235 2702 Spiritu
1255 2672 1350 2693 sancto
1370 2665 1499 2700 majorem
1519 2664 1620 2697 dicere,
1649 2667 1782 2698 quantum

998 2715 1031 2742 ad
1051 2719 1192 2748 patet-nant
1213 2720 1335 2740 causant.
1359 2711 1397 2738 Ex
1423 2711 1503 2738 l’atre
1524 2711 1597 2738 enim
1619 2710 1719 2737 habent
1737 2708 1782 2735 Fi-

997 2759 1050 2786 lius
1062 2765 1088 2786 et
1104 2757 1234 2793 Spiritus,
1254 2763 1309 2784 tuttt
1331 2757 1402 2792 quod
1419 2757 1540 2792 aequales
1558 2757 1608 2791 ipsi
1630 2761 1705 2787 sunt,
1723 2760 1780 2782 tuttt

997 2806 1068 2840 quod
1082 2805 1240 2840 simpliciter
1264 2809 1338 2832 sunt.
1367 2803 1423 2831 lloc
1446 2804 1518 2831 enim
1535 2811 1615 2830 nemo
1631 2802 1783 2837 negaverit,

997 2853 1064 2887 quiti
1090 2852 1212 2880 tidclicet
1238 2859 1270 2879 ex
1297 2859 1330 2879 eo
1356 2851 1421 2884 sim,
1445 2850 1518 2879 titius
1545 2851 1653 2886 quidem
1669 2857 1784 2885 genera-

193 2925 227 2942 ⁹¹’
246 2926 331 2955 Galat.
350 2935 369 2960 ι,
387 2927 429 2955 10.
468 2927 490 2944 ⁸⁸
510 2927 544 2955 Ill
563 2927 629 2964 Reg.
651 2938 688 2962 ιι,
703 2929 730 2963 5,
746 2930 789 2957 55.
827 2931 848 2946 ⁹¹
869 2931 953 2958 Amos
969 2938 994 2963 ν,
1008 2928 1052 2957 26.
