2027 3162
252 207 318 240 1295

955 208 1148 239 ADDENDA.

1809 210 1877 243 1:96

251 262 438 296 tiuuistuodo,
465 262 583 298 Spiritus
610 266 700 289 autem
732 261 924 297 proccssiouis.
952 261 1039 290 Caete-
1056 267 1077 293 Α
1094 270 1141 297 per
1165 262 1255 289 navim
1284 270 1316 290 ae
1340 262 1450 289 domum
1477 263 1580 298 tropice
1605 269 1686 300 atque
1712 268 1830 301 exempli
1852 272 1879 294 et

251 319 312 340 rum
336 318 423 341 metus
457 309 583 342 incussit,
611 317 645 336 ne
669 309 820 344 prittcipem
845 315 970 342 causam,
987 309 1041 336 hoc

251 363 304 389 est,
321 358 441 388 Patrem.
458 354 596 382 minorum
624 361 736 380 causam
768 353 948 380 constituam.
971 351 1039 380 Nam

252 404 298 438 qui
317 403 404 437 major
433 405 496 434 est,
519 400 655 427 tuiuoruttt
672 399 776 426 ratione
802 398 887 433 major
908 398 1042 434 prtedira-

252 455 304 477 tur.
322 448 399 482 Quod
420 447 443 475 si
461 455 504 480 ea,
520 454 580 482 qute
595 454 627 474 ex
653 446 712 482 ipso
734 445 1001 473 consubstantialiter
1014 449 1040 472 et

253 494 323 523 citra
358 494 527 521 creationem
563 493 646 520 ullam
680 492 836 525 exsistunt,
864 491 1038 524 imntinuero,

251 541 323 568 Patri
347 548 457 576 quoque
485 539 537 575 ipsi
565 538 763 566 contumeliam
790 537 920 564 intulcro.
946 536 1039 571 Neque

250 587 323 614 enim
344 586 429 619 Patri,
447 593 481 613 ex
496 592 551 620 quo
575 590 603 611 et
633 583 719 611 Filius
734 588 762 610 et
785 582 904 619 Spiritus
926 587 1038 611 sanctus

249 637 324 665 sunt,
342 631 482 667 depressio
500 638 596 658 eorum
609 637 669 665 quae
689 638 722 656 ex
742 637 774 656 eo
789 634 863 662 sttttt,
885 629 911 655 in
923 628 1036 663 gloriam

248 677 338 705 cedit:
355 676 407 709 Qui
421 678 491 703 enim
514 684 565 702 nou
582 675 738 710 honoriﬁcat
761 673 871 706 Filium,
891 681 942 700 non
953 674 1037 700 Itono-

248 724 336 758 riﬁca!
357 722 476 754 Patrem,
499 722 588 757 inquit
604 721 731 749 Christus
748 721 784 747 ’⁵.
807 721 941 747 Praeterea
962 723 1035 747 luant

249 769 439 805 inexplebilem
462 768 657 803 pervicaciam,
684 775 700 794 ο
716 766 854 798 lueretice,
879 770 1034 800 suspectam

250 815 350 847 habeo,
372 822 407 842 ne
434 813 507 841 forte
529 821 591 841 cum
613 812 720 840 Patrem
750 811 881 846 majorem
905 811 1035 846 audieris,

246 861 329 896 idque
351 860 501 895 arriptteris
515 857 667 887 secundum
686 863 811 885 naturam
830 858 957 893 quodque
979 865 1038 885 ma-

245 906 333 941 jorem
360 913 421 933 esse
447 905 581 940 intelligas
601 909 684 939 atque
706 904 743 931 ita
763 911 843 931 nnam
867 909 893 931 et
912 904 1034 931 eamdem

247 951 337 979 Patris
354 956 380 978 et
395 950 455 983 Filii
472 955 597 977 naturant
618 949 769 982 diseiudas,
792 950 928 984 aliamque
944 948 1033 977 Patris

244 1004 306 1024 esse
323 997 410 1029 dicas,
435 996 515 1024 aliattt
542 995 603 1022 Filii
619 1004 627 1023 ς
646 995 775 1022 nimirum
798 1002 830 1021 ex
847 1002 880 1021 eo
893 995 965 1029 quod
979 993 1032 1021 Pa-

245 1046 314 1069 trem
352 1042 483 1075 majorem
522 1040 620 1072 audis,
656 1040 784 1066 omnibus
810 1047 919 1074 quoque
951 1041 1031 1068 rebus

245 1088 378 1122 majorem
399 1086 468 1114 Filio
487 1094 548 1120 esse
571 1086 751 1119 contendens,
768 1093 821 1112 nou
837 1086 924 1113 solum
943 1093 1031 1120 quan-

244 1139 301 1162 tum
317 1134 351 1161 ad
367 1141 491 1166 causam,
510 1133 660 1161 secundum
679 1140 761 1167 quattt
787 1133 874 1167 major
889 1140 948 1160 esse
964 1133 1032 1160 dici~

244 1185 299 1212 tur,
326 1181 371 1207 sed
395 1180 477 1208 etiam
501 1184 634 1215 quantum
656 1179 689 1206 ad
718 1178 846 1214 potentia:
870 1178 1030 1214 prmrogati-

243 1234 316 1259 vam,
341 1226 536 1261 dignitatisque
560 1225 783 1260 prateellentiam,
807 1231 838 1252 ac
857 1224 984 1259 ponderis
1004 1229 1031 1251 et

244 1273 386 1306 gravitatis
409 1272 608 1307 praestantiam.
636 1269 718 1305 Atqui
744 1269 862 1305 qualitas
888 1269 914 1296 itt
944 1269 1029 1296 Deum

242 1319 356 1346 tttittinte
385 1318 468 1351 cadit,
499 1326 530 1345 ac
558 1317 672 1351 proinde
692 1321 827 1351 quantum
852 1315 886 1343 ad
909 1315 1029 1351 dignitas

243 1370 277 1392 tts
304 1365 533 1400 amplitudinem.
570 1363 650 1389 Pater
679 1361 750 1389 Filio
776 1361 862 1396 major
887 1369 941 1388 ttou
974 1365 1027 1389 est.

241 1410 325 1437 Perro
347 1410 484 1437 Christum
501 1409 558 1444 (qui
577 1408 615 1434 ait
633 1406 712 1442 :Egu
730 1412 754 1434 et
776 1405 859 1434 Pater
882 1415 964 1434 unum
981 1416 1029 1434 su-

240 1464 298 1483 mtu
315 1457 350 1489 "',
369 1461 502 1491 quantum
529 1455 562 1482 ad
584 1455 734 1490 potentiam
763 1453 877 1488 scilicet)
902 1453 957 1481 Deo
981 1461 1030 1489 po-

241 1503 324 1529 tentia
364 1501 521 1528 inferiorem
552 1500 697 1532 allirmare,
731 1499 808 1526 valde
832 1499 976 1526 ridiculum
1001 1503 1029 1526 et

240 1547 345 1581 puerile
373 1551 426 1574 est.
459 1546 538 1579 Quod
561 1545 584 1572 ti
613 1545 729 1572 thronus
754 1544 822 1577 Dei,
850 1544 1029 1579 quemadmo-

239 1593 303 1618 dum
331 1592 480 1624 credimus,
512 1591 653 1625 dignitatis
678 1598 777 1617 nomen
793 1593 836 1617 est
853 1609 861 1623 ,
903 1589 1027 1623 proiecto

239 1638 317 1666 sedes
340 1638 373 1664 ad
394 1638 532 1664 dexteram
557 1637 646 1664 Patris
673 1636 789 1664 Domino
815 1638 966 1673 assignata,
983 1637 1026 1665 di-

242 1683 354 1718 gnitatis
377 1683 561 1718 aequalitatem
587 1682 737 1718 signiﬁcat.
764 1681 835 1715 Quin
865 1684 947 1710 etiaut
976 1683 1030 1711 Do-

1042 1619 1064 1649 (Ζ

238 1731 329 1758 minus
344 1729 372 1756 iu
397 1729 486 1756 Patris
509 1728 595 1763 gloria
626 1733 771 1756 venturum
787 1736 816 1756 se
837 1729 1025 1764 pollicetur".
1040 1719 1056 1735 ⁸

237 1775 413 1811 Relinquitur
440 1776 555 1810 itaque,
582 1781 611 1802 ut
641 1775 792 1802 secundum
822 1782 912 1802 causae
942 1776 1027 1803 ratio-

237 1830 299 1848 ttettt
336 1822 389 1850 hoc
425 1821 483 1849 loco
515 1820 603 1856 major
636 1821 754 1848 dicatur.
788 1819 923 1852 Quoniam
953 1822 1025 1847 enim

236 1867 322 1895 Filius
351 1875 366 1894 a
390 1867 471 1895 Patre
496 1874 609 1894 causam
638 1866 731 1898 habet,
756 1865 808 1893 hac
826 1866 930 1893 ratione
948 1865 1027 1892 Pater

236 1914 323 1948 major
340 1919 392 1946 est,
421 1918 516 1948 utpote
537 1920 632 1940 causa.
659 1910 739 1940 Nullo
767 1916 858 1939 autem
884 1911 965 1938 tnodo
981 1919 1026 1940 es-

235 1960 323 1988 sentia
343 1959 436 1993 unius,
465 1959 585 1986 essentia
601 1959 718 1986 alterius
745 1957 836 1993 major
863 1962 910 1985 aut
936 1957 1026 1984 ntinor

239 2006 349 2033 dicitur.
374 2005 467 2040 Neque
484 2005 556 2032 enim
582 2012 691 2037 eorum,
708 2012 768 2039 quae
787 2004 906 2031 essentia
929 2003 1025 2030 eadem

235 2057 312 2084 sunt,
327 2052 477 2086 quidquam
495 2051 582 2085 majus
599 2055 645 2076 aut
664 2052 754 2076 minus
778 2054 829 2076 est.
844 2050 935 2082 Quare
952 2049 1025 2076 nulla

236 2098 290 2124 alia
315 2098 432 2128 ratione,
451 2105 533 2130 quam
553 2096 686 2130 principis
714 2102 815 2126 causa‘,
834 2095 913 2121 l'ater
939 2094 1026 2129 major

236 2147 288 2168 est.
312 2139 352 2168 Ne
381 2141 439 2175 ipse
469 2140 580 2174 quidem
611 2134 711 2166 Filium
747 2137 860 2173 Spiritui
890 2137 1025 2165 anteferre

238 2195 310 2222 queo
328 2187 416 2214 :ham
434 2194 497 2213 cunt
518 2185 649 2212 Dominus
665 2184 812 2218 discipulos
833 2183 1024 2218 promulgandi

238 2233 379 2268 Evangelii
406 2239 489 2258 cattsa
517 2231 647 2261 mitteret,
675 2229 823 2265 imperavit
850 2229 914 2260 illis,
941 2234 969 2256 ut
997 2229 1023 2256 itt

235 2279 345 2304 nomine
363 2276 451 2303 Patris
471 2283 504 2303 ac
526 2274 587 2302 Filii
607 2280 633 2302 et
650 2274 768 2310 Spiritus
791 2276 878 2302 sancti
901 2275 1021 2310 baptiza-

235 2325 341 2352 rent“.
363 2325 451 2352 Porro
469 2324 501 2351 ad
522 2323 688 2358 baptismum
708 2323 919 2358 haudquaquam
941 2322 1023 2350 simul

235 2376 391 2404 assumptus
407 2375 480 2397 esset
496 2369 627 2405 Spiritus,
649 2369 701 2396 nisi
717 2369 838 2404 ejusdem
853 2369 980 2396 essentite
997 2373 1024 2396 et

235 2417 363 2451 putentia:
375 2421 458 2452 atque
471 2416 583 2443 honoris
598 2420 680 2443 esst-t.
699 2416 737 2442 Ae
752 2416 850 2442 metuis
864 2423 897 2442 tte
911 2415 1023 2450 quidattt

237 2468 263 2488 te
282 2467 310 2488 ut
328 2462 480 2489 tet-nionem
499 2462 614 2488 deorum
632 2465 812 2493 assetcntem,
827 2461 975 2495 exagitent,
992 2469 1024 2488 ac

236 2509 341 2543 probris
357 2509 535 2540 inseclenlur,
552 2509 574 2535 si
594 2509 809 2544 unumquodque
825 2509 921 2536 horum
940 2508 1022 2534 trittttt

236 2553 317 2580 Deum
333 2554 508 2581 conﬁtearis?
520 2553 655 2581 Uuitatem
670 2555 696 2580 itt
711 2561 890 2588 personarum
903 2553 1024 2580 trinitate

229 2601 320 2634 _retine
338 2601 399 2635 (tria
415 2601 488 2628 euitn
505 2605 588 2635 atque
605 2609 689 2627 ttttuttt
706 2605 782 2631 sunt,
800 2599 865 2626 illttd
888 2604 1020 2634 quantum

233 2647 266 2674 ad
296 2655 439 2682 personas,
464 2647 517 2673 hoc
538 2652 672 2681 quantum
703 2646 736 2672 ad
755 2645 938 2679 divinitatem)
957 2654 963 2671 :
981 2652 1022 2671 me

231 2697 322 2720 autem
335 2693 395 2720 sine
406 2700 456 2728 pro
470 2692 628 2726 Itujusmodi
643 2693 771 2726 dogmate
783 2699 845 2719 cum
858 2690 1023 2718 adversariis

231 2737 393 2765 conﬂictari.
409 2737 449 2764 Tu
469 2737 542 2764 enim
561 2737 714 2771 discipulus
731 2745 771 2768 es.
789 2743 840 2770 ego
856 2740 946 2762 autent
962 2743 1021 2762 nta-

231 2783 316 2816 gister
339 2789 366 2810 et
389 2789 530 2811 sacrorum
553 2784 680 2810 antistes.
705 2784 852 2810 Enimveto
873 2782 1020 2817 Gregotius

223 2634 228 2646 Γ

526 2871 550 2887 ⁹⁶
569 2871 648 2899 Joan.
668 2879 694 2903 x,
712 2870 755 2898 50.

607 2908 616 2922 ⁸
628 2907 648 2934 11
665 2907 736 2933 Ίίιη.
754 2914 789 2939 tv,
806 2906 831 2932 1.

265 2873 288 2888 ’⁸
308 2871 387 2899 Joan.
402 2880 428 2903 ν,
442 2872 488 2899 25.

232 2906 241 2922 ¹
253 2906 285 2933 111
302 2907 368 2940 lleg.
385 2912 450 2940 xvtt,
461 2907 480 2934 '9
492 2915 568 2942 seqq.

809 2871 832 2886 ³⁷
854 2871 949 2898 Matth.
967 2879 1027 2905 xxv,
1044 2871 1088 2897 5i.

1092 307 1294 341 perspicuitatis
1308 315 1390 335 causa
1405 309 1556 337 divinitatis
1571 310 1723 338 doctrinam
1739 312 1878 348 intelligit.

1090 353 1184 387 aitque
1197 362 1204 379 :
1216 352 1275 380 Non
1291 353 1380 380 tttittus
1396 361 1526 388 prospere
1539 355 1690 390 navigabis,
1703 361 1748 383 aut
1763 357 1878 385 domum

1094 397 1242 431 habitaltis,
1258 406 1338 431 quant
1357 407 1417 434 ego,
1441 400 1493 427 hoc
1507 405 1557 433 est,
1575 406 1676 429 rectam
1693 403 1753 430 ﬁdei
1776 405 1881 432 doctri-

1091 450 1152 470 nam
1180 451 1258 479 :eque
1281 445 1482 480 complecteris.
1510 446 1617 474 Etenim
1639 448 1797 476 orthodoxa
1813 449 1877 477 ﬁtci

1089 488 1224 523 professio
1239 490 1328 524 majus
1343 495 1370 518 et
1383 491 1475 519 mintts
1489 499 1544 519 non
1560 492 1694 520 admittit.
1714 494 1804 522 Meum
1816 501 1878 522 csto

1089 535 1259 568 periculum;
1285 543 1328 563 res
1343 542 1435 564 autem
1450 545 1464 564 a
1483 545 1527 564 me
1544 539 1632 566 evicta
1647 544 1692 566 tua
1717 540 1763 567 sit.
1782 540 1876 568 Habeo

1088 584 1144 608 tres
1171 581 1294 616 lapides,
1312 583 1364 610 hoc
1387 588 1444 615 est.
1466 583 1619 612 doctrinam
1641 585 1674 612 de
1698 590 1793 612 sancta
1815 586 1877 614 Tri-

1089 628 1191 661 nitate,
1216 629 1314 664 quibus
1340 630 1454 657 diversa:
1480 631 1542 657 ﬁdei
1565 631 1734 666 professores
1761 633 1874 660 fundam

1088 679 1171 708 atque
1196 675 1352 707 conﬁciam,
1376 676 1609 710 quemadmodum
1632 677 1716 704 David
1743 678 1875 714 alienigev

1087 728 1150 747 ttatn
1168 721 1243 748 illum
1262 721 1370 749 Goliatlt
1385 730 1519 758 corporeo
1531 723 1620 758 lapide
1634 725 1782 759 oppressit,
1800 727 1874 753 sit-ut

1087 766 1157 793 libro
1182 767 1270 802 printo
1298 766 1402 802 Regum
1430 769 1562 804 scriptum
1589 770 1752 797 habetur“.
1784 772 1875 806 Atque

1088 811 1160 840 Elias
1177 814 1286 848 quidem
1312 818 1340 841 ut
1364 813 1385 840 11
1399 813 1465 849 Reg.
1494 822 1736 848 commemoratur,
1756 825 1820 844 cum
1846 819 1873 845 itt

1087 859 1283 894 Sareplttltame
1300 861 1385 887 ﬁlium
1407 866 1448 888 ter
1473 861 1633 893 inltalasset,
1659 863 1771 889 eum‘ad
1790 863 1874 890 vitam

1089 904 1226 931 remeavit
1239 904 1246 920 ¹
1265 913 1272 931 :
1289 913 1339 940 ego
1354 913 1417 932 vero
1432 910 1488 933 tres
1503 906 1686 934 inbulationcs
1705 907 1792 934 habeo
1807 907 1874 936 (hoc

1087 953 1137 979 cst.
1156 957 1202 976 cas
1222 949 1431 982 insutiiationcs,
1447 958 1509 985 qua:
1529 951 1556 977 in
1581 951 1718 986 baptismo
1734 951 1814 982 ﬁunt.
1830 952 1874 979 vel

1085 996 1166 1022 etiam
1193 996 1274 1022 triutn
1298 996 1455 1024 Divinittttis
1479 1004 1658 1031 personarum
1681 997 1836 1025 doctrinam
1857 1006 1873 1026 a

1088 1040 1142 1068 Deo
1159 1041 1331 1077 inspiratam)
1346 1042 1446 1077 quibus
1461 1043 1591 1078 puerilem
1607 1051 1639 1070 ac
1656 1045 1801 1071 vecordem
1818 1045 1875 1072 ha:-

1087 1087 1235 1114 reticorum
1254 1087 1466 1122 disputationem
1491 1088 1519 1115 in
1544 1089 1627 1115 vitam
1654 1089 1808 1121 restituam,
1826 1090 1873 1124 qtti

1084 1132 1184 1159 viviﬁci
1203 1132 1322 1167 Spiritus
1335 1134 1420 1168 gratia
1435 1133 1507 1160 velut
1521 1134 1612 1160 anima
1624 1134 1723 1166 orbati,
1738 1140 1872 1169 quantum

1084 1179 1194 1214 quidem
1223 1179 1256 1206 ad
1284 1178 1344 1206 lidei
1364 1179 1516 1206 doctrinam
1537 1181 1646 1212 attinet,
1665 1181 1766 1208 mortui
1791 1187 1874 1217 atque

1085 1225 1211 1252 exstincti
1226 1230 1298 1252 sunt.
1316 1225 1420 1252 Rursus
1437 1225 1508 1252 ident
1522 1227 1667 1261 propheta,
1683 1235 1753 1262 aqua
1768 1227 1795 1254 itt
1806 1228 1873 1263 ligni

1084 1276 1223 1298 sarmenta
1250 1277 1291 1308 ter
1309 1271 1409 1300 infusa.
1435 1271 1571 1298 ﬂammant
1588 1274 1729 1305 excitavit,
1757 1279 1787 1301 ut
1807 1275 1871 1301 hinc

1085 1317 1164 1344 nobis
1180 1317 1356 1352 perspicuum
1384 1318 1440 1349 liat,
1455 1317 1500 1344 tibi
1522 1326 1592 1353 aqua
1613 1319 1728 1354 mystica
1743 1324 1795 1352 est,
1815 1320 1871 1347 illic

1085 1361 1215 1397 Spiritum
1226 1369 1335 1397 quoque
1353 1370 1424 1394 esse,
1441 1363 1663 1399 illum,ittquam,
1679 1364 1724 1399 qui
1741 1365 1871 1398 viviﬁcat,

1083 1409 1258 1444 sopitutnque
1270 1408 1388 1436 calorem
1412 1409 1572 1441 exsuscitat,
1588 1415 1670 1444 atque
1695 1411 1794 1445 impios
1811 1411 1872 1445 qui-

1083 1454 1143 1480 dettt
1161 1455 1263 1486 adurit,
1286 1455 1345 1489 pios
1360 1460 1450 1482 autent
1478 1455 1604 1483 homines
1630 1461 1657 1483 et
1674 1457 1725 1484 ﬁde
1740 1458 1872 1492 pra-ditus

1083 1500 1227 1527 illuminat.
1244 1501 1344 1528 Eodem
1360 1502 1418 1536 ipse
1435 1509 1542 1537 quoque
1556 1503 1636 1529 tnodo
1657 1508 1712 1530 tres
1730 1504 1870 1538 proluviu-

1083 1553 1130 1571 nes
1155 1549 1237 1580 atque
1256 1545 1409 1573 ittfusioues
1433 1547 1530 1579 habeo,
1550 1547 1601 1574 hoe
1618 1552 1672 1579 est,
1697 1552 1753 1575 trt-s
1783 1549 1872 1583 bapti-

1082 1591 1134 1618 smi
1165 1591 1375 1625 demersiones,
1405 1593 1432 1619 in
1463 1593 1564 1627 quibus
1592 1600 1693 1620 sancta:
1724 1593 1871 1622 Trinitatis

1082 1643 1182 1662 numen
1199 1636 1352 1670 invocatur,
1367 1637 1468 1672 quibus
1489 1645 1562 1669 eum,
1580 1637 1626 1672 qtti
1648 1637 1702 1666 Deo
1718 1646 1766 1673 per
1779 1639 1871 1673 bapti-

1081 1689 1170 1709 smum
1187 1682 1312 1716 oll'ertur,
1331 1683 1510 1716 consecrabo,
1535 1684 1662 1718 baptismi
1686 1691 1757 1719 aqua
1779 1685 1871 1719 Spiri-

1081 1732 1125 1756 tus
1151 1724 1244 1763 iguem
1278 1729 1450 1762 accendens,
1479 1729 1527 1764 qui
1555 1737 1677 1757 crassam
1708 1730 1870 1765 ltttjusntodl

1080 1774 1209 1801 sacriﬁcii
1243 1775 1375 1801 malitiam
1406 1780 1434 1802 et
1470 1776 1574 1810 peccati
1599 1781 1755 1808 sarmenta,
1784 1783 1871 1812 atque

1079 1819 1218 1847 humidam
1237 1825 1264 1848 et
1289 1820 1454 1848 dilliuentem
1481 1822 1634 1848 socordiam
1652 1822 1792 1857 animique
1808 1824 1869 1850 lan-

1078 1873 1191 1901 guorem
1218 1865 1464 1901 ittl'ractionemque
1479 1863 1631 1894 consumit,
1645 1867 1734 1902 Atque
1751 1869 1866 1896 ltmresis

1077 1914 1206 1941 doctOres
1233 1917 1405 1948 prosternant
1424 1917 1451 1939 et
1470 1912 1608 1946 dejiciatu,
1636 1914 1751 1948 mystica
1774 1915 1799 1941 vi
1820 1915 1870 1941 ba-

1077 1959 1168 1994 ptismi
1188 1963 1278 1986 utens.
1298 1958 1365 1985 Illud
1385 1963 1475 1985 autent
1503 1958 1715 1990 observandum,
1731 1959 1804 1993 quod
1833 1960 1868 1987 de

1077 2010 1171 2032 saneta
1190 2005 1324 2032 Trinitate
1350 2004 1501 2039 disputans,
1530 2004 1618 2031 tribus
1641 2005 1773 2039 exemplis
1800 2013 1868 2033 usus

1077 2055 1128 2083 est,
1147 2058 1264 2085 quorum
1289 2058 1385 2077 rursus
1404 2050 1619 2085 unumquodque
1635 2050 1686 2077 tria
1704 2051 1868 2085 complecti-

1077 2101 1132 2128 tur,
1150 2096 1266 2130 priurum
1286 2095 1419 2130 lapidum,
1433 2095 1549 2122 alterum
1575 2095 1788 2127 ittltalationum,
1814 2102 1868 2124 ter-

1077 2141 1144 2167 tium
1172 2139 1414 2168 infusionuutzad
1440 2140 1647 2174 exprimendam
1675 2145 1702 2167 et
1729 2141 1804 2168 velut
1831 2143 1868 2168 ob

1076 2187 1172 2214 oculos
1189 2185 1340 2221 ponendam
1358 2193 1430 2218 eatn,
1447 2193 1506 2220 qua-
1521 2186 1548 2212 itt
1564 2190 1583 2212 tt
1591 2186 1651 2212 ibus
1671 2186 1797 2221 personis
1813 2193 1866 2218 est,

1075 2231 1272 2266 inqualitatem.

1114 2277 1172 2304 Col.
1190 2277 1242 2303 49.2
1257 2277 1289 2304 Α.
1311 2276 1382 2309 Quid
1393 2277 1509 2312 longiori
1528 2277 1648 2304 oratione
1662 2285 1727 2311 opus
1739 2278 1801 2304 est?
1811 2282 1865 2304 ctc.

1078 2323 1163 2351 Divus
1192 2323 1291 2350 Paulus
1315 2323 1348 2350 ad
1375 2323 1547 2350 Timotheum
1573 2324 1706 2355 scribens,
1733 2323 1867 2350 dicebat:

1080 2369 1219 2404 Testiﬁcor
1235 2377 1324 2396 coram
1348 2369 1410 2401 Deo,
1436 2373 1461 2395 et
1485 2368 1595 2395 Domino
1616 2367 1682 2395 Iesu
1703 2368 1821 2401 Christo,
1842 2374 1868 2396 et

1076 2415 1165 2442 electis
1182 2415 1293 2449 angelis,
1309 2419 1337 2440 ut
1358 2415 1414 2441 Iure
1426 2414 1562 2441 custodias
1576 2415 1596 2442 ⁸.
1613 2413 1674 2447 Quo
1692 2415 1752 2441 loco
1767 2416 1866 2442 testili-

1076 2461 1155 2487 cattdi
1173 2461 1284 2487 verbum
1307 2460 1378 2486 idem
1405 2459 1552 2494 signiﬁcat,
1571 2460 1643 2494 quod
1660 2460 1811 2494 praecipere
1833 2468 1866 2487 ac

1076 2507 1247 2534 deuuutiate.
1269 2506 1325 2540 Ego
1353 2511 1442 2532 autem
1461 2506 1524 2532 dico
1540 2504 1709 2539 :Testi/icor,
1730 2508 1783 2532 hoc
1812 2512 1864 2533 est.

1077 2554 1217 2587 Spondeo,
1239 2561 1270 2581 ac
1285 2561 1335 2588 pro
1352 2559 1426 2580 certo
1439 2552 1555 2585 amrnto,
1573 2553 1644 2587 quod
1661 2560 1722 2579 cunt
1740 2553 1791 2580 hac
1806 2553 1864 2579 sola

1077 2599 1128 2625 ﬁde
1140 2598 1332 2633 baptizaberis,
1347 2605 1406 2631 qua:
1418 2597 1496 2624 estin
1509 2597 1642 2631 mqualem
1655 2596 1866 2631 substantiaque

1076 2644 1197 2671 catndcnt
1220 2643 1400 2677 Trinitatem;
1416 2651 1478 2669 cum
1500 2643 1553 2670 alia
1564 2643 1636 2670 cnim
1653 2643 1703 2670 ﬁde
1718 2650 1801 2669 nemo
1818 2643 1865 2669 ba-

1076 2690 1208 2723 ptizatur,
1237 2688 1283 2716 sed
1312 2689 1479 2722 detnergitur
1509 2693 1590 2723 atque
1615 2688 1695 2722 aquis
1724 2688 1864 2715 obruitur.

1078 2734 1156 2766 Quod
1172 2734 1195 2761 si
1213 2735 1239 2760 in
1253 2734 1344 2761 cordis
1358 2735 1396 2760 tui
1413 2733 1483 2760 libro
1498 2733 1560 2760 ﬁdei
1576 2733 1700 2760 doctrina
1712 2733 1767 2760 alio
1783 2733 1866 2759 modo

1077 2780 1210 2815 impressa
1228 2785 1280 2813 est,
1300 2788 1381 2816 quatit
1397 2780 1493 2814 doeeo,
1513 2781 1583 2812 veni,
1600 2785 1682 2814 atque
1703 2780 1730 2806 in
1746 2785 1773 2806 te
1789 2784 1865 2806 recta

1141 2871 1163 2887 ³⁸
1175 2869 1271 2897 Matth.
1291 2876 1385 2903 xxvttt,
1403 2868 1446 2895 i9.
1499 2869 1522 2885 θ’
1539 2869 1547 2895 l
1567 2867 1632 2903 Reg.
1650 2875 1714 2901 xvtt,
1732 2867 1768 2896 ‘9
1785 2875 1864 2903 seqq.
