2027 3162
170 205 232 237 129⁵1

664 202 823 233 ΝΙΟΕΤᾹΞ
846 201 884 232 IN
905 200 1018 231 ORAT.
1041 200 1089 230 XL
1111 201 1142 230 S.
1163 200 1278 232 GREG.

1722 198 1789 232 12³8

168 263 292 297 dogmata
315 260 508 294 transcribam,
533 267 594 295 qua:
612 259 670 294 ipse
691 266 800 294 quoque
822 259 951 293 inscrip'a
968 261 990 289 Α
1005 265 1085 294 quant
1102 258 1128 285 in
1144 258 1250 286 viviﬁca
1273 257 1401 293 baptismi
1427 259 1513 294 gratia
1533 258 1699 293 accepimus.
1723 258 1791 287 Nam

169 309 263 340 habeo,
278 315 308 335 ac
321 307 404 335 didici
421 312 448 334 et
465 306 612 334 custodivi.
630 304 718 332 Meum
735 305 770 333 sit
787 305 951 340 periculum,

169 355 189 382 si
214 354 283 381 male
299 354 434 386 scribant;
456 360 547 380 mcum
569 352 722 387 pra‘tniutu,
748 351 771 378 si
795 355 879 378 recte.
903 349 951 377 Sin

168 407 255 428 autem
273 401 308 427 ita
325 405 351 427 te
366 399 460 431 habes,
474 404 502 426 ut
515 406 574 426 mea
593 399 662 424 ratio
674 401 700 424 et
716 396 839 424 doctrina
854 396 952 431 poscit,

167 454 198 473 ac
218 446 355 481 pra-claris
378 446 486 481 pietatis
507 449 535 472 et
551 443 614 471 ﬁdei
637 444 709 470 notis
728 447 811 477 atquc
828 441 952 469 doctrina

166 492 319 528 insculptas
335 500 377 525 es,
400 499 433 519 ne
450 491 484 518 ad
502 495 624 525 tempora
650 489 728 516 ﬁdetn
753 494 824 515 tuam
843 495 955 514 accom-

168 539 272 572 modes,
292 543 317 565 et
333 538 366 565 ad
389 545 448 568 eos,
468 545 550 572 penes
565 545 633 571 quos
651 535 795 570 imperium
812 541 844 561 ac.
861 541 951 560 rerum

166 592 274 612 summa
299 589 350 615 cst,
366 588 391 611 te
417 583 551 610 inﬂectas.
568 582 638 614 Quill
656 581 748 616 politis
773 579 954 607 immutabilis

166 630 226 657 ﬁdei
247 630 407 657 thesaurum
428 628 511 655 ﬁxum
534 632 616 662 atque
633 626 799 654 immobilem
816 626 842 652 in
861 625 953 652 animo

165 676 233 703 habe
252 685 259 703 :
278 682 331 702 una
349 675 423 701 enim
443 674 510 701 ﬁdes
535 678 587 705 est,
609 681 661 700 non
678 673 746 699 alias
771 671 835 704 alia,
860 675 890 698 ut
904 678 953 705 pro

165 723 292 757 tempore
314 724 510 747 commutatur.
538 719 655 746 Pilatum
681 719 800 749 inuitare.
818 723 953 753 quantum

164 767 197 794 ad
225 765 409 794 constantiam
443 764 640 799 sententiaeque
670 764 847 796 tlrmitatcm,
873 767 956 797 atque

164 815 248 845 idem,
266 812 339 848 quod
358 812 414 843 ille,
433 812 475 839 his
497 811 544 846 qui
561 817 586 838 te
609 811 643 838 dc
666 811 803 838 sententia
821 810 956 837 deducere

164 860 327 892 moliuntur,
350 858 433 886 dicito
449 867 455 885 :
473 857 550 890 Quod
568 857 672 892 scripsi,
689 857 814 891 scripsi‘,
832 857 883 884 hoc
903 858 954 888 est,

164 907 241 940 Quod
261 898 402 941 amplexus
419 912 493 935 sum.
508 904 649 939 amplexus
667 911 739 931 sum.
758 904 891 930 Cmterum
910 903 956 930 ille

1005 304 1050 338 qui
1078 304 1179 339 aliquid
1202 304 1298 339 adjicit
1324 308 1372 331 aut
1396 303 1525 337 detrahit,
1542 305 1566 332 is
1590 305 1687 340 procul
1708 305 1793 332 dubio

1004 351 1176 384 sempiterna:
1195 351 1257 378 vitrc
1269 351 1404 385 jacturam
1425 351 1501 377 facit.

1039 396 1097 423 Col.
1123 396 1175 423 4‘22
1199 397 1228 422 ι).
1254 397 1287 424 At
1315 397 1431 423 nondum
1457 395 1514 423 ulla
1529 396 1556 422 in
1568 397 1657 423 animo
1670 401 1725 430 tuo,
1740 401 1792 424 etc.

1004 442 1081 474 Quod
1097 443 1119 469 si
1136 442 1256 469 nondum
1274 443 1326 470 ulla
1346 441 1433 470 forma
1450 443 1478 470 in
1494 443 1587 470 anima
1600 447 1645 470 tua
1661 443 1792 477 inscripta

1004 493 1055 519 est.
1075 487 1163 515 Moses
1180 489 1227 516 tibi
1253 497 1300 516 ero
1318 494 1450 523 quantum
1475 490 1508 517 ad
1528 489 1553 517 id
1573 490 1681 522 attinet,
1707 494 1737 516 ut
1762 498 1793 516 ea

1005 541 1065 568 qua:
1089 540 1103 560 a
1133 531 1236 568 Spiritu
1263 533 1365 561 dictata
1391 535 1467 565 sint.
1496 535 1677 569 promulgem.
1707 535 1796 567 Atque

1006 585 1105 605 novum
1130 579 1292 614 Decalogum
1311 579 1459 607 inscribam
1483 580 1569 615 digito
1592 580 1649 612 Dei,
1668 579 1717 606 hoc
1742 584 1794 612 est,

1006 626 1109 662 Spiritu
1129 633 1236 660 sancto,
1262 635 1310 663 per
1323 635 1404 663 quem
1429 627 1586 663 hujus-modi
1610 629 1648 656 rei
1666 628 1796 656 cordibus

1006 674 1210 701 inscribuntur.
1232 673 1339 710 Digitus
1355 682 1437 710 porro
1453 675 1479 701 in
1504 673 1653 709 Exangelio
1675 674 1796 710 Spiritus

1007 725 1119 748 sanctus
1134 719 1247 753 dicitur,
1273 728 1326 747 non
1348 721 1420 756 quod
1443 721 1542 756 exigua
1560 720 1685 756 qua-dam
1703 721 1743 748 vis
1762 729 1795 747 ac

1006 769 1127 802 polentia
1152 767 1197 799 sit,
1226 775 1289 794 cum
1318 767 1372 794 Deo
1398 773 1538 802 perstans,
1565 767 1795 802 quemadmodum

1007 813 1132 848 corporis
1157 813 1281 848 digitus:
1298 813 1346 841 sed
1367 813 1431 848 quia
1456 813 1563 841 diversa
1582 813 1702 848 Spiritus
1724 813 1796 840 dona

1008 859 1207 894 simuljuncta,
1225 859 1298 886 velut
1314 867 1416 894 corpus
1439 859 1575 894 quoddam
1593 858 1713 894 Spiritus
1733 866 1797 886 san-

1008 905 1043 932 cti
1060 905 1126 937 sint,
1146 912 1177 932 ac
1195 905 1310 940 singulae
1329 905 1423 940 gratia:
1438 905 1516 940 digiti
1534 906 1631 932 instar.
1648 906 1736 940 Atque
1752 905 1797 932 hic

166 954 210 981 bis
232 952 323 980 verbis
347 959 415 979 usus
436 956 490 984 est,
516 958 580 978 cum
600 949 707 977 titulum
734 948 840 976 nefario
863 949 957 976 animo
974 947 994 974 li
1010 949 1173 985 Decalogum
1189 949 1393 977 animadvertas
1418 950 1510 977 velim.
1529 950 1651 977 Primum
1679 951 1705 977 in
1728 958 1795 977 san-

165 999 332 1034 scripsissct.
346 996 441 1033 Neque
455 997 528 1024 cnim
546 1001 573 1024 ut
591 1004 667 1028 vera,
683 995 730 1024 sed
750 1000 780 1022 ut
795 996 956 1028 criminosa,

166 1045 225 1072 luce
251 1044 334 1072 verba
367 1043 507 1078 inscripsit
523 1051 531 1071 :
547 1041 600 1068 llic
626 1046 666 1069 est
702 1048 749 1068 rea:
782 1040 956 1072 Juda‘orunt,

165 1090 288 1119 tametsi.
308 1097 402 1117 verum
421 1093 494 1116 esset
510 1088 582 1123 quod
600 1087 748 1116 scribebat.
767 1088 805 1115 Ac
820 1091 848 1114 ιιι
862 1086 957 1114 eadem

164 1137 249 1165 verba
269 1137 443 1172 proloqucrc.
463 1140 535 1162 recte
550 1142 582 1162 ac
603 1134 732 1170 praeclare
744 1134 878 1169 signatus.
901 1133 957 1161 lloc

161 1184 238 1211 enim
254 1188 305 1214 est.
323 1182 396 1218 quod
412 1181 568 1216 Thcologus
586 1182 634 1213 ait,
651 1181 679 1208 in
696 1181 834 1208 meliorctu
854 1185 956 1215 partem

164 1230 282 1256 imitari.
308 1228 336 1256 Si
352 1229 385 1256 ad
410 1228 482 1256 hunc
499 1230 610 1255 modmn
636 1227 768 1262 baptizari
785 1227 836 1260 vis,
860 1230 889 1253 ut
907 1234 958 1261 ego

163 1274 250 1302 didici
269 1281 298 1302 ac
323 1275 421 1305 doceo,
440 1281 472 1302 en
490 1281 552 1301 cum
572 1273 673 1301 Davide
685 1273 765 1301 dico:
785 1273 844 1300 Non
859 1273 953 1308 prohi-

163 1320 237 1347 bcbo
263 1327 279 1348 a
306 1319 436 1355 baptismi
459 1319 611 1346 initiatione
638 1324 665 1346 et
691 1323 862 1346 sacramento
886 1319 956 1346 labia

164 1373 226 1392 lliCZl
243 1373 251 1392 :
268 1373 360 1392 verum
385 1373 482 1393 manus
499 1373 607 1400 quoque
623 1373 697 1393 meas
715 1365 829 1400 Spiritui
849 1372 958 1392 accom.

165 1411 248 1438 modo
281 1411 476 1446 ministrasqne
503 1412 631 1446 praebeo,
659 1417 742 1446 atque
772 1412 865 1438 anima
896 1419 957 1438 mea

162 1457 270 1489 exsilit,
295 1463 328 1484 ac
353 1456 436 1484 veluti
463 1456 533 1483 saltu
559 1456 655 1489 l'ertur,
684 1461 710 1484 te
733 1456 859 1492 baptismi
886 1457 959 1484 dono

165 1502 299 1537 perlicere
313 1501 444 1537 gestiens.
461 1501 501 1529 lta
519 1502 628 1529 demum
650 1506 741 1529 autem
762 1506 787 1529 te
807 1502 956 1537 perﬁciam.

165 1556 198 1576 :zc
217 1548 340 1575 numeris
356 1548 485 1575 omnibus
501 1547 656 1580 ab5olvam,
676 1549 698 1575 si
712 1553 736 1575 te
754 1548 781 1575 in
795 1548 957 1575 Trinitatem

166 1594 355 1629 baptizavero.
384 1592 491 1620 Etcnim
519 1593 546 1620 in
570 1594 675 1621 Patrem
701 1594 789 1621 solum
815 1593 958 1629 baptizari,

162 1641 314 1668 .ludaicum
337 1643 380 1667 est
397 1648 404 1666 :
420 1640 444 1666 in
462 1639 560 1667 Filium
583 1648 706 1675 quoque,
731 1641 851 1667 nondum
867 1640 955 1675 perfe-

163 1692 244 1713 ctutn
262 1693 269 1712 :
287 1690 315 1712 at
334 1686 417 1712 etiam
437 1686 464 1712 in
490 1685 620 1720 Spiritum
648 1691 784 1719 sanctum,
806 1687 828 1713 is
849 1687 959 1714 deruunt

166 1732 316 1759 absolutus
331 1735 373 1759 est
388 1732 550 1765 baptismus.
568 1731 615 1757 Sin
633 1739 696 1758 vero
709 1732 798 1758 adhuc
809 1731 959 1765 claudicas,

163 1779 242 1805 νσιιιι
260 1777 338 1805 malis
366 1777 464 1804 litteris
488 1777 599 1809 inustis,
624 1785 673 1804 nec
691 1778 839 1812 quidquam
858 1785 872 1804 a
894 1786 961 1813 pra:-

162 1825 240 1852 senti
257 1822 383 1851 oratione
400 1827 525 1856 sanatus,
542 1823 625 1850 alium
640 1831 743 1859 qua-re,
759 1825 806 1858 qui
826 1830 850 1852 te
872 1824 962 1858 bapti-

165 1880 188 1897 Ζι
201 1876 223 1903 ι,
254 1870 296 1897 vel
321 1874 425 1905 mergat
449 1871 551 1905 potius,
577 1870 704 1905 atquein
731 1871 810 1904 aquis
835 1870 961 1898 sullocct.

162 1917 223 1944 Nec
250 1917 323 1944 enim
349 1917 415 1943 tnihi
433 1921 510 1943 vacat
529 1924 576 1951 per
599 1916 812 1950 inaequalitatem
829 1923 962 1950 persona-

163 1970 230 1990 rum
261 1963 504 1996 diversitatemque
531 1967 704 1994 naturarum,
730 1968 811 1988 unam
835 1961 962 1988 divinita-

165 2015 223 2036 tern
245 2016 277 2035 ac
300 2013 426 2035 naturam
445 2007 612 2040 diseindere,
630 2011 722 2042 teque,
742 2007 802 2042 ipso
818 2014 963 2042 regenera-

168 2054 259 2082 tionis
286 2058 417 2088 tempore,
443 2053 619 2085 obtruncare,
646 2061 698 2080 non
727 2060 807 2080 secus
835 2060 867 2080 ac
890 2051 961 2081 fetus

163 2102 243 2128 inter
262 2100 336 2134 ipsos
352 2104 446 2134 partus
462 2099 565 2126 doloris
592 2103 679 2126 morte
696 2106 855 2134 oppressos,
873 2104 956 2133 atque

164 2147 197 2174 in
224 2146 282 2180 ipso
301 2147 362 2173 vita:
379 2152 440 2173 ortu
465 2145 634 2172 intercuntes
651 2154 658 2172 :
675 2150 705 2173 ut
726 2146 766 2174 sic
793 2154 843 2173 nec
867 2145 956 2180 bapti-

167 2200 264 2220 smum
295 2192 356 2218 lllllJt
365 2199 406 2224 as,
426 2200 476 2219 nec
492 2200 506 2218 a
532 2192 666 2226 baptismo
687 2191 863 2226 prodeuntem
879 2191 961 2218 coale-

165 2240 222 2268 stis
254 2238 330 2274 regni
364 2246 451 2273 spem.
487 2238 555 2266 lllud
584 2238 656 2265 enim
688 2238 837 2273 perlectum
869 2238 959 2269 habe,

162 2285 243 2321 quod
258 2285 280 2312 si
294 2293 376 2320 quam
389 2285 470 2312 trium
484 2292 664 2320 personarutn
681 2284 864 2316 imminueris,
878 2289 959 2319 atque

163 2341 180 2359 a
223 2331 364 2359 divinitate
396 2331 551 2358 deturbaris
581 2335 608 2358 et
644 2331 834 2365 dcpresseris.
871 2335 958 2357 totum

163 2385 297 2412 quoque,
324 2383 457 2413 quantum
486 2377 514 2404 in
543 2381 570 2404 te
594 2376 677 2403 situm
710 2377 783 2410 erit,
810 2376 962 2410 dejeceris,

165 2422 380 2458 ignominiaque
414 2423 561 2456 ali‘cceris,
585 2431 617 2450 ac
648 2422 764 2457 teipsqu
796 2422 962 2457 perfectione

165 2468 343 2505 spoliaveris.
360 2470 412 2497 Par
426 2470 498 2496 enim
528 2475 570 2497 est
588 2469 794 2501 detrimentum,
809 2469 851 2495 vel
871 2469 961 2504 bapti-

166 2515 226 2542 smi
243 2518 381 2548 expertem
407 2516 461 2541 vita
477 2515 629 2548 discedere,
655 2516 697 2543 vel
721 2523 805 2542 uuttm
824 2515 962 2550 quoddam

166 2567 269 2588 eorum
285 2567 345 2594 qua:
366 2559 511 2586 traditione
532 2561 699 2595 accepimus,
728 2568 742 2587 a
761 2561 873 2595 reliquis
896 2561 961 2588 sub—

169 2613 296 2635 movere.
321 2610 402 2639 atque
426 2604 540 2631 inferius
566 2613 699 2632 asserere.
724 2605 860 2638 Quocirca
882 2605 960 2633 nobis

168 2652 290 2678 ﬁrmiter
305 2655 386 2684 atque
403 2650 597 2677 inviolabiliter
611 2652 726 2677 tenenda
739 2655 823 2678 estea
837 2651 956 2684 traditio,

209 2731 219 2747 ³
232 2731 311 2758 Joau.
330 2738 385 2763 xix,
400 2729 446 2757 22.
486 2728 586 2756 ‘Rum.
601 2737 660 2760 \‘lll,
673 2729 719 2756 2|.

209 2811 263 2847 (ιί)
277 2810 389 2843 Quanta:
401 2810 464 2837 olim
474 2809 641 2847 auctoritatis
655 2808 790 2836 lucrithic
808 2809 875 2847 liber
890 2814 963 2845 patet

168 2845 380 2874 ex'Athanasio
404 2846 449 2879 qui
479 2845 505 2871 in
531 2845 673 2878 epistolam
697 2852 778 2878 quant
810 2845 902 2871 scribit
928 2846 960 2871 ad

169 2889 254 2909 avum
279 2882 442 2907 monachnni
461 2887 522 2907 cum
546 2879 685 2913 Sapientia
701 2879 855 2906 Salomonis
868 2886 896 2905 et
910 2881 960 2905 Sa-

168 2917 275 2952 pientia
302 2916 446 2949 Sidiaehi,
465 2921 491 2943 et
517 2914 623 2947 Esther,
648 2920 674 2942 et
699 2914 802 2947 Judith,
826 2922 857 2942 ac
880 2914 964 2942 'l‘obia

1009 1001 1079 1022 ctam
1099 1000 1182 1030 atque
1209 996 1377 1023 individuam
1403 994 1566 1023 Trinitatem
1592 1000 1617 1023 te
1639 995 1796 1030 baptizabo,

1009 1041 1090 1076 cujus
1114 1049 1226 1074 nomen,
1251 1049 1399 1070 commune
1414 1042 1545 1070 divinitas
1568 1047 1619 1070 est.
1637 1041 1796 1077 Cognosces

1009 1096 1101 1123 porro,
1119 1093 1147 1116 et
1171 1096 1204 1116 ex
1221 1089 1280 1124 ipso
1302 1089 1398 1117 habitu
1421 1096 1454 1117 ac
1470 1096 1562 1117 rerum
1590 1090 1692 1125 specie,
1720 1094 1746 1117 et
1762 1097 1796 1117 cx

1010 1133 1110 1166 verbis,
1126 1134 1198 1168 quod
1216 1134 1325 1162 Satame
1341 1137 1482 1164 renuntias
1507 1142 1534 1163 et
1556 1135 1665 1164 Christo
1679 1137 1796 1170 conjun-

1009 1181 1090 1215 geris.
1121 1179 1180 1208 Non
1207 1181 1280 1208 enim
1309 1182 1435 1208 oratione
1463 1182 1614 1214 duntaxat,
1642 1182 1689 1209 sed
1714 1183 1797 1209 etiam

1010 1227 1102 1254 habitu
1120 1227 1192 1262 ipso,
1207 1227 1258 1255 hoc
1273 1231 1326 1261 est,
1341 1228 1465 1255 vestibus
1477 1229 1609 1261 nudatus,
1627 1236 1798 1264 corporeque

1010 1273 1042 1300 ad
1065 1280 1193 1300 occasum
1217 1272 1355 1306 ittVersus,
1370 1280 1403 1300 ac
1432 1281 1530 1301 manus
1555 1278 1662 1301 erectas
1683 1274 1799 1305 habens,

1011 1318 1142 1346 Satanam
1169 1319 1330 1354 abjurabis,
1363 1327 1517 1354 rursusque
1555 1319 1588 1347 ad
1622 1325 1713 1347 ortum
1745 1324 1800 1348 tete

1009 1370 1183 1395 convertens.
1211 1373 1365 1400 manusque
1393 1365 1537 1400 depressas
1564 1365 1679 1398 habens,
1710 1365 1796 1393 Deum

1010 1410 1196 1443 conﬁteberis,
1219 1417 1298 1446 teque
1316 1411 1350 1438 ad
1366 1412 1426 1446 ejus
1449 1417 1541 1447 partes
1557 1412 1703 1447 adjungcs,
1723 1420 1801 1440 cutu-

1010 1465 1064 1492 que
1086 1458 1225 1485 adorabis.
1251 1457 1314 1485 llaec
1338 1463 1429 1486 autent
1459 1459 1486 1486 in
1509 1458 1617 1486 actione
1641 1459 1694 1485 sita
1724 1463 1799 1486 sunt.

1011 1503 1150 1536 Secundo,
1169 1503 1260 1535 crede,
1287 1504 1373 1538 quod,
1395 1503 1626 1539 quemadmodum
1652 1503 1680 1530 in
1705 1503 1802 1531 Pasto-

1011 1548 1049 1576 ris
1066 1548 1124 1584 (l2)
1141 1548 1210 1576 libro
1234 1549 1360 1581 habetur,
1379 1557 1450 1576 unus
1472 1554 1514 1577 est
1542 1549 1627 1582 Deus.
1642 1549 1689 1584 qui
1704 1549 1795 1577 omnia

1012 1594 1116 1622 creavit
1145 1598 1229 1629 atque
1264 1593 1391 1629 perfecit,
1419 1600 1445 1622 et
1476 1603 1510 1622 ex
1543 1595 1628 1622 nihilo
1651 1596 1679 1622 in
1707 1603 1798 1622 rerum

1014 1646 1138 1668 naturam
1153 1640 1295 1675 produxit,
1309 1647 1396 1675 eaque
1413 1641 1494 1667 etiam
1512 1640 1646 1675 gubernat
1661 1648 1693 1668 ac
1710 1640 1802 1667 mode-

1012 1692 1106 1720 ratur;
1129 1686 1193 1714 item
1215 1687 1297 1720 quod,
1326 1687 1405 1721 juxta
1434 1687 1640 1721 Apostoitun‘,
1663 1687 1720 1714 haec
1744 1687 1802 1721 ipsa

1013 1737 1141 1761 creatura
1176 1733 1387 1760 resurrectionis
1423 1737 1547 1767 tempore
1580 1741 1596 1759 a
1627 1732 1803 1767 corruptionis

1011 1780 1137 1806 servitute
1160 1778 1326 1809 liberabitur,
1350 1785 1382 1805 ac
1414 1777 1564 1811 spiritualis
1588 1779 1708 1805 mundus
1732 1786 1802 1812 prte-

1013 1824 1131 1852 stantior
1164 1823 1273 1851 futurus
1298 1829 1359 1855 est,
1391 1824 1520 1850 nimirum
1543 1823 1600 1857 jam
1629 1823 1736 1858 expleta
1769 1831 1800 1851 ea

1012 1870 1112 1903 classe,
1132 1877 1194 1904 qua:
1205 1869 1296 1896 adhuc
1311 1869 1495 1901 desideratur,
1508 1869 1549 1895 Vel
1565 1869 1648 1895 etiam
1664 1873 1801 1904 quatenus

1015 1923 1081 1946 tunc
1097 1918 1185 1954 angeli
1200 1926 1215 1945 a
1231 1912 1390 1944 conditione
1409 1917 1442 1944 ad
1464 1917 1559 1943 vitium
1580 1924 1651 1952 azgre
1667 1916 1748 1943 ﬂexili
1766 1917 1801 1944 ad

1012 1973 1074 1992 eum
1088 1968 1189 1991 statum
1204 1964 1436 1996 innnutabuntur,
1457 1968 1486 1990 ut
1503 1963 1577 1990 nullo
1591 1963 1647 1997 jam
1666 1963 1746 1990 modo
1767 1963 1802 1990 ad

1013 2010 1115 2038 malum
1144 2010 1252 2037 incitari
1279 2014 1383 2044 queant
1407 2019 1414 2037 :
1439 2008 1479 2036 vel
1511 2009 1616 2042 etiam,
1642 2008 1707 2043 quia
1736 2013 1801 2036 tunc

1012 2057 1162 2092 pleniorem
1181 2060 1209 2083 et
1230 2056 1429 2083 ahsolntiorem
1455 2056 1600 2083 scientiam
1621 2063 1798 2091 eonsequettu

1014 2107 1067 2130 tur.
1093 2102 1188 2129 Tertio
1206 2101 1274 2128 illud
1295 2101 1344 2128 tibi
1364 2102 1518 2129 cavendum
1539 2107 1593 2135 est,
1613 2109 1648 2128 ne
1661 2101 1799 2136 propriam

1013 2149 1095 2176 ullam
1123 2148 1187 2175 mali
1210 2147 1393 2175 substantiam
1413 2148 1507 2175 animo
1533 2147 1684 2182 concipias.
1706 2147 1800 2182 Neque

1012 2194 1086 2221 enim
1115 2194 1211 2221 vitium
1240 2193 1320 2229 quasi
1353 2193 1456 2220 animal
1484 2193 1622 2228 quoddam
1652 2192 1800 2220 subsistit:

1015 2247 1108 2266 verum
1128 2233 1245 2274 privatio
1265 2239 1342 2270 boni,
1363 2239 1465 2266 malum
1483 2244 1534 2267 est.
1550 2238 1606 2266 Nec
1620 2246 1685 2266 vero
1700 2237 1804 2273 ingeni-

1013 2289 1069 2311 tum
1085 2289 1137 2316 est,
1153 2290 1182 2311 ut
1198 2284 1272 2318 impii
1284 2285 1419 2319 garriunt,
1436 2285 1514 2312 bona:
1530 2285 1567 2312 illi
1584 2289 1611 2312 et
1626 2284 1799 2318 sempiterna:

1014 2335 1117 2357 natura
1147 2330 1243 2356 vitium
1273 2330 1379 2357 honore
1406 2335 1582 2364 exequantes
1610 2329 1652 2365 (si
1690 2329 1800 2364 quidem

1012 2382 1157 2411 utrumque
1172 2377 1268 2402 horum
1284 2376 1411 2412 principii
1427 2384 1524 2410 expers
1548 2380 1631 2411 atque
1647 2375 1798 2410 ingenitum

1012 2424 1071 2458 est)
1091 2432 1097 2450 :
1115 2429 1165 2449 nec
1182 2430 1279 2449 rursus
1295 2422 1427 2456 genitum.
1450 2421 1556 2449 Etenim
1579 2429 1641 2449 cum
1658 2421 1751 2448 omnia
1767 2428 1800 2448 ex

1014 2467 1070 2494 Deo
1087 2467 1152 2500 sint,
1168 2475 1223 2501 quo
1247 2467 1329 2494 modo
1350 2467 1453 2494 malum
1479 2474 1512 2494 ex
1530 2466 1602 2494 bono
1624 2473 1685 2494 esse
1700 2465 1803 2501 queat?

1016 2513 1114 2542 Verum
1135 2513 1368 2548 quemadmodum
1388 2512 1461 2541 Deus
1481 2521 1583 2548 corpus
1597 2512 1708 2548 quidem
1723 2520 1800 2540 crea-

1012 2561 1060 2594 vit,
1075 2568 1129 2588 non
1147 2564 1239 2587 autem
1261 2560 1387 2587 morbqu
1404 2569 1411 2587 :
1427 2560 1467 2587 sic
1483 2561 1566 2588 etiam
1585 2560 1705 2587 animam
1721 2567 1801 2586 crca~

1008 2607 1058 2639 vit,
1083 2613 1137 2633 non
1159 2610 1251 2633 autem
1278 2610 1432 2641 peccatum.
1452 2605 1552 2634 Verum
1578 2606 1671 2633 anima
1699 2607 1732 2633 ab
1758 2613 1801 2638 eo,

1008 2652 1080 2686 quod
1107 2651 1260 2679 secundum
1289 2656 1413 2680 naturam
1441 2657 1511 2685 erat,
1536 2656 1693 2680 transversa
1721 2657 1793 2684 acta,

1014 2817 1087 2847 eum_
1110 2813 1247 2844 aggregat.
1267 2810 1394 2847 Rufﬁnus
1432 2811 1513 2838 etiam
1537 2811 1563 2838 in
1586 2819 1637 2840 suo
1661 2811 1802 2847 Symbolo,

1016 2844 1088 2879 quod
1104 2849 1191 2871 exstat
1202 2846 1270 2872 inter
1285 2846 1440 2881 Hieronymi
1458 2854 1539 2880 opera
1554 2851 1629 2874 tonio
1646 2844 1690 2880 ιγς
1708 2844 1805 2881 ullum;

1018 2880 1058 2907 vis
1074 2887 1126 2906 non
1144 2882 1316 2913 canonicam,
1339 2880 1550 2910 ecclesiasticam
1578 2889 1667 2911 tamen
1686 2880 1803 2910 aucturi-

1019 2919 1101 2942 latent
1120 2915 1183 2943 huic
1196 2915 1264 2943 libro
1280 2918 1382 2945 tribuit.
