2027 3162
247 195 314 227 i299

951 195 1140 226 ADDENDA.

1805 191 1815 223 i
1822 194 1874 225 300

247 253 314 279 vitio
336 251 435 279 infecta
461 255 513 279 est.
541 250 616 284 Quod
632 255 724 278 autem
742 254 801 278 erat
817 250 882 278 illud
913 250 1026 283 bonum,
1051 252 1073 280 A
1088 249 1191 277 dictum
1204 254 1256 282 est,
1267 249 1314 284 qui
1329 249 1526 276 humanitatem
1542 247 1644 276 Christi
1660 248 1762 276 mentis
1776 256 1877 284 exper-

249 306 304 332 ιιιιτι
318 297 435 330 primunt
450 301 509 323 erat
522 296 642 323 ornata?
657 296 787 323 nimirum
799 295 873 330 qttod
891 295 946 322 Deo
964 295 1033 322 indi-

248 345 325 371 vulse
342 344 421 371 affixa
436 348 506 373 erat,
523 349 649 376 nexuque
667 341 808 371 charitatis
821 342 845 369 ei
863 341 1010 376 conjuncta
1026 349 1033 368 :

248 399 262 417 a
280 398 332 424 qua
359 393 536 424 posteaquatn
555 388 669 420 excidit,
689 387 774 416 variis
790 391 817 415 ct
840 387 1036 423 multiplicibus

249 435 353 462 morbis
382 434 542 462 labefactata
571 438 622 461 est.
648 433 736 467 Quam
757 438 848 462 autem
872 433 907 461 ob
925 441 1034 462 causam

247 481 360 508 omnino
385 479 449 507 mali
474 488 559 516 capax
586 484 677 507 creata
705 480 770 508 est?
793 484 905 516 propter
928 479 1033 507 arbitrii

247 528 414 560 libertatem,
431 535 492 562 qua:
518 531 623 555 natura:
640 526 749 555 ratione
774 527 895 562 praedita:
918 526 1036 554 maxime

246 573 435 601 conveniebat.
469 573 552 608 Ergo,
578 579 608 601 ut
631 574 687 609 jam
713 581 728 601 a
752 574 830 602 nobis
851 573 952 601 dictum
982 578 1034 606 est,

247 620 348 647 malum
367 627 420 647 non
445 619 505 647 viva
531 624 558 646 et
582 619 702 647 animata
721 619 841 647 essentia
862 623 915 652 est,
941 627 1034 647 verum

246 664 355 692 aifcctio
377 665 476 692 animae
492 665 586 692 virtuti
601 665 751 697 contraria,
774 673 835 700 qua:
852 671 964 701 propter
991 673 1035 692 re-

246 718 355 738 Cessum
383 718 414 738 ac
438 711 642 746 prolapsionem
669 718 684 737 a
717 711 788 738 bono
821 710 984 738 socordibus
1009 715 1037 738 et

249 757 366 791 torpidis
393 757 724 785 hominibusinnascitur.
753 757 890 790 Quocirca
918 764 970 784 non
994 761 1036 784 est

249 804 322 838 quod
346 804 516 831 extrinsecus
539 804 640 830 malum
670 804 888 839 circumspicias,
913 808 960 831 aut
976 803 1034 838 pri-

247 857 360 877 matram
392 849 539 885 quamdam
566 849 750 884 improbitatis
781 854 907 876 naturam
940 849 1033 885 imagi<

247 895 342 927 neris,
372 903 468 922 verum
499 903 722 930 unumquemque
743 900 866 922 nostrum
896 895 949 922 sibi
975 896 1034 922 vitti

247 947 388 968 auctorem
404 947 486 976 atque
499 941 679 968 architectum
694 948 755 969 esse
780 941 911 975 intelligo.
932 940 1033 968 Eorum

245 987 329 1021 enim,
348 995 407 1022 quae
431 987 508 1020 fiunt,
527 987 579 1014 alia
600 996 615 1016 a
637 992 733 1016 natura
751 987 834 1015 nobis
848 987 989 1019 eveniunt,
1005 991 1034 1014 ut

247 1040 375 1061 senectus
389 1038 417 1060 et
435 1033 581 1061 infirtnitas
599 1044 605 1061 :
622 1034 674 1061 alia
693 1038 794 1061 temere
810 1033 948 1065 accidunt,
961 1033 1035 1060 velut

249 1079 354 1106 fortuiti
383 1085 410 1106 et
436 1079 576 1114 improvisi
602 1087 702 1112 casus,
728 1083 759 1106 ut
797 1078 820 1106 si
845 1078 907 1114 quis
925 1082 1033 1113 puteum

248 1124 354 1152 fodiens
367 1125 526 1153 thesaurum
542 1125 661 1161 reperiat
675 1135 682 1152 :
696 1125 748 1152 alia
761 1124 880 1159 denique
897 1125 923 1151 in
941 1129 1035 1151 nostro

246 1172 361 1199 arbitrio
390 1171 479 1207 posita
513 1176 600 1204 sunt,
641 1177 670 1200 ut
697 1171 765 1199 iram
793 1179 825 1199 ac
857 1171 1033 1206 cupiditatem

246 1215 445 1251 libidinemque
463 1216 657 1252 comprimere,
671 1216 711 1243 vel
729 1216 825 1244 iisdem
842 1215 1034 1244 succumbere.

246 1262 370 1294 Quarum
392 1263 474 1298 igitur
500 1270 592 1290 rerum
612 1263 757 1290 arhitrium
772 1271 855 1298 penes
880 1269 904 1290 te
929 1266 970 1290 est
988 1263 1036 1289 ha-

247 1316 307 1335 rum
326 1317 424 1336 causas
436 1310 557 1337 exterius
569 1317 602 1336 ne
626 1310 793 1344 conquiras?
809 1317 902 1337 verttm
922 1309 974 1336 hoc
989 1316 1037 1343 pro

247 1360 321 1383 certo
335 1355 436 1383 habeas
461 1356 497 1388 id,
525 1357 597 1390 quod
613 1356 724 1392 proprie
736 1356 837 1383 malum
850 1359 900 1386 est.
920 1363 934 1382 a
952 1354 1036 1381 libera

247 1406 275 1428 et
295 1401 448 1429 voluntaria
468 1410 483 1429 a
502 1402 574 1429 bono
600 1402 744 1430 aversione
766 1402 899 1437 originem
925 1401 1036 1428 ducere.

247 1445 353 1479 Quarto
370 1447 451 1475 crede
469 1446 568 1474 Filium
587 1447 633 1475 Dei
650 1453 759 1482 propter
775 1451 800 1474 te
819 1446 916 1473 Filium
928 1454 1037 1481 quoque

248 1492 368 1519 hominis
380 1492 511 1519 extremis
526 1492 635 1523 diebus.
649 1497 679 1519 ut
690 1493 726 1519 ait
740 1492 887 1526 Apostolus
899 1492 920 1524 ³,
936 1491 1036 1517 factum

247 1545 317 1564 csse.
334 1537 401 1564 Nam
418 1538 436 1565 ii
455 1538 524 1570 dies,
538 1538 584 1573 qui
605 1539 726 1566 medium
751 1543 860 1573 tempus
883 1537 1036 1571 excipiunt,

246 1583 360 1610 extremi
380 1583 521 1616 dicuntur,
541 1584 774 1620 quemadmodum
794 1584 886 1618 primi,
906 1582 952 1617 qui
979 1590 1036 1608 mc-

249 1629 324 1656 dium
337 1630 513 1657 aillCCt'dllllL
531 1630 619 1664 Atque
635 1630 719 1656 etiam
736 1629 790 1656 alio
806 1629 887 1655 modo
899 1633 1037 1655 extremos
1049 1623 1072 1654 C

248 1674 306 1701 dies
321 1682 368 1701 eos
391 1679 482 1706 vocat,
498 1675 544 1710 qui
565 1675 590 1702 in
615 1674 744 1708 temporis
760 1674 843 1705 illius,
864 1674 935 1709 quod
958 1673 1036 1708 legali

247 1718 332 1745 cultui
355 1720 537 1747 constitutum
563 1724 631 1752 erat,
658 1720 710 1747 fine
732 1720 898 1748 exstiterunt
913 1729 919 1746 ε
935 1720 967 1747 de
983 1727 1037 1755 quo

249 1764 319 1790 idem
347 1773 459 1801 qquue
486 1766 635 1802 Apostolus
666 1767 705 1794 ait
729 1775 734 1792 :
760 1766 938 1802 Posteaquam
970 1767 1037 1793 venit

247 1809 382 1843 plenitudo
399 1813 533 1846 temporis,
554 1813 624 1840 misit
639 1813 707 1840 Deus
724 1812 826 1839 Filium
843 1821 920 1840 suum
936 1812 1038 1848 factum

247 1864 280 1882 ea;
307 1857 416 1884 muliere
427 1858 448 1885 '.
474 1858 605 1886 lneﬂ'abili
627 1859 722 1896 modo,
744 1859 809 1893 quia
835 1859 895 1887 sine
915 1859 964 1886 viri
994 1867 1038 1886 se.

251 1902 332 1935 mitte,
349 1907 376 1930 et
392 1911 473 1938 supra
493 1909 598 1932 natura
613 1909 733 1940 captum.
748 1904 823 1932 Citra
840 1905 908 1932 ullas
925 1906 1037 1933 sordes:

248 1948 312 1982 quia
331 1949 488 1984 incorrupte
508 1953 535 1977 et
559 1957 637 1984 pure.
660 1950 712 1978 Ubi
736 1950 809 1977 enim
825 1954 867 1978 est
883 1949 967 1982 Deus,
983 1951 1039 1978 illic

249 1995 317 2021 nihil
346 1995 487 2023 sordidum
509 2001 536 2023 et
559 1996 697 2031 impurum
716 2001 767 2024 est.
792 1996 880 2031 Atque
908 2002 948 2024 est
966 2001 1039 2024 totus

250 2039 319 2066 υυιις
335 2048 397 2067 cum
412 2049 510 2074 ,carne
529 2049 589 2074 sua,
619 2047 646 2069 et
662 2047 736 2070 lotus
760 2043 843 2069 homo
860 2050 923 2069 cum
939 2043 1040 2070 divini-

250 2089 314 2112 tale.
341 2085 427 2112 Porro
452 2095 514 2113 cum
533 2087 660 2114 eumdem
685 2092 772 2114 totutn
791 2087 876 2115 Dcutn
899 2093 926 2115 et
952 2093 1039 2115 tutunt

249 2129 387 2157 imminent
408 2137 469 2158 esse
491 2131 538 2162 ait,
557 2139 640 2159 unam
663 2137 746 2168 atque
770 2132 963 2160 lndivisibiletn
979 2141 1040 2161 esse

249 2174 336 2208 ipsius
354 2175 512 2211 hypostasin
529 2177 661 2205 ostendit.
681 2178 720 2205 Ac
738 2183 813 2206 totus
833 2178 944 2213 quidem
963 2179 1035 2206 Deus

249 2220 386 2255 perfectus
407 2226 459 2253 est,
483 2230 537 2250 non
564 2228 654 2250 tamen
681 2223 708 2251 in
736 2227 824 2252 totum
850 2223 922 2251 Deus
940 2225 1040 2260 (neque

249 2267 322 2294 enim
338 2267 427 2295 solum
448 2268 519 2296 Deus
541 2273 594 2303 est,
611 2270 657 2297 sed
682 2270 764 2298 etiam
789 2271 881 2306 homo)
899 2280 906 2298 :
923 2277 949 2299 et
965 2276 1039 2300 totus

250 2316 332 2342 homo
349 2316 497 2351 perfectus,
522 2326 575 2345 non
595 2323 685 2346 tamen
713 2319 740 2346 in
759 2325 846 2346 totum
872 2320 952 2347 homo
967 2329 974 2347 :
990 2329 1040 2348 nec

249 2364 321 2390 ruim
340 2364 428 2391 solum
447 2365 540 2397 homo,
558 2366 606 2394 sed
622 2367 703 2394 etiam
723 2367 795 2395 Deus
814 2374 866 2395 est.
887 2367 949 2396 llaec
965 2369 1038 2396 ettitn

249 2418 312 2442 vox,
329 2415 422 2445 totum,
447 2417 572 2440 naturam
585 2413 725 2446 declarat;
740 2419 812 2441 totus
833 2421 936 2446 autetn,
951 2414 1039 2450 hypo-

249 2457 335 2485 stasin
351 2457 466 2490 indicat,
483 2467 536 2486 non
553 2467 633 2487 secus
647 2466 731 2494 atque
752 2461 811 2488 haec
832 2461 929 2492 dictio,
948 2460 1034 2492 aliud,

249 2509 375 2531 natttram
395 2506 527 2537 ostendit,
546 2506 628 2538 alius,
644 2511 746 2538 autem,
762 2505 935 2542 hypostasin.
951 2505 1036 2538 Quin-

249 2550 331 2577 etiam
348 2556 422 2578 totus
444 2556 531 2579 totum
558 2553 697 2580 hominem
724 2554 884 2588 assumpsit,
912 2553 962 2579 hoc
985 2556 1036 2583 est,

249 2605 349 2632 corpus
373 2603 400 2625 et
428 2599 550 2626 animam
578 2604 670 2626 mente
695 2604 778 2634 atque
806 2598 984 2633 intelligentia
1011 2603 1038 2625 et

251 2645 360 2672 ratione
376 2644 516 2679 pra-ditant
535 2653 542 2673 :
558 2653 590 2672 ac
604 2649 677 2672 tutus
695 2646 744 2672 toti
761 2645 855 2672 unitus
871 2648 923 2677 est,
941 2649 971 2670 ut
988 2643 1037 2670 toti

202 2720 205 2723 ,
250 2691 355 2719 homini
371 2692 488 2719 salutem
507 2690 627 2718 afferret.
645 2691 754 2726 Alioqui
771 2698 835 2725 pars
851 2698 881 2717 ea
906 2690 1036 2720 hominis,

250 2745 311 2772 quae
324 2738 359 2765 ab
379 2745 412 2764 eo
434 2741 575 2771 assumpta
600 2744 652 2764 non
667 2736 776 2769 fuisset,
797 2736 959 2763 incurabilis
979 2744 1037 2763 ma-

251 2789 338 2812 neret.
355 2783 413 2812 Hoc
435 2788 527 2811 autent
545 2782 684 2817 Tlteologo
703 2787 814 2818 propter
837 2782 1035 2817 Apollinarium

313 2871 392 2897 Rom.
410 2880 431 2903 I,
445 2872 463 2898 ἓ
476 2879 552 2905 seqq.

254 2905 280 2938 i;
296 2905 305 2930 l
320 2905 391 2932 l'-:tr.
407 2914 442 2940 tv,
459 2907 485 2933 5.

591 2872 601 2886 ¹
613 2871 701 2898 Calal.
719 2879 753 2902 ιν,
770 2871 795 2896 ι.

524 2908 542 2922 ¹¹
563 2906 676 2933 Zachar.
696 2914 753 2939 x11,
773 2906 803 2933 10
853 2907 874 2922 ¹²
893 2906 976 2940 Apoc.
1004 2913 1022 2938 ι,
1039 2905 1064 2931 ’1.

870 2871 879 2886 ⁷
902 2869 998 2903 Ephes.
1023 2877 1052 2896 ιι.
1070 2869 1096 2895 6.

1091 300 1144 324 tem
1165 303 1226 324 esse
1245 295 1409 332 nugabatur.
1433 294 1556 328 Quonam
1584 298 1676 322 autem
1699 295 1782 322 modo
1803 294 1878 322 Deus

1090 341 1226 377 perfectus
1251 348 1278 369 et
1302 342 1385 369 homo
1402 341 1551 377 perfectus.
1575 346 1602 368 et.
1627 341 1879 369 consubstantialis

1088 388 1159 415 Patri
1177 395 1209 416 ac
1224 388 1304 415 nobis
1318 387 1446 415 Christus
1459 387 1514 414 dici
1530 386 1717 422 constituique
1731 391 1836 422 posset,
1852 387 1877 415 si

1087 435 1179 470 aliqua
1195 438 1299 461 tantum
1318 434 1419 461 divinte.
1433 437 1537 460 natura:
1554 440 1618 469 pars
1638 432 1721 460 alicui
1746 432 1879 459 humana:

1088 481 1159 516 parti
1178 481 1254 508 unita
1280 484 1365 511 esset,
1388 487 1420 507 ac
1436 487 1491 507 non
1508 483 1563 507 tota
1579 478 1732 507 divinitatis
1754 478 1878 506 essentia

1087 535 1149 554 cum
1179 531 1236 554 tota
1262 530 1361 553 natura
1386 525 1506 553 humana
1537 525 1684 560 conjuncta
1718 529 1746 551 et
1777 523 1879 550 unita?

1087 572 1120 601 Et
1149 572 1278 608 quoniam
1302 571 1430 600 Christus
1453 570 1605 598 secundum
1635 570 1693 597 haec
1718 569 1770 597 tria
1794 570 1879 597 homo

1087 619 1176 647 factus
1200 623 1259 650 est.
1286 619 1338 646 ltoc
1359 622 1422 651 est,
1454 617 1606 645 secundum
1641 621 1783 649 mentem,
1815 616 1878 643 ani-

1088 673 1176 698 mam,
1205 669 1232 692 et
1264 671 1386 699 corpus:
1403 663 1557 690 secundum
1581 662 1676 689 eadem
1707 667 1734 689 tu
1765 669 1878 697 quoque

1087 711 1155 739 deus
1186 710 1303 738 eﬂiceris
1321 731 1329 743 ,
1357 709 1466 738 tametsi
1497 709 1543 737 ille
1576 713 1697 742 natura,
1728 713 1757 735 tu
1784 714 1876 739 autem

1086 757 1174 793 gratia
1192 760 1220 785 et
1234 756 1391 792 adoptione.
1408 754 1503 791 Neque
1520 755 1594 782 enim
1614 754 1660 781 ille
1683 762 1714 781 ex
1729 759 1808 789 parte
1823 753 1877 780 hu-

1087 804 1244 831 tnauitatem
1266 802 1431 838 assumpsit;
1456 810 1507 830 nec
1524 806 1553 829 tu
1575 809 1609 828 ex
1629 805 1705 836 parte
1731 800 1801 828 deus
1818 800 1876 826 rm-

1087 851 1181 878 ceris:
1198 850 1280 885 idque
1306 858 1339 876 ex
1368 849 1558 882 assumptione
1583 847 1688 880 liquido
1710 851 1796 882 patet.
1822 845 1878 874 Deo

1086 896 1159 923 enim
1185 900 1242 923 toto
1262 895 1366 924 homini
1396 895 1445 923 toti
1467 895 1556 926 unito,
1582 893 1639 926 ille,
1658 892 1769 928 quidem
1798 892 1879 927 plene

1085 942 1258 977 pcrfecteque
1279 942 1363 970 homo
1388 941 1476 969 factus
1499 945 1561 972 est,
1579 939 1624 968 hic
1640 943 1730 966 autem
1758 937 1879 974 perfecte

1086 987 1255 1015 divinitatem
1274 994 1316 1015 est
1331 992 1509 1015 consecutus.
1530 985 1767 1019 Quemadmodum
1792 984 1879 1020 igitur

1086 1033 1218 1063 Domintts
1234 1042 1332 1070 corpus
1350 1034 1466 1061 iuduens
1485 1034 1567 1060 homo
1583 1031 1671 1060 factus
1686 1035 1729 1058 est
1748 1041 1754 1058 :
1770 1031 1811 1058 sic
1828 1038 1878 1057 nos

1086 1082 1211 1111 homines
1224 1090 1238 1109 a
1249 1081 1359 1109 Christo
1374 1081 1412 1107 dii
1434 1079 1577 1110 eflirimur.
1594 1087 1641 1114 per
1657 1078 1742 1113 ipsius
1766 1085 1878 1105 carnem

1087 1128 1234 1162 assumpti.
1261 1126 1293 1154 Et
1317 1125 1546 1162 quemadmodum
1568 1128 1693 1152 naturam
1719 1127 1840 1150 nostram
1864 1132 1878 1149 a

1086 1179 1173 1202 morte
1192 1173 1337 1201 excitatam
1353 1180 1426 1204 esse,
1438 1177 1465 1199 et
1483 1171 1509 1198 in
1533 1171 1632 1198 cadum
1650 1170 1823 1200 ascendisse.
1838 1174 1880 1196 at-

1086 1227 1139 1255 que
1154 1219 1185 1247 ad
1211 1219 1298 1246 Patris
1323 1218 1462 1246 dexteram
1480 1218 1574 1246 sedere
1586 1217 1714 1249 dicimus,
1732 1225 1787 1243 non
1805 1216 1878 1251 quod

1087 1265 1243 1301 s'ngulatim
1274 1272 1370 1292 omnes
1396 1264 1430 1292 ad
1458 1265 1541 1291 vitam
1565 1263 1706 1296 redierint,
1734 1268 1817 1298 atque
1845 1263 1878 1290 ad

1088 1312 1175 1339 Patris
1218 1311 1356 1338 dexteram
1403 1310 1539 1343 sedeant,
1584 1309 1631 1337 sed
1678 1309 1743 1344 quia
1788 1308 1879 1336 onmis

1088 1363 1180 1385 nostra
1197 1362 1293 1384 natura
1310 1358 1336 1384 in
1352 1355 1451 1384 Christi
1467 1356 1614 1392 ,hypostasi
1643 1355 1781 1388 revixerit,
1796 1359 1880 1389 atque

1088 1404 1120 1430 ad
1144 1403 1232 1431 Patris
1252 1404 1391 1430 dexteram
1411 1402 1505 1430 sedeat
1528 1402 1578 1437 (ait
1595 1401 1694 1436 quippe
1708 1401 1878 1436 Apostolus:

1087 1449 1309 1477 Com-esuscitavit
1324 1457 1381 1480 nos,
1394 1452 1419 1474 et
1435 1448 1573 1475 consedere
1585 1447 1646 1482 fecit
1663 1456 1722 1474 cum
1732 1446 1838 1474 Christo
1847 1447 1878 1480 ’κ

1087 1496 1182 1523 eodem
1208 1495 1288 1522 modo
1311 1499 1338 1521 et
1359 1495 1385 1521 in
1411 1493 1522 1522 Chtisto
1545 1493 1716 1520 divinitatem
1740 1493 1880 1527 aecepisse

1089 1541 1221 1573 dicimur,
1233 1547 1330 1567 ttatnra
1343 1540 1447 1568 scilicet
1463 1544 1554 1567 nostra
1567 1547 1601 1566 ex
1620 1547 1663 1570 eo,
1683 1538 1756 1574 quod
1772 1546 1787 1565 a
1802 1538 1881 1565 Chri-

1089 1591 1132 1614 sto
1161 1592 1302 1621 assumpta
1325 1591 1383 1618 est,
1406 1586 1548 1613 divinitate
1577 1589 1735 1614 consecuta.
1762 1584 1880 1611 Tantum

1089 1632 1172 1668 igitur
1191 1632 1322 1660 Dominus
1339 1633 1419 1661 homo
1438 1632 1526 1660 factus
1541 1637 1593 1665 est,
1607 1635 1740 1667 quantum
1755 1638 1819 1665 pars
1836 1638 1881 1657 as-

1089 1685 1199 1715 sumpta
1215 1679 1295 1707 Deus.
1316 1679 1417 1712 Quinto
1430 1680 1509 1706 crede
1524 1686 1586 1707 eum
1599 1678 1675 1713 juxta
1691 1678 1769 1704 Isaiae
1786 1677 1881 1703 \‘atici’

1089 1725 1164 1752 nium
1182 1732 1231 1760 pro
1252 1724 1442 1759 iniquitatihus
1462 1724 1553 1759 populi
1569 1724 1602 1750 ad
1629 1728 1743 1750 mortem
1767 1723 1881 1750 duetum

1090 1769 1175 1797 fuisse
1192 1769 1213 1801 °,
1235 1774 1263 1796 et
1289 1769 1432 1801 revixisse,
1450 1776 1482 1796 ac
1506 1769 1616 1796 demum
1633 1768 1661 1795 in
1678 1768 1779 1795 coelum
1803 1776 1880 1795 recc»

1089 1821 1164 1851 ptum
1181 1823 1253 1846 esse,
1273 1820 1302 1842 ut
1315 1823 1410 1842 omnes
1435 1815 1469 1842 ad
1493 1815 1625 1849 scipsum,
1650 1813 1880 1849 quemadmodum

1089 1870 1119 1890 se
1142 1862 1276 1890 facturum
1301 1863 1413 1897 recepit,
1437 1862 1558 1889 trahat'.
1579 1860 1664 1888 Sexto
1684 1866 1825 1896 exspecta.
1855 1865 1883 1887 ct

1092 1908 1169 1935 firma
1186 1907 1236 1935 fide
1251 1912 1312 1935 tene
1325 1915 1386 1934 eum
1399 1912 1544 1934 venturum
1563 1914 1636 1940 esse,
1650 1911 1678 1934 ct
1691 1911 1720 1934 ut
1743 1907 1882 1941 apostolo-

1091 1961 1151 1980 rttm
1172 1952 1244 1980 Petri
1257 1957 1284 1981 et
1306 1953 1382 1980 Pauli
1409 1953 1498 1980 verbis
1515 1958 1576 1979 utar
1595 1953 1629 1984 ",
1641 1953 1829 1987 judicaturum
1844 1952 1883 1978 για

1091 2007 1140 2027 vos
1156 2004 1183 2027 et
1202 2003 1337 2030 martuos,
1358 1999 1411 2026 ltoc
1431 2004 1483 2030 est,
1502 2003 1556 2026 tam
1574 2006 1621 2025 eos
1644 1998 1690 2034 qui
1710 1998 1803 2025 adhuc
1821 1998 1882 2024 vita:

1091 2044 1153 2072 luce
1167 2045 1302 2076 fruentur,
1313 2051 1394 2078 quam
1408 2051 1454 2070 eos
1463 2043 1508 2078 qui
1523 2043 1580 2077 jam
1595 2043 1647 2070 rita
1664 2042 1749 2069 functi
1764 2041 1879 2070 fuerint:

1092 2090 1133 2117 vel
1145 2095 1198 2117 tam
1209 2090 1311 2124 justos,
1324 2097 1406 2124 quam
1422 2094 1581 2124 peccatores
1599 2097 1608 2116 :
1622 2088 1665 2116 vel
1685 2093 1738 2115 tant
1761 2088 1880 2118 animas,

1091 2144 1172 2171 (jllﬂlll
1188 2143 1305 2170 corpora
1324 2144 1332 2163 ἶ
1348 2140 1493 2162 venturum
1507 2140 1609 2166 autem,
1630 2142 1682 2161 non
1697 2133 1753 2168 jam
1771 2140 1880 2160 carnem

1093 2182 1166 2218 (quia
1176 2181 1344 2209 naturalibus
1357 2181 1448 2209 carnis
1461 2181 1605 2208 aifcctibus
1616 2180 1753 2207 obnoxius
1764 2179 1881 2214 amplius

1091 2235 1145 2255 non
1167 2228 1229 2259 erit,
1257 2227 1329 2255 velut
1348 2227 1425 2260 fami,
1448 2227 1506 2259 siti.
1535 2225 1709 2261 fatigationi,
1723 2229 1798 2252 caete:
1807 2226 1883 2260 isque

1091 2274 1151 2309 ejus
1173 2273 1279 2309 generis
1303 2272 1530 2309 inﬁrmitatibus),
1547 2279 1601 2300 non
1626 2272 1819 2307 incorporeum
1844 2277 1883 2298 ta-

1056 2308 1077 2336 D
1093 2308 1154 2347 men
1177 2308 1256 2355 7(quia
1279 2319 1416 2347 naturales
1432 2319 1557 2354 corporis
1574 2318 1756 2354 proprietates
1778 2325 1883 2352 nequa-

1089 2373 1170 2401 quam
1194 2365 1335 2400 ahjecerit,
1356 2365 1428 2393 velut
1447 2364 1582 2400 triplicem
1600 2364 1814 2395 dimensionem,
1829 2363 1883 2389 for-

1090 2419 1173 2443 tnam,
1187 2417 1215 2438 et
1231 2411 1422 2447 quantitatem,
1437 2416 1464 2438 et
1485 2415 1582 2438 ctetera
1610 2409 1792 2445 huiusmodi).
1813 2414 1842 2435 ut
1857 2413 1883 2434 et

1089 2459 1124 2486 ab
1142 2459 1196 2489 his,
1212 2466 1226 2486 a
1241 2458 1340 2494 quibus
1363 2457 1489 2485 confixus
1511 2462 1563 2488 est.
1578 2457 1712 2486 videatur.
1731 2456 1808 2482 velut
1829 2462 1880 2481 non

1087 2504 1276 2540 incorporeus,
1288 2504 1366 2539 juxta
1380 2503 1541 2531 Zachariam
1559 2503 1694 2530 dicentem
1710 2511 1716 2529 :
1734 2501 1882 2536 Respicieut

1092 2551 1126 2577 ad
1151 2559 1201 2583 me,
1227 2550 1254 2576 in
1272 2558 1348 2584 quem
1373 2553 1539 2584 pupugeruttt
1555 2549 1588 2576 ¹¹.
1604 2548 1637 2575 Ει
1658 2549 1734 2582 juxta
1753 2547 1791 2580 id,
1810 2547 1881 2581 quod

1092 2597 1130 2624 ait
1153 2595 1272 2623 Jmnnes
1293 2595 1320 2622 in
1348 2595 1512 2630 Apocalypsi
1530 2604 1536 2622 :
1556 2593 1623 2621 Ecce
1647 2594 1797 2628 egredietur
1823 2601 1881 2618 runt

1093 2641 1215 2672 nubibus,
1228 2646 1252 2668 et
1274 2641 1368 2668 videbit
1385 2649 1443 2667 eum
1459 2641 1544 2667 omnis
1565 2640 1672 2671 oculus,
1688 2644 1712 2665 et
1729 2639 1774 2672 qui
1794 2639 1882 2673 ipsum

1091 2688 1300 2723 pupugerunt“.
1324 2687 1382 2714 Erit
1405 2687 1497 2722 itaque
1520 2694 1620 2721 corpus
1638 2686 1704 2713 illud
1727 2685 1881 2719 augustius,

1093 2742 1124 2761 ac
1135 2733 1265 2766 divinius,
1285 2737 1315 2760 ut
1331 2738 1357 2760 et
1375 2733 1460 2760 rideri
1476 2736 1568 2767 queat,
1580 2736 1606 2759 et
1622 2731 1730 2759 interim
1746 2738 1762 2758 a
1779 2730 1882 2757 crassi-

1093 2779 1129 2807 tie
1146 2779 1264 2806 alienum
1278 2783 1378 2812 manet,
1395 2782 1488 2813 utpote
1506 2785 1560 2806 non
1583 2777 1637 2812 jam
1653 2783 1730 2808 caro,
1743 2775 1791 2802 scd
1808 2777 1880 2801 inter

1668 2865 1690 2881 ¹⁰
1711 2865 1732 2892 ΙΙ
1744 2864 1816 2891 Tim.
1843 2869 1879 2894 tt‘,

1134 2866 1144 2882 ⁸
1165 2867 1218 2895 lsa.
1237 2875 1300 2899 Ltll,
1316 2867 1342 2894 5.
1395 2867 1405 2882 ⁹
1426 2866 1504 2894 Joan.
1521 2873 1568 2899 xu,
1583 2865 1628 2892 52.
