2027 3162
147 192 212 224 i305

633 195 790 226 NlCETAS
811 195 850 226 lN
870 196 979 226 ORAT.
1000 197 1082 228 XLII
1103 198 1132 229 S.
1153 198 1266 230 GREG.

1689 201 1757 234 1306

143 250 253 284 angelus
267 250 475 278 resurrectionis
488 251 612 278 nuutittm
627 252 753 281 deferens
769 254 918 284 inducitur.
936 255 956 283 A
973 257 1063 287 rediit,
1079 257 1106 284 id
1124 257 1212 285 estad
1233 257 1385 285 divinitatis
1409 265 1467 286 suae
1493 259 1702 294 amplitudinem
1727 266 1756 288 et

142 300 169 324 et
190 295 346 329 angeltirum
359 296 498 324 exercitus
512 297 650 324 Christum
670 306 684 326 a
707 299 822 327 mortuis
842 306 919 327 revo‘

141 347 230 370 catum
251 342 455 370 concelebraris.
487 343 571 371 Porro
602 345 652 372 has
682 352 778 373 omnes
804 354 883 373 voces
906 354 921 374 a

141 389 278 424 prophetis
293 393 432 416 mutuatus
444 393 485 417 est
505 389 669 425 Thcologus.
690 390 758 418 Nam
780 396 808 419 et
827 392 919 419 Daniel

139 435 181 462 his
200 434 290 462 verbis
304 435 389 463 utitur
407 445 414 462 :
433 436 499 463 Ecce
512 437 584 463 stetit
599 445 689 464 caram
701 446 741 465 me
757 444 787 465 ut
800 443 921 472 aspectus

138 481 187 507 viri
195 480 228 506 ὀ.
245 479 278 506 Et
292 488 388 508 rursus
407 490 414 507 :
439 481 504 508 Ecce
520 482 559 509 vir
574 483 686 510 amictus
703 491 781 511 sacra
801 484 880 514 stola.
897 489 921 511 et

138 527 220 553 cultus
233 526 291 559 eius
304 527 373 554 sicut
392 533 513 561 aspectus
527 529 651 563 fulguris,
668 534 692 556 et
709 538 760 557 una:
773 539 922 557 sermonum

135 574 208 601 illius
238 578 268 600 ut
293 581 343 600 uox
372 574 552 601 multitudinis
581 576 717 609 popularis
728 577 762 603 ".
794 576 826 604 Et
852 577 921 611 apud

135 620 240 646 Nahum
262 619 303 647 sic
318 619 450 654 scriptum
474 620 590 648 habetur
605 630 612 648 :
626 622 751 654 Atpectus
780 631 870 649 eorum
895 627 922 649 ut

134 665 272 700 lampades
286 665 364 700 ignis,
377 669 402 691 et
418 666 487 692 sicut
501 666 611 701 [ulgttru
625 667 850 695 discurrentia".
872 668 923 696 Po-

134 716 240 738 stremo
257 711 290 738 de
304 718 371 738 voce
392 711 424 738 ad
449 712 520 739 hunc
544 713 655 740 modum
669 712 790 742 Joannes
805 714 923 741 Theolo-

134 765 183 791 gus
197 757 320 791 loquitur
345 757 403 785 :Et
427 758 518 784 audiui
538 767 624 786 vocent
655 768 779 795 magnam
802 766 860 795 post
883 769 924 788 nte

135 809 263 837 tanquam
281 812 368 831 vocem
380 805 483 832 tubw".
498 804 578 832 Nunc
593 806 658 840 quid
675 807 788 841 angelus
814 806 921 839 clamet.

135 850 299 877 audiamus:
317 849 403 877 llodie
426 851 501 878 salus
527 853 629 879 mttndo
640 856 693 879 tant
709 852 822 884 visibili.
836 859 918 886 quam

135 896 275 924 invisibili.
293 896 362 929 Quid
387 905 453 924 vero
482 897 629 925 invisibilis
649 906 759 933 quoque
789 898 918 930 mundus,

135 943 186 969 hoc
198 948 240 970 est
254 943 353 978 angeli,
365 943 452 970 salute
471 951 540 978 opus
557 944 733 972 habuerunt!
747 945 816 972 Nam
833 944 917 972 Luci-

134 987 185 1019 fer,
206 993 234 1016 et
251 990 336 1023 ipsius
359 990 494 1024 gregales,
521 998 571 1017 nec
589 990 623 1017 ad
646 991 784 1018 meliorem
801 995 919 1019 mentem

136 1035 284 1066 redierunt,
314 1043 364 1063 nec
386 1036 500 1063 salutem
524 1037 665 1064 consecuti
702 1043 790 1065 sunt:
821 1037 919 1072 reliqui

135 1085 227 1107 autem
244 1081 344 1116 angeli,
365 1081 411 1115 qui
438 1088 453 1108 a
474 1080 529 1107 Dro
546 1089 599 1108 non
620 1082 806 1114 desciverunt,
831 1083 920 1110 salute

136 1127 203 1153 nihil
222 1126 352 1162 indigent.
368 1129 498 1160 Quaenam
512 1128 593 1162 igitur
607 1129 680 1156 salus
696 1129 824 1156 invisibili
838 1137 918 1156 mun-

134 1173 170 1200 do
195 1173 276 1200 allata
304 1173 367 1200 est?
393 1172 522 1200 Nonnulli
558 1174 610 1200 hoc
644 1175 703 1202 loco
729 1183 777 1210 per
802 1177 918 1203 salutem

136 1218 350 1245 incolumitatem
375 1222 403 1245 ct
426 1218 608 1253 integritatetn
635 1219 834 1254 intellexerunt,
859 1229 921 1255 qua:

135 1263 246 1296 quidem
266 1267 331 1289 tunc
356 1262 437 1290 nobis
459 1264 585 1298 contigit,
613 1271 675 1291 cum
695 1272 743 1299 per
775 1270 918 1300 peccatum

134 1308 268 1341 oppressi,
286 1315 383 1335 rursus
396 1315 444 1342 per
457 1308 557 1336 Christi
575 1310 799 1337 resurrectionem
812 1311 920 1338 incolu-

138 1352 226 1379 mitati
252 1354 374 1381 restituti
390 1362 505 1388 sumus;
523 1356 628 1389 angelis
643 1360 747 1390 autem,
765 1357 829 1392 quia
844 1357 920 1392 juxta

133 1398 319 1432 evangelicum
349 1400 505 1433 parabolam
524 1401 632 1428 iuventa
654 1409 714 1433 ove.
731 1410 792 1437 quae
809 1403 920 1431 aberra-

136 1448 225 1475 verat,
242 1448 290 1471 aut
306 1445 519 1479 drachma,qua:
532 1446 634 1473 amissa
652 1446 750 1479 fuerat,
768 1449 840 1482 quod
863 1456 921 1476 cte-

136 1489 252 1517 lestibus
273 1489 360 1524 copiis
374 1489 477 1523 deerat,
495 1490 632 1526 expletum
650 1495 702 1519 est.
721 1492 815 1527 Angeli
830 1497 919 1520 autem

133 1537 179 1570 qui
200 1536 278 1571 prius
305 1536 376 1564 hanc
403 1537 535 1564 rationem
563 1537 710 1568 habebant.
732 1542 762 1566 ut
777 1539 921 1567 diliicttlter

972 302 1200 337 dignitatcm,qua
1213 307 1321 337 propter
1335 302 1565 337 dispensatimtem
1578 305 1611 332 ad
1627 306 1755 340 exiguum

973 356 1080 382 tempus
1105 349 1240 384 spoliatus
1264 353 1346 383 atque
1360 349 1517 377 exinanitus
1545 349 1643 377 fuerat.
1671 351 1752 379 Rece-

973 401 1035 429 plus
1062 395 1133 422 enim
1163 395 1196 422 ad
1228 395 1353 422 dextram
1377 394 1467 422 Patris
1496 396 1630 423 consedit.
1659 395 1756 425 Redite

973 441 1055 473 igitur
1071 447 1117 467 vos
1132 447 1239 475 quoque
1255 440 1287 467 ad
1302 445 1419 468 veterem
1435 441 1605 475 splendorem
1623 445 1651 468 et
1667 442 1755 475 digni-

973 491 1066 520 tatem,
1085 495 1117 514 ac
1136 486 1234 514 divinte
1249 486 1376 521 imaginis
1389 487 1483 514 decus.
1499 486 1574 519 Quod
1590 491 1679 513 autem
1697 487 1753 514 ait:

973 533 1011 561 Ex
1032 533 1169 564 mortuis,
1201 533 1362 567 simpliciter
1395 540 1458 560 eutn
1487 532 1639 559 redivivum
1671 540 1755 566 appa-

972 579 1062 606 ruisse
1081 577 1234 614 siguillcat;
1248 578 1320 613 quod
1334 585 1398 605 vero
1410 578 1535 612 sequitur
1546 588 1552 604 :
1565 578 1600 605 Ex
1616 578 1754 612 sepulcro,

974 624 1080 651 vincula
1093 631 1202 658 quoque
1222 631 1312 651 rerum
1331 623 1364 650 ad
1390 623 1544 657 sepulcrum
1562 622 1754 657 pertinentium

972 677 1034 697 eum
1052 669 1215 704 perfregisse
1234 669 1345 700 indicat,
1364 673 1392 696 et
1409 669 1566 696 advolutum
1580 673 1755 695 monumento

973 715 1087 748 lapidem
1119 715 1302 743 submovisse.
1342 714 1475 747 Quocirca
1505 715 1588 742 etiam
1632 719 1693 747 apte
1728 717 1756 740 ct

972 765 1152 796 congruenter
1166 765 1230 794 post
1250 760 1306 787 haec
1333 759 1414 786 verba
1434 768 1441 786 :
1461 758 1498 785 Ex
1526 759 1662 793 sepulcro,
1688 757 1755 785 suh-

970 807 1073 842 junxit.
1091 807 1110 832 A
1129 806 1231 840 peccati
1246 804 1362 833 vinculis
1381 804 1529 832 solvimini.
1545 804 1650 831 Idcirco
1665 808 1754 830 autem

973 852 1070 887 plurali
1086 859 1198 879 numero
1212 851 1298 878 dixit:
1312 850 1348 877 Ex
1364 849 1490 882 mortuis,
1508 853 1535 876 ct
1551 848 1606 875 :Ex
1619 848 1754 883 sepulcro.

972 899 1036 934 quia
1058 898 1133 925 solus
1151 905 1183 924 ex
1200 896 1292 923 multis
1314 896 1429 923 mortuis
1447 903 1591 930 resurgens
1616 902 1668 922 non
1697 902 1756 921 am-

937 929 957 957 B
973 929 1044 978 pilus
1073 938 1198 970 moritur.
1233 941 1346 973 Adhzec,
1375 945 1460 976 porta
1481 929 1593 971 inferni,
1620 939 1757 968 contrario

973 989 1065 1021 modo,
1083 994 1165 1023 atque
1185 988 1260 1020 prius
1284 987 1419 1019 solebant,
1438 986 1608 1022 aperiuntur,
1631 985 1757 1012 videlicet

973 1043 1027 1062 non
1045 1039 1072 1061 ut
1094 1040 1264 1061 mortuorum
1279 1033 1377 1060 animae
1393 1032 1557 1065 inferantur,
1574 1032 1620 1059 sed
1642 1037 1672 1058 ut
1690 1031 1756 1059 effc-

973 1085 1066 1108 raulur
1082 1085 1109 1107 ct
1127 1080 1304 1107 extrahantur
1320 1089 1326 1107 :
1344 1079 1377 1106 Et
1401 1087 1473 1106 mors
1494 1080 1661 1114 opprimitur.
1687 1077 1754 1105 Nam

973 1135 1034 1154 cum
1054 1133 1126 1153 mors
1144 1132 1246 1159 corpus
1266 1132 1281 1151 a
1298 1129 1411 1159 peccato
1429 1125 1557 1156 liberum,
1574 1129 1601 1151 ct
1617 1123 1754 1151 viviticutn

971 1172 1150 1205 degustasset,
1169 1179 1219 1198 nec
1237 1171 1263 1198 iu
1290 1178 1323 1198 eo
1338 1175 1490 1205 peccatum,
1518 1178 1573 1204 quo
1587 1170 1644 1203 ipsa
1660 1169 1754 1200 alitur.

972 1217 1139 1248 offendisset,
1165 1216 1273 1244 sublata
1301 1222 1327 1243 et
1342 1216 1474 1243 cxstincta
1499 1221 1553 1247 ost,
1580 1221 1607 1242 et
1632 1222 1693 1250 quo:
1717 1214 1752 1241 ab

972 1264 1075 1291 Adamo
1090 1263 1124 1290 ad
1138 1262 1264 1290 Messiam
1284 1270 1370 1296 usque
1390 1265 1559 1296 regnaverat,
1582 1260 1677 1288 eadem
1694 1264 1755 1294 post

971 1309 1110 1337 Christum
1124 1308 1287 1343 corporibus
1305 1308 1406 1335 nostris
1424 1315 1477 1334 non
1496 1307 1615 1341 amplius
1631 1306 1758 1332 domina-

972 1363 1026 1384 tur.
1043 1355 1171 1384 Christus
1195 1355 1267 1382 enim
1284 1362 1298 1381 a
1317 1354 1431 1381 mortuis
1451 1353 1587 1381 excitatus
1616 1353 1685 1379 viam
1712 1359 1755 1378 re-

972 1401 1156 1430 surrectionis
1170 1401 1203 1428 ad
1222 1399 1460 1428 immortalitatem
1488 1397 1671 1426 morientibus
1684 1403 1755 1424 novo

972 1456 1048 1476 more
1061 1447 1200 1483 patefecit.
1212 1446 1269 1475 lloc
1285 1449 1376 1474 autem
1391 1445 1520 1472 differunt
1536 1451 1609 1471 tuors
1620 1447 1647 1470 et
1667 1441 1754 1470 infer-

971 1503 1033 1527 nus,
1051 1495 1123 1529 quod
1140 1494 1186 1521 illa
1213 1500 1340 1528 corpora,
1361 1491 1405 1519 hic
1420 1491 1526 1518 animas
1551 1490 1671 1517 detineat
1694 1497 1701 1515 :
1719 1487 1754 1515 Et

970 1544 1042 1567 vetus
1058 1540 1144 1566 Adam
1163 1539 1305 1573 abjicitur,
1333 1542 1358 1564 et
1370 1545 1450 1564 novus
1468 1536 1615 1571 perﬁcitur.
1634 1534 1698 1562 Haec
1718 1533 1753 1560 ab

133 1582 245 1615 quidem
260 1587 288 1608 et
311 1590 381 1617 aegre
405 1585 439 1609 ad
465 1583 565 1610 malum
584 1584 686 1611 moveri
714 1590 836 1618 possent,
858 1590 918 1620 post
933 1597 953 1625 ε
971 1586 1102 1620 Apostolo
1129 1585 1259 1619 sumpsit,
1291 1584 1337 1619 qui
1372 1583 1496 1619 Ephesiis
1524 1581 1658 1612 scribens,
1686 1580 1724 1607 ait
1744 1587 1752 1605 :

132 1626 235 1654 Chriin
254 1627 484 1654 resurrectionem
505 1627 530 1654 id
547 1628 687 1655 consecuti
712 1633 797 1661 sunt,
817 1634 846 1656 ut
860 1629 916 1664 jam

133 1680 166 1699 ne
181 1673 285 1700 moveri
301 1673 410 1708 quidem
427 1674 460 1701 ad
486 1673 587 1701 malum
604 1679 718 1709 queant,
746 1683 800 1702 non
819 1682 916 1703 natura

132 1725 192 1750 sua,
206 1718 255 1746 sed
275 1718 373 1753 gratia.
402 1718 492 1752 Atque
520 1719 557 1746 ita
576 1719 632 1746 illis
646 1720 720 1747 salus
735 1727 797 1748 esse
829 1722 917 1756 possit

133 1763 191 1798 ipsa
207 1768 296 1791 status
310 1763 483 1791 conﬁrmatio
494 1784 502 1796 ,
525 1771 581 1791 non
603 1763 660 1799 jam
682 1767 867 1794 metuentibus
884 1774 918 1793 ne

132 1811 158 1837 in
176 1811 296 1838 deterius
309 1815 464 1841 mutentur,
482 1815 563 1844 atque
582 1818 641 1837 eam
664 1811 699 1838 ob
726 1819 836 1839 causam
855 1819 918 1846 per-

131 1861 205 1884 eant.
228 1856 276 1884 Vel
301 1856 417 1884 fortasse
437 1856 545 1884 duobus
560 1857 669 1884 mundis
686 1858 801 1884 salutem
812 1862 917 1891 partam

132 1909 193 1929 esse
204 1902 314 1934 asserit,
330 1902 459 1929 invisibili
478 1906 580 1932 autem.
595 1907 624 1929 ut
637 1909 696 1929 eam
717 1903 793 1937 prius
805 1910 917 1937 quoque

135 1947 258 1981 habenti,
277 1949 375 1975 visibili
389 1954 492 1980 autem,
519 1954 546 1975 ut
572 1956 646 1975 nunc
661 1956 720 1974 eam
734 1957 780 1982 per
792 1956 917 1976 resurre-

132 1994 250 2022 ctionem
266 1999 426 2025 consecuto,
456 1999 485 2021 ut
515 1994 555 2020 sic
574 1993 618 2021 hic
633 1994 778 2021 verborum
807 2002 916 2026 sensus,

132 2041 208 2074 quod
226 2047 280 2067 non
298 2040 354 2074 jam
377 2039 464 2074 angeli
483 2040 572 2067 solum
596 2040 684 2067 salute
712 2040 853 2072 fruuntur,
868 2042 916 2069 sed

132 2086 223 2120 angeli
251 2089 333 2121 atque
365 2086 503 2117 homines,
530 2085 637 2113 diversa
664 2090 753 2113 tamen
783 2087 916 2115 ratione:

132 2131 172 2159 illi
189 2131 273 2164 enim,
288 2131 352 2166 quia
366 2131 489 2159 ordinem
513 2139 595 2159 suum
611 2132 782 2159 servaverint
800 2142 806 2160 :
826 2133 917 2160 homi-

132 2185 183 2205 nes
207 2182 309 2211 autcm,
329 2178 392 2212 quia
409 2186 457 2212 per
474 2177 576 2204 Christi
595 2178 823 2205 resurrectionem
839 2186 918 2206 revo-

131 2222 186 2249 cati
195 2227 221 2250 et
234 2223 316 2251 erecti
332 2227 404 2250 sunt.
421 2222 498 2255 Quod
510 2223 532 2250 si
549 2230 601 2250 non
614 2224 790 2258 undequaque
800 2223 917 2250 mundus

970 1631 1066 1658 Edocti
1089 1632 1149 1658 estis
1175 1630 1303 1663 deportare
1319 1626 1427 1657 ueterem
1442 1629 1584 1660 hominem,
1612 1634 1643 1653 ac
1659 1633 1754 1652 novum

969 1676 1119 1704 induere".
1141 1676 1201 1710 Quo
1213 1677 1273 1703 loco
1289 1683 1336 1710 per
1352 1679 1469 1702 vetarent
1486 1673 1623 1701 hominem
1641 1672 1686 1706 qui
1706 1671 1754 1698 tle-

969 1723 1092 1758 pouitur,
1111 1723 1195 1750 vitam
1216 1721 1377 1749 sceleratam
1405 1720 1548 1754 intelligit;
1577 1727 1624 1754 per
1653 1725 1752 1744 novum

969 1775 1072 1801 autem,
1092 1768 1140 1803 qui
1173 1768 1313 1802 perﬁcitur
1327 1785 1335 1796 .
1364 1774 1423 1793 eam
1443 1767 1503 1792 \ita:
1533 1765 1676 1794 rationem.
1693 1770 1755 1797 quae

969 1815 1097 1842 omnibus
1107 1813 1215 1840 virtutis
1226 1812 1345 1840 numeris
1359 1811 1521 1838 absolvitur.
1537 1809 1655 1844 Cyrillus
1665 1814 1754 1835 tamen

970 1868 1017 1894 per
1031 1867 1130 1886 novum
1145 1858 1282 1885 hominem
1302 1862 1329 1884 ct
1345 1850 1444 1884 novum
1463 1856 1596 1882 Adamum
1613 1853 1753 1881 Christum

970 1905 1118 1940 signiﬁcari
1141 1909 1227 1939 putat,
1244 1911 1325 1938 quem
1345 1904 1388 1937 pie
1411 1906 1493 1936 atque
1518 1901 1622 1935 integre
1639 1898 1754 1926 vivendo

970 1951 1122 1978 induimus.
1153 1950 1193 1977 Ad
1222 1957 1303 1984 quem
1336 1955 1472 1980 sensum,
1502 1954 1563 1981 qua:
1592 1949 1753 1980 sequentur,

969 1996 1111 2024 commode
1123 1996 1275 2023 referentur
1292 2005 1298 2023 ε
1314 1994 1346 2023 Si
1360 2002 1412 2030 qua
1430 1994 1457 2020 in
1472 1992 1578 2022 Christo
1601 1999 1667 2018 nova
1680 1998 1755 2016 crea-

970 2049 1043 2075 tura.
1062 2043 1231 2074 renovemini.
1263 2042 1290 2069 id
1308 2047 1360 2073 est,
1376 2041 1478 2068 Omnes
1500 2039 1546 2074 qui
1562 2038 1670 2073 ﬂagitiis
1690 2044 1754 2063 cor-

970 2089 1042 2124 rupti
1060 2087 1139 2121 estis,
1160 2092 1186 2116 et
1214 2091 1377 2115 vetustatem
1403 2086 1541 2120 peccando
1568 2082 1754 2112 contraxistis.

969 2143 1001 2163 ac
1019 2135 1116 2163 deinde
1128 2142 1194 2161 nova
1213 2138 1339 2161 creatura
1356 2140 1403 2166 per
1426 2131 1589 2164 baptismum
1609 2129 1672 2156 facti
1688 2128 1754 2156 cstis

968 2189 1017 2216 per
1045 2180 1220 2215 quotidianas
1256 2179 1387 2206 virtutum
1424 2178 1630 2214 pregrcssiones
1673 2180 1754 2210 atque

969 2227 1136 2254 incrementa
1155 2225 1338 2254 renovemini.

130 2268 248 2297 visibilis
271 2269 386 2296 salutem
402 2269 506 2303 accepit
527 2269 667 2303 (quoniam
699 2277 732 2297 ne
746 2277 842 2297 omnes
856 2270 918 2304 qui-
935 2261 956 2288 θ
1005 2272 1136 2300 Psmws.
1154 2281 1163 2298 t
1177 2272 1211 2298 Et
1224 2272 1296 2303 steti,
1309 2276 1334 2298 et
1349 2271 1499 2305 spccnlutus
1514 2279 1582 2298 sunt.
1601 2279 1609 2294 I
1631 2269 1752 2300 Verbum,

131 2314 193 2341 dem
210 2315 334 2343 homines
348 2315 400 2342 lide
415 2316 520 2350 praediti
530 2320 663 2347 sunt,nec
674 2323 768 2343 omnes
783 2322 914 2351 praecepta

131 2361 262 2396 servant),
285 2370 338 2389 non
363 2366 405 2389 est
433 2367 585 2396 propterea.
613 2369 662 2389 cur
693 2362 757 2389 illud
784 2366 915 2397 tanquam

132 2404 230 2433 falsum
255 2408 384 2441 evplodas
403 2416 410 2434 :
428 2407 512 2435 Hodie
525 2408 601 2435 salus
622 2408 725 2435 mundo
739 2408 854 2436 visibili.
872 2410 916 2437 Sis

132 2452 244 2485 quidem
270 2454 303 2479 ad
332 2454 483 2482 Salvatoris
499 2462 612 2490 scopum
630 2455 771 2482 referenda
797 2460 839 2483 est
856 2456 914 2483 hate

131 2499 231 2525 oratio.
245 2499 327 2533 Atqui
338 2505 470 2533 quantum
484 2502 517 2528 ad
532 2502 592 2536 ejus
606 2502 771 2529 voluntatem
786 2506 812 2529 et
826 2502 915 2529 inten-

131 2543 234 2570 tionem
264 2544 406 2572 universus
432 2548 550 2573 mundus
577 2548 692 2575 salutem
722 2548 836 2582 accepit.
862 2547 915 2575 Pro

132 2591 260 2617 omnilms
272 2590 488 2619 cnim-Christus
505 2598 630 2621 mortuus
648 2599 700 2624 est,
714 2597 741 2621 et
752 2594 913 2621 resurrexit.

134 2634 161 2662 Si
177 2642 267 2663 autem
283 2636 321 2663 rei
337 2641 463 2664 eventum
481 2643 645 2672 spectemus,
661 2640 678 2666 ii
697 2639 746 2666 soli
766 2640 812 2674 qui
829 2640 902 2667 ereti

133 2681 242 2711 derunt.
259 2686 286 2708 et
302 2682 428 2709 mandata
446 2689 639 2716 servaverunt,
658 2685 774 2712 salutem
793 2686 915 2712 assecuti

133 2731 208 2753 sunt.
224 2726 276 2754 Sed
300 2727 451 2760 videamus,
464 2735 524 2761 qua:
549 2734 722 2762 sequuntur:
741 2730 867 2758 Christus
884 2738 917 2757 ex

134 2773 259 2805 mortuis,
274 2773 370 2808 supple
393 2773 527 2801 Surrexit.
546 2774 600 2802 Vos
617 2783 727 2810 quoqtte
742 2776 824 2811 igitur
835 2777 917 2804 simul

136 2824 151 2842 ει
168 2823 345 2852 peccatorum
365 2825 454 2847 morte
476 2821 619 2855 resurgitc.
643 2821 769 2848 Christus
797 2822 829 2849 ad
861 2829 921 2849 sese

971 2318 1047 2349 Steti,
1063 2318 1157 2344 unintce
1176 2318 1331 2351 ﬁrmitatem
1354 2321 1377 2343 et
1399 2318 1576 2343 constantiam
1610 2315 1730 2349 tleslyttttl
1743 2333 1752 2344 ,

972 2368 1049 2397 atque
1063 2363 1200 2388 immotum
1216 2366 1240 2388 ct
1249 2362 1283 2388 ad
1292 2361 1422 2388 deteriora
1438 2359 1629 2387 immutabilem
1642 2363 1754 2386 statunt.

969 2409 1041 2437 Illud
1071 2413 1160 2435 autem
1176 2428 1184 2440 ,
1201 2417 1210 2433 ε
1230 2407 1388 2442 Speculatus
1405 2415 1463 2433 sum
1477 2426 1484 2438 ,
1504 2415 1513 2431 ι
1549 2410 1702 2432 accurntant
1728 2410 1754 2432 et

971 2458 1154 2489 congruentem
1174 2452 1420 2487 contemplationem
1438 2456 1462 2478 et
1478 2451 1661 2486 cognitionem,
1676 2459 1751 2477 eunt-

969 2508 1018 2536 que
1044 2501 1168 2534 impetum
1185 2519 1193 2530 ,
1218 2507 1268 2533 quo
1295 2499 1399 2525 animus
1419 2498 1453 2525 ad
1479 2505 1510 2525 ea
1529 2498 1623 2531 fertur,
1648 2505 1707 2531 quia
1724 2497 1749 2522 in

973 2545 1148 2581 cognitionem
1164 2544 1271 2576 cadunt,
1302 2543 1445 2578 signiﬁcat.
1475 2542 1519 2570 Sic
1546 2543 1614 2569 enim
1637 2543 1660 2568 is
1678 2543 1723 2577 qui
1739 2550 1752 2568 ε

973 2601 1060 2619 rerum
1075 2599 1258 2625 corpore/trum
1272 2590 1393 2617 crassitie
1403 2590 1641 2624 emergitmrimum
1651 2588 1753 2624 quidem

973 2638 1086 2665 mediam
1115 2637 1184 2664 viam
1201 2636 1305 2668 conﬁcit
1319 2655 1326 2666 .
1355 2643 1413 2671 qua)
1427 2641 1451 2663 et
1478 2634 1602 2661 animalis
1629 2634 1726 2660 dicitur
1743 2641 1752 2660 :

968 2689 1061 2717 poatea
1083 2691 1141 2710 vero
1156 2683 1348 2713 sublimiorem,
1362 2690 1421 2717 quw
1435 2686 1459 2708 et
1475 2681 1622 2716 spiritualis
1632 2681 1753 2707 numina-

971 2735 1023 2757 tur.
1048 2739 1057 2755 t
1081 2729 1115 2756 Et
1139 2737 1195 2756 ecce
1211 2729 1251 2755 air
1271 2727 1445 2755 conscendens
1476 2726 1556 2753 nubes
1570 2725 1638 2752 caeli.
1661 2734 1670 2750 ›
1693 2723 1750 2754 Vir,

970 2777 1032 2812 quia
1048 2775 1113 2801 nillil
1130 2773 1388 2801 divinum‘mulisbre
1407 2777 1445 2800 est
1470 2781 1502 2799 ac
1515 2771 1601 2798 molle.
1621 2771 1752 2797 Conscen-

971 2821 1045 2853 dens,
1058 2821 1102 2856 qui
1114 2821 1139 2847 in
1154 2819 1250 2847 divinis
1275 2818 1340 2846 nihil
1367 2817 1532 2853 provolutum
1554 2820 1578 2843 et
1602 2816 1750 2850 abjertum,

177 2896 199 2912 ¹⁶
214 2897 280 2926 Dan.
307 2907 333 2932 x,
350 2900 375 2927 5.
414 2900 436 2916 οι
450 2899 517 2927 ibid.
534 2899 560 2927 6.
599 2901 621 2916 “
642 2899 748 2928 Naltum
774 2908 806 2934 tt,
820 2900 847 2929 4.
886 2900 1000 2936 “Apoc.
1015 2909 1035 2935 ι,
1054 2900 1097 2928 i0.
1136 2901 1158 2916 "‘
1175 2900 1275 2936 Ephcs.
1294 2899 1388 2935 tv,‘2l,
1407 2898 1452 2926 “2‘2.
