2027 3162
269 200 338 233 1317

978 199 1170 230 ADDENDA.

1827 194 1898 228 1308

271 260 373 292 Nubes,
389 258 453 294 quia
469 259 554 286 ontnls
570 257 718 293 fecunditas
742 265 759 284 α
784 257 1004 292 ργωειαπιὶοηηη
1026 262 1051 284 et
1065 258 1090 288 Α
1103 264 1222 290 comam,
1237 257 1278 284 vel
1293 257 1328 284 ob
1349 259 1488 291 acceptam
1506 262 1631 288 uxorem,
1658 255 1702 282 vel
1727 255 1763 283 ob
1779 255 1894 283 domum

216 313 220 317 ’
269 306 421 332 divinarum
435 311 565 339 aquarum
579 303 725 337 inﬂuzione
739 307 892 337 promonet.
904 301 974 328 Nam
990 303 1056 337 infe-

269 350 343 376 riora
358 350 413 376 Ιιωε
430 352 496 375 a-stu
508 352 533 374 et
557 347 677 374 siccitate
691 347 768 382 plena
790 352 861 374 sunt.
880 347 957 380 Quod
968 352 1057 374 autem

270 394 424 426 adiunctum
443 397 499 425 est,
516 392 592 425 Caeli,
611 395 658 420 hoc
684 393 747 419 mihi
762 393 917 429 signiﬁcare
938 393 1054 426 uidetur,

269 439 340 475 quod
354 439 410 465 luit:
425 439 491 466 uisio
521 439 588 465 nihil
606 438 703 466 humile
726 447 757 465 ac
780 444 914 466 terrenum
938 438 1033 466 habeat
1047 447 1056 465 :

269 486 393 520 quoniam
423 485 504 512 nubes
529 485 650 520 quaedam
679 489 759 518 sunt,
778 492 836 519 qum
865 484 1056 510 altissimorum

271 532 398 560 montium
415 531 555 558 cacumina
570 539 622 557 non
634 535 770 564 superant,
792 529 1014 565 quemadmodum
1029 530 1056 557 in

270 577 393 604 meteoris
418 576 573 604 Aristoteles
600 577 692 608 daret,
721 583 838 602 summos
870 575 1056 602 nonnullorum

270 623 401 650 montium
417 623 525 650 uertices
539 624 764 653 commemorans‘,
790 622 835 657 qui
861 630 906 648 nec
928 621 1056 649 imbribus

271 668 425 700 alluuntur,
447 677 492 695 nec
510 669 639 704 grandine
654 667 826 695 verberantur
839 675 849 695 :
863 668 949 703 qualis
964 667 1055 694 uideli-

270 718 310 740 cet
325 718 362 740 est
378 713 520 748 Olympus.
551 713 640 740 Nubes
665 718 753 740 autem
779 713 837 740 caeli
860 712 1001 748 allegorice
1015 712 1057 739 di-

270 764 369 785 cuntur
383 759 495 794 angelici
512 759 632 792 spiritus.
648 760 771 786 sublimes
786 764 810 786 et
823 759 949 789 celestes,
961 759 1056 793 quibus

271 803 321 831 alii
337 805 448 838 spiritus
468 805 629 837 insidentes,
649 813 692 837 ea,
711 813 770 840 quce
782 805 826 832 hic
846 809 893 832 aut
907 804 963 832 illic
974 805 1055 839 ﬁunt,

273 849 309 876 ad
324 849 442 877 homines
458 850 506 876 hoc
521 850 668 884 spectaculo
682 850 776 885 dignos
792 850 938 884 perferunt.

305 895 366 924 Col.
383 896 445 924 625.
464 896 492 923 Β.
503 895 567 924 "nec
581 897 685 931 quidem
702 898 755 931 ipse
769 897 884 929 dicebat,
896 901 949 924 etc.
964 896 1053 932 Atque

272 942 328 969 haec
353 942 448 969 dicens
476 942 604 969 inductus
627 947 671 970 est
693 943 804 977 angelus
828 943 883 975 ille,
914 948 1005 970 tuente
1025 948 1052 971 et

270 987 434 1022 cogitatione
449 986 625 1014 informatus.
642 987 736 1023 Angcli
754 992 845 1014 autem
857 995 920 1016 eum
934 988 1053 1015 circum-

270 1037 373 1060 stantes
387 1040 496 1060 carmen
531 1033 597 1060 illud
626 1034 845 1067 modulabantur,
871 1034 944 1069 quod
977 1035 1053 1069 prius

269 1077 436 1111 cecinerant,
453 1085 515 1105 cum
536 1078 663 1106 Christus
679 1079 705 1106 in
721 1079 812 1112 terris,
840 1084 921 1115 atque
939 1088 971 1107 ex
989 1079 1052 1107 Vir-

269 1124 332 1158 gine
361 1131 478 1152 nascens
501 1125 675 1152 cernebatur.
690 1125 760 1158 Quid
788 1130 878 1153 autem
897 1133 987 1154 causa:
1000 1131 1052 1157 est,

269 1177 330 1202 cur,
358 1174 433 1198 eteo
448 1175 582 1206 tempore,
598 1176 625 1199 et
641 1179 724 1203 nunc,
748 1173 904 1200 cantionem
930 1173 1052 1200 eamdem

268 1216 396 1243 canunt?
419 1216 549 1244 nimirum
583 1217 647 1252 quia
678 1217 765 1253 ipsius
793 1218 926 1246 Nativitas
957 1217 1054 1246 salutis

269 1266 369 1288 nostrae
385 1262 547 1297 principimn
574 1262 634 1294 fuit,
651 1262 829 1291 Resurrectio
852 1263 922 1291 ﬁnis.
953 1264 1054 1298 Cujus-

271 1307 344 1333 modi
360 1311 451 1334 autem
464 1313 522 1335 erat
539 1308 603 1335 illud
625 1309 784 1336 canticum?
799 1309 890 1337 Gloria
911 1310 940 1337 in
953 1310 1055 1337 αιιίειίο

269 1352 318 1379 mis
337 1352 401 1385 Deo,
418 1358 441 1380 et
461 1354 487 1381 in
501 1359 572 1381 terra
585 1362 648 1388 pax,
665 1355 693 1381 in
712 1355 860 1383 hominibus
874 1355 942 1382 bona
961 1356 1055 1383 colun-

268 1404 310 1426 tas
325 1400 359 1427 ".
386 1399 453 1427 Nam
469 1401 697 1435 quemadmodum
718 1402 822 1437 angeli,
855 1402 977 1430 ordinem
1003 1403 1054 1430 sibi

269 1445 429 1473 attributum
460 1451 612 1479 servantes,
639 1455 701 1475 cum
722 1447 776 1474 Deo
807 1455 900 1483 pacem
932 1448 1054 1476 habent:

269 1491 305 1517 ita
322 1499 372 1518 nos
399 1492 505 1526 miseri,
525 1497 669 1528 postquam
693 1494 930 1529 concupiscentias
948 1499 1055 1522 nostras

269 1536 316 1564 Dei
342 1537 477 1565 voluntati
512 1539 711 1573 opposuimus,
743 1540 769 1567 in
797 1540 914 1567 hostium
941 1547 1056 1567 numero

1108 307 1156 331 aut
1181 308 1279 330 terram
1298 303 1416 338 primum
1438 302 1600 333 habitatam,
1619 301 1661 328 vel
1677 301 1714 328 ob
1733 301 1803 329 alias
1817 302 1898 329 simi-

1108 350 1147 378 les
1172 357 1271 378 causas
1300 349 1431 377 ceh-brari
1464 348 1599 376 solebant.
1630 347 1794 383 Huiusmodi
1822 348 1897 375 enim

1109 395 1176 422 l'esta
1202 395 1278 422 humi
1296 395 1385 422 deﬁxa
1403 399 1483 425 sunt.
1507 394 1677 421 acdeorsum
1705 397 1733 421 et
1765 393 1793 420 in
1824 398 1897 420 terra

1108 440 1264 468 volvuntur.
1282 442 1317 467 At
1332 444 1490 468 sanctomm
1506 439 1573 467 festa
1593 439 1625 466 ad
1648 438 1734 466 Deum
1751 438 1899 473 eriguntur

1108 493 1139 512 ac
1167 491 1322 521 penetrant.
1354 485 1440 519 Igitur
1471 492 1525 512 non
1557 484 1646 511 solum
1674 483 1795 510 humana
1828 483 1898 510 festa

1107 531 1248 571 Paschalis
1273 532 1373 559 festum
1402 535 1514 565 superat
1532 534 1561 558 et
1583 529 1763 560 transcendit,
1796 528 1844 555 sed
1868 533 1897 555 et

1108 577 1182 612 ipsas
1193 577 1294 605 Christi
1307 577 1471 605 festivitates
1487 584 1542 604 non
1552 576 1646 603 minus
1658 576 1801 607 obscurat,
1813 582 1897 610 quam

1108 623 1148 651 sol
1160 622 1263 658 reliqua
1277 622 1378 650 sidera.
1390 622 1465 650 Adeo
1479 621 1622 656 prmiulget
1637 620 1719 655 huius
1731 620 1784 647 dici
1796 619 1898 655 gratia.

1142 669 1210 697 Ibid.
1234 668 1265 696 C.
1282 667 1420 696 Praeclara
1438 667 1543 703 quidem
1559 667 1633 694 nobis
1648 674 1750 702 quoque
1765 667 1827 700 fuit,
1842 670 1898 693 etc.

1108 714 1252 748 Praeclara,
1280 714 1381 750 inquit,
1411 713 1493 741 etiam
1512 713 1580 745 fuit,
1605 713 1734 740 hesterna
1761 712 1898 738 luminum

1107 760 1251 788 celebritas
1271 780 1280 793 ,
1308 760 1361 787 hoc
1387 764 1430 787 est
1453 763 1542 787 coetus
1557 758 1603 785 ille
1626 757 1672 792 qui
1703 758 1736 785 ad
1751 764 1898 791 vesperam

1111 807 1202 842 magni
1217 806 1328 834 Sabbati
1351 805 1552 834 celebrabatur.
1570 803 1736 838 Pervigilem
1756 803 1831 830 enim
1846 809 1900 829 no-

1107 856 1177 879 ctem
1193 851 1391 883 traducebant,
1408 857 1496 886 usque
1508 851 1541 877 ad
1560 850 1657 876 horam
1673 849 1819 883 septimam
1832 855 1898 875 ean-

1110 901 1208 929 tantes,
1236 905 1268 925 ac
1299 897 1438 931 lampades
1470 896 1668 926 accemlentes,
1693 898 1777 928 atque
1807 893 1900 920 immi-

1106 946 1213 969 nentem
1242 941 1395 970 Serratoris
1424 941 1509 969 nostri
1534 940 1772 968 Ra-surrectionem
1799 947 1899 975 exspe-

1104 991 1217 1015 ctantes.
1234 986 1310 1014 Hunc
1321 993 1402 1022 porro
1412 991 1512 1014 castum
1523 985 1659 1012 celebrant
1672 984 1717 1012 alii
1732 983 1860 1019 privatim
1874 988 1901 1011 et

1107 1033 1190 1064 domi,
1207 1032 1251 1060 alii
1268 1032 1373 1067 publice
1398 1036 1426 1059 et
1451 1032 1479 1059 in
1495 1031 1637 1058 catholicis
1655 1030 1797 1058 Ecclesiis.
1812 1030 1901 1057 Omne

1105 1086 1190 1113 genus
1220 1078 1372 1109 hominum,
1406 1078 1469 1110 viri,
1496 1077 1643 1109 mulieres,
1668 1084 1770 1109 senes,
1800 1075 1899 1110 pueri,

1103 1125 1226 1159 juvenes.
1258 1123 1336 1158 Quod
1371 1129 1462 1152 autent
1492 1124 1569 1155 dicit,
1592 1123 1700 1156 Ferme,
1725 1123 1838 1158 quidam
1866 1123 1900 1150 ad

1106 1175 1252 1205 utrumque
1266 1170 1397 1202 referunt,
1417 1177 1514 1205 nempe
1539 1168 1573 1196 ad
1591 1177 1673 1196 omne
1699 1177 1798 1203 gestus,
1822 1173 1851 1196 et
1867 1169 1899 1196 ad

1106 1226 1202 1246 omnes
1228 1218 1390 1253 magistratu
1425 1221 1452 1245 et
1483 1217 1616 1252 dignitate
1647 1216 1780 1251 insignes,
1806 1222 1835 1243 ut
1865 1218 1901 1245 sit

1105 1272 1215 1295 sensus,
1228 1271 1322 1299 parum
1336 1265 1442 1295 abesse,
1455 1263 1520 1298 quin
1534 1270 1630 1290 omnes
1641 1262 1790 1297 cujuslibet
1799 1263 1902 1297 atatis,

1105 1315 1133 1338 et
1153 1318 1249 1338 omnes
1276 1310 1427 1337 honoribus
1443 1316 1475 1337 ac
1501 1309 1680 1343 dignitatibus
1704 1309 1823 1344 Praaditi,
1851 1317 1902 1337 no-

1106 1362 1178 1384 ctem
1218 1364 1291 1388 eam,
1304 1364 1366 1391 quae
1378 1363 1507 1391 magnum
1521 1354 1672 1383 Sabbatum
1691 1355 1804 1390 excipit,
1829 1356 1902 1382 cele-

1108 1404 1197 1432 brent.
1221 1403 1365 1432 Probabile
1381 1407 1422 1430 est
1447 1403 1519 1430 cnim
1537 1407 1565 1430 et
1585 1402 1704 1437 aliquam
1724 1406 1832 1429 tetatem
1845 1422 1853 1434 ,
1874 1406 1902 1429 et

1107 1457 1252 1485 prooerum
1280 1449 1413 1484 quosdam
1448 1449 1513 1476 huic
1545 1447 1750 1484 congregationi
1786 1448 1903 1474 minime

1107 1496 1248 1523 interesse.
1261 1495 1312 1521 Alii
1323 1494 1493 1524 adverbium.
1511 1492 1616 1524 Fcl'tm',
1629 1498 1734 1519 tantum
1748 1500 1811 1519 cum
1825 1492 1901 1519 omni

1108 1548 1207 1576 genere
1229 1540 1371 1568 hominum
1390 1542 1564 1572 construunt,
1591 1546 1647 1565 non
1671 1544 1763 1565 autem
1786 1546 1851 1566 cum
1869 1545 1905 1565 eo

269 1586 351 1617 atque
368 1583 465 1610 ordine
494 1584 563 1618 apud
584 1592 646 1611 eum
677 1585 770 1611 haberi
787 1585 930 1619 coepimus.
955 1584 1054 1612 Verum
1069 1595 1091 1624 ο
1107 1586 1199 1620 etiam,
1216 1587 1288 1621 quod
1305 1587 1426 1620 sequitur
1444 1594 1451 1613 :
1466 1585 1568 1613 Omnes
1589 1585 1751 1620 magistratu
1768 1590 1795 1612 et
1812 1585 1901 1620 digni-

271 1628 324 1655 boc
342 1635 389 1662 per
409 1628 549 1656 Christum
567 1629 704 1656 sublatum
729 1634 780 1657 est.
798 1631 858 1664 ipse
871 1631 942 1657 enim
967 1631 1055 1663 nobis,

269 1675 296 1698 ct
326 1680 376 1707 pax
401 1677 428 1700 et
455 1673 525 1700 bona
548 1674 673 1702 voluntas
700 1673 789 1702 factus
805 1680 858 1706 est.
884 1675 1054 1711 iniquitatem

269 1717 406 1751 videlicet.
435 1719 585 1746 inimicitiae
604 1725 756 1755 parentem,
774 1721 807 1748 de
826 1721 918 1748 medio
945 1721 1054 1756 tollens,

270 1767 353 1798 atque
375 1772 423 1791 eos
437 1773 521 1799 prope
542 1773 655 1799 vocans,
676 1767 723 1801 qui
739 1767 834 1802 procul
850 1767 946 1795 remoti
966 1773 1055 1800 erant,

273 1809 382 1844 Deoque
397 1813 424 1837 et
449 1809 521 1837 Patri
549 1818 597 1845 per
613 1818 643 1839 se
659 1811 840 1848 coniungens,
864 1820 896 1840 ac
914 1813 1054 1848 superiora

271 1862 335 1882 cum
365 1854 541 1883 inferioribus
572 1861 750 1890 connectens,
786 1857 940 1892 bonamque
966 1857 1055 1886 Patris

270 1900 437 1927 voluntatem
454 1901 581 1936 implens,
611 1910 672 1937 qute
694 1901 805 1937 quidem
824 1902 891 1930 nihil
907 1906 950 1930 est
969 1903 1053 1936 aliud,

270 1953 353 1981 quam
383 1946 463 1974 fracti
493 1951 521 1975 et
549 1948 727 1983 eonquassati
752 1948 850 1975 Adami
879 1949 1052 1977 instauratio.

269 1991 344 2020 Talis
365 1993 524 2028 angelorum
549 1998 658 2026 cantus,
675 2002 736 2022 eum
753 1994 855 2029 quibus
872 1995 930 2030 ipse
943 2003 1055 2031 quoque

270 2037 322 2063 hoc
351 2036 458 2071 loquor.
485 2036 574 2071 Atque
593 2037 697 2065 utinam
714 2038 795 2066 etiam
812 2047 906 2067 vocem
923 2041 1054 2075 accipiam

271 2082 357 2109 nihilo
368 2083 490 2118 angelica
502 2083 672 2117 inferiorem,
688 2084 735 2111 sed
751 2084 786 2112 ita
802 2085 912 2118 claram,
929 2090 957 2113 et
971 2087 1053 2114 altam

271 2132 353 2159 atque
369 2134 508 2161 canoram,
527 2133 556 2156 ut
569 2136 600 2156 es
617 2129 745 2157 Omnibus
759 2134 837 2157 terra:
857 2130 958 2159 ﬁnibus
969 2139 1054 2160 exau-

270 2170 322 2198 diri
346 2171 439 2205 possit.
459 2171 518 2198 Jam
537 2180 601 2200 vero
617 2173 757 2201 Paschalis
769 2182 870 2202 nomen
886 2179 929 2202 ter
944 2177 1054 2211 repetit,

272 2216 370 2250 partim
388 2222 417 2244 ut
435 2217 575 2252 profusam
591 2219 675 2246 animi
690 2219 809 2246 laetitiam
824 2221 950 2249 ostendat
967 2229 974 2249 :
990 2230 1054 2258 par-

1108 1636 1164 1658 tate
1179 1631 1301 1665 insignes
1314 1640 1320 1658 ε
1336 1636 1366 1658 ιιι
1381 1632 1417 1657 sit
1430 1631 1577 1662 sententia.
1591 1637 1689 1657 omnes
1701 1630 1813 1665 quidem
1829 1630 1901 1662 fere,

1108 1677 1205 1713 quovis
1222 1684 1320 1712 genere
1343 1681 1518 1708 censeantur,
1543 1677 1594 1704 hoc
1619 1676 1715 1705 festum
1734 1677 1851 1711 agitare,
1870 1684 1901 1704 ac

1109 1730 1215 1754 omnes,
1243 1722 1288 1757 qui
1317 1722 1498 1757 dignitatibus
1524 1723 1612 1750 ornati
1637 1723 1703 1755 sint,
1725 1724 1794 1751 citra
1817 1723 1899 1750 ullam

1105 1769 1291 1803 exceptionem
1308 1772 1336 1796 et
1351 1769 1554 1797 distinctionem
1567 1769 1619 1797 hoc
1631 1768 1732 1797 festum
1749 1770 1904 1797 celebrare.

1107 1815 1177 1842 Sunt
1201 1822 1296 1842 rursus
1310 1837 1317 1847 ,
1335 1815 1381 1850 qui
1403 1815 1561 1843 adverbium
1586 1815 1637 1843 hoc
1651 1836 1658 1847 ,
1675 1814 1772 1842 Fertne
1783 1836 1791 1849 ,
1810 1815 1845 1843 ab
1862 1816 1902 1842 his

1106 1861 1207 1888 vt-rbis.
1234 1860 1321 1888 Omne
1338 1869 1425 1896 genus
1445 1861 1597 1893 hominum,
1615 1861 1820 1895 ahstrahentes,
1837 1870 1899 1889 cum

1107 1907 1149 1934 his
1164 1907 1272 1936 verbis:
1287 1906 1388 1934 Omnes
1405 1906 1563 1942 magistratu
1576 1912 1603 1934 et
1617 1907 1749 1940 dignitate
1767 1907 1902 1942 insignes,

1107 1953 1324 1980 connectendnm
1349 1956 1454 1987 putent.
1485 1951 1609 1985 Quorum
1638 1952 1682 1980 hic
1708 1960 1809 1980 sensus
1839 1958 1901 1981 est:

1106 1998 1194 2026 Omne
1209 1999 1320 2034 quidem
1346 1998 1486 2026 hominum
1504 2006 1592 2034 genus
1603 2019 1610 2030 ,
1628 1999 1654 2026 id
1668 2003 1726 2033 est,
1743 2000 1858 2027 masculi
1876 2002 1902 2026 cl

1106 2043 1215 2071 leminze
1226 2064 1234 2077 ,
1247 2048 1326 2071 mtate
1341 2043 1469 2072 ﬂorentes
1483 2048 1510 2072 et
1524 2044 1596 2072 ρας)ιί
1619 2052 1652 2072 ac
1674 2045 1818 2080 decrepiti,
1842 2045 1903 2073 sine

1106 2089 1159 2116 ulla
1178 2089 1337 2124 exceptione
1352 2089 1451 2116 festam
1472 2090 1543 2117 hanc
1562 2094 1668 2117 noctem
1686 2095 1790 2124 agunt:
1805 2095 1833 2117 at
1847 2098 1900 2117 non

1108 2133 1172 2160 item
1192 2133 1251 2161 sine
1275 2133 1436 2169 exceptione
1457 2142 1554 2162 omnes
1580 2135 1608 2161 in
1635 2134 1799 2169 dignitatum
1815 2136 1899 2168 gradu

1106 2182 1199 2215 locati,
1218 2182 1264 2210 5rd
1281 2182 1366 2210 ferme
1379 2190 1485 2214 omnes,
1502 2187 1599 2218 utpote
1628 2183 1723 2218 paucis
1737 2182 1900 2219 quibusdam

1107 2228 1268 2262 proceribus
1297 2228 1538 2264 congregationem
1573 2228 1643 2256 hanc
1678 2228 1900 2262 aspernantibus.

272 2262 320 2289 tim
336 2262 430 2296 etiam,
448 2264 677 2297 quemadmodum
697 2264 755 2297 ipse
766 2265 864 2301 inquit,
879 2272 910 2294 ut
926 2267 1053 2297 Trinitati

1109 2272 1249 2300 RCrl'I'OﬂS-
1259 2273 1307 2300 Gr.
1315 2262 1470 2306 ἀνέιτιίπος.
1481 2274 1546 2307 Quae
1557 2282 1607 2301 vox
1617 2274 1753 2309 duplicem
1763 2274 1901 2308 signiﬁca-

273 2308 403 2336 honorem
427 2308 535 2336 habeat.
562 2310 768 2339 Solemnitatem
784 2317 873 2340 autent
896 2315 1057 2343 solemnita-

272 2358 340 2387 tum,
354 2358 382 2382 et
401 2355 585 2383 celebritatem
595 2357 782 2385 celebritatum
799 2358 904 2388 Pascha
919 2367 1008 2394 vocat,
1027 2368 1056 2390 ut

270 2400 433 2435 praecipuam
448 2406 475 2428 et
488 2402 654 2436 primariam.
679 2403 774 2432 Solent
797 2406 869 2432 enim
885 2411 989 2435 veteres
1006 2416 1055 2436 ex-

268 2447 474 2475 cellentissimus
484 2456 608 2484 quasque
616 2457 659 2476 res
667 2450 701 2477 ad
712 2450 783 2479 hunc
793 2453 900 2480 modum
911 2455 1054 2488 appellare,

269 2493 349 2520 veluti
360 2492 457 2520 Sancta
468 2496 786 2528 sanctorum,etCantica
798 2500 977 2528 canticorum.
987 2500 1053 2528 Nam

271 2537 321 2565 nisi
339 2538 516 2568 llesurrectio
529 2542 689 2575 exstitisset,
709 2551 759 2571 nec
776 2543 919 2577 Nativitas,
938 2554 987 2574 nec
1004 2547 1054 2574 ba-

270 2584 399 2616 ptismus.
429 2592 478 2613 nec
494 2590 591 2613 ca-tera
609 2587 710 2615 Christi
738 2590 866 2624 mysteria
893 2593 1053 2620 conﬁrmata

268 2630 394 2664 fuissent,
411 2631 546 2667 ﬁdemque
571 2632 710 2662 fecissent.
729 2634 828 2662 Verum
853 2644 986 2671 quasnam
1003 2640 1053 2666 hoc

269 2677 328 2703 loco
347 2677 482 2706 humanas
501 2678 663 2708 festivitates
685 2681 822 2716 appellat?
842 2681 910 2710 Sunt
930 2683 976 2717 qui
993 2685 1052 2711 exi-

268 2724 379 2750 stiment
405 2731 466 2750 eum
497 2724 530 2752 de
564 2724 640 2753 festis
669 2726 695 2753 in
731 2732 888 2755 sanctorum
921 2729 1050 2757 honorem

269 2767 401 2796 institutis
418 2769 492 2803 loqui
518 2778 525 2797 :
550 2774 678 2798 caeterum
695 2779 789 2799 revera
812 2772 870 2800 haec
893 2780 957 2802 sunt
977 2776 1051 2805 acci—

270 2811 366 2845 pienda
379 2812 413 2840 de
427 2812 503 2842 festis
518 2814 582 2848 illis,
601 2823 661 2852 qua:
673 2817 714 2845 vel
726 2816 762 2845 ob
773 2819 892 2853 primum
907 2820 1048 2849 detonsam

303 2901 325 2918 η
339 2900 405 2929 Luc.
421 2911 451 2934 ιι,
471 2905 510 2932 Η.

1110 2319 1212 2346 tionem
1232 2320 1322 2347 habet.
1340 2319 1407 2347 Nam
1425 2325 1451 2347 et
1466 2327 1514 2355 pro
1529 2320 1667 2348 contraria
1691 2321 1776 2353 ﬁgura
1801 2320 1902 2354 accipi-

1108 2369 1162 2392 tur.
1188 2363 1233 2392 Sic
1248 2365 1321 2392 enim
1339 2365 1456 2400 Serpens
1474 2373 1569 2393 amens
1589 2365 1775 2400 suspenditur,
1799 2373 1855 2392 non
1872 2371 1901 2392 ut

1108 2415 1187 2446 typus
1195 2411 1309 2444 Christi,
1321 2411 1368 2438 sed
1379 2415 1408 2438 ut
1418 2411 1557 2447 antitypus
1570 2420 1577 2439 :
1588 2416 1613 2439 et
1626 2419 1674 2446 pro
1685 2412 1784 2446 aequali
1799 2411 1899 2446 ﬁgura,

1107 2463 1137 2484 ut
1159 2457 1211 2485 hoc
1241 2456 1485 2492 loco.Vespertina
1512 2457 1595 2489 enim,
1621 2457 1729 2492 inquit,
1762 2457 1898 2484 luminunt

1106 2503 1247 2530 celebritas
1273 2510 1372 2538 magno
1394 2502 1491 2530 lumini
1518 2503 1602 2538 ﬁgura
1625 2503 1820 2538 respondebat.
1844 2502 1900 2530 Hoc

1105 2555 1195 2577 autem
1209 2551 1298 2577 lumen
1313 2549 1408 2577 dividit
1419 2549 1575 2585 Thcologus
1587 2550 1614 2577 in
1631 2550 1743 2577 caeleste
1759 2553 1786 2576 et.
1804 2557 1900 2584 super-

1105 2596 1225 2627 cmleste,
1240 2603 1271 2622 ac
1298 2603 1395 2622 rursus
1419 2596 1614 2630 supercmleste
1632 2595 1726 2622 dividit
1751 2594 1778 2621 in
1805 2594 1897 2621 lumen

1105 2642 1263 2676 angelorum
1278 2653 1294 2673 ,—
1315 2646 1343 2668 et
1367 2641 1456 2668 lumen
1491 2646 1592 2668 sancta:
1623 2641 1777 2668 Trinitatis.
1803 2640 1897 2674 Angcli

1104 2695 1197 2721 porro,
1230 2692 1362 2721 quantum
1388 2687 1419 2714 ad
1451 2687 1623 2719 Trinitatem,
1651 2686 1779 2714 secunda:
1803 2686 1899 2713 lucida:

1104 2738 1207 2760 natura:
1234 2733 1367 2760 rationem
1384 2733 1488 2761 obtinet
1505 2742 1511 2760 :
1530 2737 1623 2768 utpote
1645 2733 1690 2767 qui
1707 2732 1742 2759 ab
1757 2740 1789 2758 ea
1806 2732 1898 2767 splen-

1102 2780 1195 2807 dorem
1215 2780 1368 2815 accipiant,
1392 2780 1467 2815 iuxta
1487 2781 1564 2808 iridis
1580 2779 1734 2814 exemplum
1747 2799 1755 2811 ,
1774 2779 1827 2806 hoc
1845 2784 1898 2808 ρει.

1102 2833 1183 2854 arcus
1201 2826 1274 2854 illius
1290 2826 1420 2860 celestis,
1439 2834 1520 2862 quem
1537 2827 1576 2854 sol
1592 2827 1619 2854 in
1638 2825 1766 2853 humidus
1780 2829 1808 2852 ct
1821 2830 1899 2852 tran-
