2027 3162
143 177 209 209 1309

627 179 788 210 NICETAS
807 178 847 209 IN
867 177 978 208 ORAT.
994 178 1077 208 XLII
1098 179 1128 209 S.
1149 177 1265 209 GREG.

1698 172 1765 206 1310

137 234 235 269 quilias
259 238 340 268 atque
367 239 476 269 paratas
508 234 595 262 nubes
623 234 749 261 incidens
775 232 1147 268 progignit,Aauspieabor.
1173 231 1309 265 Quoniam
1336 229 1409 258 enim
1436 229 1462 257 in
1481 229 1573 257 animo
1600 227 1688 255 habeo
1703 227 1768 254 huic

136 284 266 315 quantum
282 284 370 307 autem
387 279 420 307 ad
436 287 498 313 nos,
515 280 602 315 prima
616 283 711 306 natura
728 283 812 306 sunt:
829 282 925 314 quate-

143 333 194 353 nus
226 325 277 360 ipsi
305 325 480 358 immediate,
508 326 633 353 homines
665 332 730 352 vero
758 323 925 352 intermediis

98 378 102 381 ‘
140 371 242 406 angelis
263 372 468 400 collustrantur.
486 371 620 399 Dividitur
637 375 728 399 autem
752 375 780 398 et
801 377 924 398 commu-

138 420 244 444 nio-itur
254 425 335 445 omne
348 418 436 445 lumen
453 418 487 444 ab
499 417 626 445 invisibili
639 417 741 444 lumine
753 420 853 444 sancta
864 415 926 442 Tri-

137 462 229 490 nitatis
241 483 248 494 ,
264 462 423 490 indivisibili
440 462 550 497 quidem
565 462 587 490 si
600 462 747 490 essentiam
768 466 925 496 spectemus

138 508 199 543 (nec
229 508 303 536 enim
333 508 361 535 in
392 507 512 535 divinam
540 513 664 535 naturain
694 506 767 534 cadit
799 505 925 537 divisio),

139 554 269 581 divisibili
285 562 350 582 vero
363 558 494 589 quantum
507 553 540 581 ad
553 554 607 581 vim
620 559 647 581 et
663 553 829 580 facultatem.
849 549 927 578 Vires

135 599 206 625 enim
247 599 399 634 agendique
428 598 574 626 facultates
599 598 694 626 dividit
718 596 798 624 Deus.
825 597 848 623 Α
873 602 927 630 qua

138 644 230 672 lumen
259 651 338 672 omne
365 645 526 679 productum
554 649 615 676 est.
649 643 707 671 sive
731 642 803 678 quod
827 640 929 676 angelis

139 690 210 718 inest
224 711 232 721 .
248 689 306 718 sive
320 691 392 725 quod
411 689 569 718 hominibus
582 711 589 723 .
606 689 664 718 sive
682 687 754 723 quod
778 686 834 714 Soli
847 707 854 719 ,
873 687 930 714 sive

140 737 213 771 quod
239 737 330 764 astris.
353 737 514 764 Praeclarum
539 741 631 763 autem
653 739 680 764 et
706 733 866 762 bonorabile
888 736 930 760 est

138 783 204 810 illud
229 783 332 817 lumen,
347 783 420 818 quod
438 783 466 810 iii
487 783 520 811 iis
539 783 620 814 lucet,
638 787 694 809 tum
709 781 823 808 aliarum
842 782 930 805 mate-

142 829 246 855 riarum
260 828 477 863 comparatione,
493 833 549 856 tum
563 828 627 862 quia
643 827 722 862 primi
740 826 850 854 luminis
861 824 931 860 ligu-

139 882 197 902 ram
208 874 288 909 gerit.
302 874 355 902 Sed
365 874 447 906 enim,
459 874 532 909 quod
549 874 640 901 dicere
653 872 814 900 instituebat
824 870 930 901 Oratio,

978 286 1078 312 magno
1091 277 1311 306 Resurrectiouis
1323 276 1375 304 diei
1388 276 1438 304 hos
1451 282 1591 304 sermones
1601 273 1767 304 sacriﬁcare.

980 327 1062 358 atque
1079 323 1129 358 ipsi
1141 323 1252 351 Christo
1265 330 1363 357 magno
1377 321 1512 349 sacrificio
1528 319 1664 353 (Christus
1678 322 1768 345 autem

979 373 1125 402 utrumque
1137 371 1190 397 est,
1202 373 1298 401 nempe
1311 366 1381 393 Deus
1391 369 1417 392 et
1428 365 1519 396 homo.
1529 371 1644 398 quorum
1655 363 1768 388 alterum

979 420 1087 448 semper
1110 417 1162 446 est,
1182 413 1297 440 alterum
1328 416 1421 446 postea
1446 414 1547 438 nostra:
1565 410 1662 437 salutis
1685 416 1769 435 causa

980 459 1068 486 factus
1079 459 1142 494 est),
1153 458 1228 494 prius
1240 458 1305 485 inibi
1319 457 1472 484 faciendum
1484 460 1537 488 est,
1550 461 1578 482 ut
1587 455 1621 482 dc
1631 454 1772 480 divinitate

980 505 1131 537 disseram,
1149 508 1231 538 atque
1256 503 1292 530 ita
1317 502 1350 530 ad
1375 500 1566 536 explicandum
1593 497 1772 526 humanitatis

981 556 1126 585 assumptis
1155 549 1301 578 consilium
1329 548 1468 576 accedam.
1492 546 1610 574 Proinde
1641 543 1770 580 quoniam

981 596 1071 623 divina
1089 601 1132 624 est
1147 597 1205 624 liazc
1220 596 1320 627 oratio,
1345 602 1395 622 nec
1412 594 1453 622 fas
1467 599 1510 621 est
1526 600 1600 625 eum,
1624 591 1672 627 qui
1687 597 1773 626 purus

981 651 1036 670 nou
1055 644 1102 675 sit,
1118 651 1174 671 rem
1190 650 1286 678 puram
1307 642 1450 677 attingere,
1467 639 1581 675 agedum
1599 638 1696 669 ridete,
1710 637 1773 672 qui-

981 697 1089 724 cunque
1101 689 1157 716 liarc
1170 687 1289 716 audituri
1301 687 1378 719 estis.
1400 685 1481 721 atque
1493 684 1649 720 huiusmodi
1660 683 1773 711 delicias

983 735 1154 772 percepturi,
1170 739 1200 763 ut
1218 734 1415 763 intellectiiales
1433 733 1531 760 animat
1547 733 1691 760 facultates
1707 739 1773 766 pur-

983 783 1052 818 geiis
1067 791 1073 808 :
1089 782 1207 817 primum
1227 780 1338 816 quidem
1355 785 1472 807 mentem
1486 799 1494 811 ,
1512 786 1560 814 per
1576 786 1657 814 quam
1676 778 1772 809 Dt'UIIl,

982 832 1009 853 et
1040 834 1155 861 capere.
1191 830 1218 853 et
1246 826 1338 852 videre
1364 832 1531 860 possumus.
1561 828 1642 859 atque
1672 822 1776 856 angelis

984 872 1177 906 cunjungimur
1209 879 1217 899 ε
1249 870 1348 898 deinde
1387 870 1578 901 intellectum,
1607 876 1655 903 per
1694 875 1775 903 quem

139 927 298 955 quanquam
331 921 444 955 pulchra
482 925 554 948 esset
591 920 717 946 hesterna
755 913 1106 955 lu«:ernarudeogmata
1124 916 1328 948 examinaiuus,
1349 923 1382 943 ac
1409 915 1550 942 veritatem
1580 913 1773 947 disquiriinus.

143 969 269 997 gestatio,
281 963 412 992 hodierna
422 969 511 992 tamen
524 964 561 991 illi
574 961 929 999 pulchritudineantecellit.

140 1009 204 1036 lleri
221 1010 293 1036 enim
314 1010 467 1045 lampaduin
484 1010 574 1038 lumen
590 1009 691 1037 Christi
715 1009 804 1043 magni
821 1008 931 1035 luminis

139 1053 378 1082 llcsurrectiunem
391 1055 590 1090 praenuntiabat
604 1063 612 1082 :
626 1059 654 1082 at
666 1054 745 1081 hodie
761 1061 814 1080 non
832 1053 932 1080 Resur-

140 1100 271 1127 rectionis
284 1100 362 1135 signa
373 1104 400 1128 et
412 1100 522 1133 indicia,
538 1108 632 1127 verum
647 1100 717 1127 hanc
730 1099 814 1134 ipsam
834 1098 934 1125 Resur-

142 1147 291 1174 rcctiouem
308 1146 422 1173 solemni
444 1145 513 1174 festo
531 1147 732 1181 prosequimur,
748 1150 832 1173 totum
852 1152 933 1171 mun-

142 1192 210 1218 (luiu
225 1193 405 1226 συνάγουσαν,
418 1192 468 1219 hoc
482 1196 535 1224 est.
551 1192 603 1219 sibi
620 1192 825 1223 couciliantem,
844 1191 885 1217 vel
899 1190 933 1217 ad

145 1245 230 1264 uuam
257 1239 335 1265 fidem
359 1239 530 1273 colligentem
553 1247 560 1266 :
584 1238 656 1273 quod
677 1242 788 1272 propter
809 1244 933 1264 resurre-

146 1283 269 1309 ctionem
299 1283 428 1311 omnibus
451 1283 604 1311 certissime
633 1289 796 1318 persuasum
830 1281 934 1310 fuerit.

144 1328 286 1356 Christum
299 1328 384 1355 Deum
396 1336 467 1363 esse,
481 1329 533 1362 vel,
550 1329 681 1356 mundum
697 1333 795 1360 totum,
810 1328 861 1355 lioc
875 1331 932 1360 est,

143 1374 264 1401 fidelium
274 1379 374 1402 caelum
385 1375 592 1410 conjungentem
602 1375 757 1402 celebrandi
769 1375 829 1402 festi
840 1381 935 1402 causa.

182 1420 243 1447 Col.
280 1420 332 1447 626
368 1422 400 1448 A.
433 1420 573 1448 Enimuero
608 1420 678 1448 alius
714 1421 789 1448 aliud
811 1421 937 1456 quiddam

144 1467 217 1499 huic,
234 1472 285 1494 etc.
304 1466 392 1498 Alius,
410 1467 509 1501 inquit,
537 1467 610 1494 aliud
635 1467 772 1501 quoddam
796 1466 937 1501 spirituale

148 1513 262 1548 lieoque
277 1518 383 1548 gratum
398 1521 498 1541 munus
519 1513 601 1547 liujus
621 1513 803 1540 soleiniiitatis
821 1512 936 1547 tempori

147 1559 255 1590 afferat,
282 1563 363 1594 prout
387 1559 472 1594 ipsius
493 1559 637 1586 facultates
662 1558 783 1586 tulerint.
803 1557 848 1585 Sie
864 1558 936 1585 enim

982 963 1042 991 Sint
1057 962 1137 991 etiam
1151 969 1231 988 aures
1248 969 1334 996 purae,
1353 965 1446 994 utpote
1474 960 1565 986 divina
1591 958 1672 985 verba
1701 965 1778 984 exce-

981 1014 1087 1045 pturae,
1116 1014 1203 1043 eaque
1229 1006 1262 1033 ad
1288 1006 1456 1033 intellectum
1485 1003 1655 1039 dijudicandi
1693 1010 1775 1030 causa

984 1055 1195 1083 transmissum.
1226 1052 1273 1082 Sic
1312 1053 1383 1079 enim
1418 1051 1540 1078 futurum
1564 1055 1622 1081 est,
1665 1055 1694 1076 ut
1723 1055 1775 1075 non

984 1102 1045 1129 cibo
1060 1105 1201 1136 pereunte,
1221 1099 1270 1129 sed
1285 1099 1390 1126 deliciis
1408 1106 1460 1126 non
1474 1097 1646 1125 eminentibus
1666 1095 1776 1130 expleti.

984 1147 1143 1175 discedatis.
1160 1147 1245 1174 Porro
1260 1144 1377 1174 orationi
1391 1148 1490 1171 nostra:
1503 1151 1551 1170 sua
1566 1143 1652 1169 virtus
1666 1145 1778 1168 consta-

984 1192 1034 1225 bit,
1054 1196 1084 1219 ut
1098 1200 1147 1219 nec
1164 1192 1235 1219 intra
1251 1192 1361 1219 modum
1385 1187 1517 1215 subsistat
1531 1188 1592 1222 (nec
1605 1185 1713 1214 defectu
1728 1193 1779 1212 suo

986 1237 1127 1265 auditores
1137 1238 1238 1265 damno
1249 1235 1358 1272 alliciat)
1369 1240 1417 1261 nec
1426 1241 1522 1260 rursus
1532 1232 1642 1260 modum
1654 1232 1777 1260 excedat.

985 1283 1032 1319 (ne
1058 1283 1212 1310 molestiam
1239 1282 1342 1317 pariat,
1358 1278 1492 1309 orationis
1507 1279 1579 1305 enim
1597 1275 1778 1304 redundantia

986 1327 1097 1355 inimica
1121 1332 1163 1354 est
1189 1327 1325 1361 auribus),
1342 1326 1389 1353 sed
1415 1322 1629 1353 mediocritatem
1656 1321 1776 1356 impleat,

987 1373 1125 1407 simulque
1141 1378 1167 1400 et
1184 1372 1379 1406 compendiosa
1396 1371 1432 1399 sit
1446 1371 1474 1398 et
1491 1367 1662 1402 plenissima.

1022 1417 1080 1446 Col.
1098 1417 1151 1445 626
1166 1417 1197 1445 C.
1213 1417 1283 1444 Deut
1306 1421 1330 1444 et
1353 1423 1447 1450 sempei
1467 1417 1537 1444 erat,
1564 1416 1616 1439 etc.
1644 1409 1779 1444 Quoniam

988 1463 1098 1490 libertas
1125 1462 1285 1494 hominum,
1313 1469 1361 1496 pro
1385 1469 1438 1496 qua
1461 1458 1587 1488 instituta
1602 1460 1643 1484 est
1661 1462 1781 1491 pra-seua

990 1509 1087 1540 oratio,
1110 1509 1140 1535 B.
1158 1507 1303 1535 Trinitatis
1320 1514 1389 1542 opus
1407 1505 1513 1533 exstitit
1534 1503 1628 1540 (Pater
1644 1501 1716 1528 enim
1731 1508 1782 1527 vo-

990 1555 1051 1586 luit,
1065 1553 1150 1581 Filius
1163 1553 1264 1586 effecit,
1277 1552 1394 1588 Spiritus
1415 1556 1528 1579 sanctus
1541 1554 1701 1585 cooperatiis
1716 1549 1781 1583 est),

151 1607 177 1634 in
192 1607 403 1634 Deiitcrononiio
413 1606 542 1641 scriptum
554 1611 612 1634 est:
626 1605 688 1632 Non
700 1605 838 1640 apparebis
849 1613 939 1632 coram
952 1587 974 1616 ο
990 1606 1050 1626 eam
1077 1599 1112 1626 οὶ)
1137 1606 1248 1626 causam
1270 1587 1305 1624 illi
1321 1605 1354 1624 eo
1382 1596 1510 1627 nomine.
1529 1594 1602 1629 quod
1629 1593 1716 1621 "ibus
1740 1592 1784 1619 Ιιίει

147 1653 264 1680 Domino
278 1657 323 1679 tuo
339 1660 448 1685 vacuus,
476 1653 655 1686 unusquisque
671 1653 813 1678 secundum
825 1651 940 1686 faculta-

148 1705 200 1725 tem
213 1698 385 1725 manuum".
403 1697 470 1725 Nam
495 1698 605 1732 dignum
630 1705 730 1724 muniis
742 1719 748 1729 ,
767 1705 817 1723 nec
838 1697 892 1723 ulla
907 1704 940 1723 ex

149 1748 230 1778 parte
246 1750 373 1770 mancum
394 1747 421 1769 et
436 1742 624 1776 imperfectum
642 1741 750 1772 offerre,
769 1745 873 1768 tantum
888 1746 940 1774 est,

150 1794 182 1817 ut
199 1795 234 1816 ne
247 1788 333 1823 angeli
347 1787 456 1822 quidem
469 1788 494 1814 id
507 1789 615 1823 assequi
631 1788 746 1823 possint.
763 1786 857 1823 Neque
868 1787 940 1814 enim

154 1837 227 1871 ipsis
252 1835 330 1870 plena
356 1835 402 1862 Dei
423 1834 542 1862 laudatio
562 1842 692 1862 concessa
710 1840 770 1866 est,
786 1835 833 1869 qui
850 1838 941 1861 tamen

150 1881 234 1917 primi
250 1880 446 1908 intellectuales
461 1881 601 1913 dicuntur,
620 1880 643 1908 si
668 1881 820 1907 animarum
834 1884 942 1906 ucstra-

153 1935 215 1954 riiiii
248 1926 317 1954 ratio
349 1927 490 1960 habeatur,
514 1933 574 1961 qua)
598 1931 626 1954 et
655 1925 720 1960 ipsa:
748 1924 943 1952 intellectuales

151 1977 228 2006 sunt,
247 1973 293 2000 sed
312 1972 418 2008 angelis
432 1972 600 2008 posteriores
614 1979 739 2006 supernae
759 1971 852 2007 gloriae
865 1977 940 2005 spec-

154 2023 270 2050 tatores.
285 2022 378 2052 utpote
393 2018 447 2045 Deo
458 2019 629 2052 assisteiites,
639 2018 785 2054 ipsumque
796 2017 943 2045 intuentes.

153 2065 252 2092 Testes
282 2069 372 2091 autem
389 2064 488 2092 divinae
510 2064 621 2099 gloria),
639 2068 731 2099 utpote
758 2063 809 2098 ipsi
835 2070 945 2098 quoque

152 2111 221 2138 clari
233 2115 260 2137 et
275 2110 408 2144 illustres,
424 2118 456 2137 ac
470 2118 518 2146 per
529 2110 700 2146 splendorem
717 2117 797 2137 suum
808 2108 945 2136 Creatoris

153 2158 326 2191 maiestatem
340 2160 465 2184 testatam
480 2156 634 2188 reddentes,
647 2155 688 2183 vel
701 2155 781 2183 etiam
795 2160 824 2182 ut
833 2154 944 2189 gloriam

153 2210 238 2238 quam
258 2200 384 2230 'cerniint
409 2202 565 2230 hominibus
588 2203 754 2229 nuntiantes.
775 2201 832 2229 Hoc
854 2206 945 2228 autem

153 2249 216 2276 loco
233 2255 280 2283 per
310 2250 422 2283 angelos
446 2255 542 2275 omnes
571 2241 608 2274 in.
635 2247 793 2274 universum
820 2246 945 2274 cmlestes

154 2295 258 2323 classes
281 2299 308 2322 et
335 2295 444 2322 ordines
470 2294 606 2329 intelligit.
623 2294 700 2322 Alius
725 2294 817 2329 igitur,
838 2297 867 2320 ut
889 2292 944 2327 jam

155 2341 237 2373 dixit,
266 2341 340 2368 aliud
366 2341 477 2375 quidam
503 2340 688 2368 all'eratznos
714 2347 777 2366 vero
794 2339 944 2366 orationem

156 2385 343 2418 conferamus.
370 2387 450 2421 idque
480 2385 604 2420 pluribus
631 2385 665 2412 de
693 2384 797 2412 causis.
824 2382 946 2409 Primqu

157 2431 288 2465 quoniam
307 2431 374 2458 nihil
390 2438 518 2459 sermone
545 2430 701 2466 praeclarius
718 2430 871 2464 llialiemus.
890 2432 947 2455 tuin

158 2477 224 2511 quia
243 2477 377 2510 Christus,
396 2478 477 2512 cujus
493 2478 587 2504 laudes
603 2476 751 2512 praedicare
767 2474 947 2504 instituimus,

159 2527 258 2556 praeter
275 2521 327 2549 alia
339 2542 346 2553 ,
364 2523 474 2549 nomina
487 2542 495 2552 .
512 2522 630 2549 Verbum
654 2529 763 2556 quoque
788 2519 948 2554 appellatur.

162 2569 304 2595 Postremo
316 2568 380 2602 quia
397 2572 494 2594 natura
510 2567 643 2594 beneﬂcio
655 2567 749 2594 all'ecta
763 2565 898 2593 Sermonis
909 2570 951 2591 est

163 2615 308 2649 particeps.
329 2614 419 2646 Quare
434 2621 582 2648 congruum
599 2621 697 2640 miiuus
710 2617 753 2639 est
770 2611 859 2638 Verbo
871 2610 952 2637 Chri-

163 2665 208 2687 sto
228 2660 379 2686 laudator-ia
396 2659 494 2690 oratio.
514 2666 528 2685 a
552 2663 647 2685 natura
672 2658 802 2693 loquendi
824 2657 954 2684 facultate

166 2707 277 2741 praedita
295 2706 482 2740 proﬁciscens.

203 2752 269 2779 Ibid.
285 2752 314 2778 Β.
339 2752 414 2778 Hinc'
432 2756 521 2778 autent
540 2750 676 2777 exordiar.
698 2749 798 2777 Facere
823 2750 892 2777 enim
913 2757 957 2776 ite-

166 2806 246 2833 queo.
271 2802 324 2825 etc.
341 2796 462 2832 Optimo,
485 2796 583 2831 inquit,
607 2796 668 2829 jure
693 2803 708 2821 a
726 2795 780 2822 Dco
806 2796 956 2822 oralionem

212 2879 233 2896 "
252 2878 327 2906 Exod
356 2885 436 2912 xxiii,
452 2877 501 2911 15;
516 2876 594 2904 Deut.
608 2883 663 2910 xvi,
681 2875 722 2903 l6.

991 1653 1137 1673 commune
1154 1649 1207 1677 est,
1228 1643 1384 1678 Theologus
1407 1641 1561 1674 exorditur,
1578 1639 1651 1676 quod
1672 1639 1781 1674 quidem

992 1692 1065 1719 Deus
1079 1695 1131 1718 est.
1149 1691 1187 1718 Ac
1203 1690 1236 1718 de
1253 1689 1343 1717 tribus
1357 1709 1366 1721 ,
1384 1694 1413 1715 ut
1431 1686 1680 1722 iiiseparabilibus,
1695 1692 1784 1719 quan-

993 1741 1049 1764 tum
1067 1737 1099 1762 ad
1116 1735 1299 1765 divinitatem.
1322 1739 1445 1761 naturam
1462 1736 1489 1759 et
1512 1731 1672 1767 potentiam.
1688 1730 1783 1764 dispu-

996 1782 1101 1808 tatione
1118 1781 1208 1808 habita
1221 1799 1229 1812 ,
1245 1780 1281 1806 ita
1295 1779 1404 1806 demum
1418 1778 1450 1805 ad
1469 1777 1666 1805 incarnationis
1680 1775 1783 1802 Christi

993 1826 1135 1853 materiam
1152 1824 1306 1852 descendit.
1324 1823 1411 1850 Porro
1426 1822 1459 1849 de
1476 1822 1619 1848 divinitate
1634 1821 1783 1851 disserens,

995 1873 1032 1899 ait
1050 1879 1058 1898 :
1075 1870 1147 1897 Deus
1163 1874 1189 1897 et
1205 1875 1264 1897 erat
1279 1876 1396 1903 semper,
1413 1872 1438 1895 et
1453 1871 1504 1899 est,
1518 1870 1545 1893 et
1561 1867 1623 1893 erit.
1638 1865 1700 1891 Tria
1715 1869 1783 1891 tein-

994 1923 1062 1952 pora
1082 1914 1259 1950 praeteritum,
1278 1920 1409 1948 praesens,
1425 1917 1451 1939 et
1469 1911 1591 1938 futurum
1610 1910 1663 1937 Deo
1677 1908 1782 1939 tribuit.

995 1968 1057 1996 qua:
1071 1959 1180 1994 quidem
1197 1959 1264 1985 nulli
1281 1962 1412 1985 creaturae
1428 1956 1574 1984 convenire
1588 1959 1711 1990 possunt.
1727 1954 1784 1980 Διι-

996 2006 1072 2041 gelus
1090 2005 1162 2032 enim
1176 2008 1217 2031 est
1231 2003 1340 2038 quidem
1355 2007 1382 2030 ct
1396 2002 1449 2029 erit
1465 2010 1471 2028 :
1488 2005 1516 2028 at
1531 2008 1585 2027 non
1599 2001 1663 2027 item
1679 2005 1786 2033 semper

995 2054 1071 2084 erat,
1097 2050 1143 2077 sed
1160 2048 1287 2076 essentia:
1309 2047 1416 2074 initium
1440 2046 1546 2074 habuit.
1564 2044 1603 2071 Ex
1629 2043 1786 2071 hominibus

996 2101 1087 2124 autem
1105 2096 1150 2123 alii
1170 2095 1297 2123 hesterno
1312 2093 1356 2121 die
1370 2097 1466 2126 erant,
1482 2091 1528 2119 alii
1547 2091 1625 2118 hodie
1636 2111 1643 2123 ,
1660 2090 1705 2116 alii
1717 2110 1724 2120 ,
1739 2089 1786 2124 qui

997 2151 1071 2170 iiuiic
1086 2142 1112 2169 in
1126 2149 1215 2169 rerum
1231 2144 1326 2168 natura
1342 2146 1395 2166 non
1410 2142 1486 2169 sunt.
1498 2137 1619 2165 crastino
1634 2137 1677 2163 die
1693 2139 1785 2162 erunt.

998 2188 1061 2216 Haec
1085 2187 1159 2215 enim
1182 2190 1225 2214 est
1239 2185 1356 2220 ggeneris
1381 2184 1468 2211 nostri
1485 2182 1616 2211 conditio.
1634 2181 1731 2209 Eadem
1753 2181 1787 2208 de

998 2234 1126 2262 omnibus
1150 2233 1211 2261 aliis
1234 2231 1367 2260 creaturis
1389 2230 1443 2257 dici
1463 2229 1580 2264 possint.
1601 2227 1709 2260 Postea,
1725 2234 1787 2253 cum

999 2277 1404 2311 animadvertissetJ‘heologiis
1414 2295 1421 2308 ,
1438 2275 1510 2310 quod
1524 2273 1645 2303 verbum.
1666 2272 1740 2303 Erat,
1755 2271 1789 2298 de

998 2334 1031 2354 eo
1041 2325 1293 2360 praedicatumquod
1305 2323 1445 2359 przeieriit,
1457 2330 1507 2350 nec
1517 2321 1595 2348 hodie
1616 2325 1657 2347 est
1675 2319 1787 2346 verbum

1000 2372 1062 2398 item
1079 2370 1141 2402 erit,
1154 2370 1187 2396 de
1197 2377 1230 2396 eo
1239 2369 1311 2404 quod
1324 2369 1444 2395 futurum
1457 2374 1498 2395 est
1509 2387 1516 2400 ,
1528 2375 1578 2395 nec
1592 2367 1656 2394 dum
1670 2366 1788 2394 exsistit:

1001 2415 1115 2450 corrigit
1138 2413 1211 2449 quod
1243 2413 1368 2446 dixerat,
1394 2412 1487 2447 aitque
1513 2412 1624 2439 verbum
1649 2410 1789 2446 praesentis

1002 2460 1142 2495 temporis,
1161 2459 1219 2489 Est.
1238 2458 1294 2485 Deo
1314 2457 1400 2492 magis
1423 2464 1581 2491 congrui-re.
1599 2456 1661 2483 Erat
1676 2455 1747 2482 enim
1763 2459 1791 2481 et

1004 2507 1062 2535 Erit
1079 2506 1143 2533 ﬂuxi
1163 2504 1246 2539 hujus
1267 2504 1400 2537 temporis
1415 2507 1554 2537 segmenta
1574 2506 1648 2533 sunt,
1665 2508 1696 2527 ac
1711 2500 1792 2527 ﬂuxm

1006 2560 1110 2582 natura;
1138 2552 1313 2581 conveniunt.
1339 2549 1405 2577 Nam
1427 2553 1457 2576 ut
1480 2548 1583 2575 ﬂuxum
1605 2552 1632 2575 et
1650 2547 1730 2574 labile
1750 2550 1792 2573 est

1006 2606 1126 2634 tempus,
1143 2599 1180 2626 ita
1202 2598 1283 2625 etiam
1298 2604 1330 2623 ea
1342 2617 1349 2629 ,
1367 2603 1428 2630 quae
1443 2599 1564 2629 tempore
1576 2614 1584 2626 ,
1609 2592 1682 2627 quod
1701 2595 1792 2619 motus

1003 2642 1401 2680 circumscriptionedeﬁuitur,
1411 2638 1637 2673 continenturth
1644 2638 1714 2665 Deus
1724 2645 1793 2664 sem-

1004 2700 1051 2727 per
1057 2696 1108 2724 cst,
1119 2698 1169 2717 nec
1177 2689 1325 2724 quidquam
1335 2687 1415 2720 ei,vel
1424 2685 1554 2721 praeterit,
1561 2684 1602 2712 vel
1613 2683 1733 2711 futurum
1740 2687 1792 2710 est.

1007 2741 1094 2774 Atque
1112 2738 1139 2765 in
1156 2738 1229 2764 hunc
1247 2743 1359 2764 sensum
1375 2734 1451 2761 Plato
1465 2733 1492 2760 in
1507 2731 1729 2759 Tima’olocutus
1739 2734 1792 2759 est.

1007 2786 1050 2813 liis
1073 2783 1186 2812 verbis:
1203 2782 1268 2810 Erat
1281 2787 1309 2810 et
1333 2780 1396 2814 erit,
1415 2778 1546 2814 temporis
1576 2782 1641 2806 sunt
1666 2775 1793 2812 species:
