2027 3162
255 203 320 237 1311

959 203 1149 234 ADDENDA.

1813 202 1885 234 I312

252 271 321 296 quas
338 271 393 291 non
409 267 481 290 recte
494 270 543 290 nec
557 262 706 298 prudenter
723 263 897 298 sempiterna:
916 263 1042 291 essentizc
1057 265 1080 291 λ
1093 262 1165 289 vires
1181 265 1228 288 aut
1253 260 1421 289 celeritatem
1439 269 1447 288 :
1465 260 1640 289 tardissimus
1663 260 1737 288 enim
1753 263 1808 290 est,
1832 259 1882 294 qut'

253 309 409 336 tribuimus.
436 308 504 335 Huic
526 309 599 335 enim
625 309 673 336 Est
696 309 784 336 solum
813 317 875 336 vere
901 309 1038 336 convenit.

254 353 316 380 llzec
334 357 423 380 autem
452 352 532 380 verba
551 362 557 379 :
575 353 641 380 Erat
662 357 689 380 ct
704 352 772 384 Erit.
797 353 830 380 ad
850 361 909 380 eam
927 361 1039 388 genera-

253 398 352 425 tionem
371 398 597 433 uativitatcmque
612 399 759 433 pertinent,
775 407 835 434 quae
844 399 958 433 tempori
975 399 1039 426 sub-

247 443 319 477 jecta
348 449 399 471 est.
427 443 490 472 Haec
515 444 605 472 Plato.
635 444 732 472 Noster
760 451 849 472 autem
884 445 1038 480 Theoiogns

249 490 435 517 testimonium
473 498 582 526 quoque
621 491 725 526 profert
760 499 792 518 ex
820 492 933 524 Exodo,
965 491 1038 525 quod

250 535 320 562 Deus
331 541 382 562 est.
397 535 452 563 Hoc
466 537 538 563 enim
555 537 645 569 modo,
658 537 757 572 inquit,
770 537 889 572 seipsum
904 539 1036 571 nominat,

247 588 312 607 cum
325 581 350 607 in
361 587 452 609 monte
462 582 527 610 Mosi
536 583 676 610 oraculum
685 583 750 612 edit.
762 583 788 610 id
800 587 853 615 est,
863 583 1036 617 colloquitur,

250 631 278 654 et
293 627 421 655 mandata
447 628 503 656 dat.
536 628 603 656 Nam
632 637 693 657 cum
720 629 809 657 Moses
837 630 864 657 in
890 629 1036 665 {Egyptum

251 674 415 707 mitteretur,
436 675 576 709 quaerebat
592 685 599 703 :
615 676 645 703 Si
659 677 876 712 interrogaverint
893 685 953 705 me:
971 676 1036 709 Qui;

249 724 274 746 te
289 721 360 747 misit
375 729 382 747 :
395 721 458 756 quid
470 721 557 748 diram
576 722 610 749 ad
628 724 692 750 eos?
711 722 782 751 Deus
797 728 899 757 autem,
917 724 964 758 qui
976 725 1038 751 mit-

249 764 334 798 tebat,
345 766 485 800 respondit
499 775 506 793 :
519 765 574 801 Ego
587 775 645 793 sunt
660 775 705 794 ens
716 768 748 794 ’⁷.
773 768 812 795 Ac
830 773 901 795 recte
915 768 1036 803 proiecto

249 807 323 836 Deus
341 816 389 836 eus
404 808 514 841 dicitur.
536 809 601 837 Nam
617 811 694 845 juxta
711 819 835 846 magnum
858 811 1035 848 Dionysium,

251 861 305 881 non
333 858 408 882 certo
435 856 516 883 modo
545 864 594 884 ens
624 861 677 889 est,
706 865 799 884 verum
823 857 982 893 simpliciter
1009 864 1036 887 et

251 899 498 936 incircumscripte,
527 906 558 928 ut
588 903 633 937 qui
656 907 742 930 totum
770 903 797 930 id
830 905 903 938 quod
927 908 978 938 est,
1008 905 1034 932 in

250 945 340 978 seipso
358 945 519 980 complexus
545 954 576 974 ac
596 948 797 982 praeamplexus
813 948 859 976 sit.
879 949 938 982 Quo
952 950 1034 977 etiam

250 989 359 1016 nomine
371 989 426 1017 Rex
437 991 599 1019 swculorum
614 993 724 1027 dicitur,
738 994 802 1029 quia
819 995 844 1021 in
859 995 918 1030 ipso
929 1001 954 1023 et
964 996 1035 1024 circa

251 1034 340 1069 ipsum
358 1040 411 1069 est,
428 1037 559 1072 quidquid
573 1043 615 1066 est
629 1047 660 1067 ac
675 1040 813 1068 subsistit.
827 1040 880 1069 Nec
898 1049 962 1069 vero
977 1042 1034 1070 ait:

251 1079 325 1113 Erat,
343 1086 389 1108 aut
406 1082 467 1115 erit,
483 1088 529 1110 aut
549 1083 610 1117 fuit,
627 1089 674 1111 aut
689 1085 734 1116 sit,
750 1090 796 1113 aut
812 1087 867 1119 (iet,
880 1087 934 1115 imo
948 1095 1035 1122 neque

249 1130 301 1158 est,
319 1127 365 1154 sed
391 1127 425 1154 iis
442 1135 503 1162 quae
521 1134 595 1163 sunt,
621 1132 742 1158 essentia
770 1131 827 1166 ipse
853 1137 903 1164 est,
924 1134 1036 1168 ipseque

248 1175 291 1198 est
305 1172 436 1199 szeculum
454 1174 628 1208 smculorum,
642 1180 668 1203 et
680 1176 790 1204 seculis
803 1177 951 1212 antiquior.
966 1177 1035 1211 Qui-

249 1216 301 1244 bus
325 1217 414 1245 verbis
438 1226 559 1247 consona
576 1226 652 1253 sunt,
677 1229 738 1256 qua:
754 1222 906 1258 Theologus
926 1224 975 1258 ait,
997 1224 1035 1252 De

250 1261 306 1288 Deo
323 1262 396 1289 enim
415 1264 497 1291 verba
513 1265 626 1297 faciens,
654 1266 694 1294 sic
718 1266 856 1302 loquitur:
875 1268 1034 1296 Universum

249 1305 275 1332 id
296 1307 368 1341 quod
383 1312 425 1335 est
436 1327 443 1340 ,
458 1309 483 1336 in
508 1317 538 1337 se
553 1311 754 1346 complectitur.
770 1312 828 1340 Non
841 1314 925 1348 cnim,
941 1323 1035 1349 quem-

246 1352 396 1380 admodum
423 1362 473 1382 nos
495 1355 572 1390 juxta
590 1365 710 1392 praesens
733 1363 839 1394 tempus
860 1368 974 1394 sumus,
1002 1369 1035 1389 ac

247 1398 365 1427 vivimus
397 1399 575 1435 (praeteritum
605 1404 678 1430 enim
710 1412 742 1432 ac
774 1404 896 1433 futurum
934 1407 1033 1441 partim

245 1443 402 1477 2misimus,
413 1445 513 1479 partim
527 1448 649 1476 nondum
663 1448 816 1484 habemus).
832 1450 872 1477 sic
886 1450 968 1478 etiam
984 1451 1033 1478 Dei

245 1489 364 1517 essentia
376 1490 402 1517 iu
414 1495 534 1526 tempora
548 1493 633 1521 divisa
645 1499 703 1528 est;
717 1503 811 1523 verum
823 1498 977 1525 universam
988 1507 1033 1526 es-

247 1535 362 1562 sentiam
376 1537 574 1571 complectitur.
588 1539 666 1572 Quod
678 1548 727 1568 nec
741 1542 903 1577 principium
920 1543 1031 1577 habuit,

1091 309 1163 336 celer
1179 308 1250 335 imus
1278 315 1340 335 esse
1368 307 1485 338 videtur,
1518 307 1540 334 si
1569 313 1632 334 cum
1664 306 1710 333 Dei
1737 305 1883 333 velocitate

1090 358 1275 389 comparetur,
1291 353 1338 388 qui
1354 353 1521 389 longissimis
1537 352 1686 380 intervallis
1707 351 1802 379 omnia
1819 354 1883 385 post

1090 409 1119 429 se
1145 400 1266 435 reliquit,
1292 405 1321 426 ut
1351 407 1402 427 uec
1429 398 1625 433 comprehendi
1641 398 1751 433 quidem
1780 397 1880 432 possit,

1090 453 1183 472 verum
1197 446 1255 472 sola
1272 449 1363 471 mente
1379 443 1566 471 adumbretur.

1125 490 1180 517 Nec
1198 491 1308 518 mirum.
1332 490 1405 518 Mens
1424 490 1508 522 enim,
1527 493 1556 516 ut
1577 489 1666 524 imago
1687 489 1732 516 Dei
1752 493 1880 516 contem-

1090 536 1238 571 plationetn
1261 536 1335 563 illius
1355 536 1475 570 concipit
1495 543 1502 561 :
1518 535 1597 569 cujus
1609 542 1745 562 summam
1761 535 1883 562 tenuita-

1090 585 1142 608 tem
1177 581 1318 610 declarans
1343 581 1514 615 Gregorius,
1543 580 1762 607 adumbrationis
1792 581 1881 606 verbo

1089 632 1155 651 usus
1172 628 1223 651 est.
1239 624 1299 651 Non
1325 625 1396 652 enim
1416 624 1482 651 dixit
1500 633 1507 651 :
1529 624 1671 659 Eliiugitur
1689 625 1770 658 (quod
1788 624 1880 659 perfe—

1089 670 1158 697 ctius
1169 671 1231 703 est),
1249 670 1307 703 sed,
1319 670 1513 698 Adumbratur.
1525 670 1564 696 Ac
1578 678 1614 697 ne
1630 669 1672 696 hic
1688 670 1798 704 quidem
1812 678 1881 697 con-

1088 716 1159 743 stitit
1173 725 1180 742 :
1197 724 1290 743 rerum
1307 716 1418 751 insuper
1435 715 1544 750 adjecit,
1560 715 1740 743 Pcrobseure.
1756 714 1879 742 Tametsi

1088 762 1159 788 enim
1169 761 1269 789 lumine
1280 767 1408 797 tanquam
1426 762 1588 789 vestimento
1601 761 1717 788 amictus
1731 765 1774 787 est
1789 761 1874 791 Deus,

1090 808 1215 835 tenebras
1239 811 1328 835 tamen
1353 807 1493 834 latibulum
1517 815 1598 834 suum
1626 807 1727 841 posuit,
1749 807 1879 841 quando-

1088 855 1197 890 quidem
1216 854 1300 889 ipsius
1324 859 1421 881 natura
1439 854 1512 881 nulla
1538 854 1642 880 ratione
1666 853 1769 887 percipi
1793 858 1878 887 atquc

1087 901 1282 936 comprehendi
1309 904 1407 935 potest.
1442 900 1589 935 Pcrcxigue
1619 904 1730 931 autem,
1761 899 1790 926 id
1816 904 1879 931 cst,

1088 947 1266 979 brevissime,
1300 952 1326 973 et
1359 949 1392 973 ad
1420 946 1547 981 exiguum
1575 946 1712 980 quoddam
1745 945 1880 978 temporis

1089 997 1269 1019 tnomentum.
1286 992 1355 1019 Nam
1372 992 1445 1027 quod
1463 996 1553 1019 mente
1573 992 1668 1019 leviter
1682 991 1878 1018 adumbratum

1086 1042 1147 1070 est,
1175 1037 1303 1065 celeriter
1329 1036 1430 1064 avolat.
1460 1037 1544 1064 Porro
1569 1037 1674 1064 levibus
1700 1035 1878 1064 lineamentis

1087 1083 1266 1110 adumbratur
1288 1083 1369 1115 Deus,
1392 1091 1446 1110 non
1463 1090 1496 1110 ex
1519 1083 1561 1111 his
1584 1090 1643 1118 quae
1667 1083 1693 1110 in
1715 1083 1777 1118 ipso
1801 1089 1877 1114 sunt.

1087 1129 1134 1157 sed
1150 1136 1210 1164 qua}
1226 1129 1298 1156 circa
1314 1129 1416 1164 ipsum.
1430 1129 1475 1156 Ait
1489 1129 1562 1156 enim
1578 1137 1694 1164 magnus
1710 1129 1877 1165 Dionysins',

1087 1176 1185 1208 Deutn,
1210 1180 1341 1210 quantum
1367 1175 1401 1202 ad
1427 1176 1573 1203 essentiam
1601 1183 1650 1202 nec
1675 1175 1803 1210 intelligi,
1829 1184 1879 1202 nec.

1087 1221 1280 1256 comprehendi
1314 1228 1416 1256 posse;
1457 1230 1549 1248 verum
1577 1229 1610 1250 ex
1640 1221 1678 1248 eﬂ‘
1691 1222 1744 1249 etis
1771 1222 1877 1249 laudari

1086 1266 1195 1296 debere.
1217 1267 1317 1295 Eadem
1340 1268 1383 1296 hic
1397 1275 1508 1303 quoque
1528 1267 1594 1295 dicit
1615 1267 1783 1302 Theologus.
1799 1267 1877 1300 Quod

1086 1313 1158 1341 enim
1171 1313 1216 1341 ille
1226 1313 1304 1346 ditit,
1315 1319 1446 1349 quantum
1459 1313 1491 1340 ad
1502 1313 1660 1345 essentiam,
1673 1313 1728 1345 hic,
1739 1318 1875 1348 quantum

1086 1360 1120 1388 ad
1145 1368 1176 1387 ea
1204 1368 1266 1396 quae
1288 1359 1314 1387 in
1340 1360 1399 1394 ipso
1424 1364 1505 1393 sunt,
1530 1359 1609 1386 dixit.
1631 1359 1697 1391 Quae
1718 1363 1809 1385 autem
1833 1358 1878 1385 ille

1090 1406 1197 1438 eﬁ‘ecta,
1216 1407 1260 1434 hic
1276 1406 1497 1434 circumstantias
1515 1405 1670 1440 appellavit.
1691 1404 1788 1439 Opifex
1803 1405 1876 1431 enim

1086 1460 1168 1481 causa
1182 1457 1224 1481 est
1241 1461 1248 1480 :
1264 1452 1358 1480 effecta
1376 1458 1476 1484 autem,
1495 1451 1565 1479 illius
1579 1459 1672 1486 opera.
1690 1450 1763 1478 Deus
1781 1451 1875 1485 igitur,

1086 1507 1140 1526 non
1165 1506 1212 1533 per
1231 1505 1265 1527 ea
1284 1507 1344 1533 quae
1367 1499 1394 1526 in
1413 1499 1472 1533 ipso
1497 1502 1571 1531 sunt,
1593 1497 1753 1532 percipitur,
1779 1497 1805 1523 id
1822 1503 1875 1526 est.

1085 1551 1132 1579 per
1147 1551 1224 1571 suam
1240 1543 1387 1571 essentiam
1403 1551 1411 1576 ;
1427 1543 1475 1570 sed
1492 1550 1540 1577 per
1554 1550 1586 1569 ea
1600 1550 1662 1577 qua:
1681 1542 1755 1569 circa
1772 1542 1874 1576 ipsum,

247 1587 297 1607 nec
310 1580 390 1629 ﬁnem
408 1581 565 1629 habiturum
587 1589 639 1612 est.
655 1585 690 1619 ,Μ
705 1593 814 1621 queque
837 1587 943 1615 merito.
966 1587 1032 1616 Nam
1046 1599 1071 1629 α
1087 1589 1138 1616 hoc
1155 1594 1207 1620 est.
1223 1597 1271 1624 per
1288 1594 1439 1617 creaturas.
1453 1588 1520 1615 Nam
1540 1595 1573 1615 ex
1589 1587 1775 1621 magnitudine
1790 1591 1875 1622 atque

246 1625 319 1658 quod
336 1626 471 1662 principio
483 1632 568 1660 caret,
579 1629 631 1656 hoc
645 1637 698 1658 nec
713 1638 831 1666 unquam
845 1639 904 1660 esse
914 1633 1030 1661 desinet.

246 1670 306 1698 Non
324 1675 414 1699 tamen
440 1673 549 1702 inverso
571 1674 654 1702 modo
673 1675 765 1704 dicere
787 1685 933 1712 possumus
959 1680 1031 1714 quod

247 1724 386 1752 nunquam
401 1717 481 1745 ﬁnem
498 1719 656 1748 habiturum
668 1727 720 1755 est,
736 1715 807 1750 idem
820 1731 854 1751 ne
869 1725 1030 1760 principium

245 1763 354 1796 quidem
367 1763 504 1792 habuisse.
518 1765 624 1794 Etenim
637 1768 724 1803 angeli
741 1769 909 1798 immortales
920 1771 1030 1806 quidem

245 1814 309 1835 sunt
339 1817 388 1844 per
412 1811 541 1847 gratiam,
572 1820 622 1840 nec
649 1822 768 1850 unquam
798 1823 858 1844 esse
886 1817 1029 1846 desinent:

245 1859 334 1881 ortum
358 1861 448 1883 tamen
472 1857 635 1886 habuerunt.
659 1858 721 1887 Mox
746 1868 794 1895 per
821 1861 1030 1892 similitudinem

245 1900 384 1937 subjungit
419 1902 574 1939 'i'heologus
602 1914 609 1932 :
642 1904 722 1933 Velut
756 1907 867 1942 pelagus
895 1910 1031 1943 quoddam

244 1948 368 1974 essentia:
393 1949 555 1978 immensmn
579 1955 606 1978 ct
629 1951 845 1981 interminatum.
865 1954 1030 1983 Immensum

244 1991 324 2026 dicit,
342 1995 404 2028 quia
423 1996 559 2030 principio
584 2002 611 2025 et
627 1997 678 2025 ﬁne
694 2004 778 2026 caret.
794 1999 862 2027 Nam
881 2009 942 2036 quae
957 2002 1032 2037 prin-

244 2038 345 2073 cipium
363 2044 389 2066 et
404 2040 484 2068 ﬁnem
502 2042 613 2075 habent,
627 2043 703 2071 ﬁnita
721 2048 794 2077 sunt,
811 2053 842 2072 ac
857 2047 908 2073 sub
925 2051 1031 2081 tempus

244 2084 354 2111 eadunt.
372 2084 442 2113 Deus
458 2092 548 2114 autem
569 2095 651 2123 supra
670 2092 777 2124 tempus
793 2096 846 2118 est.
869 2091 1032 2121 Intermina-

245 2133 302 2160 tum
318 2134 421 2163 autem,
438 2132 502 2166 quia
519 2140 569 2160 nec
585 2133 644 2160 loco
657 2154 664 2166 ,
680 2142 730 2162 nec
744 2135 904 2164 deﬁnitione
922 2138 974 2164 ulla
989 2138 1030 2172 ip-

244 2175 302 2203 sius
314 2180 439 2203 naturam
455 2177 609 2205 dcclaraute
621 2179 867 2209 circumscribitur.
883 2182 1029 2218 Postquam

245 2219 328 2255 igitur
350 2221 418 2248 dixit
443 2221 608 2250 Immensum
628 2228 654 2250 ct
677 2223 903 2260 lntcrminatutn,
923 2228 1030 2263 utrique

1083 1636 1243 1663 excellentia
1270 1641 1466 1668 creaturarum,
1493 1639 1521 1662 ut
1537 1634 1593 1666 ille,
1624 1634 1722 1668 inquit,
1751 1634 1876 1660 adhibita

1083 1682 1277 1717 proportione,
1303 1688 1401 1716 parens
1423 1688 1535 1712 earum,
1560 1679 1728 1713 effectorque
1754 1679 1875 1714 perspici

1083 1732 1165 1762 atque
1178 1727 1288 1762 intelligi
1306 1731 1404 1761 potest.
1419 1726 1496 1753 Circa
1512 1726 1600 1760 ipsum
1618 1729 1709 1752 autem
1725 1729 1802 1757 sunt,
1817 1729 1874 1751 tum

1083 1778 1227 1806 creatum,
1240 1778 1297 1800 tum
1315 1773 1427 1808 previda
1444 1771 1531 1807 ipsius
1548 1771 1670 1799 consilia.
1687 1771 1874 1803 Quamobrem

1083 1817 1296 1846 existimandum
1309 1821 1350 1844 est
1365 1817 1577 1850 unumquodque
1589 1822 1683 1842 eorum
1696 1822 1758 1849 qua:
1769 1814 1805 1841 de
1817 1813 1873 1840 Deo

1082 1864 1270 1895 enuntiantur,
1289 1870 1354 1895 non,
1373 1862 1437 1896 quid
1461 1861 1496 1889 sit
1511 1865 1641 1896 quantum
1659 1860 1691 1887 ad
1708 1860 1872 1889 essentiam,

1083 1911 1216 1943 indicare,
1230 1917 1324 1937 verum
1349 1913 1406 1941 aut,
1423 1907 1488 1943 quid
1512 1915 1565 1934 non
1589 1907 1634 1938 sit,
1650 1906 1809 1938 ostendere,
1824 1910 1873 1932 aut

1083 1956 1241 1984 relationem
1258 1955 1401 1990 quamdam
1418 1953 1451 1980 ad
1468 1952 1570 1988 aliquid
1586 1960 1692 1984 corum,
1709 1959 1770 1987 qua:
1786 1952 1822 1979 ab
1837 1959 1872 1978 eo

1081 2002 1300 2037 distinguuntur,
1323 2005 1371 2028 aut
1392 2000 1510 2034 denique
1531 1999 1670 2034 quidpiam
1692 2006 1789 2025 eorum
1810 2005 1873 2032 qua:

1082 2053 1212 2077 naturam
1236 2048 1279 2075 vel
1306 2047 1440 2074 actionem
1468 2045 1644 2073 comitantur.
1669 2043 1725 2071 Nec
1749 2051 1814 2070 vero
1838 2051 1871 2070 ex

1081 2095 1209 2122 erunibus
1231 2093 1408 2126 nominibus,
1441 2099 1501 2127 quae
1534 2091 1567 2119 de
1594 2091 1649 2119 Deo
1675 2090 1872 2126 praedicantur,

1082 2139 1167 2166 ullum
1183 2147 1259 2174 teque
1275 2139 1414 2174 proprium
1433 2137 1549 2167 videtur,
1566 2141 1648 2171 atque
1665 2135 1741 2163 Entis
1758 2143 1872 2164 nomen.

1080 2186 1151 2220 quod
1174 2186 1259 2220 ipsam
1275 2185 1384 2220 quidem
1409 2184 1556 2212 essentiam
1573 2183 1685 2214 indicat,
1703 2189 1757 2208 non
1779 2188 1871 2208 anu-ni

1081 2238 1204 2265 quzrnam
1225 2237 1255 2257 ea
1276 2231 1322 2257 sit.
1339 2229 1492 2257 Secundum
1516 2235 1626 2258 nomen,
1644 2227 1714 2254 Deus
1729 2231 1781 2258 est,
1797 2225 1871 2260 quod

244 2266 378 2300 adjective
393 2269 560 2295 contrarium
579 2278 657 2297 suum
670 2273 793 2306 opponit.
807 2272 943 2301 immenso
956 2275 1027 2302 enim
1045 2267 1067 2294 ι)
1082 2276 1215 2303 actionem
1233 2276 1379 2310 signiﬁcat.
1401 2275 1466 2306 Θεὸς
1485 2275 1558 2301 cnim
1577 2273 1678 2300 dicitur
1696 2272 1737 2299 vel
1756 2280 1771 2299 a
1786 2273 1872 2298 vrrbo

244 2313 397 2348 respondet,
415 2314 439 2341 id
457 2316 530 2349 quod
544 2315 601 2344 ait:
617 2316 730 2345 Omnem
748 2319 876 2354 temporis
888 2321 1030 2356 cogitatio-

243 2366 305 2386 nem
322 2367 472 2395 superans;
487 2369 549 2389 nam
561 2362 634 2398 quod
648 2367 769 2399 tempore
782 2366 893 2394 minime
908 2367 1029 2396 circum-

243 2406 384 2439 scribitur,
411 2407 576 2436 immensum
598 2415 650 2438 est.
677 2411 855 2440 interminato
883 2419 972 2442 autem
1001 2417 1027 2444 id

242 2452 313 2486 quod
330 2453 369 2480 ait
384 2462 391 2479 :
405 2452 519 2481 Omnem
539 2459 643 2483 natura;
666 2457 857 2493 cogitationem
873 2461 1026 2496 excedens;

241 2503 283 2525 est
297 2499 369 2526 enim
384 2499 601 2534 intct'minatum,
618 2503 690 2537 quod
707 2512 755 2532 ncc
770 2504 841 2538 loco,
861 2513 909 2533 nec
929 2507 1026 2535 deﬁni-

243 2544 326 2576 tione,
350 2545 436 2580 ipsius
449 2552 574 2574 naturam
590 2549 754 2586 explicante,
771 2552 1024 2586 comprehenditur.

242 2588 313 2617 Deus
328 2590 420 2626 igitur,
445 2592 542 2627 inquit,
559 2594 668 2621 excedit
684 2602 794 2623 omnem
811 2597 1024 2632 cogitationem,

240 2642 322 2669 quam
342 2636 486 2671 quisquam
514 2639 545 2665 de
572 2644 704 2673 tempore,
721 2641 763 2667 vel
779 2645 876 2669 natura
893 2643 1024 2678 quadam,

240 2680 308 2708 inire
325 2686 417 2715 queat,
435 2687 525 2710 mente
542 2684 599 2710 sola
620 2685 822 2713 adumbratum.
844 2687 936 2722 Neque
952 2691 1023 2717 enim

239 2726 266 2753 in
282 2728 361 2755 nobis
374 2737 506 2763 organum
523 2731 606 2758 ullum
620 2731 761 2765 habemus,
773 2741 829 2767 quo
843 2734 889 2761 Dei
905 2736 1022 2769 speciem

239 2773 384 2808 concipere
413 2783 558 2810 queamus,
588 2785 641 2804 non
657 2785 768 2806 sensum
787 2779 849 2814 (nec
865 2780 936 2807 enim
953 2780 1023 2810 Deus

239 2819 338 2846 sensile
353 2821 481 2855 quiddam
509 2827 562 2856 est,
581 2827 610 2850 ut
634 2823 761 2852 sensibus
788 2825 951 2861 subiaceat),
969 2835 1021 2854 non

275 2909 296 2924 ³⁷
315 2909 399 2936 Exod.
415 2918 454 2944 in,
472 2910 513 2944 i5,
536 2911 576 2938 Li.

1081 2324 1163 2354 οὶιιν,
1182 2323 1208 2350 id
1223 2327 1273 2353 est.
1290 2331 1405 2355 currere,
1434 2327 1462 2349 et
1477 2329 1520 2348 res
1543 2321 1686 2348 universas
1709 2319 1870 2350 confovere,

1080 2369 1121 2396 Vel
1135 2369 1188 2396 ἀπὸ
1203 2367 1250 2395 τοῦ
1266 2368 1380 2395 θεᾶσθαι
1401 2367 1437 2393 τὰ
1460 2366 1564 2398 πάντα,
1583 2366 1608 2393 id
1626 2372 1682 2398 est,
1698 2365 1762 2400 quia
1779 2365 1870 2391 omnia

1078 2419 1185 2448 spectet.
1227 2414 1321 2450 Neque
1362 2413 1434 2441 enim
1486 2412 1636 2447 quidquam
1679 2418 1742 2438 eum
1782 2410 1870 2437 latere

1080 2465 1182 2496 potest,
1198 2464 1432 2495 conspectumque
1460 2458 1518 2493 ejus
1543 2457 1671 2491 eﬂ'ugcre.
1695 2457 1730 2483 At
1746 2455 1869 2490 ἄναρχον

1078 2512 1105 2535 et
1121 2508 1248 2535 ἄκτιστον
1263 2511 1289 2533 et
1303 2504 1461 2539 ἀσώματον,
1477 2504 1503 2531 id
1515 2507 1568 2536 est,
1583 2502 1706 2537 principii
1719 2509 1824 2535 expers,
1842 2505 1870 2528 ct

1078 2553 1234 2583 incrcatum,
1249 2556 1274 2578 ct
1291 2551 1486 2585 incorporeum,
1500 2548 1565 2582 quid
1581 2555 1636 2575 non
1651 2547 1697 2579 sit,
1713 2546 1868 2578 declarant,

1078 2599 1127 2625 hoc
1141 2603 1194 2629 est,
1209 2596 1280 2631 quod
1297 2603 1346 2623 nec
1362 2595 1524 2630 principium
1541 2594 1676 2625 habuerit,
1693 2600 1742 2619 nec
1755 2598 1867 2620 creatus

1076 2644 1166 2674 fuerit,
1182 2650 1232 2670 nec
1245 2649 1344 2676 corpus
1358 2642 1403 2668 sit.
1418 2639 1477 2667 Jam
1494 2646 1556 2666 vero
1573 2638 1689 2671 bonum,
1704 2639 1812 2673 justum
1839 2642 1868 2663 et

1076 2694 1212 2720 sanctum,
1235 2693 1359 2714 naturam
1384 2686 1494 2721 quidem
1519 2685 1686 2712 comitantur
1701 2691 1712 2712 :
1732 2689 1864 2710 cteterum

1075 2735 1161 2769 ipsam
1185 2726 1541 2767 naturamhaudquaquam
1559 2732 1696 2766 operiunt.
1712 2730 1803 2764 Atque
1823 2729 1866 2755 his

1075 2780 1232 2807 nominibus
1248 2779 1321 2806 Deus
1336 2778 1497 2813 appellatur,
1519 2781 1548 2804 ut
1570 2782 1666 2804 auctor
1683 2775 1816 2803 bonitatis
1833 2783 1866 2802 ac.

1074 2827 1226 2854 sanctitatis
1247 2830 1273 2854 ct
1292 2825 1417 2861 justitiae.
1437 2824 1471 2851 At
1496 2823 1553 2851 haec
1576 2823 1696 2855 nomina,
1715 2822 1861 2854 Dominus,
