2027 3162
138 186 201 218 1⁸13

613 194 772 226 NlCETAS
793 197 834 228 ΙΝ
855 195 966 226 ORAT.
990 197 1073 228 XLII
1094 197 1124 229 S.
1146 198 1263 229 GREG.

1691 201 1759 234 13η

135 252 161 274 et
194 246 249 272 lter
265 265 272 276 .
301 251 327 273 et
357 246 474 282 Opifex,
509 256 540 277 ac
569 256 666 280 ca-lera
700 255 761 289 ejus
794 256 922 290 generis,
938 255 1065 291 Agatur,
1091 265 1173 285 cursu
1199 264 1229 285 se
1254 257 1378 293 proripit.
1406 258 1478 286 Deus
1503 259 1576 286 enim
1601 265 1657 288 non
1678 262 1763 288 modo

136 291 293 319 relationem
322 293 355 320 ad
380 301 412 321 ea
444 302 504 330 qua:
532 303 564 323 ex
594 298 708 326 adverso
735 301 922 336 respondent,

134 338 291 366 ostendunt.
317 339 493 369 Subditorum
518 344 589 371 enim
614 344 746 375 Dominus
766 348 875 382 dicitur,
895 353 922 376 ct

134 391 230 412 eorum
250 385 296 419 qui
319 386 370 414 sub
392 395 475 422 regno
492 394 566 422 sunt,
591 389 657 424 Rex,
674 396 700 420 et
721 400 810 421 rerum
829 395 923 423 condi-

133 434 222 457 tarum
240 430 334 464 Opifcx
352 440 398 460 seu
417 433 558 463 Conditor.
584 435 708 470 Quonam
731 444 821 467 autem
841 441 922 468 modo

133 483 163 502 ex
182 475 233 506 his.
259 485 318 511 qum
336 478 408 505 circa
426 479 513 514 ipsum
535 487 610 515 sunt,
629 483 699 512 Deus
719 485 923 514 adumbratnr?

132 520 207 552 A'lia,
236 521 347 556 inquit,
373 528 461 558 atque
479 525 530 552 alia
558 526 752 562 imaginatione
775 531 808 558 ad
836 539 920 559 unum

133 566 242 601 aliqum!
256 568 376 595 veritatis
387 569 561 598 simulacrum
575 574 780 607 exprimendum
794 577 920 606 collecta.

133 611 170 638 Ex
188 612 230 639 his
253 614 324 640 enim
347 616 439 649 relms,
456 625 524 651 quas
547 619 634 646 oculis
652 621 800 654 cernimus,
817 625 928 658 species

131 659 265 692 quasdam
285 664 311 686 et
329 661 461 696 imagines
485 663 518 689 de
545 664 601 692 Deo
626 667 786 702 accipimus.
804 669 840 696 [ι
859 678 921 698 cum

132 703 250 731 dit-imus
271 714 277 730 :
298 705 375 738 Quod
401 707 442 734 sol
467 707 493 734 in
520 711 705 743 scnsibilibns,
733 713 784 741 hoc
806 715 877 742 Deus
893 717 920 743 in

131 748 349 778 intt-llectilihns.
370 751 437 780 Natu
462 757 695 789 quemadmodum
720 758 764 786 ille
788 761 921 789 visibilem

132 795 264 822 mundum
289 797 425 826 illuminat
442 809 448 826 ε
467 801 562 828 eodem
584 802 628 830 ltic
645 804 725 831 modo
747 805 920 834 invisibilcm.

133 838 238 866 llursns
252 842 480 875 quemadmodum
496 845 540 872 ille
552 854 599 874 eos
613 847 659 882 qtti
675 849 822 883 aspiciunt,
835 851 922 880 claros

132 884 213 912 cilicit
230 887 236 912 ἑ
256 886 293 913 ita
319 887 363 914 hic
384 888 493 918 divinos
517 896 544 919 et
566 893 713 921 deiformes
734 897 831 926 reddit.
848 897 922 926 Prte-

133 933 208 957 terea
234 933 466 966 quemadmodum
496 936 578 965 simul
607 943 634 966 et
659 947 758 976 corpus
786 923 922 976 solis.mct
939 923 960 952 Β

133 976 228 1004 radius
249 981 274 1004 et
296 978 385 1006 ltnucn
414 990 420 1008 :
446 981 528 1010 simili
554 985 636 1013 modo
661 985 752 1020 Pater,
777 988 872 1023 Filius,
897 995 924 1018 et

135 1020 256 1055 Spiritus
273 1029 396 1054 sanctus.
423 1027 455 1054 Et
477 1036 633 1065 quanquam
653 1034 761 1068 utrique
778 1020 870 1063 causa.
883 1041 926 1064 est

135 1066 217 1094 Pater
234 1078 240 1095 ε
258 1077 311 1096 nun
330 1074 419 1099 tamen
435 1075 573 1109 antiquior
589 1081 642 1108 est.
661 1086 714 1106 non
732 1079 823 1108 hercle
839 1082 925 1117 magis

135 1118 217 1157 quam
230 1113 269 1151 sol
283 1114 336 1142 illis
350 1121 470 1151 tempore
486 1120 570 1153 prior.
583 1122 683 1149 Adhmc
695 1113 924 1157 quemadmodum

135 1155 228 1184 lumen
246 1166 277 1185 ex
298 1160 358 1194 igne
375 1181 382 1193 ,
400 1162 441 1190 sic
455 1163 541 1192 Filius
557 1173 589 1192 ex
606 1155 809 1205 Patre-Atque,
823 1175 853 1198 ut
872 1180 926 1200 uno

135 1202 222 1229 Verbo
245 1204 347 1238 (licam,
374 1215 435 1242 quae
459 1210 485 1236 in
506 1211 587 1239 nobis
613 1218 686 1246 sunt,
706 1202 827 1251 eapquae
843 1226 925 1253 supra

136 1256 188 1276 nos
202 1255 277 1282 sunt,
294 1252 470 1289 intelligimus
487 1263 567 1292 atque
583 1259 786 1296 imaginantur;
805 1263 831 1290 in
848 1252 926 1293 nobis

135 1295 222 1330 enim,
247 1302 273 1324 et
298 1306 376 1327 mens
403 1306 454 1334 est,
481 1308 508 1329 et
533 1312 635 1338 sermo,
660 1312 687 1334 et
713 1309 837 1342 spiritus.
864 1310 927 1340 Haec

136 1345 227 1391 autem
250 1343 311 1376 tria,
331 1347 521 1382 lnseparabilia
545 1356 608 1379 sunt
624 1356 650 1378 et
665 1354 790 1388 aequalia.
814 1356 847 1383 Et
867 1358 927 1391 qui-

136 1385 197 1412 dem
233 1396 310 1417 mens
341 1398 495 1421 sermonem
532 1396 674 1429 itnpatibili
699 1385 788 1428 Imodo
818 1385 925 1438 gignit,

135 1438 232 1481 sermo
245 1440 336 1462 autem
357 1437 416 1465 sine
441 1439 539 1472 spiritu
558 1449 589 1468 ex
615 1449 705 1472 mente
724 1437 856 1481 progredi
877 1456 923 1476 ne-

136 1477 206 1510 ‘quit.
222 1477 259 1505 lta
278 1479 316 1512 fit,
337 1485 366 1508 ut
379 1489 534 1518 quanquam
552 1485 578 1512 in
593 1487 673 1514 nobis
693 1477 747 1517 tres
761 1477 826 1518 sunt
840 1491 927 1527 hypo-

136 1526 237 1556 stases,
261 1533 332 1553 unus
358 1531 447 1556 tamen
474 1530 557 1558 homo
579 1532 614 1559 sit
636 1533 714 1568 juxta
739 1536 777 1572 id,
802 1526 925 1572 quodin

136 1569 225 1598 tribus
249 1571 442 1607 hypostasibus
459 1576 629 1612 intelligitur,
654 1587 687 1607 eo
706 1569 779 1616 quod
804 1569 882 1611 mens
897 1589 922 1612 et

136 1621 291 1665 sermonem
318 1623 345 1645 et
359 1619 484 1653 spiritum
499 1622 607 1651 habeat.
624 1625 723 1653 Eodem
738 1628 819 1655 modo
834 1628 923 1665 Pater,

135 1659 234 1695 Filius,
257 1667 285 1690 et
309 1663 426 1699 Spiritus
452 1674 565 1697 sanctus
588 1674 645 1698 tres
669 1672 778 1707 quidem
803 1659 926 1709 personte.

137 1706 337 1743 inscparabiles
362 1717 436 1745 sunt,
463 1722 535 1743 unus
562 1721 652 1744 autem
680 1706 763 1747 heus.
791 1706 823 1748 E-t
848 1722 928 1750 Pater

137 1753 203 1781 citra
223 1756 378 1790 passionem
404 1758 501 1787 Filium
516 1761 602 1797 gignit
622 1773 629 1790 :
650 1763 734 1792 Filius
758 1774 854 1795 rursus
869 1770 928 1797 sine

137 1798 242 1834 Spiritu
260 1810 313 1829 non
331 1810 383 1836 est,
400 1805 440 1832 sic
457 1806 509 1833 alia
523 1809 646 1842 qumdatu
661 1811 767 1845 species
783 1819 816 1839 ex
832 1814 884 1841 alia
901 1822 929 1841 re

138 1848 170 1875 ad
197 1858 283 1876 unttm
309 1852 430 1881 veritatis
460 1855 638 1884 simulacrum
665 1859 815 1894 colligitur.
842 1859 929 1887 Porro

138 1893 345 1929 imaginationis
372 1900 521 1928 exilitatem
548 1902 688 1930 simulacri
715 1893 813 1931 nomen
838 1905 928 1934 docet.

139 1938 195 1968 Nec
228 1943 300 1970 enim
332 1943 358 1970 in
388 1946 470 1973 rebus
500 1948 600 1974 creatis
634 1949 686 1975 ulla
719 1949 809 1985 imago
840 1955 930 1986 potest

139 1987 268 2021 inveniri,
292 1998 352 2024 quae
369 1991 396 2017 in
413 1992 501 2026 seipsa
527 1997 628 2020 sancta:
651 1993 796 2023 Trinitatis
817 1997 928 2023 modum

139 2039 188 2066 per
220 2035 312 2062 omnia
346 2035 456 2063 referat.
487 2036 554 2064 Nam
583 2039 656 2073 quod
686 2046 808 2068 creatum
836 2046 878 2069 est
904 2047 931 2070 et

140 2080 334 2114 compositum,
358 2086 385 2108 et
409 2081 524 2116 ﬂuxum,
548 2087 575 2110 et
598 2086 738 2119 mutabile,
763 2091 790 2114 et
814 2087 932 2115 circum-

141 2125 287 2160 scriptum,
311 2134 366 2161 quo
391 2128 499 2155 tandem
526 2129 608 2156 modo
634 2131 753 2158 divinam
781 2133 929 2160 essentiam

142 2170 176 2196 ab
193 2171 321 2199 omnibus
347 2172 390 2201 his
415 2174 495 2202 rebus
520 2180 662 2208 remotam,
681 2182 763 2212 atque
783 2179 928 2205 essentiam

143 2223 252 2244 omnem
268 2224 441 2253 superantem
459 2221 602 2255 perspicue
617 2221 785 2250 declarabit?
801 2222 929 2252 Veritatis

144 2268 235 2291 autem
253 2264 429 2292 simulacrum
449 2265 530 2298 dixit,
548 2273 690 2302 propterea
704 2269 776 2303 quod
795 2269 867 2296 Deus
882 2270 928 2302 sit,
946 2266 969 2294 D

143 2311 251 2338 etiamsi
269 2311 295 2338 id
311 2319 365 2339 non
382 2311 418 2339 sit
437 2312 509 2347 quod
531 2313 564 2341 de
586 2313 644 2348 ipso
659 2314 853 2349 imaginamur.
876 2315 929 2343 Du-

145 2356 241 2390 plicem
267 2357 339 2384 enim
360 2357 587 2392 significationem
617 2359 698 2387 habet
723 2368 821 2388 nomen
847 2361 930 2388 simo-

145 2401 224 2429 lacri.
248 2401 417 2438 Quandoque
434 2403 506 2431 enim
526 2404 559 2431 de
582 2412 615 2432 eo
638 2405 750 2438 dicitur,
774 2407 847 2442 quod
868 2407 931 2435 sub-

146 2447 247 2474 stantia
273 2450 385 2476 omnino
410 2454 501 2482 caret,
527 2455 557 2478 ut
580 2450 613 2478 de
637 2452 735 2479 umbra
759 2458 786 2479 et
809 2453 930 2488 speculo.

147 2492 348 2528 Nonnunquam
365 2501 454 2522 autem
467 2496 501 2523 de
512 2503 556 2529 eo,
567 2497 639 2532 quod
652 2498 776 2526 veritatis
788 2499 930 2534 cujusdam

147 2543 190 2566 est
210 2539 355 2574 particeps,
375 2545 404 2566 ut
420 2540 473 2568 hoc
489 2541 561 2569 loco.
580 2543 716 2575 Quoniam
740 2552 804 2571 vero
822 2544 935 2571 simula-

148 2591 226 2612 crum
247 2590 340 2620 aperte
359 2585 475 2620 cogitari
499 2594 531 2613 ae
552 2589 653 2623 percipi
674 2597 725 2616 non
751 2593 849 2624 potest,
875 2589 935 2616 ideo

149 2637 212 2658 cum
229 2631 262 2658 de
284 2631 337 2658 Deo
355 2630 511 2666 Theologus
533 2633 656 2666 dixisset,
679 2635 752 2668 quod
775 2635 934 2670 priusquam

150 2679 284 2710 teneatur,
297 2677 399 2712 effugit,
422 2677 448 2704 id
469 2682 559 2705 autem
575 2677 647 2713 quod
664 2684 781 2713 tenetur,
797 2681 935 2708 iutellccttt

151 2727 306 2756 perceptum
333 2729 394 2750 esse
420 2729 533 2750 necesse
559 2723 614 2755 sit.
643 2724 786 2758 subjunxit
812 2724 839 2751 id
865 2725 937 2760 quod

153 2768 239 2803 magis
260 2768 450 2796 adtttirandum
473 2773 533 2803 est,
556 2770 629 2805 quod
650 2771 811 2806 priusquam
837 2772 938 2799 intelli-

188 2860 221 2875 ’ν’
239 2861 307 2889 Dan.
324 2869 372 2889 χιιι
384 2882 392 2891 .
415 2861 459 2888 42.
498 2862 520 2880 ¹¹
537 2859 610 2889 PSul.
627 2869 653 2896 ι,
670 2861 696 2890 6.

156 2900 218 2929 xxv,
236 2897 278 2924 1³2..
317 2897 339 2913 ³³
357 2897 366 2924 l
384 2897 448 2924 Cor.
470 2904 530 2930 xui,
552 2896 596 2924 1‘2.

735 2863 758 2879 “
777 2862 857 2891 Num.
876 2871 938 2896 xvi,
956 2862 990 2896 5;
1009 2862 1030 2890 Il
1047 2861 1118 2890 Tim.
1135 2868 1167 2896 tl,
1184 2861 1228 2890 l9.

974 310 1028 329 non
1051 308 1158 331 tenetur
1180 303 1318 331 intellectu
1343 309 1486 339 perceptus
1502 313 1508 332 :
1524 305 1620 333 sedne
1640 306 1758 341 perfecte

973 349 1082 383 quidem
1110 350 1224 384 cogitari
1257 354 1340 384 atque
1372 350 1487 385 intelligi
1515 355 1604 385 potest
1631 359 1638 378 :
1666 359 1761 379 verum

973 393 1055 421 simul
1082 398 1163 429 atque
1190 393 1302 428 intelligi
1330 394 1428 429 etrapit,
1456 394 1594 425 abscedit,
1622 398 1714 429 at1ue,
1733 400 1762 423 ut

973 440 1102 470 diximus.
1121 441 1162 468 vel
1183 440 1352 468 celerrimam
1375 445 1493 467 mentem
1515 441 1668 473 antevertit,
1687 442 1756 469 adeo

973 490 1003 513 ut
1018 485 1090 513 nulla
1109 485 1216 513 ratione
1231 485 1426 521 comprehendi
1442 489 1536 520 queat.
1552 485 1670 512 Tantum
1688 486 1763 520 prin-

973 533 1060 567 cipem
1089 532 1178 560 nostri
1206 537 1334 567 partem,
1363 539 1478 566 eamque
1507 537 1649 567 purgatam
1675 531 1762 559 collu-

972 583 1074 610 strans.
1089 583 1143 606 etc.
1163 578 1239 612 Quod
1256 579 1328 605 enim
1345 582 1386 606 est
1403 578 1499 605 oculus
1522 578 1548 605 in
1571 586 1694 613 corpore,
1711 577 1765 605 hoc

973 634 1050 653 meus
1069 625 1094 652 in
1117 625 1217 652 anima.
1238 624 1273 652 Ut
1294 625 1376 659 igitur
1398 626 1430 651 ad
1449 624 1541 659 fulgur
1558 624 1681 651 emicans
1699 631 1762 658 pro-

973 671 1144 706 spiciendum
1169 671 1255 697 oculis
1282 670 1357 697 sanis
1380 675 1422 696 est
1447 678 1516 705 opus
1539 679 1546 697 :
1566 670 1605 697 sic
1627 670 1707 697 etiam
1728 669 1761 696 ad

974 717 1035 749 hoc.
1049 721 1077 744 nt
1091 717 1136 745 Dei
1152 717 1382 752 contemplatione
1396 716 1664 748 circutnlostremnr,
1681 722 1761 742 tuens

973 771 1039 798 pura
1058 768 1084 790 et
1108 763 1211 798 integra
1237 763 1396 798 requiritur.
1421 760 1487 788 Nam
1507 761 1580 788 utin
1609 761 1720 788 sordido
1737 765 1765 788 et

973 810 1081 845 impuro
1108 809 1219 844 speculo
1247 808 1339 835 vultus
1367 808 1458 843 imago
1486 807 1678 842 reprmsentari
1708 814 1762 834 ιιοιι

972 858 1078 890 potest,
1107 854 1147 881 sic
1174 861 1224 881 nec
1243 853 1269 880 in
1297 852 1368 881 foeda
1395 858 1422 880 et
1447 853 1574 887 squalida
1600 857 1691 880 mente
1717 852 1762 880 Dei

975 901 1124 936 splendor:
1148 908 1236 935 eoque
1251 900 1339 936 magis
1363 900 1429 934 quia
1455 899 1573 935 fulguris
1596 899 1762 926 celeritatem

976 948 1108 980 iutitatnr,
1127 953 1154 974 et
1176 946 1318 974 confestim
1344 946 1444 977 avolat,
1471 950 1553 980 atque
1577 953 1639 972 eum
1664 953 1763 980 capere

975 994 1130 1022 adnitentes
1149 992 1279 1027 praeterit.
1296 991 1376 1025 Spem
1402 991 1475 1018 enim
1496 990 1583 1024 injicit
1605 990 1683 1025 qttasi
1702 997 1764 1017 mox

975 1038 1251 1074 comprehendendus
1272 1046 1279 1064 :
1304 1037 1413 1064 interim
1439 1040 1530 1063 tamen
1556 1035 1766 1070 incomprehen-

976 1085 1062 1113 sibilis
1087 1088 1189 1111 manet.
1219 1083 1277 1110 l\leo
1302 1083 1411 1118 quidem
1435 1082 1551 1117 judicio,
1577 1085 1606 1109 ut
1629 1087 1766 1116 qttatenus

977 1129 1172 1164 comprehendi
1197 1133 1297 1164 potest.
1315 1135 1365 1154 nos
1385 1128 1418 1154 ad
1434 1135 1464 1155 se
1480 1127 1568 1154 trahat
1590 1126 1674 1162 (quod
1691 1127 1763 1153 enim

977 1177 1051 1204 nullo
1069 1176 1150 1203 modo
1175 1174 1276 1210 percipi
1296 1178 1394 1209 potest,
1411 1181 1460 1201 nec
1485 1174 1524 1200 vel
1542 1181 1590 1208 per
1614 1181 1644 1200 ea
1662 1181 1722 1207 qua:
1738 1173 1765 1199 iu

977 1223 1036 1257 ipso
1060 1225 1133 1254 stmt,
1158 1221 1198 1248 vel
1223 1228 1283 1255 quae
1307 1220 1378 1247 circa
1400 1219 1489 1254 ipsum
1511 1218 1716 1253 comprehendi,
1740 1218 1765 1244 id

977 1275 1027 1295 nec
1049 1271 1140 1302 sperat
1163 1266 1308 1301 quisquam
1338 1265 1395 1292 fore
1420 1269 1449 1291 ut
1473 1265 1572 1299 capiat,
1597 1271 1647 1291 net'
1671 1270 1767 1297 capere

977 1312 1131 1348 adnititur),
1151 1316 1286 1346 quatenus
1300 1315 1389 1337 autem
1406 1310 1465 1344 capi
1482 1309 1587 1344 nequit,
1607 1308 1767 1336 admiratio-

977 1368 1038 1388 nem
1062 1359 1104 1386 sui
1128 1358 1237 1389 excitet,
1261 1364 1348 1392 eaque
1373 1356 1407 1383 de
1432 1363 1513 1383 causa
1538 1354 1718 1385 desideretur,
1741 1357 1768 1380 et

977 1410 1091 1443 purget,
1109 1413 1140 1432 ac
1164 1403 1313 1432 deiforntes
1336 1402 1435 1430 efficiat
1452 1410 1458 1428 :
1476 1406 1558 1436 atque
1580 1401 1616 1427 ita
1631 1400 1686 1435 jam
1703 1406 1765 1427 cttm

979 1452 1160 1481 familiaribus
1184 1450 1257 1478 nulla
1274 1458 1303 1477 re
1322 1448 1485 1476 iutermedia
1503 1447 1675 1482 colloquatur
1692 1445 1729 1480 (et
1744 1444 1767 1472 si

977 1498 1035 1526 hazc
1060 1497 1190 1524 audacter
1205 1503 1219 1522 a
1234 1502 1276 1522 me
1298 1492 1450 1527 dicuntur),
1469 1493 1540 1519 Dens
1565 1491 1697 1518 naturalis
1716 1490 1769 1517 diis

977 1551 1026 1579 per
1041 1542 1214 1578 adoptionem
1234 1547 1261 1568 et
1275 1539 1389 1575 gratiam
1412 1539 1505 1566 unitus
1519 1544 1545 1566 et
1562 1537 1705 1572 copulatus
1721 1543 1769 1570 per

936 1594 958 1626 ο
974 1590 1123 1620 actionem,
1138 1588 1312 1614 innotescens
1327 1590 1417 1612 autem
1432 1591 1478 1619 per
1501 1583 1768 1618 contemplationem.

979 1636 1019 1664 Ac
1035 1638 1139 1662 tantum
1158 1631 1285 1663 fortasse,
1300 1635 1353 1658 etc.
1370 1629 1427 1657 [loc
1443 1634 1560 1661 tantuml
1577 1636 1631 1655 non
1646 1627 1670 1654 id
1686 1626 1771 1661 signi-

980 1682 1053 1713 ficat,
1065 1679 1136 1715 quod
1150 1681 1282 1713 quantum
1298 1676 1349 1711 ipsi
1375 1675 1458 1703 Deum
1472 1677 1652 1710 cognoscunt.
1663 1678 1768 1700 tantum

979 1727 1031 1762 ipsi
1057 1733 1072 1753 a
1100 1725 1155 1752 Deo
1181 1727 1398 1759 cognoscuntur.
1425 1721 1472 1749 llle
1498 1722 1570 1748 enim
1603 1719 1770 1755 cognitionis

980 1772 1116 1800 infinitum
1140 1774 1182 1797 est
1208 1769 1319 1804 pelagus
1337 1778 1344 1795 :
1362 1768 1459 1794 horum
1480 1771 1582 1798 autem,
1607 1769 1636 1793 ut
1661 1769 1768 1795 natura,

980 1819 1017 1846 ita
1031 1818 1112 1845 etiam
1129 1815 1249 1849 cognitio
1265 1813 1339 1840 finita
1355 1817 1406 1839 est.
1421 1811 1521 1839 Verum
1537 1811 1666 1846 quoniam
1681 1809 1771 1844 dupli-

980 1871 1039 1891 cem
1062 1862 1134 1889 Deus
1152 1859 1295 1887 scientiam
1314 1857 1405 1890 habet,
1421 1857 1533 1884 alteram
1550 1863 1603 1890 qua
1619 1855 1769 1882 secundum

981 1913 1108 1936 naturam
1123 1910 1221 1934 cuncta
1236 1904 1387 1939 cognoscit,
1409 1903 1488 1937 juxta
1503 1901 1570 1929 illud
1593 1909 1600 1928 :
1620 1900 1672 1933 Qui
1697 1900 1769 1926 novit

980 1953 1080 1984 omnia,
1103 1956 1245 1985 antequam
1267 1948 1389 1975 oriantur
1401 1948 1456 1979 "';
1482 1947 1606 1978 alteram,
1631 1953 1685 1980 qua
1710 1953 1769 1975 eos.

975 1998 1027 2033 qui
1044 1997 1094 2032 ipsi
1112 2000 1183 2024 totos
1198 2002 1227 2022 se
1240 1993 1416 2024 addixerunt.
1432 1992 1578 2019 familiares
1595 1992 1675 2018 habet
1690 2000 1697 2018 :
1713 1999 1768 2025 quo

981 2050 1063 2071 sensu
1088 2042 1127 2069 ait
1150 2040 1293 2075 Scriptura
1319 2047 1328 2065 ι
1347 2037 1429 2065 Nouit
1453 2038 1581 2064 Dominus
1605 2037 1661 2064 via;
1680 2037 1769 2072 justo-

982 2099 1040 2118 rum
1054 2091 1086 2118 ’³.
1103 2090 1136 2117 Ει
1148 2089 1202 2116 alio
1212 2088 1272 2115 loco
1285 2096 1291 2114 :
1307 2085 1388 2114 Nouit
1403 2085 1532 2112 Damiqu
1545 2084 1590 2119 qui
1604 2083 1646 2110 sui
1660 2087 1722 2110 sunt
1735 2082 1769 2114 '3;

981 2135 1089 2163 divinas
1109 2133 1236 2161 videlicet
1257 2139 1321 2159 suas
1338 2135 1417 2158 notas
1440 2129 1467 2156 in
1491 2129 1532 2156 eis
1548 2128 1639 2156 salvas
1653 2131 1681 2154 et
1697 2127 1771 2153 inco-

981 2180 1068 2208 lumes
1083 2185 1242 2213 agnoscens.
1255 2177 1293 2204 Ac
1307 2175 1420 2211 proinde
1431 2175 1464 2202 ad
1477 2174 1579 2202 Mosem
1592 2174 1698 2208 quidem
1712 2172 1749 2198 ait
1762 2180 1770 2198 :

982 2226 1051 2252 Νουί
1068 2230 1092 2251 te
1105 2233 1187 2259 supra
1203 2231 1292 2250 omnes
1307 2222 1348 2255 '°;
1367 2221 1401 2249 ad
1418 2221 1487 2248 alios
1501 2226 1593 2247 atttem
1609 2228 1616 2246 :
1635 2218 1695 2245 Non
1712 2217 1772 2245 uari

983 2279 1026 2298 vos
1041 2271 1075 2297 ³¹,
1093 2270 1141 2296 Hic
1157 2269 1239 2304 igitur
1260 2268 1337 2302 juxta
1360 2266 1590 2301 significationem
1608 2262 1772 2298 cognitionis

985 2321 1083 2342 nomen
1108 2314 1241 2348 accipitur
1259 2322 1265 2340 :
1283 2312 1412 2347 quoniam
1436 2315 1539 2338 tantum
1563 2308 1707 2336 innotescit
1723 2308 1772 2335 ho-

986 2361 1105 2388 ntinibus
1127 2360 1209 2392 Deus,
1225 2362 1357 2394 quantum
1380 2357 1437 2392 jam
1461 2355 1632 2383 familiariter
1656 2355 1690 2382 iis
1709 2354 1772 2388 jun-

985 2409 1068 2444 gitur,
1082 2406 1129 2440 qui
1145 2413 1192 2440 per
1207 2406 1333 2432 virtutem
1350 2403 1402 2439 ipsi
1417 2401 1537 2436 adjuncti
1555 2404 1629 2428 sunt.
1643 2399 1710 2426 Nam
1724 2406 1774 2433 pro

987 2454 1093 2481 ratione
1109 2459 1240 2479 ascensus
1261 2451 1382 2485 ipsorum
1404 2449 1449 2475 il'e
1465 2446 1621 2479 descendit;
1639 2449 1666 2472 et
1684 2452 1774 2479 quan-

985 2505 1043 2527 tum
1059 2499 1142 2526 homo
1158 2497 1213 2524 Deo
1225 2495 1437 2530 appropinquat,
1452 2498 1558 2521 tantum
1572 2493 1654 2520 etiam
1670 2490 1774 2518 homini

986 2547 1057 2573 Deus
1071 2544 1228 2574 innotescit,
1241 2542 1370 2569 nimirum
1386 2541 1466 2575 juxta
1479 2537 1684 2574 proportionem
1699 2535 1775 2571 puri-

986 2592 1062 2624 tatis,
1077 2598 1137 2625 quae
1152 2588 1301 2622 unicuique
1318 2586 1400 2616 inest.
1417 2585 1460 2612 sui
1475 2583 1658 2619 cognitionem
1674 2582 1775 2616 imper-

987 2639 1068 2664 tiens.
1088 2637 1147 2663 Hoc
1169 2640 1258 2662 autent
1277 2632 1311 2660 ab
1337 2631 1466 2666 Apostolo
1489 2629 1592 2664 accepit
1615 2627 1773 2662 Gregorius.

988 2684 1027 2710 sic
1040 2683 1074 2709 ad
1088 2681 1244 2709 Corinthios
1261 2679 1400 2706 scribente
1413 2686 1420 2704 :
1436 2676 1509 2704 Tum:
1523 2682 1688 2709 cognoscam,
1704 2673 1772 2700 sicut

988 2732 1012 2755 et
1027 2727 1145 2762 cognitus
1159 2734 1217 2754 sunt
1231 2725 1264 2752 “.
1282 2724 1367 2757 Quem
1383 2723 1474 2750 locum
1494 2722 1533 2749 sic
1549 2719 1673 2755 exposuit
1688 2718 1774 2753 Chry-

990 2778 1130 2801 sostomus
1145 2780 1152 2799 :
1170 2770 1238 2804 Quia
1257 2777 1329 2796 nunc
1346 2768 1456 2804 quidem
1476 2766 1546 2793 Deus
1562 2765 1594 2792 ad
1615 2771 1664 2792 nos
1679 2771 1775 2790 accur-

1267 2861 1289 2877 ’θ
1305 2859 1389 2889 Exod.
1407 2864 1506 2890 xxml,
1537 2858 1582 2885 12.
1634 2857 1655 2873 ἰ
1672 2855 1773 2885 Matth.
