2027 3162
245 223 311 255 1315

953 218 1145 250 ADDENDA.

1804 215 1875 249 ιςιδ

244 283 288 315 tit,
307 287 371 310 tunc
387 287 475 310 autem
494 281 545 317 ipsi
567 280 599 308 ad
621 288 684 308 cum
704 286 890 308 occurremus.
907 278 985 312 Quod
1003 277 1025 305 si
1041 280 1064 308 Α
1078 276 1334 312 comprehensione,
1374 283 1405 303 ac
1433 274 1589 311 cognitione
1621 273 1878 307 circumscribatur,

243 328 306 363 quis
322 327 349 354 in
364 335 396 354 ea
420 327 554 355 sententia
571 331 621 359 est,
639 330 667 353 ut
689 326 733 353 his
758 325 849 352 verbis
866 334 873 352 :
891 323 964 351 Tunc
985 331 1030 350 co-

244 382 378 410 gnoscam,
396 375 465 401 sicut
481 379 505 401 et
528 374 645 409 cognitus
670 381 738 406 sum,
757 372 1029 407 comprehensionem

245 422 332 456 ipsam
365 420 515 456 signiﬁcari
542 420 699 451 existimet;
734 418 876 446 sciendum
907 423 950 445 est
981 417 1033 444 hoc

244 467 403 495 adverbium
430 467 539 499 καθὼς,
563 474 625 494 cum
643 469 676 493 de
692 465 746 493 Deo
769 470 796 493 et
817 465 894 492 nobis
919 464 1030 496 dicitur,

245 519 299 539 non
332 511 427 539 eodem
462 512 542 538 modo
579 510 767 546 accipiendum
800 517 883 542 esse;
916 507 1032 542 exempli

245 565 340 591 causa,
354 557 391 584 ait
404 555 564 592 Scriptura:
578 555 651 583 Sicut
663 556 801 582 miseretur
817 559 893 589 pater
903 553 1032 588 ﬁliorum,

247 604 368 630 misertus
389 607 428 629 est
451 602 578 629 Dominus
596 601 747 629 timentibus
764 609 791 628 se
807 600 840 627 ³³.
858 600 939 635 Atqui
956 607 1030 626 com-

246 650 385 676 miseratio
398 648 443 675 Dei
456 648 723 676 commiserationem
737 646 879 673 hominum
894 645 1034 679 incompa-

246 695 368 722 rnbilitcl‘
387 695 504 722 excedit.
520 694 551 721 Et
574 701 693 721 rursus:
712 692 805 720 Estote
825 692 946 727 perfecti,
967 692 1034 718 sicut

245 746 268 769 et
293 740 374 768 Pater
397 745 480 768 vester
497 740 607 767 cwlestt's
626 740 756 774 perfectus
772 745 810 766 est
833 739 867 765 “.
890 739 921 765 Et
944 744 1034 765 latnen

247 787 341 814 nullus
354 791 396 813 est
414 785 584 818 mortalium,
600 786 646 820 qui
663 785 697 812 ad
713 783 870 819 huiusmodi
888 783 1034 818 perfectiu-

247 843 309 862 nem
327 835 448 869 aspirare
475 834 572 869 possit.
598 833 664 861 ltetn
688 832 742 860 alio
762 831 822 860 loco
837 840 844 858 :
859 830 934 858 Sicut
962 829 1034 857 misit

248 888 288 906 me
309 880 398 912 Pater,
413 884 437 906 et
451 887 497 914 ego
513 879 589 905 mitto
610 886 654 905 vos
669 878 701 905 ".
716 877 799 912 Atqui
816 884 870 904 non
885 876 979 904 eadctn
994 879 1036 903 est

249 926 386 952 missionis
411 925 489 952 ratio.
509 923 557 952 llle
573 924 658 957 enim,
686 928 716 951 ut
732 923 822 951 lumen
848 931 861 950 a
882 923 949 956 sole,
966 923 1004 950 sic
1020 930 1035 949 a

249 970 328 998 Patre
352 971 452 998 missus
475 977 528 1002 est,
552 979 633 998 uttattt
661 975 745 1005 atque
768 970 891 997 eamdem
918 977 980 996 cum
1004 977 1036 996 eo

249 1016 352 1044 habens
368 1016 568 1049 substantiam;
587 1021 615 1044 at
635 1016 770 1052 discipuli,
794 1021 824 1043 ut
844 1015 917 1044 servi
947 1023 962 1042 a
987 1016 1037 1042 Do—

250 1063 324 1090 mino
340 1062 417 1090 missi
441 1068 515 1090 sunt.
532 1063 570 1089 Ad
588 1062 713 1090 eumdem
730 1069 839 1097 quoque
854 1062 963 1089 modum
981 1062 1037 1088 lucc

248 1107 371 1142 Apostoli
391 1108 471 1135 verba
490 1107 672 1144 :L‘ognoscam
694 1108 762 1135 sicut
783 1114 807 1135 et
826 1109 946 1143 cognitus
966 1116 1035 1141 sum,

251 1153 399 1188 perlectam
421 1153 530 1189 quidem
549 1154 608 1181 fore
624 1158 690 1181 tunc
709 1159 833 1181 nostrain
852 1154 1035 1188 cognitionem

248 1199 385 1231 indicant,
411 1206 465 1225 non
491 1203 581 1225 tamen
605 1198 665 1226 sine
690 1199 745 1226 ullo
770 1198 930 1226 discrimine
955 1200 1036 1227 talem

248 1244 338 1279 qualis
352 1248 393 1271 est
409 1244 435 1270 in
452 1244 517 1276 Deo.
533 1243 591 1270 ltno
606 1251 670 1271 vero
684 1248 789 1271 tantum
806 1244 877 1271 inter
893 1248 1037 1280 utramque

249 1289 432 1324 cognitionem
451 1289 586 1316 interesse
611 1297 726 1317 necesse
745 1293 796 1322 est,
813 1294 945 1324 quantum
967 1290 1038 1317 inter

249 1333 370 1361 divinam
399 1339 523 1361 naturatn
551 1339 578 1361 ct
603 1338 726 1362 nostram
751 1335 923 1362 intervallum
950 1334 1036 1362 inter-

247 1380 350 1414 jectmu
372 1385 423 1407 est.
447 1380 486 1407 Ac
505 1380 594 1408 videte
608 1388 664 1416 quo
680 1388 730 1408 nos
748 1381 897 1415 spiritualis
913 1387 940 1409 et
959 1382 1038 1409 theo-

250 1426 335 1460 logica
357 1426 481 1461 gradatio
505 1427 672 1454 subvexcrit.
694 1427 800 1455 Etenim
827 1427 861 1455 ab
882 1427 1038 1464 incompre-

251 1472 436 1500 hcnsibilitate
452 1473 551 1500 divina:
567 1478 682 1507 naturae,
698 1473 772 1501 velut
786 1481 801 1501 a
817 1473 904 1509 ptimo
918 1475 1037 1510 quodam

251 1521 330 1546 scalte
345 1520 443 1554 gradu,
459 1520 492 1546 ad
508 1519 728 1551 admirationem,
743 1520 820 1554 quasi
837 1520 870 1546 ad
886 1521 1037 1547 secundum

250 1565 363 1598 gradum
389 1565 474 1592 evecti
501 1572 607 1596 sumus,
630 1565 664 1592 ab
681 1565 862 1592 admiratione
887 1572 983 1592 rursus
1005 1565 1038 1592 ad

251 1610 438 1637 \‘eltcmentius
467 1609 633 1637 desiderium
664 1610 905 1644 c01tscendituus;
936 1616 993 1637 tum
1023 1617 1075 1648 ac

251 1653 388 1681 desiderio
415 1655 449 1682 ad
478 1655 666 1689 purgationem
697 1654 797 1682 sublati
825 1663 946 1689 sumus;
977 1656 1040 1684 hinc

254 1708 336 1735 porto
363 1701 396 1727 ad
427 1700 474 1728 Dei
508 1701 715 1728 sitnilitndinem
747 1701 895 1735 subducti,
929 1709 961 1730 ac
987 1711 1040 1738 po-

251 1752 354 1774 stremo
375 1754 407 1774 eo
431 1747 626 1782 pervenimus,
650 1752 680 1775 ιιι
702 1755 765 1775 cum
791 1747 846 1775 Deo
868 1747 1041 1777 familiariter

252 1792 452 1826 colloquantur,
472 1799 591 1827 eumque
611 1800 659 1828 per
677 1795 808 1821 unionem
829 1793 976 1828 perfectius
991 1803 1039 1822 co-

254 1845 430 1871 gnoscamus.

288 1905 418 1933 PsELLus.
443 1905 513 1932 Deus
530 1905 582 1932 diis
602 1906 726 1933 unitus...
747 1905 902 1941 Quicunque
925 1907 1040 1941 corporis

253 1951 346 1978 molem
367 1953 564 1987 crassitiemque
584 1956 755 1986 superarunt,
773 1957 955 1987 cognoscentes
971 1952 1041 1987 quod

253 2005 324 2024 mens
339 1998 472 2024 duntaxat
495 2001 568 2029 sunt,
591 2005 643 2024 non
663 1997 694 2024 ob
711 1998 796 2024 ullam
815 1998 898 2025 aliam
921 2005 1041 2031 causam,

251 2050 330 2076 quam
353 2043 385 2068 ob
406 2043 620 2077 generationem,
644 2043 804 2077 humanique
821 2044 921 2078 generis
944 2051 1041 2078 propa-

253 2088 394 2122 gationem,
417 2089 533 2122 corporis
557 2096 636 2122 opera
659 2089 721 2120 usi,
747 2092 907 2124 mentemque
928 2097 1004 2116 suam
1025 2097 1043 2116 a

253 2133 375 2159 vitiorum
401 2133 459 2159 laba
482 2137 650 2168 purgarunt.
673 2137 750 2168 atque
774 2133 809 2159 ad
832 2135 925 2168 prima
948 2135 1042 2161 mentis

253 2185 390 2212 rerumque
403 2179 520 2204 omnium
543 2177 682 2211 e/fectricis
703 2179 881 2213 exceptionem
898 2187 1042 2214 congruam

253 2223 424 2258 iituueamque
448 2223 642 2256 reddiderunt,
665 2223 708 2250 Itis
741 2223 833 2251 unitur
855 2224 935 2252 Deus.
969 2224 1042 2252 Nam

253 2277 311 2295 cum
329 2277 400 2296 mens
424 2277 491 2304 pura
514 2273 593 2304 atque
609 2269 763 2305 incorrupta
788 2270 842 2302 sit,
864 2279 922 2298 cum
940 2277 1024 2299 mente

254 2315 329 2342 nulla
348 2323 377 2342 re
397 2315 566 2348 intermedia,
591 2315 762 2351 colloquitur,
778 2324 810 2343 ac
834 2324 881 2351 per
902 2325 962 2344 eam
984 2325 1044 2345 cum

253 2361 343 2388 animo
363 2361 578 2390 consuetudinem
601 2361 678 2388 habet
693 2370 703 2389 :
717 2363 936 2397 quemadmodum
952 2372 1044 2391 rursus

253 2416 298 2442 per
319 2407 385 2434 hanc
405 2409 509 2443 corpori
530 2408 698 2443 adjungitur.
721 2408 852 2436 Cceterum
873 2409 975 2441 unitur,
992 2417 1043 2436 non

254 2459 281 2479 ut
305 2453 350 2480 ille
374 2456 423 2486 est,
449 2454 495 2481 sed
524 2458 602 2489 prout
629 2462 677 2481 nos
705 2455 810 2482 unionis
837 2454 910 2482 illius
935 2463 1043 2489 capaces

253 2506 353 2526 sumus.
375 2499 460 2534 Atque
480 2500 540 2526 hinc
563 2501 666 2527 demum
687 2501 838 2528 innotescit.
863 2500 954 2536 Neque
973 2501 1044 2528 enim

254 2543 308 2570 alio
332 2544 409 2571 modo
433 2545 572 2580 quisquam
598 2544 680 2572 Deum
704 2554 858 2582 cognoscere
875 2551 971 2581 potest,
991 2547 1044 2574 nisi

254 2590 290 2616 ad
314 2599 373 2617 cum
390 2592 509 2618 animam
533 2600 610 2619 suam
636 2593 781 2624 resolverit,
804 2593 831 2620 in
851 2601 932 2627 eaque
956 2593 1043 2627 ipsum

256 2636 410 2670 susceperit.

290 2703 350 2732 Col.
366 2704 417 2731 6'27
433 2703 464 2731 Β,
495 2703 642 2731 lnmtensus
665 2705 745 2740 igitur
758 2710 797 2733 est
814 2705 892 2738 Deus,
910 2710 963 2733 etc.
977 2707 1045 2733 llut-

255 2759 302 2778 sus
331 2757 486 2778 sermonem
507 2750 541 2777 de
558 2750 612 2778 Deo
630 2750 783 2785 'l'lteologus
806 2752 911 2786 repetit,
928 2759 1044 2787 eumque

256 2796 419 2823 immensum
436 2803 496 2824 esse
513 2796 681 2831 pronuntiat,
700 2800 729 2823 ut
747 2797 793 2831 qui
810 2797 891 2825 ttullis
913 2799 1043 2832 tetnporis

256 2842 357 2869 linibus
370 2842 592 2877 interseptus_sit,
609 2849 658 2869 nec
673 2845 805 2877 tempore,
828 2850 878 2870 ttec
903 2843 974 2875 loco,
993 2851 1044 2872 nec

293 2918 314 2933 ³³
335 2917 406 2951 l’sal.
422 2926 469 2951 Cll,
489 2920 530 2947 15.

1086 328 1166 358 atque
1181 323 1216 350 ob
1229 327 1355 350 naturam
1371 321 1479 358 quidem
1496 328 1578 356 supra
1602 328 1694 348 rerum
1709 320 1880 347 universita-

1086 371 1138 395 tcm
1146 375 1206 395 esse
1213 369 1314 403 (neque
1322 367 1392 395 enitn
1405 366 1510 402 concipi
1521 366 1575 394 ullo
1584 366 1665 394 modo
1674 366 1805 401 posse)ob
1813 373 1878 400 pro-

1086 413 1235 440 videntiam
1259 418 1349 440 autem
1367 414 1393 440 in
1413 412 1540 440 universo
1560 419 1632 440 esse.
1653 411 1709 439 Hac
1721 412 1795 439 enim
1813 411 1880 438 uui-

1086 465 1193 486 Vcrsatn
1209 466 1300 486 rerum
1319 458 1418 486 molem
1445 458 1578 492 indigere,
1597 456 1745 484 Enimvero
1760 457 1879 484 immen-

1086 511 1134 531 sus
1147 503 1257 539 quidem
1273 509 1315 531 est
1328 504 1409 535 Deus,
1431 511 1485 530 non
1510 508 1540 530 ut
1553 510 1685 530 numerus
1698 507 1748 530 aut
1769 504 1880 537 magni-

1087 550 1332 584 tudo:utrumque
1360 550 1432 576 cuitu
1461 549 1557 576 horum
1576 549 1740 584 principium
1771 549 1880 576 habuit.

1079 594 1275 637 ‘Contemplatu
1292 601 1382 622 atttetn
1398 594 1524 628 dillicilis,
1544 602 1641 630 nempe
1666 595 1817 622 secundum
1834 604 1880 626 ca.

1087 645 1148 673 quae
1162 639 1235 666 circa
1251 639 1340 674 ipsum
1357 645 1431 671 sunt,
1452 639 1477 666 id
1500 644 1552 673 est,
1569 643 1707 674 quatenus
1726 647 1759 667 ex
1773 639 1881 668 eﬂ‘eclis

1087 685 1272 719 cognoscitur.
1283 684 1351 712 Nam
1363 685 1420 712 haec
1428 692 1537 720 quoque
1547 689 1656 720 propter
1664 685 1879 713 imbecillitatem

1089 735 1210 758 nostram
1224 731 1342 759 obscure
1357 731 1546 766 intelligimus.
1563 731 1599 758 At
1625 738 1691 758 vero
1706 729 1781 759 istud
1800 731 1882 765 plane

1088 777 1282 811 comprehendi
1312 781 1412 812 potest,
1428 777 1517 811 ipsttm
1543 776 1706 804 immensum
1724 781 1880 811 naturaque

1089 822 1392 856 incomprehensibilem
1412 830 1484 849 esse.
1513 820 1711 849 Communibus
1724 821 1800 849 enim
1817 829 1881 848 οιυ⁴

1090 869 1164 894 niuttt
1178 867 1261 895 animi
1278 867 1437 895 ttotiouibus
1451 867 1561 894 insitutn
1575 871 1627 901 est,
1641 867 1714 902 quod
1731 867 1804 895 Deus
1820 873 1879 894 tum

1091 917 1222 949 tempore,
1246 917 1304 940 tum
1330 913 1452 948 potentia
1477 913 1599 941 inﬁnitus
1625 913 1671 941 sit.
1703 913 1823 945 Etenim,
1851 917 1883 939 ut

1053 957 1074 986 Β
1090 967 1145 987 rem
1164 960 1238 987 brevi
1257 959 1433 994 complectar,
1458 958 1540 990 Deus,
1558 963 1586 985 et
1615 958 1882 993 incomprehensibi-

1089 1005 1122 1032 lis
1133 1010 1208 1033 estet
1218 1004 1483 1040 comprehensibilis,
1495 1009 1521 1032 et
1530 1012 1601 1040 aegre
1610 1004 1881 1039 comprehensibilis.

1087 1050 1210 1078 Primum
1229 1057 1361 1086 quantum
1384 1050 1418 1076 ad
1449 1054 1586 1082 naturam,
1601 1051 1716 1077 alterum
1744 1054 1881 1084 quantum

1087 1095 1120 1122 ad
1137 1095 1359 1128 immensitatem,
1378 1099 1546 1130 postremum
1561 1099 1692 1130 quantum
1708 1094 1743 1122 ad
1756 1102 1802 1126 ea,
1817 1102 1880 1130 qua:

1092 1141 1165 1168 circa
1187 1141 1276 1176 ipsutn
1292 1147 1356 1168 sunt
1371 1149 1378 1168 :
1393 1141 1543 1176 quamlibet
1561 1139 1713 1167 Eunomius
1727 1141 1881 1173 existimet,

1088 1189 1203 1224 simplex
1222 1188 1294 1217 Deus
1315 1189 1361 1221 sit,
1377 1197 1439 1216 eum
1467 1188 1650 1223 contemplatu
1665 1187 1806 1216 difﬁcilem
1824 1197 1880 1216 non

1087 1242 1159 1266 esse,
1174 1242 1268 1262 verum
1293 1239 1341 1262 aut
1357 1235 1471 1262 omnino
1491 1234 1814 1269 incomprehensibilem,
1832 1239 1881 1262 aut

1088 1287 1202 1316 prorsus
1214 1280 1500 1316 comprehensibilem,
1519 1285 1613 1315 utpote
1632 1279 1804 1308 individuum
1820 1281 1881 1308 sui-

1090 1333 1144 1360 que
1159 1327 1274 1354 omnino
1291 1327 1407 1354 similem
1423 1336 1429 1353 :
1448 1325 1478 1353 lu
1495 1325 1655 1361 compositis
1669 1325 1756 1358 enim,
1770 1325 1859 1360 inquit
1871 1346 1880 1357 ,

1088 1371 1212 1400 accidere
1229 1376 1329 1406 potest,
1345 1377 1372 1399 ut
1382 1379 1446 1406 pars
1460 1371 1584 1406 quaedam
1607 1371 1783 1406 percipiatur,
1800 1379 1876 1406 qua:-

1095 1418 1158 1445 datn
1177 1418 1315 1453 incognita
1332 1422 1450 1448 maneat.
1464 1421 1492 1444 at
1506 1424 1560 1444 tton
1575 1417 1640 1444 item
1653 1417 1679 1444 in
1697 1417 1881 1452 simplicibus.

1089 1463 1138 1491 Cui
1155 1463 1194 1491 sic
1204 1463 1422 1498 respondendum
1443 1468 1504 1492 est:
1521 1462 1688 1498 Simplicitas
1705 1470 1882 1498 nequaquam

1090 1507 1137 1536 Dei
1146 1514 1250 1536 natura:
1265 1509 1453 1542 est,Eunomi,
1467 1515 1496 1536 ut
1506 1510 1545 1536 vel
1557 1509 1647 1544 plene,
1659 1509 1702 1536 vel
1712 1509 1788 1536 ttullo
1799 1511 1881 1536 modo

1091 1554 1196 1589 pcrcipi
1219 1555 1307 1589 possit
1324 1564 1333 1582 :
1348 1555 1396 1583 sed
1410 1555 1482 1582 aliud
1498 1559 1540 1583 est
1563 1555 1655 1583 divina
1675 1560 1783 1588 natura,
1806 1555 1880 1583 aliud

1092 1600 1263 1635 simplicitas,
1274 1609 1335 1636 qua:
1347 1601 1419 1629 circa
1429 1606 1553 1628 naturam
1563 1601 1752 1630 consideratur
1763 1610 1771 1629 :
1782 1610 1883 1637 quem-

1091 1647 1237 1674 admodum
1251 1647 1376 1675 videlicet
1401 1652 1428 1675 et
1452 1647 1479 1675 itt
1503 1647 1674 1683 compositis,
1691 1647 1766 1675 aliud
1780 1652 1881 1674 natura

1090 1697 1153 1725 est,
1181 1693 1256 1721 aliud
1288 1694 1467 1728 compositio.
1494 1701 1557 1729 quae
1582 1694 1655 1721 circa
1688 1701 1721 1721 ea
1743 1694 1881 1722 cernitur.

1093 1738 1228 1772 Quocirca
1249 1738 1426 1774 quaerendum
1451 1743 1495 1767 est
1519 1739 1649 1774 quidnam
1678 1739 1715 1767 sit
1732 1738 1820 1772 Deus,
1835 1740 1882 1774 qui

1091 1785 1207 1819 simplex
1221 1790 1318 1812 natura
1338 1790 1391 1817 est,
1415 1784 1443 1812 id
1463 1789 1506 1812 est
1528 1785 1705 1820 quaerendum
1734 1789 1778 1813 est
1793 1786 1883 1820 prius,

1090 1831 1157 1866 quid
1172 1831 1209 1858 sit
1224 1830 1297 1858 Deus
1308 1831 1458 1857 secundum
1488 1835 1625 1864 naturam,
1635 1836 1722 1865 ;quam
1740 1836 1771 1858 ut
1787 1832 1884 1866 loqua-

1092 1885 1153 1904 mur
1168 1877 1201 1904 de
1216 1877 1404 1910 simplicitate,
1420 1885 1480 1912 qua:
1493 1884 1552 1904 eam
1569 1877 1703 1912 sequitur.

1128 1921 1257 1949 Pssuus.
1275 1920 1424 1949 lmmensus
1442 1923 1530 1956 itaque
1548 1926 1587 1948 est
1608 1922 1691 1955 Deus,
1710 1930 1756 1949 nec
1773 1922 1827 1956 ﬁne
1840 1924 1882 1949 in-

1092 1973 1231 2002 terseptus,
1248 1975 1294 1994 nec
1318 1968 1466 2002 cognitione
1489 1969 1676 2002 perceptibilis,
1695 1973 1811 2003 quantus
1823 1975 1882 2002 est,

1093 2019 1137 2041 nec
1146 2013 1204 2041 loco
1218 2014 1444 2046 circumscriptus,
1461 2022 1508 2040 nec
1521 2022 1646 2048 corporea
1669 2015 1772 2041 ratione
1783 2015 1884 2042 direm-

1091 2065 1163 2094 ptus.
1183 2061 1218 2087 Et
1238 2059 1418 2094 contemplatu
1431 2060 1545 2095 difficilis
1559 2068 1689 2095 quantum
1705 2060 1741 2087 ad
1759 2061 1827 2087 situs
1838 2069 1884 2087 eo-

1092 2113 1162 2139 rum,
1174 2106 1219 2140 qui
1233 2106 1432 2133 illuminantur.
1445 2105 1529 2140 Nunt,
1540 2111 1568 2133 ut
1582 2106 1674 2134 scribit
1691 2114 1803 2142 magnus
1816 2105 1884 2133 Dio-

1093 2152 1194 2187 nysius,
1209 2160 1255 2179 nec
1281 2153 1304 2179 si
1322 2161 1375 2188 qua
1388 2157 1427 2180 est
1444 2153 1542 2180 eximia
1567 2157 1592 2180 et
1607 2152 1704 2180 selecto
1718 2152 1882 2186 hierarcltia,

1093 2197 1150 2232 ipsa
1172 2202 1257 2225 tamen
1272 2207 1320 2232 pro
1336 2203 1465 2233 potestate
1479 2198 1705 2234 speculationibus
1722 2198 1820 2230 utitur,
1836 2205 1882 2224 τοι

1093 2243 1156 2270 Iutis
1183 2252 1216 2270 ac
1233 2243 1321 2271 liberis
1338 2245 1432 2272 utentis
1457 2245 1672 2279 conceptionibus
1688 2244 1771 2270 Deum
1789 2251 1882 2278 appre-

1034 2293 1041 2304 ¹
1058 2284 1082 2312 D
1096 2289 1220 2316 hendens.
1232 2288 1387 2322 Quamlibet
1400 2290 1500 2325 aliquis
1509 2290 1660 2323 existimet,
1680 2297 1732 2317 etc.
1748 2289 1883 2322 Quoniam

1094 2335 1216 2362 doctrina
1224 2336 1344 2369 quccdam
1360 2335 1465 2370 gentilis
1479 2335 1654 2370 pltilosopltite
1663 2335 1705 2362 illi
1719 2335 1883 2362 adversaba-

1096 2386 1149 2412 tur,
1169 2381 1224 2408 hwc
1241 2388 1274 2408 ea:
1296 2382 1406 2409 adccrso
1427 2382 1534 2414 statuit,
1549 2390 1580 2408 ac
1594 2389 1720 2416 perquam
1737 2386 1816 2408 acute
1829 2381 1884 2407 dis-

1095 2427 1182 2455 soluit.
1214 2427 1333 2455 Tradunt
1359 2429 1441 2459 enim.
1468 2427 1604 2455 Platonici
1631 2428 1790 2463 prwsertim,
1818 2427 1883 2454 nihil

1095 2474 1207 2509 simplex
1223 2475 1322 2509 partim
1345 2474 1529 2509 comprehendi
1542 2482 1628 2506 posse,
1642 2473 1741 2506 partim
1765 2480 1883 2506 compre-

1095 2521 1173 2548 hendi
1186 2529 1239 2548 non
1256 2528 1333 2556 posse
1347 2528 1357 2547 .'
1375 2528 1464 2547 verum
1484 2520 1538 2547 sive
1553 2528 1649 2555 corpus
1667 2519 1736 2546 illud
1751 2519 1798 2551 sit,
1821 2518 1885 2545 sub-

1094 2568 1220 2594 stantiam
1246 2566 1343 2593 Itabens
1366 2566 1529 2593 sintilaribus
1555 2566 1676 2600 partibus
1703 2568 1881 2596 constantem,

1094 2615 1147 2640 sive
1160 2614 1241 2640 etiam
1253 2612 1380 2648 quiddam
1395 2613 1588 2646 incorporeum.
1600 2611 1717 2647 quisquis
1731 2611 1806 2637 illius
1818 2618 1883 2645 par-

1096 2666 1146 2686 tent
1157 2659 1311 2692 perceperit,
1321 2663 1405 2685 totunt
1419 2666 1520 2693 quoque
1535 2659 1690 2692 percepisse.
1706 2656 1802 2684 Verum
1819 2657 1883 2683 sin-

1095 2705 1200 2738 plicitas
1221 2703 1267 2730 Dei
1291 2710 1388 2730 natura
1413 2711 1464 2730 non
1488 2707 1537 2735 est,
1556 2703 1637 2729 etiam
1662 2702 1684 2728 si
1700 2701 1815 2735 simplex
1835 2700 1881 2732 sit,

1095 2750 1318 2785 quemadmodum
1331 2758 1376 2777 nec
1391 2749 1419 2776 in
1437 2750 1511 2776 nobis
1528 2757 1630 2776 natura:
1647 2750 1777 2775 rationem
1790 2748 1880 2778 habet,

1095 2795 1164 2831 quod
1173 2796 1309 2831 compositi
1320 2804 1423 2828 sumus,
1436 2803 1525 2822 verum
1535 2796 1561 2822 id
1571 2800 1696 2822 naturam
1710 2795 1880 2822 circumstat.

1096 2842 1284 2878 qualiscunque
1301 2842 1407 2870 tandem
1424 2841 1471 2869 illa
1491 2847 1540 2869 est.

571 2920 592 2936 "
608 2920 703 2948 Matth.
722 2927 747 2947 v.
763 2919 808 2948 48.
847 2920 868 2936 ³⁸
886 2921 966 2948 Joan.
985 2930 1030 2956 xx,
1049 2923 1093 2950 21.
