2027 3162
133 224 198 257 1317

611 223 772 254 NICETAS
793 222 834 253 IN
855 221 966 252 ORAT-
989 221 1073 252 XLlI
1092 221 1126 253 S.
1144 221 1260 251 GREG.

1687 220 1754 253 1318

166 279 237 306 Ibid.
261 279 321 307 Jam
342 287 413 312 vero,
436 286 496 306 cum
521 279 685 306 immensitas
703 279 843 314 bifariam,
866 282 919 306 etc.
933 278 960 309 Α
973 277 1139 306 sideratione
1153 285 1240 305 aevum
1254 283 1337 304 unum
1350 276 1490 313 est,juxta
1505 285 1587 314 quam
1601 276 1674 305 Deus
1689 285 1759 312 quo-

127 329 277 358 rostquam
296 325 451 361 Theologus
478 324 714 352 Eunomianorum
739 324 919 360 objectionrm

127 369 223 403 solvit,
252 370 285 397 ad
308 371 475 406 propositam
491 370 525 398 de
550 370 692 398 divinitate
710 370 919 405 disputationem

129 416 212 446 redit,
231 423 264 443 ac
280 417 313 444 de
327 417 460 444 immenso
474 416 624 450 disserens,
651 417 689 444 ait
714 416 877 445 immensum
894 416 919 444 id

129 461 196 493 dici,
214 462 300 496 quod,
315 467 369 488 tam
393 462 532 497 principii,
552 470 633 497 quam
652 463 715 490 linis
742 463 846 490 ratione
869 463 921 489 im-

129 515 258 535 mensum
270 513 321 535 est.
339 508 404 535 Nam
418 508 490 543 quod
505 508 555 536 hos
566 508 635 536 duos
647 508 776 543 temporis
792 509 921 537 terminos

126 558 254 587 superat,
271 561 320 581 nec
344 555 371 581 in
394 555 437 581 his
460 554 607 587 invenitur,
624 554 732 589 proprie
757 554 920 582 immensum

126 603 180 630 est,
196 598 222 625 id
241 603 294 630 est,
310 599 382 634 quod
400 604 426 626 et
439 599 572 634 principio
584 605 610 626 et
624 599 677 626 line
691 603 772 627 caret.
787 599 919 632 Quoniam

129 648 222 670 autem
241 651 323 679 supra
340 645 451 680 pelagus
468 645 585 675 dixerat.
601 645 744 672 commode
760 644 804 671 hic
813 652 922 680 quoque

128 688 260 724 profundi
289 690 423 717 meminit.
454 690 499 717 Ait
523 691 608 723 enim,
638 697 700 718 cum
725 691 750 717 in
772 698 921 726 supernum

129 733 300 767 profundum
317 739 344 761 et
358 734 562 769 ilnpermeabile
574 735 701 770 principii
717 735 829 770 pelagus
844 743 922 763 mens

130 778 254 806 humana
272 781 419 814 aspexerit,
435 781 479 808 Dei
496 780 661 816 principium
677 780 856 816 investigans,
873 788 922 808 nec

130 824 234 852 deinde
265 825 374 857 habeat,
403 825 448 852 ubi
476 825 572 860 pedem
600 826 682 860 ligere
709 832 741 852 ac
771 826 923 853 consistere

130 872 230 907 possit,
245 871 319 906 quod
337 872 362 898 in
383 872 432 899 hac
445 872 478 899 de
493 871 548 899 Deo
561 871 757 907 imaginatione
774 879 824 899 nec
841 871 921 899 liiuem

131 917 237 950 ullum,
254 925 305 944 ncc
328 918 468 952 principii,
495 925 528 945 ex
553 925 608 952 quo
631 917 764 953 originem
795 918 921 950 duxerit,

971 332 1036 359 que,
1051 323 1173 356 αἰώνιος,
1191 324 1218 351 id
1231 327 1284 356 est.
1299 328 1419 351 axternus
1431 331 1479 351 seu
1494 323 1633 351 saecularis
1648 322 1759 354 dicitur,

971 373 1055 405 atque
1069 370 1150 396 etiam
1176 369 1351 404 προαιώνιος,
1376 369 1402 396 id
1418 374 1472 402 est,
1497 376 1554 396 tevo
1583 375 1630 396 seu
1657 368 1759 395 stcculo

972 416 1056 450 prior.
1074 415 1141 443 Nam
1157 416 1247 451 ipsum
1282 423 1393 450 quoque
1419 415 1550 443 saeculum
1573 415 1646 442 fecit.
1673 415 1759 442 Porro

972 460 1043 487 inter
1056 468 1144 488 rerum
1171 466 1199 489 et
1219 466 1325 496 tempus
1354 462 1406 488 hoc
1434 466 1478 488 est
1497 460 1655 488 dilierentiae
1681 460 1756 495 quod

973 505 1025 532 aevi
1042 506 1152 540 quidem
1177 506 1330 541 proprietas
1349 511 1391 534 est
1404 506 1553 541 antiquitas
1581 510 1608 532 et
1632 505 1761 532 immuta-

972 550 1064 579 bilitas
1082 551 1144 588 (nec
1161 552 1234 579 enim
1251 552 1358 580 dierum
1379 553 1557 587 noctiumque
1570 558 1698 578 mensura
1713 550 1762 577 de-

972 595 1077 628 linitur,
1095 597 1140 624 sed
1160 597 1254 624 eodem
1269 597 1350 624 modo
1363 604 1471 631 semper
1486 604 1516 624 se
1532 596 1634 631 habet),
1652 601 1760 630 tempus

973 646 1064 669 autem
1080 645 1204 673 vocatur,
1234 642 1306 677 quod
1334 641 1360 668 in
1389 641 1581 677 generatione,
1609 646 1636 668 et
1666 648 1763 669 corru-

973 687 1077 722 ptione,
1097 691 1124 714 et
1140 686 1292 714 mutatione
1303 691 1355 719 est,
1372 690 1454 721 atque
1476 687 1543 714 alias
1567 686 1620 713 alio
1637 687 1718 713 modo
1731 692 1763 714 se

974 732 1066 759 habet.

1009 777 1140 806 PSELLUS.
1153 777 1239 804 Prisci
1252 777 1402 812 philosophi
1423 777 1507 804 solius
1522 782 1608 804 motus
1624 776 1764 803 circularis

974 832 1099 852 mensura
1112 824 1161 851 αὐί
1174 824 1360 858 cogitationem
1376 823 1515 857 deﬁnitam
1529 830 1586 850 esse
1595 826 1764 849 censuerunt:

974 869 1044 904 quod
1077 868 1210 902 perfectus
1241 869 1276 894 sit
1300 868 1343 894 hic
1373 872 1459 894 motus
1476 887 1483 899 ,
1507 867 1655 901 cujustnodi
1682 874 1766 894 terum

974 917 1054 943 etiam
1069 919 1119 942 est.
1131 916 1167 941 At
1180 914 1390 950 Porpltyritts,et
1405 921 1435 941 eo
1449 915 1582 948 antiquior
1597 913 1766 948 philosophus

132 962 418 996 circumscriptionem
441 963 523 989 ullam
550 963 683 994 inveniat,
702 962 857 997 hujusmodi
874 964 924 989 im-
939 972 961 1001 Β
978 961 1110 992 Plotinus,
1130 969 1224 988 novam
1241 961 1386 996 quamdam
1395 960 1425 987 de
1441 968 1495 987 a'vo
1512 960 1660 986 doctrinam
1674 958 1766 992 prodi-

134 1015 276 1040 mensum,
305 1008 466 1040 anarchum,
485 1008 512 1035 id
539 1012 591 1040 est,
614 1008 749 1043 principio
763 1015 858 1035 carens
876 1015 925 1043 ap-

133 1054 227 1088 pellat.
240 1053 346 1080 Etenim
362 1053 434 1088 quod
453 1061 467 1080 a
481 1053 557 1080 nullo
572 1053 737 1088 principium
761 1053 852 1087 habet,
871 1055 923 1080 im-

134 1107 261 1127 mensum
270 1105 322 1127 est.
333 1101 402 1126 Cum
412 1105 501 1127 autem
513 1100 683 1133 adicis-riora
695 1100 752 1127 haec
760 1100 926 1134 ctposterio-

135 1151 164 1171 ra
185 1150 326 1180 aspectum
349 1145 452 1178 retulit,
470 1152 502 1172 eo
523 1145 596 1180 quod
614 1153 647 1172 ne
663 1145 707 1172 hic
720 1145 829 1180 quidem
847 1152 924 1173 meus

133 1194 239 1217 certam
255 1189 415 1225 ﬁrmantque
441 1191 532 1217 sedem
551 1190 658 1222 habeat,
675 1190 702 1216 in
716 1197 769 1225 qua
785 1190 926 1223 consistat,

134 1235 301 1262 immensum
322 1235 373 1262 hoc
389 1234 543 1261 immortale
557 1235 740 1269 interitusque
755 1239 783 1262 et
801 1235 927 1262 minatio-

135 1281 181 1308 nis
201 1288 300 1315 expers
315 1280 471 1315 appelavit.
491 1280 570 1313 Quod
595 1281 667 1307 enim
693 1288 829 1314 nusquam
854 1280 928 1307 desi-

135 1327 188 1358 nit,
206 1326 362 1353 immortale
387 1330 437 1352 est.
466 1325 572 1352 Rursus
596 1333 659 1352 cum
684 1333 762 1352 mens
780 1325 928 1360 utrumque

136 1370 320 1402 contraxerit,
338 1369 477 1405 superius,
493 1369 616 1404 inquam,
629 1373 656 1396 et
670 1369 793 1399 inferius,
807 1370 859 1396 hoc
874 1372 927 1401 est,

137 1415 268 1450 principii
284 1423 391 1450 expers,
408 1419 435 1442 et
450 1415 530 1441 linem
545 1415 681 1445 nesciens,
699 1418 756 1440 tum
772 1421 836 1441 vero
844 1415 927 1441 Deum

137 1465 271 1488 aeternum
284 1462 418 1488 nominat.
427 1459 570 1487 {Eternum
581 1464 671 1486 autem
687 1460 799 1492 dicitur,
816 1465 930 1486 auctore

138 1507 281 1541 Dionysio,
302 1514 357 1534 non
386 1506 467 1533 modo
483 1505 557 1540 quod
580 1510 671 1531 ortum
697 1513 749 1531 non
778 1505 883 1536 habuit,
900 1509 930 1531 ut

139 1552 223 1586 Deus,
240 1553 288 1580 sed
304 1554 384 1580 etiam
410 1552 484 1586 quod
515 1552 595 1578 morti
612 1555 639 1578 et
663 1551 831 1585 corruptioni
846 1555 929 1585 atque

139 1599 266 1626 interitui
287 1598 435 1626 obnoxium
457 1606 510 1624 non
530 1602 584 1630 est,
608 1603 636 1624 ut
656 1597 744 1632 angeli
769 1601 851 1632 atque.
871 1597 931 1624 ani—

976 1007 1081 1034 derunt.
1110 1006 1297 1034 Immob‘ilt‘bus
1321 1006 1391 1033 enim
1416 1011 1441 1033 et
1465 1005 1596 1032 distantia
1615 1003 1765 1031 carentibus

976 1053 1069 1087 [armis
1085 1052 1152 1079 illud
1173 1052 1359 1085 attribuentes,
1372 1051 1457 1078 omnis
1472 1058 1572 1085 quoque
1586 1056 1673 1076 motus
1688 1053 1713 1076 et
1723 1049 1767 1075 di-

977 1098 1084 1125 stantiis
1099 1105 1191 1132 expers
1207 1105 1264 1124 esse
1277 1098 1434 1129 docuerunt,
1450 1096 1516 1123 scite
1532 1103 1596 1123 sane
1613 1099 1638 1121 et
1661 1094 1768 1128 signiﬁ-

977 1149 1078 1176 canter,
1094 1142 1148 1170 ἀπὸ
1163 1143 1209 1170 τοῦ
1231 1144 1276 1170 ἀεὶ
1296 1141 1377 1175 εῖναι,
1398 1143 1426 1169 id
1441 1146 1490 1174 est,
1509 1141 1541 1167 ab
1560 1149 1601 1173 eo,
1614 1140 1684 1175 quod
1699 1147 1769 1166 sent-

977 1196 1023 1222 per
1041 1189 1085 1221 sit,
1099 1189 1178 1223 hujus
1192 1189 1304 1215 nominis
1318 1187 1476 1224 etymologia
1493 1187 1618 1213 deducta.
1635 1185 1770 1218 Quemad-

978 1237 1086 1261 modum
1111 1235 1193 1267 enint,
1222 1235 1357 1269 inquiunt,
1390 1241 1407 1260 α
1436 1233 1529 1267 [armis
1544 1239 1602 1266 qua
1629 1231 1768 1257 materiam

978 1285 1116 1315 superant,
1135 1281 1300 1315 pra'teritttm
1314 1284 1338 1306 et
1352 1279 1472 1314 futurum
1488 1277 1626 1304 abstracta
1642 1281 1720 1303 sunt:
1730 1277 1769 1303 sic

978 1327 1059 1354 etiam
1073 1327 1191 1361 ipsorum
1211 1333 1347 1355 mensura,
1362 1325 1410 1351 hoc
1422 1328 1472 1356 est,
1486 1331 1569 1350 tecum
1596 1329 1668 1357 atque
1680 1321 1711 1348 ab
1726 1322 1769 1348 Itis

979 1377 1112 1399 remotum
1132 1376 1181 1404 est,
1210 1376 1287 1406 atque
1306 1370 1334 1396 id
1355 1370 1425 1404 quod
1447 1373 1497 1401 est,
1516 1373 1614 1400 manet,
1641 1367 1768 1394 nimirum

980 1425 1105 1452 pra’sens.
1127 1416 1185 1443 Hoc
1199 1417 1281 1451 igitur
1305 1415 1402 1450 dogma
1416 1414 1490 1441 nullo
1515 1414 1592 1441 modo
1618 1412 1771 1447 comprobat

980 1462 1138 1498 Tltcologus.
1155 1463 1224 1489 Nam
1236 1462 1258 1489 si
1274 1469 1356 1488 rerum
1374 1459 1527 1495 hujusmodi
1541 1460 1667 1486 rationein
1681 1459 1769 1489 habet.

978 1507 1009 1535 ut
1027 1509 1129 1535 nullam
1145 1509 1251 1535 omnino
1268 1514 1420 1535 mensuram
1432 1506 1568 1538 admittat,
1587 1513 1633 1532 nec
1644 1504 1772 1531 interual-

980 1555 1037 1581 ‘lum
1061 1555 1145 1581 nititur
1172 1553 1293 1589 partibus
1310 1560 1412 1589 quoque
1435 1557 1524 1579 careat
1541 1558 1642 1578 necesse
1651 1554 1701 1578 est.
1728 1549 1770 1576 Ea:

981 1609 1033 1636 quo
1046 1601 1114 1628 illud
1128 1606 1262 1635 sequetur,
1287 1600 1429 1627 sucularia
1445 1599 1534 1626 omnia
1551 1599 1578 1625 in
1592 1602 1689 1632 puncto
1708 1605 1773 1624 con-

139 1650 202 1670 ωδε·
213 1642 366 1677 Ειίμιίάειη
387 1649 449 1669 cu'“
465 1641 499 1668 de
513 1641 579 1675 θεον
594 1642 640 1676 ιιυῑ
657 1641 769 1676 βτομτίε
785 1647 814 1668 ει
824 1648 930 1677 εθιιιρθτ
945 1644 965 1674 C
983 1647 1058 1674 clusa
1073 1655 1128 1674 esse
1143 1655 1151 1674 :
1167 1646 1220 1673 tale
1243 1647 1312 1674 enim
1327 1651 1377 1678 est,
1405 1646 1445 1678 id,
1463 1645 1534 1680 quod
1549 1643 1670 1679 partibus
1689 1647 1774 1669 caret.

137 1692 194 1720 cst,
210 1695 300 1714 sermo
317 1688 432 1714 habetur
456 1686 565 1722 proprie
589 1694 700 1722 quoque
726 1685 804 1718 αἰὼν,
830 1686 857 1713 id
871 1692 929 1718 est,

136 1741 229 1760 avum
246 1734 357 1766 dicitur,
374 1734 452 1768 quasi
470 1735 484 1760 6
501 1733 545 1759 ἀεὶ
563 1732 620 1764 ὢν,
641 1732 668 1759 id
687 1736 746 1766 est,
767 1732 812 1767 qui
829 1739 930 1765 semper

136 1785 177 1807 est
203 1788 210 1808 :
229 1784 256 1806 at
269 1780 303 1807 de
318 1780 422 1814 angelis
437 1783 464 1806 et
477 1778 622 1805 animabus
638 1777 850 1812 haudquaquam
869 1785 934 1812 pro-

138 1827 201 1861 prie
228 1825 281 1852 dici
309 1830 406 1860 potest.
426 1824 527 1851 ΑΞγιιιιι
545 1831 618 1851 enttn
640 1824 749 1850 illorunt
768 1822 933 1857 principium

139 1871 251 1904 habuit,
271 1879 364 1898 verum
382 1872 462 1898 tinem
478 1870 636 1897 habiturum
653 1877 708 1896 non
726 1873 778 1896 est.
800 1868 934 1901 Quocirca

141 1919 244 1954 partim
268 1917 318 1945 aevi
343 1918 490 1953 participes
522 1921 598 1949 sunt,
624 1915 688 1951 quia
713 1913 935 1949 incorruptibiles

141 1969 209 1992 sunt
224 1969 252 1992 et
273 1965 444 1991 immortales
458 1972 466 1990 :
491 1964 591 1998 partim
611 1961 753 1996 temporis,
766 1961 831 1995 quia
848 1960 875 1986 in
892 1967 935 1987 re-

143 2016 205 2036 rum
226 2013 379 2036 creatarum
403 2008 491 2035 classe
514 2012 589 2035 sunt.
616 2007 706 2041 Atque
732 2010 761 2033 ut
785 2005 857 2032 hanc
878 2011 934 2032 rem

144 2055 297 2083 dilucidius
314 2055 494 2089 explicemus,
511 2054 652 2082 sciendum
666 2057 708 2080 est
721 2051 804 2087 hujus
816 2051 936 2078 nominis

145 2102 248 2130 multas
269 2108 331 2129 esse
356 2101 581 2135 signiﬁcationes.
595 2098 662 2126 Nam
677 2103 705 2126 et
721 2097 936 2132 uniuscujusque

146 2148 268 2175 hominis
283 2149 338 2173 vita
353 2154 441 2173 aevum
466 2146 580 2179 dicitur,
596 2150 623 2172 ct
638 2145 712 2172 Inille
735 2151 869 2171 annorum
886 2151 937 2170 nu-

146 2199 240 2218 merus
256 2196 282 2218 et
299 2195 354 2218 tota
379 2191 437 2217 haec
461 2197 580 2225 prmsens
603 2190 669 2222 vita,
695 2193 722 2216 et
739 2189 830 2215 futura
853 2189 934 2216 etiam

147 2238 295 2264 adﬁnitas.
313 2237 420 2264 llursns
435 2244 522 2263 aevum
538 2241 645 2271 tempus
660 2235 761 2262 dicitur
776 2242 783 2261 :
800 2233 857 2261 Nec
873 2242 935 2269 pars

147 2284 203 2311 ulla
219 2284 356 2319 temporis,
369 2282 434 2310 solis
447 2289 570 2309 mensura
587 2287 611 2309 et
627 2285 698 2308 motu
709 2280 830 2315 de/inita,
845 2280 870 2306 id
883 2286 935 2311 est,

148 2330 242 2357 diebus
253 2337 284 2357 ac
293 2329 421 2357 noctibus
431 2328 626 2359 constans,sed
636 2328 682 2354 ille
690 2327 769 2362 quasi
780 2324 936 2359 temporalis

148 2376 259 2410 quidam
277 2380 367 2402 motus
393 2377 421 2401 et
437 2373 613 2401 intervallum
629 2373 701 2408 quod
715 2372 798 2399 simul
820 2378 883 2398 cum
902 2370 935 2398 iis

152 2428 212 2454 qua:
225 2420 402 2447 inter-nitatem
428 2420 540 2452 habent,
564 2419 730 2446 extenditur.
747 2417 876 2445 Additum
895 2421 938 2444 est

151 2471 241 2494 autem
258 2474 265 2492 ς
280 2465 374 2498 Quasi,
391 2466 454 2499 quia
462 2470 587 2492 exactam
604 2465 654 2492 teri
666 2464 878 2499 descriptionem
894 2463 936 2490 ai-

151 2513 223 2541 l'erre
247 2519 302 2539 nou
325 2519 483 2546 possumus.
506 2510 574 2538 Nam
604 2511 677 2546 quod
709 2511 743 2538 iis
770 2510 862 2542 rebus,
878 2516 939 2544 quas

152 2558 268 2594 tempori
282 2558 412 2592 subjectae
431 2561 505 2590 sunt,
528 2562 636 2592 tempus
663 2561 726 2584 est:
751 2557 804 2584 hoc
830 2555 940 2583 aeternis

152 2613 239 2633 aevum
254 2609 307 2632 est.
325 2603 432 2631 Etenim
446 2608 509 2630 ante
525 2603 620 2631 mundi
633 2605 810 2636 creationem,
826 2610 888 2630 cum
906 2610 939 2629 ne

153 2653 193 2680 sol
206 2651 315 2686 quidem
329 2655 413 2683 esset,
427 2650 474 2684 qui
498 2650 570 2676 diem
583 2657 598 2676 a
618 2654 698 2676 nocte
720 2649 864 2682 divideret,
886 2655 939 2675 non

153 2704 212 2726 erat
226 2706 313 2726 aevum
337 2695 533 2729 mensurabile,
556 2696 604 2723 sed
620 2696 703 2724 Veluti
730 2695 847 2734 quidam
871 2699 940 2722 teut-

155 2744 280 2780 porarius
308 2748 410 2776 motus,
436 2746 517 2778 atque
544 2742 731 2775 intervallum,
761 2743 833 2777 quod
858 2742 941 2769 simul

156 2798 217 2818 cum
236 2789 344 2817 aeternis
362 2789 445 2816 rebus
458 2788 678 2822 protrahebatur.
693 2789 782 2823 Atque
807 2789 858 2815 hac
873 2795 940 2815 con-

192 2860 250 2896 (li)
267 2859 383 2887 Mundus
397 2858 568 2886 intellectilis.
587 2858 698 2896 Κόσμος
716 2860 742 2886 in
756 2858 942 2896 Graecquselli

157 2894 242 2929 deest,
259 2897 306 2923 sed
320 2897 370 2923 hoc
383 2895 582 2923 substantivum
599 2894 748 2923 desiderari
770 2894 943 2929 apertissime

159 2934 243 2967 liquet
257 2939 290 2958 ex
305 2931 337 2958 iis
350 2939 410 2966 qua:
422 2938 484 2958 mox
498 2934 659 2965 sequuntur.

985 1693 1043 1726 Quo
1058 1693 1122 1728 quid
1137 1693 1246 1720 stultius
1262 1692 1328 1728 ﬁngi
1346 1691 1449 1726 possit?
1465 1690 1526 1718 Jam
1542 1698 1573 1717 ne
1588 1691 1703 1716 mundus
1714 1688 1779 1723 qui-‘

983 1739 1040 1765 dem
1050 1739 1212 1766 intellectilt's
1223 1746 1306 1765 (eoum
1320 1743 1369 1769 est,
1380 1741 1410 1763 ut
1426 1736 1558 1763 nonnullis
1573 1735 1686 1762 videtur.
1696 1733 1777 1760 ΑΞυί-

985 1788 1074 1810 lernus
1089 1786 1157 1810 enim
1173 1787 1222 1809 est.
1239 1782 1325 1809 Porro
1341 1782 1496 1809 a-viternunt
1506 1788 1553 1814 per
1564 1781 1611 1806 woi
1625 1779 1772 1814 participa-

985 1829 1081 1854 tionem
1089 1827 1198 1854 dicitur.
1210 1825 1266 1852 Nec
1275 1834 1334 1852 vero
1345 1826 1438 1859 ﬁrmus
1448 1830 1472 1851 et
1482 1824 1619 1858 wquabilis
1629 1823 1702 1849 illius
1715 1828 1773 1849 sta-

988 1877 1031 1900 tus
1047 1880 1130 1899 terum
1141 1876 1191 1905 est,
1207 1872 1252 1906 qui
1261 1870 1422 1898 intellectilis
1438 1869 1552 1896 mundus
1568 1868 1624 1903 (l4)
1636 1873 1686 1895 est.
1702 1867 1773 1900 Quin

984 1919 1078 1951 etiam,
1094 1923 1119 1946 et
1134 1926 1215 1945 unum
1224 1922 1275 1950 est,
1302 1921 1327 1944 et
1341 1916 1426 1943 ntulta
1440 1923 1449 1943 :
1463 1923 1545 1942 unum
1559 1915 1676 1950 quidem,
1689 1922 1775 1948 quan-

986 1970 1042 1992 tum
1059 1966 1094 1991 ad
1113 1965 1196 1999 ipsius
1213 1968 1360 1996 naturam;
1375 1962 1458 1989 multa
1481 1966 1579 1993 autem,
1593 1965 1720 1995 quantum
1735 1961 1774 1986 ait

987 2018 1106 2038 nostram
1137 2009 1363 2044 intelligentiam,
1399 2008 1534 2042 animique
1569 2006 1773 2040 conceptionem.

987 2058 1158 2085 lndiuiduum
1171 2057 1241 2084 enim
1253 2060 1301 2088 est,
1315 2056 1416 2090 vimque
1430 2054 1574 2088 plurimam
1588 2052 1674 2079 habet.
1683 2053 1775 2085 'Quare

986 2105 1010 2132 si
1020 2105 1077 2139 quis
1089 2105 1174 2139 ipsum
1188 2108 1216 2130 ut
1225 2103 1364 2130 essentiam
1373 2100 1515 2136 quamdam
1526 2099 1679 2134 cogitaverit
1691 2099 1773 2126 vitam

986 2152 1203 2185 identitatemqne
1217 2150 1365 2181 habentem,
1388 2153 1442 2174 twn
1460 2147 1646 2182 cogitationem
1671 2153 1702 2172 ac
1715 2150 1773 2171 sta-

987 2198 1131 2230 bilitatem,
1148 2198 1225 2224 illam
1240 2197 1356 2231 quidem,
1382 2199 1511 2230 quantum
1531 2194 1566 2220 ad
1594 2192 1701 2220 vitalem
1716 2199 1776 2226 spe-

987 2252 1000 2270 c
1012 2251 1063 2275 em,
1079 2243 1147 2270 hanc
1162 2247 1263 2274 autem,
1289 2248 1417 2277 quantum
1437 2239 1471 2266 ad
1483 2238 1632 2265 identitatis
1647 2238 1776 2263 inmitta-

989 2289 1118 2316 bilitatem
1129 2295 1289 2322 :rnrsusque
1307 2286 1473 2312 identitatem
1501 2292 1532 2310 ac
1545 2283 1725 2310 diversitatem
1737 2281 1775 2307 ita

988 2334 1203 2364 consideraverit,
1218 2337 1247 2358 ut
1260 2332 1288 2358 in
1303 2331 1390 2358 altera
1408 2329 1513 2364 quidem
1527 2328 1643 2362 partium
1661 2324 1776 2360 inquali-

990 2384 1069 2407 tatent
1088 2383 1193 2412 spectet,
1207 2378 1233 2404 in
1252 2378 1338 2404 altera
1352 2380 1440 2402 autent
1452 2381 1511 2401 eam
1523 2371 1710 2406 differentiam,
1723 2378 1776 2404 qua

989 2427 1022 2454 ab
1041 2425 1161 2453 omnibus
1175 2425 1236 2452 aliis
1262 2423 1338 2450 rebus
1364 2421 1523 2455 sejungitur,
1544 2424 1599 2445 tum
1617 2418 1672 2445 hac
1687 2418 1777 2450 ,mul.a

991 2472 1165 2503 contraxerit,
1194 2469 1386 2505 facultatesque
1400 2472 1423 2493 et
1442 2466 1573 2500 potentias
1598 2464 1624 2490 in
1637 2463 1777 2490 essentiam

991 2518 1161 2549 concluserit,
1179 2522 1256 2551 atque
1270 2514 1359 2540 omnia
1380 2512 1457 2547 quasi
1471 2518 1553 2537 unum
1568 2510 1648 2544 fuerit
1665 2513 1777 2535 content-

990 2565 1091 2599 platus,
1103 2563 1147 2590 ille
1156 2561 1248 2597 procul
1260 2560 1341 2587 dubio
1356 2557 1527 2593 perspexerit.
1540 2555 1590 2582 Est
1600 2555 1669 2581 enim
1682 2563 1697 2581 a
1705 2562 1776 2587 vum,

992 2615 1019 2638 ut
1034 2610 1161 2637 crassiori
1178 2607 1296 2634 Minerva
1313 2604 1450 2640 deﬁniant,
1465 2602 1645 2629 illuminatum
1659 2600 1726 2627 illud
1744 2599 1777 2626 ab

992 2655 1140 2683 intellectili
1156 2653 1252 2680 mundo
1265 2652 1380 2686 spatium
1393 2650 1461 2685 (l5),
1474 2647 1637 2674 indit-iduum
1650 2649 1778 2681 quantum

991 2702 1026 2729 ad
1041 2701 1164 2735 temporis
1184 2703 1285 2734 partes,
1305 2701 1330 2724 et
1356 2694 1532 2725 immutabile,
1548 2692 1616 2728 quod
1639 2698 1684 2718 nec
1707 2697 1778 2725 prat—

993 2747 1100 2773 teritum
1129 2743 1216 2776 habet,
1233 2751 1279 2770 nec
1307 2742 1445 2776 futurum,
1471 2745 1495 2766 et
1523 2747 1580 2765 cum
1609 2744 1659 2772 quo
1675 2736 1702 2762 in
1721 2735 1779 2761 solo

992 2792 1117 2825 prtcsenti
1136 2789 1301 2822 universitati
1328 2795 1416 2815 rerum
1446 2785 1532 2813 indita
1554 2788 1591 2812 est
1605 2782 1729 2810 essentia.
1745 2779 1778 2808 Id

1030 2859 1086 2896 (i5)
1098 2859 1285 2886 Illuminatum
1298 2856 1363 2883 illud
1378 2855 1497 2896 spatium
1519 2852 1586 2890 [lloc
1598 2850 1779 2896 quoque‘lo’eo

994 2888 1193 2923 substantivum
1207 2895 1290 2925 deest,
1303 2888 1419 2927 spatium
1435 2888 1662 2927 velintervallutn
1680 2893 1782 2922 porten-

995 2932 1060 2958 dum
1081 2930 1221 2962 existimo,
1239 2924 1301 2956 nam
1314 2924 1346 2955 de
1361 2934 1392 2956 ca
1408 2933 1437 2954 re
1452 2924 1506 2952 illic
1523 2928 1630 2952 tractat.
