2027 3162
244 205 310 238 13ί9

948 200 1140 231 ADDENDA.

1800 196 1874 226 1321)

241 263 323 296 igitur
337 262 407 298 quod
427 271 472 290 nec
485 261 623 297 prasteriit,
638 267 684 286 nec
702 258 822 293 futurum
836 260 885 288 est,
900 255 945 282 sed
961 263 1031 281 sem-
1049 260 1069 286 Α
1083 255 1187 290 quidem
1199 259 1222 281 et
1232 254 1298 287 alia,
1311 254 1402 281 calum
1418 254 1546 287 videlicel,
1561 260 1670 287 terram,
1681 261 1766 284 mare,
1781 253 1878 283 solem,

241 315 287 342 per
301 312 351 340 est,
368 308 436 334 αἰὼν
449 308 558 339 dicitur,
575 306 630 332 ἀπὸ
645 305 692 332 τοῦ
707 305 751 332 ἀεὶ
764 305 793 330 ὲν
809 303 849 338 τῷ
862 302 894 328 ὃν
907 299 990 331 εἶναι,
1004 301 1031 327 id

242 358 280 380 est
292 353 324 379 ab
339 361 368 380 eo
384 353 454 389 quod
471 360 572 387 semper
594 352 622 378 in
649 356 707 378 ente
729 350 775 382 sit,
804 356 898 376 nomen
923 347 1031 374 ducens.

241 401 326 434 Atque
342 400 490 432 huiusmodi
501 404 562 427 sunt
574 398 702 426 ctzlestia.
714 397 836 424 literni:
848 396 917 422 enim
931 402 1032 426 eorum,

242 450 267 472 et
280 445 399 472 essentia:
411 450 483 477 sunt.
496 450 520 472 et
534 445 661 472 actiones.
672 443 835 471 Sublunaria
847 446 935 468 autem
943 440 1034 467 omnia

241 492 407 526 generationi
423 497 448 519 et
476 491 619 518 mutationi
634 490 753 524 subjecta
771 493 843 515 sunt.
861 487 894 514 Et
907 485 1033 522 quemad-

242 537 348 563 modum
365 545 425 564 cum
436 537 469 564 iis
483 545 542 572 quae
557 541 628 563 ntotu
647 540 750 567 carent,
769 542 852 561 (unum
873 531 953 559 sintul
970 538 1034 557 con-

241 584 363 610 stitutum
376 589 414 610 est
425 584 479 610 :sie
490 583 569 610 eJt'am
586 591 643 608 cum
656 582 756 616 iisquw
764 584 911 619 mouentur,
922 582 1034 611 tempus,

241 630 311 664 quod
324 637 426 663 semper
441 629 513 663 fluit,
537 634 562 655 et
589 628 677 655 eodem
696 634 755 653 cum
772 625 813 652 Itis
841 629 914 650 motu
938 623 1032 649 cietur.

242 674 331 709 Hujus
344 680 433 710 partes
445 678 505 701 tlutz
516 679 577 700 sunt
590 673 753 707 pra-teritum
772 676 796 698 et
813 671 942 705 futurum.
963 668 1033 695 Nam.

241 729 356 754 praesens
373 728 502 754 nusquam
517 724 566 746 est.
582 719 758 752 Posteaquam
773 724 831 743 vero
844 715 956 741 duorum
971 721 1035 748 quo-

242 765 365 792 rumdam
381 773 397 792 a
417 765 493 791 nobis
509 765 606 791 mentio
625 763 698 798 facta
713 767 762 794 est,
784 768 873 795 nentpe
886 764 911 787 et
930 766 1031 789 eorum,

241 819 313 846 qua,
329 815 383 837 tam
396 811 522 843 essentia,
534 817 614 844 quam
631 808 734 835 actione
744 807 849 834 stabilia
863 809 935 837 sunt,
947 804 1033 838 cujus,

243 856 344 891 generis
364 861 426 883 sunt
454 856 632 887 intellectilia,
649 859 674 881 et
694 861 794 886 eorum,
810 860 869 888 qua
891 851 1034 879 secundum

242 907 381 937 utramque
398 908 546 934 mouentur,
574 901 641 928 nihil
666 905 754 927 autem
776 901 802 925 in
829 905 917 924 rerum
937 902 1034 924 natura

246 955 358 974 uacuum
371 952 423 979 est,
439 947 503 982 quin
519 947 607 981 potius
623 947 649 973 in
663 945 783 972 omnibus
793 943 934 971 contrariis
952 949 1033 969 nexus

246 993 355 1027 quidam
370 1000 401 1019 ac
418 992 519 1023 media,
540 996 603 1018 sunt
621 999 631 1018 :
643 991 724 1026 igitur
740 991 833 1017 Iterum
848 988 934 1015 media
960 991 1031 1018 sunt,

242 1043 271 1064 ut
285 1038 385 1071 partim
399 1039 433 1070 :in
457 1046 514 1065 sevo
530 1038 596 1071 sint,
621 1037 720 1071 partim
743 1036 770 1063 in
794 1035 928 1068 tempore?
944 1033 1032 1068 Hujus

243 1083 313 1110 modi
337 1083 431 1110 calum
450 1088 499 1116 est,
520 1088 545 1111 et
566 1091 596 1110 ea
611 1091 670 1118 qua:
684 1082 750 1109 luna
777 1081 935 1109 sublimiora
958 1084 1031 1107 sunt.

241 1130 345 1156 llorunt
358 1132 452 1157 etenim
466 1129 617 1156 substantia
628 1129 733 1164 quidem
756 1134 856 1155 aeterna
871 1131 921 1158 est.
938 1126 1032 1161 quippe

241 1183 300 1210 qute
316 1182 362 1201 nec
379 1175 501 1207 intereat,
528 1182 573 1201 nec
595 1178 737 1209 augeatur,
768 1180 814 1199 nec
832 1171 970 1204 niteretur,
986 1175 1031 1196 aut

247 1221 401 1247 inmittetur
420 1228 430 1246 :
449 1225 524 1246 actus
546 1224 634 1245 autem
661 1217 709 1245 sub
730 1223 831 1251 tempus
855 1216 938 1243 cadit.
961 1215 1032 1242 Nam

244 1273 303 1292 cum
341 1267 477 1293 uniuersus
499 1265 612 1292 mundus
638 1268 754 1291 movetur
776 1263 833 1290 alia
864 1262 948 1295 ipsius
969 1268 1031 1295 pars

241 1319 321 1345 super
337 1311 503 1338 horizontem
526 1311 633 1343 eminet,
652 1310 708 1337 alio
718 1310 832 1336 medium
849 1308 1031 1339 caalumtenet,

242 1357 297 1383 alia
311 1357 345 1384 ad
359 1357 528 1384 Occidentem
554 1356 648 1389 tendit,
665 1355 719 1382 alia
735 1355 806 1389 infra
822 1359 920 1381 terram
936 1354 1030 1387 fertur.

243 1401 276 1428 in
295 1401 387 1429 eodem
409 1410 510 1437 quoque
521 1409 615 1436 genere
631 1406 668 1428 est
682 1401 783 1428 anima.
805 1399 877 1427 Nam
891 1405 918 1427 ut
931 1405 1032 1427 teterna

240 1452 280 1474 est
294 1447 376 1481 ipsius
389 1447 520 1480 essentia,
533 1448 572 1474 ita
593 1452 668 1474 actus
685 1446 732 1473 sub
746 1446 869 1480 temporis
881 1453 1032 1472 mensuram

240 1493 424 1529 cadit.Neque
439 1494 509 1521 enim
525 1497 628 1528 repente
643 1501 684 1524 ea,
697 1500 755 1527 quae
764 1492 871 1527 quwrit,
888 1490 1031 1525 perspicit:

243 1546 332 1565 verum
346 1544 369 1565 et
384 1540 463 1572 ftnem
476 1538 528 1565 sibi
549 1538 683 1573 proponit,
696 1542 721 1564 et
731 1537 863 1571 principia
877 1536 954 1570 quasi
968 1536 1031 1569 fun-

237 1584 368 1610 damenta
378 1584 447 1618 jacit
459 1589 550 1618 atque,
564 1584 597 1610 ab
612 1583 653 1610 Itis
664 1583 698 1609 ad
714 1583 792 1608 illum
804 1582 969 1615 procedit.—
979 1581 1032 1608 Nec

243 1635 358 1663 tempus.
377 1628 531 1655 Aristoteles
564 1628 690 1654 adversus
719 1631 836 1652 ueterum
861 1625 1032 1652 Academiam

240 1673 394 1708 disputans,
408 1681 440 1700 ac
455 1681 516 1700 cum
538 1673 594 1707 ipso
619 1673 699 1699 etiam
724 1671 836 1698 Platone
864 1671 1032 1704 contendens,

240 1726 368 1746 teternum
377 1723 490 1752 tempus,
502 1723 578 1753 atque
586 1726 619 1745 es;
628 1724 738 1752 utraque
745 1718 961 1752 parteinfinitum
971 1725 1033 1745 con-

239 1765 350 1791 stituere
370 1765 483 1791 videtur.
494 1764 567 1791 Nam
579 1764 671 1798 Plato,
683 1765 768 1799 ipsum
784 1764 904 1791 veritatis
924 1772 1033 1798 scopum

241 1811 351 1844 feriens,
379 1815 404 1837 et
421 1810 515 1837 cit-lum
537 1814 655 1837 creatum
681 1810 764 1844 fuisse
777 1809 908 1845 affirmat,
922 1816 1001 1845 atque
1016 1817 1032 1836 a

239 1856 354 1890 quodam
375 1856 516 1891 temporali
534 1861 631 1890 puncto
656 1856 835 1883 conversionis
858 1861 881 1883 et
903 1855 1031 1882 convolu-

241 1902 321 1928 tionis
338 1902 500 1936 principium
517 1903 660 1936 accepisse,
679 1909 790 1936 cumque
806 1909 836 1928 eo
847 1905 873 1927 et
889 1905 990 1936 tempus
1007 1906 1032 1928 et

240 1953 365 1974 naturam
387 1948 467 1975 simul
487 1948 596 1975 condita
618 1947 712 1982 fuisse.
733 1947 890 1974 Aristotcles
907 1951 994 1974 autem
1008 1951 1032 1974 et

240 1993 344 2027 caelum,
357 1997 382 2020 et
411 1998 524 2027 motum,
545 1998 569 2020 et
588 1997 689 2028 tempus
708 1993 826 2020 increata
848 2000 904 2019 esse
924 1993 1031 2020 astruit.

242 2038 323 2066 lianc
349 2039 419 2065 enim
443 2040 675 2074 interrogationem
696 2039 786 2072 (rfert.
809 2038 919 2073 Tempus
937 2038 975 2064 uel
1004 2038 1031 2065 in

242 2089 360 2118 tempore
375 2091 424 2117 est,
445 2085 484 2112 vel
510 2093 572 2112 non.
595 2086 626 2112 bi
644 2085 671 2111 in
690 2091 804 2118 tempore
818 2092 870 2111 non
882 2089 932 2116 est,
951 2083 1033 2110 Itubeo

242 2131 312 2165 quod
323 2138 413 2165 quare
426 2138 436 2157 :
457 2131 482 2157 si
498 2135 588 2157 anteiit
611 2136 648 2156 est
661 2131 688 2157 in
710 2135 835 2164 tempore,
850 2130 881 2157 de
906 2130 952 2156 illo
965 2137 1030 2164 quo-

243 2184 296 2210 que
322 2182 438 2210 tempore
464 2176 532 2202 idem
560 2184 652 2202 rursus
670 2183 770 2210 quacro.
797 2175 870 2202 Nam
891 2183 938 2202 nec
967 2180 1031 2202 tem-

239 2223 313 2256 poris
343 2227 445 2256 tempus
474 2221 630 2256 inuestigare
673 2226 752 2256 atque
788 2222 946 2256 exquirere,
975 2221 1032 2249 ulla

1082 300 1173 326 lunam
1192 305 1216 326 et
1242 300 1342 334 reliqua
1371 300 1459 326 sidera
1487 302 1607 327 incrt‘ata
1633 301 1720 327 dicere
1745 298 1880 334 quispiam

1083 348 1176 382 possit,
1191 348 1253 381 quia
1264 355 1310 381 per
1329 347 1498 381 temporalem
1513 348 1721 383 protractionem
1745 347 1880 382 producta

1083 401 1134 419 non
1149 393 1211 420 sint.
1231 392 1288 419 Hoc
1303 393 1369 419 enim
1380 393 1526 419 hominibus
1542 394 1676 420 convenit.
1692 393 1782 426 Quare
1793 394 1881 428 a'qui-

1083 447 1147 466 ooca
1159 439 1352 473 significatione
1367 440 1460 466 horum
1476 439 1621 471 verborum,
1639 447 1691 466 non
1709 440 1736 466 in
1751 444 1879 475 tempore.

1083 485 1255 519 imposturam
1266 485 1341 520 facit,
1359 486 1404 520 qui
1424 486 1472 512 hoc
1486 486 1565 513 modo
1581 490 1785 521 argumentatur
1822 486 1882 513 Du-

1083 533 1146 568 plici
1160 532 1230 560 enim
1255 533 1332 559 modo
1351 532 1452 566 aliquid
1468 532 1625 567 intelligitur
1644 533 1671 558 in
1691 537 1805 566 tempore
1826 541 1880 558 non

1083 586 1150 610 esse,
1177 577 1214 605 rel
1231 577 1293 613 quia
1309 578 1497 612 sempiternum
1517 578 1562 609 sit,
1575 578 1613 604 vel
1627 579 1690 613 quia
1713 586 1880 613 nequaquam

1083 631 1128 658 per
1154 623 1325 656 temporalem
1356 624 1563 658 pt'otractionem
1579 623 1606 649 in
1633 631 1722 650 rerum
1751 630 1879 650 naturam

1083 669 1220 703 prodierit.
1235 668 1277 695 Es:
1295 676 1346 703 quo
1361 669 1481 703 efficitur,
1496 674 1524 695 ut
1541 669 1596 696 alia
1605 669 1718 699 ratione.
1744 670 1790 704 qui
1802 677 1880 695 extra

1085 719 1185 748 tempus
1197 719 1247 747 est,
1265 715 1291 741 in
1316 719 1430 749 tempore
1444 715 1478 741 sit
1502 722 1510 740 :
1532 715 1596 750 quia
1621 715 1741 741 uidelicet
1770 724 1821 742 non
1846 717 1879 742 ab

1084 762 1181 785 ceter-no
1195 758 1229 784 sit
1242 766 1252 790 ;
1266 758 1320 785 alia
1334 763 1419 785 autent
1435 759 1460 785 in
1472 765 1587 794 tempore
1599 767 1650 786 nou
1667 760 1712 791 sit,
1727 761 1792 794 quia
1803 769 1879 786 sum-

1086 811 1142 830 mus
1159 803 1277 830 omnium
1301 812 1387 830 rerum
1403 804 1569 831 At'cltitectus
1586 805 1620 831 ad
1642 805 1700 839 ejus
1720 806 1880 840 productio-

1085 856 1142 875 nem
1155 853 1270 883 lentpore
1283 849 1389 876 minime
1401 857 1465 884 opus
1484 849 1573 876 liabet.
1595 849 1667 883 Quin
1690 851 1771 877 etiam
1793 851 1819 877 in
1837 860 1880 878 re-

1086 894 1133 920 bus
1148 894 1271 921 Itumauis
1287 895 1414 921 nonnulla
1432 900 1505 927 sunt,
1516 903 1575 930 quae
1595 896 1650 923 sine
1666 897 1790 931 temporis
1803 905 1880 924 mora

1049 935 1156 973 Bgigni
1172 940 1266 972 solent,
1296 944 1325 966 ut
1350 940 1425 967 luetis
1442 942 1571 967 concretio
1595 950 1640 968 seu
1665 943 1830 976 roagulatio,
1855 950 1880 970 et

1084 985 1231 1019 superﬁciei
1246 994 1374 1020 aquarum
1386 987 1547 1021 congelatio.
1572 987 1630 1014 Non
1645 989 1712 1014 enim
1729 990 1881 1022 partit-ula-

1083 1029 1148 1055 riter
1164 1037 1195 1056 ac
1214 1031 1345 1062 paulatim
1365 1036 1543 1064 concrescunt,
1571 1033 1615 1058 sed
1638 1033 1776 1067 confertim
1796 1039 1820 1060 et
1837 1042 1879 1060 re-

1083 1081 1170 1109 pente,
1199 1081 1224 1102 et
1257 1084 1308 1102 non
1336 1075 1557 1111 quemadmodum
1588 1079 1640 1113 ipsi
1678 1081 1876 1107 consuevimus.

1085 1119 1205 1152 —Quasi
1228 1122 1386 1156 temporalis
1402 1122 1513 1157 quidem
1533 1128 1622 1150 motus
1641 1128 1668 1151 et
1687 1125 1875 1151 intervallum.

1084 1163 1125 1192 Ne
1139 1166 1257 1192 divinum
1271 1167 1364 1193 horum
1383 1168 1520 1195 uerborum
1546 1177 1651 1196 sensum
1671 1170 1754 1196 surda
1766 1178 1877 1204 prorsus

1083 1219 1146 1238 aure
1160 1213 1312 1246 accipimus,
1326 1213 1485 1241 liceatnobis
1494 1222 1543 1248 pro
1563 1215 1647 1241 animi
1663 1215 1776 1242 arbitrio
1793 1224 1878 1242 tritum

1082 1257 1188 1292 ﬁctione
1203 1259 1341 1292 fabricari,
1357 1260 1426 1294 quod
1443 1268 1554 1295 magnus
1573 1261 1713 1295 Gregorius
1729 1269 1757 1288 re
1772 1262 1877 1288 intelle-

1082 1304 1132 1331 xit.
1151 1304 1292 1331 Tollantur
1314 1305 1404 1340 itaque
1424 1306 1496 1333 nobis
1509 1310 1534 1333 et
1549 1306 1653 1338 calum,
1664 1311 1689 1333 et
1706 1307 1788 1337 sol,et
1803 1307 1878 1336 lm-‘n.

1084 1350 1219 1384 omnisque
1233 1350 1350 1376 siderum
1367 1355 1453 1378 motus
1470 1359 1480 1378 :
1491 1359 1538 1378 nos
1553 1356 1639 1378 autem
1656 1352 1682 1378 in
1695 1352 1752 1379 loco
1762 1361 1809 1387 per
1838 1353 1874 1387 fi-

1081 1401 1215 1430 gmentum
1231 1395 1388 1424 habitemus.
1425 1397 1519 1424 Annon
1542 1406 1635 1424 rursus
1659 1398 1806 1425 interuallis
1823 1400 1880 1425 dis-

1083 1441 1194 1468 tinctam
1212 1442 1291 1468 vitam
1306 1441 1454 1470 habemus!
1473 1443 1543 1478 quod
1571 1444 1594 1470 si
1610 1444 1758 1471 intervallis
1778 1445 1878 1471 distin-

1083 1491 1163 1518 ctam,
1180 1488 1271 1521 utique
1285 1493 1309 1514 et
1319 1488 1346 1515 in
1358 1496 1506 1516 mensuram
1517 1489 1663 1516 cadentem.
1676 1491 1718 1524 ;At
1731 1489 1808 1524 cujus
1820 1495 1880 1516 tan-

1085 1532 1144 1558 dem
1159 1533 1196 1558 rei
1214 1541 1337 1560 mensura
1361 1534 1559 1562 describemur?
1578 1535 1619 1561 An
1633 1536 1719 1563 solis?
1734 1536 1818 1570 Atqui
1834 1536 1880 1562 ille

1084 1583 1201 1604 sermone
1218 1583 1309 1605 nostro
1332 1579 1450 1606 sublatus
1470 1581 1528 1608 est?
1554 1581 1593 1607 An
1610 1581 1703 1608 luna’?
1723 1582 1804 1616 Atqui
1820 1582 1879 1615 ipsa

1084 1628 1183 1656 quoque
1197 1630 1214 1648 a
1230 1623 1304 1650 nobis
1323 1625 1450 1652 avolavit.
1468 1625 1508 1652 An
1528 1626 1643 1653 aliorum
1663 1627 1778 1654 siderum
1794 1628 1879 1654 (ιιι-εἰ⁴

1085 1667 1153 1694 bus?
1172 1667 1221 1695 Ubi
1235 1669 1340 1696 tandem
1366 1670 1412 1697 illa
1429 1671 1484 1705 fixa
1500 1676 1588 1705 erunt,
1614 1677 1660 1698 aut
1681 1673 1880 1701 movebuntur!

1084 1712 1118 1740 In
1129 1715 1191 1740 calo
1201 1716 1214 1742 7
1230 1715 1309 1748 Atqui
1326 1716 1417 1750 fictria:
1432 1717 1518 1743 oratio
1532 1717 1580 1744 hoc
1597 1726 1697 1752 quoque
1716 1718 1802 1745 stellis
1815 1727 1878 1752 spo-

1084 1760 1178 1786 liatunt
1189 1762 1216 1786 in
1228 1761 1341 1788 nihilum
1354 1762 1470 1790 resoluit.
1490 1763 1564 1790 Talis
1575 1763 1658 1798 igitur
1673 1769 1760 1791 motus
1776 1770 1876 1797 noster,

1083 1809 1108 1831 et
1128 1805 1193 1836 rita,
1204 1813 1251 1832 nec
1269 1811 1371 1840 tempus
1390 1813 1440 1840 est,
1455 1816 1500 1835 nec
1514 1812 1638 1844 temporis
1653 1817 1715 1843 pars
1730 1809 1798 1842 ulla,
1815 1810 1879 1836 sub-

1083 1850 1146 1877 latis
1167 1852 1292 1878 nimirum
1315 1851 1356 1878 ltis
1371 1854 1460 1886 rebus,
1485 1855 1578 1889 quibus
1596 1861 1696 1890 tempus
1723 1857 1875 1889 con/icitur.

1084 1897 1170 1932 Atque
1187 1898 1292 1925 interim
1317 1903 1402 1926 tamen
1422 1900 1450 1926 in
1469 1906 1543 1927 motu
1565 1906 1589 1928 et
1611 1902 1748 1928 intervallo
1771 1910 1875 1928 sumus.

1084 1942 1142 1969 Hoc
1157 1944 1238 1978 igitur
1251 1944 1331 1971 ueluti
1346 1946 1499 1980 temporalis
1515 1947 1624 1981 quidam
1643 1953 1730 1974 motus
1747 1953 1787 1974 est
1800 1955 1822 1974 et
1835 1949 1876 1974 in-

1084 1989 1236 2015 tervallum.
1255 1988 1313 2016 Hoc
1330 1991 1434 2018 wternis
1448 1999 1532 2018 tecum
1548 1997 1598 2019 est.
1613 1993 1665 2025 Qui
1675 1994 1706 2020 de
1718 1995 1794 2020 rebus
1806 1993 1876 2020 divi-

1083 2035 1124 2061 nis
1139 2036 1208 2068 apud
1220 2035 1328 2070 gentiles
1344 2037 1543 2064 accuratissime
1558 2038 1741 2072 disputarunt.
1760 2047 1875 2072 quarunt

1082 2084 1170 2106 vertex
1190 2085 1215 2107 et
1236 2081 1390 2115 coryplta'us
1403 2087 1452 2115 est,
1479 2082 1591 2110 l’roclus
1616 2084 1646 2110 τὸ
1660 2084 1756 2117 ἀΐδιον,
1777 2087 1806 2111 id
1823 2090 1875 2117 est.

1083 2130 1221 2158 teternum,
1242 2127 1270 2153 in
1285 2129 1352 2154 duas
1376 2134 1465 2162 partes
1481 2129 1612 2162 dividunt,
1635 2130 1749 2157 alteram
1774 2132 1876 2166 [uident

1082 2177 1184 2206 partem
1194 2173 1311 2200 eumdem
1321 2182 1377 2201 esse
1392 2178 1537 2203 statuentes
1550 2184 1609 2202 cum
1624 2185 1689 2209 tero,
1704 2186 1749 2204 εειι
1765 2165 1873 2210 ειταάο,

1083 2223 1110 2244 ut
1126 2218 1205 2245 simul
1228 2220 1377 2247 universum
1399 2222 1445 2254 sit,
1465 2223 1604 2257 temporali
1623 2224 1804 2258 protractioue
1826 2233 1874 2251 ne-

239 2277 357 2304 utiquam
367 2267 529 2304 fatigatione
543 2268 712 2300 desistemus,
727 2275 774 2294 nec
795 2267 863 2294 illud
877 2268 906 2294 in
921 2268 1030 2295 immen-
1043 2277 1071 2307 D
1083 2272 1215 2299 quaquam
1228 2266 1402 2294 terminabile.
1415 2267 1498 2302 Atque
1512 2269 1540 2294 in
1551 2268 1600 2295 hac
1613 2270 1703 2296 (νιετπὶ
1711 2275 1788 2303 parte
1802 2279 1874 2297 naen-

239 2323 298 2341 sum
315 2323 432 2350 unquam
461 2313 585 2349 progredi
604 2314 715 2341 desinet.
739 2313 796 2340 Hoc
819 2318 858 2340 est
876 2314 1030 2341 Aristotelis

238 2366 434 2396 argumentum.
453 2360 530 2393 Quod
551 2365 638 2386 autent
663 2359 719 2386 licet:
747 2362 856 2394 qua'stio
879 2359 1030 2394 Itujusmodi

240 2416 292 2435 non
309 2408 352 2440 sit,
369 2411 398 2434 ut
413 2407 545 2440 explicari
562 2414 594 2433 ac
609 2406 718 2434 dissolui
733 2411 855 2441 nequeat,
876 2406 937 2433 hinc
955 2407 1030 2441 quis-

238 2454 309 2487 piam
335 2453 507 2485 intellexerit,
530 2452 601 2488 quod
621 2457 722 2486 tempus
748 2460 794 2479 nec
814 2454 840 2479 in
864 2458 978 2487 tempore
989 2457 1028 2480 est

239 2507 285 2526 nec
300 2507 393 2526 rursus
414 2499 540 2533 temporis
559 2506 662 2532 expers.
681 2497 752 2524 Deus
773 2498 843 2525 enim
859 2498 1028 2533 simulatque

237 2546 332 2571 calum
350 2545 496 2578 producere
513 2543 606 2573 uoluit.
626 2543 747 2570 voluntas
762 2544 811 2570 illa
833 2545 860 2570 in
875 2551 939 2578 opus
950 2544 1027 2575 exiit,

237 2598 269 2617 ac
283 2591 353 2617 citra
368 2595 470 2624 tempus
482 2591 605 2616 universa
621 2597 711 2616 rerum
736 2589 859 2615 machina
873 2593 1026 2616 constructa

236 2641 285 2663 est.
305 2636 367 2663 Non
386 2641 474 2662 tamen
489 2635 590 2663 idcirco
605 2635 730 2669 temporis
751 2643 852 2670 quoque
865 2643 956 2669 expers
968 2641 1024 2662 est:

236 2683 361 2717 quoniant
379 2689 438 2710 cum
452 2683 526 2716 prius
546 2690 597 2709 non
609 2687 689 2714 εδδει,
709 2688 800 2717 postea
819 2687 908 2710 ετεαια
924 2687 948 2708 et
963 2690 1026 2708 con-

235 2729 328 2754 stituta
352 2733 401 2754 est.
420 2726 520 2754 Eadem
554 2732 592 2754 est
617 2729 744 2762 tentporis
769 2728 850 2754 ratio.
888 2727 1024 2760 Quatenus

235 2775 304 2800 enim
316 2782 375 2800 eum
389 2774 463 2808 prius
484 2781 537 2800 non
552 2778 632 2805 esset,
648 2779 739 2808 postea
759 2773 896 2800 conditum
913 2778 962 2805 est,
975 2774 1025 2801 mi-

236 2819 305 2845 nime
329 2819 477 2846 increatum
508 2824 532 2846 et
555 2820 682 2853 temporis
708 2827 800 2854 expers
822 2826 871 2847 est.
888 2820 1024 2852 Quatenus

236 2869 324 2890 autent
342 2873 393 2891 non
405 2873 451 2899 per
466 2867 673 2899 protractionem
683 2866 710 2892 in
724 2873 778 2893 esse
791 2867 899 2901 prodiit,
915 2866 965 2893 hac
983 2867 1023 2894 ni-

236 2909 330 2935 mirum
344 2910 444 2936 ratione
462 2911 586 2944 temporis
608 2918 698 2945 expers
716 2911 770 2937 diri
783 2912 887 2945 possit:
902 2912 1020 2946 quando-

1086 2315 1137 2336 tem
1148 2318 1250 2345 quoque
1264 2311 1405 2344 collocant,
1429 2314 1549 2340 nonnulli
1561 2315 1642 2341 etiam
1657 2315 1787 2342 animant.
1802 2314 1874 2341 Nam

1083 2361 1108 2382 et
1121 2361 1250 2390 quantum
1272 2357 1306 2383 ad
1330 2358 1480 2390 essentiam,
1507 2363 1531 2386 et
1557 2364 1684 2394 quantum
1710 2361 1746 2386 ad
1772 2365 1873 2392 actum,

1083 2409 1194 2437 utraque
1213 2408 1312 2430 a'terna
1325 2409 1375 2430 est.
1390 2403 1479 2439 Neque
1494 2405 1563 2432 enim
1574 2407 1693 2434 essentne
1706 2414 1800 2433 earum
1810 2415 1874 2441 pars

1082 2451 1134 2476 alia
1145 2450 1281 2483 progenita
1298 2455 1346 2482 est,
1364 2450 1419 2477 alia
1434 2452 1612 2486 progignitur,
1624 2453 1679 2479 alia
1691 2453 1872 2488 progignetur,

1083 2503 1164 2529 neque
1181 2496 1207 2522 in
1224 2503 1314 2522 eurum
1331 2502 1392 2523 actu
1407 2498 1551 2532 quidquam
1564 2499 1664 2532 deficit,
1692 2507 1781 2525 verum
1797 2505 1873 2525 utra-

1081 2550 1129 2576 que
1139 2543 1232 2570 harum
1241 2548 1265 2570 et
1280 2545 1393 2572 essentia
1409 2551 1432 2572 et
1441 2550 1502 2572 actu
1513 2546 1640 2580 perfecta.
1655 2546 1872 2581 Progressionem

1081 2589 1169 2623 itaque
1192 2598 1238 2624 per
1261 2591 1464 2617 similitudinem
1488 2596 1513 2617 et
1537 2591 1783 2619 dissimilitudinem
1813 2592 1873 2626 fieri

1080 2641 1182 2661 necesse
1196 2640 1244 2662 est.
1261 2635 1330 2667 Quid
1342 2636 1441 2670 igitur?
1453 2636 1528 2663 Abeo
1537 2637 1607 2672 quod
1617 2641 1760 2665 secundum
1771 2642 1874 2663 utraut-

1079 2688 1129 2715 que
1144 2682 1273 2708 rationem
1291 2689 1418 2708 aeternum
1436 2686 1485 2713 est,
1498 2683 1545 2709 hoc
1560 2688 1609 2715 est,
1626 2683 1771 2710 secundum
1780 2691 1872 2710 essen-

1080 2728 1145 2754 tiam
1159 2733 1182 2754 et
1200 2732 1300 2761 actum,
1323 2728 1358 2754 ad
1373 2729 1401 2755 id
1423 2729 1492 2763 quod
1507 2734 1600 2756 neutra
1622 2730 1724 2755 ratione
1739 2734 1871 2756 teternum

1078 2779 1127 2806 est,
1140 2774 1323 2808 proficiscetur
1339 2776 1437 2808 oratio,
1449 2775 1483 2802 ad
1499 2775 1526 2801 id
1543 2775 1673 2808 videlicet,
1697 2777 1767 2810 quod
1792 2784 1871 2802 crea-

1078 2824 1134 2846 tunt
1150 2825 1209 2854 ~est,
1230 2826 1254 2847 et
1271 2821 1374 2855 fluxum
1400 2827 1424 2848 et
1447 2822 1586 2855 caducum,
1607 2823 1756 2857 cujusmoa’i
1779 2828 1871 2849 nostra

1077 2865 1214 2892 individua
1225 2873 1296 2894 sunt.
1313 2866 1369 2893 Nos
1382 2867 1449 2894 enim
1465 2875 1511 2894 nec
1522 2873 1647 2895 wternam
1665 2869 1807 2894 essentiam
1822 2869 1873 2893 ha-

1077 2913 1178 2946 bemus,
1193 2921 1237 2940 nec
1250 2919 1336 2940 actum
1347 2914 1526 2948 particulatim
1545 2923 1680 2948 aut/emus.
1704 2914 1798 2943 Verum
1814 2914 1871 2941 alia
