2027 3162
171 210 237 242 13⁵21

648 206 808 236 NICETAS
832 206 871 236 IN
893 206 1005 236 ORAT.
1027 205 1109 235 XLII
1131 205 1162 234 S.
1183 204 1299 235 GREG.

1737 204 1807 238 1322

164 270 270 303 quiz‘em
290 275 355 293 nunc
370 267 481 293 facimus
516 265 571 292 alia
589 265 751 299 jampridem
771 265 915 299 eﬂ‘ecimns;
930 273 961 291 ac
976 267 1000 296 Α
1013 272 1076 291 cum
1106 263 1190 291 Deum
1209 263 1281 295 dico,
1297 262 1418 296 Patrem,
1446 268 1473 291 et
1488 263 1599 298 Filium,
1625 269 1652 292 et
1669 264 1804 299 Spiritum

163 320 296 349 postremo
314 313 347 339 ad
365 313 417 338 alia
433 319 524 339 rursm
548 311 670 346 facienda
687 319 881 345 prtvparamur.
912 310 961 338 Ve-

163 370 223 386 rum
237 361 263 386 id
281 361 407 386 ordouon
427 364 477 391 εει,
495 367 541 385 nec
566 359 712 394 progressio
733 366 778 392 per
802 357 961 384 similitudi-

165 414 224 432 nem
237 405 388 431 decurrens.
404 404 518 431 Proinde
530 404 597 430 inter
616 412 645 430 ea
669 412 727 438 qua:
741 403 846 430 omnino
862 410 960 430 (uerna

164 457 238 484 sunt,
259 457 283 478 et
298 460 328 479 ea
340 460 398 487 qua:
413 452 576 484 corruptiom'
589 459 697 485 prorsus
717 451 840 483 obnoxia,
850 456 960 477 naturus

163 498 297 532 quasdam
326 498 477 532 interjcctas
497 505 553 524 esse
569 505 672 524 necesse
687 501 736 528 est,
756 504 812 530 qure
835 501 961 522 naturam

166 545 273 578 quidem
288 549 414 571 wternam
433 543 557 575 habeant,
570 549 693 570 calet-um
705 543 847 570 secundum
862 548 962 577 tempus

164 595 258 624 agant.
276 590 360 624 Atque
376 590 410 616 ad
429 589 612 616 ltunc'modunt
635 594 756 623 prouecta
771 589 960 624 disputatione,

165 635 193 661 in
209 635 294 662 medio
308 634 400 662 ordine
410 634 514 667 uelum,
531 639 663 669 totumque
678 634 818 661 atthereunt
837 639 962 661 ornatum

163 681 267 711 locant.
285 689 361 715 quem
373 681 472 707 scilicet
489 685 616 715 quantum
629 680 664 706 ad
676 681 818 707 essentiam
835 685 962 707 ceter-nunt

163 734 222 753 esse
236 732 370 756 asserunt.
387 726 456 761 quod
474 728 625 753 universum
640 725 789 760 complexus
803 726 962 753 immortalis

163 779 299 800 maneat:
323 779 447 800 ueterum
470 773 643 800 (eternitalem
668 778 795 808 quantum
820 773 854 798 ad
874 778 963 799 actum

163 818 372 853 haudquaquam
390 818 432 845 illi
451 819 584 846 tribuunt.
598 818 690 847 Neque
700 819 768 846 enim
788 823 871 845 totum
886 826 963 844 suum

164 869 269 891 motum
294 873 381 891 secum
405 864 486 891 simul
503 865 619 899 collegit,
639 864 684 891 sed
701 872 747 898 per
768 872 843 890 omne
861 869 962 896 terripus

164 909 248 935 simul
265 909 419 936 movebitur.
433 908 517 943 Atque
530 909 569 935 ita
581 909 613 935 de
628 913 727 936 interno
737 907 884 942 philosophi
903 916 961 942 pro-

1015 315 1140 339 sanctum
1161 310 1235 338 dico.
1254 309 1388 337 Divinitas
1403 309 1475 337 enim
1493 310 1520 337 in
1540 310 1584 338 bis
1599 310 1688 339 tribus
1713 319 1807 346 perso-

1015 357 1058 385 nis
1081 361 1132 390 est,
1158 363 1209 384 nec
1226 356 1268 383 vel
1293 363 1376 390 supra
1392 356 1449 383 hinc
1468 357 1633 390 extenditur,
1652 366 1685 386 ne
1708 360 1807 387 multos

1015 403 1080 431 deos
1094 403 1267 430 ethnicorum
1285 410 1361 429 more
1377 402 1596 435 introducamus,
1608 411 1656 430 nec
1669 404 1739 432 infra
1752 411 1806 434 tres

1015 456 1150 484 personas
1166 449 1351 481 contrahitur,
1368 456 1402 475 ne
1422 449 1574 476 divinitatis
1591 449 1682 484 inopia
1709 451 1806 484 degra-

1014 503 1123 527 νριιιυν,
1140 503 1222 522 uuam
1240 500 1344 522 tantum
1360 494 1386 522 in
1405 495 1460 522 Deo
1487 502 1633 530 personant
1654 504 1802 531 agnosccu.

1016 547 1067 573 tes,
1084 541 1314 576 quemadmodum
1333 541 1429 568 Judaei.
1444 541 1606 576 Quanquam
1628 542 1701 569 enim
1718 544 1807 576 gentis

1015 588 1095 615 Iismo
1112 595 1159 628 seu
1179 588 1338 623 paganismo
1357 587 1511 622 judaismus
1526 588 1682 622 opponitur,
1707 594 1734 615 at
1750 597 1808 616 ma-

1015 635 1071 662 lum
1090 641 1179 662 tamen
1196 635 1223 662 in
1237 639 1354 669 utroque
1376 635 1522 669 reperitur.
1542 634 1721 686 Gentilis‘mus
1733 636 1806 662 enim

1017 686 1127 715 propter
1145 681 1259 708 deorum
1277 680 1478 707 multitudinem
1496 680 1620 708 excessui
1640 680 1737 708 similis
1747 689 1808 709 esse

1015 727 1145 760 videtur;
1174 726 1329 761 judaismus
1355 731 1446 754 autem
1476 727 1607 761 deiectui,
1635 732 1727 763 utpote
1753 736 1807 755 una

1016 780 1132 807 persona
1142 773 1312 800 divinitatem
1323 773 1566 803 circumscribens.
1577 774 1713 802 Excessus
1726 783 1808 810 porro

1017 823 1044 845 et
1060 819 1194 852 defectus,
1214 820 1323 847 tametsi
1340 821 1411 847 inter
1426 827 1456 847 se
1469 820 1599 848 contrarii
1614 821 1679 853 sint,
1694 825 1808 856 uterque

1017 868 1106 891 tamen
1128 865 1155 892 in
1171 865 1236 892 vitio
1251 870 1302 893 est.
1319 865 1354 892 At
1372 866 1458 893 virtus
1474 871 1515 894 est
1534 866 1721 899 mediocritas,
1735 868 1761 894 in
1774 875 1807 894 eo

1018 910 1117 944 posita,
1135 914 1165 936 ut
1180 914 1302 937 sam-tam
1318 909 1478 938 Trinitatem
1514 911 1660 939 credamus
1689 919 1722 939 ac
1744 919 1808 940 con-

165 955 224 988 fani
250 954 441 981 disseruerunt.
465 954 499 981 At
515 962 626 989 magnus
650 952 793 988 Gregorius
817 953 872 980 lucc
896 952 963 984 ιεΙηι
980 949 1002 978 Β
1019 955 1153 988 titeamur,
1173 961 1263 990 atque,
1285 961 1341 983 tum
1357 957 1497 984 Judaicam
1515 957 1597 984 unius
1616 965 1739 992 personat
1763 966 1808 985 as-

164 999 290 1034 [abnlosa
315 1001 396 1026 missa
415 1000 528 1034 faciens,
543 1004 717 1034 posteaquam
737 999 818 1026 sentel
835 1006 866 1025 ea:
884 1007 962 1024 sacra

164 1045 307 1079 Scriptura
327 1046 421 1072 didicit
438 1046 507 1081 fore.
524 1050 551 1072 ut
565 1050 589 1072 et
604 1045 689 1072 stellce
708 1045 815 1077 cadant,
832 1049 856 1071 et
872 1045 963 1070 caelum

163 1092 242 1125 quasi
260 1092 412 1126 vertiginem
436 1092 568 1126 patiatur,
599 1092 624 1118 in
652 1091 771 1118 oratione
792 1091 907 1125 quadam
922 1091 962 1117 his

166 1137 252 1164 verbis
285 1138 371 1164 utitur
389 1145 399 1164 :
419 1137 570 1164 Auarchnm
604 1137 632 1164 id
659 1143 707 1168 est,
733 1137 802 1169 quod
827 1136 962 1170 antiquius

164 1183 325 1218 principium
336 1191 499 1218 nequaquam
516 1183 640 1211 sortitum
654 1190 709 1216 est;
725 1188 851 1210 internum
864 1187 962 1215 autent,

164 1229 237 1263 quod
255 1238 270 1255 a
289 1238 371 1256 causa
387 1237 553 1265 progressum
567 1230 621 1264 ﬁne
635 1230 841 1264 haudquaquam
857 1231 963 1256 conclu-

165 1274 252 1302 ditur.
269 1275 338 1302 Hinc
358 1280 461 1302 constat
475 1276 502 1302 id
522 1276 591 1310 quod
604 1275 751 1302 anarchum
770 1281 819 1308 est,
835 1282 962 1303 aeternum

164 1321 249 1347 etiam
269 1327 346 1353 esse;
365 1323 434 1354 quod
453 1322 523 1348 enim
535 1329 551 1348 a
568 1329 650 1348 causa
677 1322 823 1356 profectum
839 1330 889 1348 non
912 1327 962 1352 est,

165 1372 218 1400 quo
228 1367 333 1393 tandem
344 1367 420 1393 modo
438 1368 531 1399 emori,
550 1371 596 1394 aut
608 1369 715 1394 omnino
727 1368 834 1394 interire
846 1368 963 1402 poterit?

167 1408 242 1436 Nam
260 1411 330 1445 quod
349 1411 450 1444 interit,
467 1412 515 1439 hoc
528 1413 651 1443 interitus
664 1421 774 1440 causam
796 1413 883 1447 habet,
895 1414 962 1449 quod

166 1465 183 1483 a
199 1457 288 1484 causis
306 1458 442 1490 abscedat,
464 1459 689 1493 quemadmodum
719 1459 788 1494 quod
815 1460 847 1486 ab
878 1460 961 1486 altero

166 1506 296 1535 movetur,
311 1504 406 1530 moveri
421 1509 516 1530 cessat.
530 1503 662 1536 Quartam,
678 1505 796 1538 inquam,
810 1506 962 1539 modoquod

167 1555 251 1574 causa
266 1554 350 1581 caret,
372 1550 480 1576 interire
495 1550 591 1582 poterit
605 1549 617 1576 2’
635 1548 692 1576 Nec
706 1550 776 1576 enim
790 1550 902 1584 scipeum
914 1551 961 1577 de-

167 1600 249 1628 seret,
274 1595 351 1622 utsic
367 1603 384 1622 a
399 1596 484 1630 seipse
510 1596 659 1629 abscedens,
679 1596 788 1623 exitium
810 1597 860 1624 sibi
883 1601 961 1632 atque

167 1642 307 1668 interitum
331 1647 459 1669 accersat.
487 1642 617 1674 Quocirca
635 1643 704 1677 quod
721 1644 852 1677 principio
876 1649 961 1676 caret,
975 1635 998 1665 (ἶ

168 1687 260 1721 procul
275 1687 354 1713 dubio
365 1692 491 1715 wternum
506 1695 607 1722 quoque
621 1693 670 1714 est.
686 1688 718 1715 At
735 1697 787 1715 non
800 1697 814 1715 e
827 1697 962 1722 conrerso,

167 1733 238 1768 quod
261 1738 388 1760 aeternum
417 1739 469 1764 est,
496 1734 564 1760 idem
594 1741 695 1768 quoque
722 1735 853 1768 principio
877 1741 962 1763 uacat.

167 1779 267 1806 Anima
280 1780 350 1806 enim
365 1784 388 1806 et
405 1787 476 1806 mens
494 1785 599 1806 ceterum
617 1784 678 1806 sunt
688 1799 695 1811 ,
710 1781 773 1814 quia
787 1781 963 1814 immortales,

168 1831 311 1854 nectamen
324 1827 450 1861 principii
459 1831 587 1860 expertes.
600 1825 698 1853 Omnia
708 1828 838 1862 siquidem
850 1836 866 1854 a
877 1829 964 1860 prima

169 1879 252 1898 causa
266 1875 326 1897 orta
347 1875 419 1897 sunt.
441 1871 503 1897 Jam
528 1878 587 1897 t'ero
615 1876 742 1898 retentum
771 1876 794 1898 et
815 1871 965 1897 immortale

169 1919 220 1943 liae
237 1916 336 1942 ratione
345 1915 484 1949 cli/ferunt,
509 1915 579 1950 quod
591 1916 685 1942 alterni
701 1923 794 1942 nomen
813 1915 964 1950 generalius

170 1963 216 1994 sit,
233 1962 391 1989 intuturlalis
409 1966 497 1988 autent
521 1961 675 1995 specialius.
699 1959 770 1986 Nant
783 1959 864 1994 juxta
878 1961 964 1994 genti-

170 2009 237 2036 lium
271 2008 486 2043 pltilosophorum
516 2007 686 2037 sententiam,
713 2006 745 2033 de
766 2006 965 2040 quibuscunque

170 2054 322 2082 immortale
337 2053 509 2087 pru'dicatur,
534 2053 565 2079 de
591 2052 683 2079 iisdem
699 2060 800 2087 quoque
812 2057 939 2079 aeternum
955 2059 964 2077 :

171 2106 200 2127 at
215 2108 266 2127 non
285 2107 376 2126 contra
389 2099 510 2125 omnibus
523 2099 627 2125 retentis
638 2099 788 2124 immortale
803 2105 903 2133 quoque
915 2098 964 2124 ad-

169 2134 304 2183 jungititr.
323 2145 493 2172 Inmortatia
510 2145 589 2177 enim,
615 2145 749 2178 inquiunt,
773 2151 803 2170 ea
828 2143 963 2176 dicuntur,

172 2201 231 2228 qua:
245 2194 324 2219 vitam
337 2192 443 2223 habent,
462 2190 611 2224 cujusmodi
629 2195 740 2217 mentem
756 2195 833 2225 atque
846 2189 963 2216 animam

172 2247 229 2267 esse
243 2239 372 2271 diximus,
389 2246 420 2264 ac
441 2242 552 2264 naturas
569 2241 628 2271 poet
654 2236 738 2263 Deum
765 2236 910 2271 proximus.
929 2235 964 2261 At

173 2293 232 2312 cum
243 2286 337 2312 caelum
352 2284 404 2318 ﬁne
419 2290 510 2310 curere
527 2283 629 2314 dicunt,
650 2290 699 2308 non
716 2282 895 2309 immortalem
922 2281 964 2307 illi

172 2337 297 2358 naturain
307 2331 441 2362 tribuunt,
459 2329 504 2356 sed
519 2334 656 2356 a'ternam.
673 2328 742 2355 Mors
759 2329 828 2355 enim
849 2329 909 2355 vita:
926 2332 964 2354 est

173 2377 296 2410 privatio.
322 2376 387 2408 Qua:
402 2379 490 2401 autent
506 2375 559 2400 vita
572 2381 737 2408 neqttaqnam
760 2374 872 2407 prwdita
891 2378 963 2404 sunt,

174 2423 302 2456 quontodo
315 2423 458 2448 morientur
472 2421 485 2448 7
511 2420 606 2447 Verum
617 2420 699 2453 juxta
716 2425 846 2446 nostrates
865 2420 964 2446 theolo-

175 2476 220 2502 gus
243 2475 322 2494 unum
345 2468 464 2501 idemque
480 2471 517 2493 est
533 2471 660 2493 tzternum
675 2471 700 2492 et
713 2466 872 2492 immortale.

209 2513 268 2540 Col.
285 2513 335 2538 6'27
351 2513 382 2538 (j.
398 2514 480 2546 Atque
494 2512 548 2547 hac
559 2512 634 2539 nobis
653 2512 678 2538 in
693 2512 834 2545 prtesentia
851 2512 881 2537 tle
898 2511 962 2543 Deo,

174 2563 228 2584 etc.
249 2557 308 2590 llic,
322 2557 421 2590 inquit,
435 2559 523 2583 oratio
540 2557 573 2583 de
588 2556 642 2583 Deo
656 2557 736 2583 linem
752 2557 858 2583 habeat.
872 2555 964 2590 Neque

174 2605 247 2630 cuitu
262 2604 294 2630 de
308 2603 362 2629 Deo
378 2607 496 2629 tractare
515 2602 708 2636 proposuimus
730 2611 736 2629 :
755 2603 802 2629 sed
824 2603 857 2629 de
875 2602 964 2628 incar-

175 2650 293 2677 nationis
304 2649 419 2675 cons'tlio
433 2653 460 2674 et
470 2649 622 2675 (nconomia
634 2648 781 2676 disserere.
796 2647 963 2675 Ulﬁconomia

175 2702 277 2727 autent,
313 2703 375 2722 cum
407 2696 440 2721 de
460 2695 615 2721 hominibus
643 2695 742 2728 agitur,
772 2699 813 2722 est
839 2694 965 2721 tractatio

176 2748 258 2777 atque
280 2741 481 2768 administratio
505 2748 607 2772 rerum,
632 2741 758 2768 utilitatis
783 2749 896 2775 scopum
913 2740 965 2767 sibi

175 2795 331 2823 proponens
347 2797 354 2814 :
375 2794 436 2812 eum
453 2792 543 2813 autem
558 2786 591 2812 de
604 2786 659 2812 Deo
672 2793 763 2813 sermo
784 2786 910 2819 ltabctut,
923 2790 965 2812 est

175 2834 327 2862 voluntaria
353 2833 549 2868 magnitudinis
573 2832 689 2867 propria:
714 2832 856 2859 demissio.
880 2833 965 2860 Porro

212 2914 233 2930 “
249 2914 300 2942 Isa.
316 2922 353 2946 Vt,
371 2914 398 2942 2.

357 2962 495 2993 Ρηειοι..
516 2961 576 2992 Gtt.
598 2960 758 2992 CXXVII.

1017 1002 1165 1029 sartionem
1183 1001 1319 1037 fugiamus
1335 1003 1371 1038 (id
1387 1003 1460 1030 enim
1475 1003 1598 1031 delectus
1617 1009 1670 1037 εει,
1687 1008 1712 1031 el
1738 1004 1807 1031 divi-

1016 1049 1109 1075 nitatis
1123 1049 1236 1083 inopia),
1253 1053 1310 1076 tum
1325 1049 1451 1085 gentilem
1467 1049 1581 1077 deorum
1594 1049 1806 1084 multitudinem,

1017 1102 1077 1130 quae
1096 1095 1206 1128 quidem
1227 1103 1357 1123 excessus
1374 1099 1457 1130 atque
1473 1096 1657 1124 exuberantia:
1673 1096 1805 1124 rationem

1018 1141 1107 1169 habet.
1125 1141 1173 1168 llis
1192 1146 1283 1169 autem
1298 1142 1390 1170 verbis
1402 1146 1429 1170 et
1444 1142 1503 1169 Arii
1530 1142 1703 1176 divisionem,
1718 1149 1745 1171 et
1758 1143 1807 1170 Sa-

1017 1187 1462 1216 belliieontradictionemevertit.
1475 1186 1580 1215 Etenim
1607 1187 1664 1214 Arii
1683 1187 1805 1216 doctrina

1017 1240 1071 1259 non
1098 1232 1241 1261 dissimilis
1256 1237 1298 1260 est
1316 1233 1481 1268 gentilismo,
1503 1237 1645 1268 propterea
1661 1234 1733 1268 quoi
1750 1241 1807 1260 ma-

1013 1278 1102 1313 jorem
1128 1278 1248 1311 Patrem,
1261 1282 1289 1306 et
1308 1278 1440 1306 minorem
1459 1278 1567 1311 Filium,
1585 1283 1667 1313 atque
1678 1285 1710 1305 eo
1725 1278 1806 1306 etiam

1017 1334 1115 1353 rursus
1140 1325 1297 1354 inferiorem
1317 1324 1448 1360 Spiritum
1474 1329 1599 1352 sanctum
1625 1330 1741 1353 astruat.
1757 1325 1808 1352 Sa-

1014 1371 1087 1398 bellii
1104 1375 1194 1398 autem
1219 1370 1314 1404 opinio
1334 1369 1464 1404 judaismi
1494 1369 1702 1397 similitudinem
1727 1370 1806 1405 gerit,

1014 1415 1145 1451 quoniam
1154 1423 1234 1443 unam
1246 1419 1353 1443 tantum
1367 1415 1394 1442 in
1403 1415 1459 1443 Deo
1465 1422 1609 1450 personam
1624 1423 1684 1442 esse
1692 1416 1801 1447 asserit,

1014 1468 1047 1489 ac
1059 1466 1114 1489 tres
1129 1468 1262 1496 personas
1279 1459 1434 1488 confundit.

1049 1507 1109 1535 Col.
1127 1507 1180 1535 650
1195 1508 1227 1534 A.
1248 1506 1293 1534 Sic
1305 1507 1429 1533 nimirum
1446 1505 1547 1534 Sancta
1572 1509 1736 1538 mactarunt,
1754 1510 1807 1533 etc.

1014 1553 1070 1585 Sic,
1088 1553 1186 1588 inquit,
1205 1551 1345 1587 proﬂigata
1358 1551 1469 1587 jndaica
1489 1551 1571 1578 unius
1584 1558 1706 1586 persona:
1717 1558 1808 1578 asser-

1017 1598 1102 1631 tione,
1127 1602 1209 1633 atque
1221 1597 1330 1624 etlinica
1343 1597 1456 1624 deorum
1472 1596 1655 1630 multitudine,
1672 1604 1808 1625 veneran-

1015 1646 1056 1672 da-.
1071 1644 1196 1672 essentia
1211 1650 1333 1678 personae
1349 1643 1572 1674 introducantur,
1587 1650 1647 1677 qua:
1658 1650 1706 1677 per
1719 1643 1809 1670 excel-

1015 1690 1126 1718 lentiam
1138 1694 1187 1717 aut
1201 1689 1418 1724 complexionem
1437 1690 1535 1716 Sancta
1545 1693 1702 1716 sanctorum
1718 1690 1811 1724 appel-

1016 1737 1117 1769 lantur,
1135 1736 1176 1763 vel
1194 1735 1283 1770 potius
1294 1735 1358 1770 quia
1374 1735 1518 1762 oculorum
1533 1741 1672 1770 aspectum
1690 1735 1808 1770 fugiunt.

1015 1781 1253 1814 Quemadmodum
1279 1779 1352 1806 enim
1370 1779 1396 1806 in
1416 1779 1502 1806 veteri
1528 1779 1714 1812 tabetmculo,
1736 1779 1810 1814 quod

1016 1826 1113 1853 ﬁxerat
1128 1826 1227 1857 Moses,
1241 1826 1355 1852 interior
1370 1832 1432 1858 pars
1444 1824 1526 1856 illius,
1541 1831 1622 1858 quam
1636 1824 1733 1852 Sancta
1743 1833 1810 1852 san-

1016 1877 1123 1899 ctorum
1137 1870 1286 1902 vocabant,
1296 1870 1355 1897 velo
1369 1870 1508 1904 tegebatur
1524 1873 1605 1904 atque
1616 1870 1788 1905 operiebatur
1800 1880 1807 1898 :

1016 1917 1057 1944 sic
1073 1917 1154 1944 etiam
1173 1921 1228 1944 tres
1241 1916 1323 1943 unius
1337 1914 1489 1943 divinitatis
1506 1923 1628 1947 personae
1645 1916 1750 1950 fulgore
1762 1915 1808 1942 illo

1016 1963 1171 1999 splenderis
1181 1971 1214 1990 ex
1225 1963 1291 1998 ipsis
1301 1963 1457 1995 exsiliente,
1470 1962 1547 1997 quasi
1564 1960 1681 1990 obdnctti
1689 1963 1806 1997 quodam

1016 2010 1076 2036 volo
1101 2010 1274 2044 operiuntur,
1302 2016 1334 2036 ac
1350 2015 1384 2036 ne
1405 2008 1440 2035 ab
1456 2008 1522 2043 ipsis
1539 2007 1647 2042 quidem
1665 2007 1806 2042 Seraphim

1016 2065 1096 2085 Benas
1115 2057 1172 2084 alas
1193 2055 1356 2083 habentibus
1373 2055 1491 2089 spectari
1506 2058 1618 2089 queunt.
1643 2054 1753 2087 Verum,
1778 2060 1808 2081 nt

1015 2102 1214 2139 grandiloquus
1230 2101 1315 2129 Isaias
1326 2101 1363 2128 ait
1371 2100 1404 2134 ³⁸,
1422 2100 1528 2128 duabus
1541 2100 1651 2135 quidem
1666 2100 1716 2127 alis
1725 2099 1807 2128 facies

1015 2157 1107 2177 earum
1122 2149 1266 2184 obtegnnt,
1286 2147 1392 2175 duabus
1411 2151 1501 2174 autem
1519 2147 1610 2182 pedes,
1631 2146 1741 2182 reliquis
1759 2147 1807 2174 dc-

1015 2196 1099 2231 nique
1114 2196 1221 2223 duabus
1238 2195 1331 2222 volant
1346 2202 1377 2222 ac
1392 2194 1526 2225 clamant,
1541 2193 1668 2226 Sanctus,
1687 2200 1806 2227 sanctus,

1015 2246 1123 2268 sanctus
1144 2240 1284 2272 Dominus.
1311 2239 1410 2273 triplici
1436 2238 1654 2273 satltctilicatione
1680 2238 1707 2265 in
1725 2246 1806 2266 unam

1017 2287 1231 2313 dominatiOnem
1254 2289 1370 2312 coeunte
1386 2289 1508 2312 sanetam
1525 2283 1684 2311 Trinitatem
1702 2285 1806 2311 collati.

1019 2335 1125 2360 dantes.
1154 2332 1192 2359 Ex
1208 2339 1241 2359 eo
1257 2332 1357 2358 etenim
1384 2331 1456 2366 quod
1487 2331 1566 2357 tertio
1598 2337 1689 2357 vocent
1721 2330 1807 2362 illaut,

1018 2378 1142 2409 Sanctus,
1166 2382 1303 2412 repetunt,
1329 2382 1384 2404 tres
1405 2383 1537 2411 personas
1561 2376 1694 2404 indicant.
1722 2375 1760 2402 Ex
1775 2384 1808 2402 co

1017 2430 1107 2452 autem
1119 2425 1191 2458 quod
1208 2424 1292 2451 semel
1307 2423 1442 2450 duntaxat
1457 2421 1563 2448 Domini
1581 2429 1673 2449 vocem
1691 2422 1807 2456 subjun~

1002 2464 1094 2504 'gunt,
1120 2475 1202 2494 unam
1215 2467 1384 2494 divinitatem
1399 2466 1540 2493 declarant
1552 2474 1561 2494 :
1573 2466 1806 2501 quemadmodum

1015 2519 1042 2541 et
1063 2521 1177 2548 magnus
1188 2513 1354 2540 Athanasius
1366 2512 1471 2539 docuit.

1052 2560 1118 2586 Ibid.
1146 2558 1276 2591 Quoniam
1292 2563 1379 2584 autent
1396 2558 1508 2584 bonitati
1523 2557 1630 2584 minime
1644 2558 1721 2593 satis,
1747 2563 1801 2585 etc.

1014 2606 1081 2633 Cum
1095 2606 1132 2633 ait
1147 2605 1301 2640 Theologus
1324 2613 1331 2631 :
1350 2603 1408 2632 Non
1423 2604 1490 2632 satis
1510 2609 1578 2637 erat,
1597 2605 1642 2632 sed
1655 2606 1805 2639 Oportebat,

1018 2660 1070 2678 non
1087 2659 1118 2678 co
1135 2654 1216 2678 sensu
1235 2651 1284 2677 hoc
1299 2651 1380 2682 dixit.
1399 2650 1469 2684 qttod
1482 2650 1535 2677 ulla
1548 2658 1577 2677 re
1591 2650 1663 2678 Deus
1676 2651 1806 2684 indigeat,

1019 2704 1112 2723 \‘erutn
1127 2703 1157 2723 nt
1168 2697 1363 2724 exnberantem
1382 2697 1428 2723 Dei
1442 2697 1636 2731 benignitatem
1661 2697 1695 2723 ob
1712 2697 1806 2723 mulos

1018 2747 1110 2776 ponat,
1125 2749 1157 2768 ac
1166 2743 1370 2770 Lcnciiccntiam
1386 2743 1463 2777 quasi
1474 2744 1654 2770 necessariam
1668 2745 1804 2775 cumulat,

1017 2786 1119 2814 Movcri
1138 2792 1229 2814 nutent
1248 2787 1331 2814 Deum
1351 2788 1419 2814 dixit
1434 2795 1487 2814 non
1501 2788 1672 2823 simpliciter,
1693 2787 1738 2814 sed
1757 2796 1804 2814 sua

1018 2833 1104 2868 ipsius
1118 2834 1358 2869 contemplatione.
1375 2834 1428 2861 Sex
1444 2834 1516 2861 enim
1535 2835 1622 2862 modis
1632 2834 1733 2868 aliquid
1750 2843 1805 2860 nio-

1610 2959 1647 2989 42
