2027 3162
204 205 273 238 1323

911 198 1102 228 ADDENDA.

1763 197 1837 228 132i

202 255 987 295 vetur,pergenoralionem.corruptionem,augmentum,
1005 257 1027 284 Α
1042 262 1101 281 rum
1118 260 1145 281 ut
1158 263 1205 282 eos
1233 255 1322 290 potius
1341 262 1411 290 :egre
1432 255 1545 282 mobiles
1563 255 1660 291 dicam,
1679 253 1744 281 mihi
1773 262 1840 288 pet--

204 309 418 335 det'rementnm,
429 302 614 330 alterationem
634 304 659 326 et
675 299 788 326 localem
802 299 991 325 mutationem.

205 353 285 387 Atqui
309 353 377 378 Deus
393 356 441 376 nec
461 346 594 378 nascitur,
609 352 670 372 cum
683 345 867 379 sempiternus
882 345 927 375 sit,
944 351 993 370 nec

205 399 315 430 occidit,
345 399 438 430 utpote
465 397 602 425 aeternus;
631 398 680 418 nec
708 395 834 426 augetur,
855 390 993 425 perfectus

204 446 276 471 enim
297 447 355 475 est;
368 448 417 468 nec
432 438 575 470 decrescit,
592 442 635 465 est
647 436 718 464 enim
733 436 926 467 immutabilis;
942 442 993 462 nec

204 491 346 518 alte-ratur,
363 485 520 520 qualitatem
543 483 615 510 enim
635 491 689 510 non
705 482 801 514 habet;
832 489 881 508 nec
913 481 992 508 locali

205 534 286 562 modo
300 541 332 560 ex
349 533 402 560 alio
414 532 475 558 loco
494 531 521 557 iu
541 530 623 557 alium
648 528 828 563 eommigrat;
849 535 902 562 quo
920 528 993 555 enim

205 572 408 614 ronnnigraret.
425 577 471 612 qui
489 576 580 604 omnia
600 574 713 610 impleti
728 575 830 601 Motum
845 578 934 601 autem
951 573 995 601 hic

204 626 358 660 Ttirologus
368 623 475 651 vocarit
494 622 541 649 Dei
554 622 580 648 in
603 628 663 648 sese
673 621 860 648 collectionem
873 623 900 647 ct
915 619 993 646 intel-

204 672 353 707 ligentiam,
381 673 476 704 praeter
502 675 549 694 eos
569 674 615 694 sex
643 665 740 692 modos
763 665 863 700 quibus
891 664 993 698 aliquid

205 717 307 745 mereri
330 714 491 743 Aristoteles
515 713 618 740 docuit.
645 710 803 738 Movebatur
821 710 893 737 enim
913 710 992 740 lleus,

203 772 251 791 seu
268 760 480 797 pulchritudinis
499 758 670 794 splenderent
698 756 875 792 perspiciens.
901 755 992 782 More-

205 810 284 836 batur
302 812 392 834 autem
405 806 514 832 intuens
529 803 623 830 mundi
639 802 829 836 formas.quas
843 801 870 827 iu
888 799 994 834 magnis

206 855 264 882 suis
283 850 492 887 cogitationibus
510 857 587 877 mens
601 848 695 876 mundi
723 847 879 874 fabricatrix
895 846 996 873 consti-

206 904 304 926 luerat.
319 897 496 930 Posteaquam
513 899 605 920 autem
620 893 708 920 bonus
723 892 766 918 ille
779 899 832 918 non
856 891 922 919 satis
945 891 994 916 ha-

205 944 391 978 buitseipsum
408 939 587 974 contemplari
604 947 611 965 :
630 945 725 966 verum
743 937 777 964 ob
791 937 995 963 bonitatisexu-

205 988 354 1015 berantiam
375 985 505 1021 quaedam
526 991 586 1011 esse
601 983 697 1015 voluit,
715 990 774 1017 quae
790 981 920 1009 beneﬁcio
936 980 996 1008 afﬁ-

207 1037 344 1065 curentur,
373 1039 406 1060 ac
428 1031 578 1058 bonitatem
600 1029 685 1064 ipsius
710 1028 904 1063 participarent
931 1028 994 1062 (hoc

205 1079 278 1106 enim
303 1077 438 1113 signiﬁcat
458 1077 482 1103 id
499 1075 571 1111 quod
584 1076 622 1103 ait
640 1083 647 1102 :
663 1074 778 1101 DilTundi
800 1081 831 1100 ac
851 1073 996 1108 propagari

206 1126 306 1153 bonum
328 1123 481 1159 oportebat,
497 1122 522 1148 id
543 1126 596 1154 est,
613 1128 696 1148 unum
715 1120 797 1147 Deum
817 1127 867 1154 pro
889 1119 996 1146 ratione

204 1179 312 1204 eorum,
335 1171 382 1206 qui
408 1170 493 1204 ipsius
518 1175 631 1202 capaces
657 1171 759 1198 essent,
788 1173 836 1200 per
861 1166 994 1193 bonorum

205 1215 480 1245 communicationem
516 1213 713 1247 multiplicari),
732 1211 767 1239 ob
791 1210 861 1238 hanc
884 1217 995 1237 causam

205 1263 338 1291 mundum
355 1261 512 1288 universum
529 1259 666 1294 producit,
685 1265 739 1285 non
759 1257 794 1284 ob
806 1257 996 1284 necessitatem

207 1310 337 1344 aliquam,
372 1313 402 1334 ut
423 1306 546 1333 nonnulli
565 1305 746 1338 blaterarunt,
770 1311 864 1331 verum
886 1307 997 1338 propter

206 1363 341 1383 suiumaiu
363 1353 521 1381 bonitatem.
543 1353 581 1378 Ac
600 1352 717 1386 primum
744 1351 856 1386 quidem
882 1349 995 1384 angelos

206 1401 371 1429 etcu‘lestcs
394 1399 507 1434 spiritus
547 1398 687 1433 cogitavit.
715 1397 896 1425 Conveniebat
923 1396 996 1424 enim

206 1447 401 1482 intelligibilcm
437 1450 559 1472 naturam
584 1448 646 1471 ante
671 1443 826 1470 sensibilcnt
848 1443 997 1477 procreari.

206 1497 294 1528 Atque
305 1493 430 1528 cogitatio
442 1492 486 1519 illa
503 1499 572 1526 opus
585 1491 701 1522 exstitit,
713 1489 943 1524 quemadmodum
964 1489 996 1515 ad

208 1541 291 1566 Deum
312 1538 404 1566 Judith
420 1538 527 1564 dicebat
540 1545 547 1563 :
562 1536 693 1570 Cogitasti
708 1536 791 1567 enim,
807 1534 906 1569 inquit,
921 1540 998 1568 atque

206 1584 294 1610 eodem
310 1588 437 1609 momento
451 1582 497 1608 tibi
510 1585 605 1615 pru'sto
625 1581 730 1612 fuerunt
748 1580 846 1611 omnia,
875 1587 999 1613 quierun-

207 1637 255 1663 ιμιε
271 1628 354 1662 fecisti
369 1627 402 1654 ³⁷.
430 1629 520 1660 Atque
551 1627 577 1652 in
608 1625 723 1652 Psalmis
749 1625 884 1652 habetur:
911 1623 992 1651 Verbo

209 1674 315 1702 Domini
329 1673 386 1700 ειηιί
402 1673 501 1706 ﬁrmati
518 1675 591 1703 situt,
610 1676 632 1697 et
646 1670 740 1704 spiritu
759 1671 813 1697 oris
828 1670 884 1704 ejus
908 1670 992 1696 onntis

206 1720 289 1746 uirtus
315 1725 405 1744 eorum
421 1716 454 1743 ³³.
482 1716 533 1743 Per
556 1714 675 1742 Verbum
695 1715 804 1748 quidem
830 1722 876 1743 seu
894 1713 991 1744 Filium

209 1764 255 1791 Dei
272 1763 358 1798 angeli
376 1761 458 1790 creati
483 1765 548 1788 sunt
565 1769 573 1787 :
591 1765 720 1787 caeterum
739 1768 752 1786 a
776 1759 879 1794 Spiritu
899 1764 993 1786 sancto

208 1811 379 1838 sanctitatem
398 1812 569 1843 acceperunt,
598 1814 630 1834 ac
650 1807 761 1842 perit-eti
781 1810 855 1834 sunt.
878 1808 916 1834 Ac
933 1814 994 1841 pro-

209 1857 271 1883 inde
287 1860 405 1882 asancta
423 1854 557 1881 Trinitate
579 1854 642 1880 lacti
666 1857 739 1885 sunt,
765 1852 845 1880 Patre
865 1854 992 1880 nimirum

208 1902 355 1936 cogizaute,
374 1900 443 1927 Filio
459 1900 617 1931 fabricante,
646 1906 678 1926 ac
704 1898 806 1933 Spiritu
829 1899 993 1933 periiciente.

207 1947 294 1982 Atque
317 1947 427 1974 ad'cnm
449 1946 559 1972 modum
593 1945 753 1980 splendores
776 1945 888 1972 secundi
909 1945 993 1972 creati

210 1998 284 2024 sunt,
304 1997 436 2027 quantum
464 1992 589 2018 \idelicet
607 1992 639 2018 ad
665 1991 867 2026 prazlulgentem
884 1991 995 2018 clarita-

211 2045 264 2065 tem
291 2038 376 2065 beata:
402 2037 585 2068 Trinitatis,a
613 2044 666 2071 qua
695 2044 743 2070 per
759 2037 994 2071 participationem

211 2083 415 2110 eullustrantnr.
440 2081 524 2108 Primi
553 2082 700 2115 splendoris
721 2082 882 2108 administri.
904 2082 995 2109 Prima

209 2129 280 2156 enim
300 2128 398 2162 fulgida
415 2131 509 2153 natura
527 2126 598 2153 Deus
611 2131 660 2159 est,
673 2127 719 2160 qui
739 2128 848 2161 angelos
864 2135 895 2153 ex
913 2127 996 2153 nihilo

209 2175 345 2210 produxit,
365 2174 442 2208 juxta
458 2173 599 2207 imaginem
626 2181 703 2200 suam
721 2180 768 2200 eos
785 2180 891 2204 ereans,
907 2173 998 2199 incor-

210 2221 603 2256 poream,inquam,naturam,
617 2219 693 2253 quasi
704 2219 827 2253 spiritum
839 2219 996 2253 quemdam,

212 2272 259 2294 aut
276 2268 363 2301 ignem
382 2265 491 2292 materia
508 2270 659 2297 vacantem,
671 2266 898 2300 quemadmodum
910 2265 996 2300 inquit

212 2313 294 2343 David
318 2322 324 2340 :
340 2312 392 2345 Qui
405 2312 470 2346 facit
483 2312 589 2346 angelos
608 2320 668 2339 suos
683 2312 803 2345 spiritus,
818 2317 840 2339 et
859 2313 995 2340 ministros

209 2367 270 2386 suos
285 2359 420 2393 [laminam
441 2358 509 2393 ignis
525 2357 556 2384 ³⁹.
585 2357 689 2390 Quibus
699 2357 789 2384 velbis
808 2357 957 2389 levitatem,
971 2363 997 2384 et

210 2406 310 2432 mentis
324 2405 461 2436 ardorem,
484 2409 565 2440 atque
577 2405 664 2432 aciem
680 2403 901 2438 celeritatemque
924 2405 996 2431 circa

209 2451 329 2478 divinam
358 2455 482 2478 naturam
502 2455 528 2477 et
548 2450 730 2477 ministerium
753 2450 892 2483 describit,
916 2455 997 2484 atque

210 2497 328 2523 ostendit
345 2504 393 2524 eos
411 2497 437 2523 in
454 2496 569 2525 sublime
584 2496 703 2528 lerri,‘et
719 2495 753 2524 ab
766 2496 841 2523 omni
865 2503 956 2523 crassa
972 2500 999 2522 ct

209 2548 316 2569 terrena
333 2542 496 2577 cogitatione
513 2541 611 2570 liberos
625 2549 694 2569 csse.
710 2542 748 2568 Ac
764 2541 857 2569 vellem
876 2540 996 2575 quidem,

210 2588 307 2622 inquit,
332 2588 398 2615 mihi
415 2588 506 2615 dicere
523 2587 616 2615 liceret
630 2587 740 2622 angelos
755 2587 787 2614 ad
803 2587 902 2613 malum
919 2593 997 2620 pror—

212 2642 259 2662 sus
274 2635 427 2661 immobiles
443 2642 514 2664 esse,
537 2639 629 2669 utpote
658 2633 714 2660 Deo
737 2633 996 2667 appropinquantes,

209 2688 241 2706 ac
257 2680 328 2707 circa
351 2680 467 2706 medium
496 2679 567 2706 illius
596 2680 698 2706 lumine
733 2683 908 2705 coruscantes
936 2680 997 2712 (nos

208 2733 282 2751 eum
302 2725 463 2752 intertncdia
472 2724 630 2760 angelorum
641 2732 723 2759 opera
736 2724 940 2758 illuminant”),
953 2731 997 2750 ve-

245 2802 267 2842 ‘_"
279 2802 373 2829 Jadnth
386 2811 425 2842 rt,
441 2803 468 2829 4.

519 2803 542 2818 ⁸⁸
558 2802 629 2829 Psal.
649 2809 732 2833 xxxu,
745 2801 772 2829 6.

209 2835 231 2852 ⁵³
246 2837 323 2864 Junii.
347 2846 365 2869 Ι,

822 2801 843 2817 ³⁹
858 2800 929 2828 Psal.
945 2808 1002 2833 Clll,
1017 2801 1042 2828 ι.

1045 300 1140 326 suadet
1159 299 1243 326 lS‘IiaS
1256 300 1350 326 dicens
1368 308 1374 326 :
1392 299 1528 332 Quomodo
1546 300 1676 326 redistide
1690 299 1767 330 uelo,
1781 298 1839 324 Li;-

1045 345 1120 382 cift‘r,
1138 346 1182 380 qui
1202 353 1277 372 mane
1293 345 1420 372 oriebaris
1433 346 1478 372 ὀἳ
1503 344 1570 372 Nam
1595 353 1655 372 cum
1685 346 1728 371 ille
1743 346 1839 371 clarus

1044 393 1078 418 ab
1099 393 1220 418 omnium
1240 399 1330 418 rerum
1346 392 1492 419 Contlitore
1507 396 1614 419 creatus
1627 397 1711 424 esset,
1725 399 1757 417 ac
1773 398 1839 425 p20-

1045 444 1103 472 ptcr
1116 439 1286 472 splendorem
1304 437 1411 465 Lucifer
1433 438 1629 475 nominaretur,
1656 442 1835 472 posteaquam

1045 485 1176 511 adversus
1189 485 1284 522 [ὶιιιιιην
1299 493 1312 511 a
1327 493 1380 519 quo
1397 485 1524 512 conditus
1540 489 1608 520 erat,
1636 483 1726 510 ell'erri
1751 488 1837 517 atque

1046 532 1211 558 insolcsm-re
1234 533 1326 568 erepit,
1347 537 1375 559 ut
1394 537 1434 559 est
1452 532 1521 566 apud
1541 531 1648 568 Isaiam,
1671 538 1755 564 seque
1780 530 1836 564 ipsi

1045 585 1183 612 opponere
1196 577 1318 616 cupiens,
1330 578 1398 604 dixit
1417 585 1423 603 :
1440 573 1587 603 Ascendam
1606 577 1631 603 in
1653 577 1745 602 coriam
1761 583 1771 601 :
1785 585 1834 600 su-

1044 630 1090 656 per
1105 627 1176 648 astra
1195 623 1253 649 ειεΙὶ
1271 630 1366 657 ponam
1396 622 1518 648 thronum
1534 629 1618 647 meum
1635 628 1644 646 :
1661 620 1836 646 conscendam

1045 669 1135 697 nubes.
1151 674 1174 695 rt
1197 677 1239 695 ero
1257 669 1353 695 similis
1370 668 1506 695 Altissimo
1518 668 1550 700 “;
1570 666 1678 701 propria
1694 666 1837 693 voluntate

1045 714 1081 740 tib
1096 714 1253 748 huiusmodi
1273 714 1426 748 superbiam
1443 713 1530 748 caligo
1545 713 1631 739 factus
1646 717 1685 738 ρει
1701 719 1733 738 ac
1746 711 1837 738 nutri-

1030 765 1135 786 matur.
1153 761 1283 792 Quamvis
1300 761 1371 786 enim
1385 760 1419 786 ob
1437 758 1738 793 incotnprehensibilem
1753 764 1836 784 nati:-

1046 814 1081 832 rte
1098 806 1227 832 rationem
1245 805 1316 832 Deus
1329 813 1437 840 quoque
1454 806 1508 838 ipso
1525 805 1611 838 caligo
1623 804 1739 837 dit-ator,
1756 804 1836 836 juxta

1046 851 1109 878 illud
1128 862 1133 877 :
1154 851 1246 878 Posuit
1262 851 1380 878 tenebras
1395 851 1535 877 latibulum
1544 858 1618 876 suum
1629 851 1662 889 ",
1676 857 1728 876 non
1744 854 1837 875 tamen

1046 898 1130 932 caligo
1144 903 1183 925 est
1202 905 1251 924 nec
1270 898 1331 924 iuit.
1348 898 1381 924 At
1397 899 1522 924 diabolus
1539 903 1564 923 ct
1579 897 1664 931 caligo
1679 896 1766 922 factus
1781 901 1835 932 Pal,

1047 949 1073 971 et
1091 952 1122 971 co
1137 944 1246 970 nomine
1257 950 1380 970 voratur.
1397 944 1441 971 Sic
1458 943 1528 970 enim
1541 951 1602 970 eum
1619 948 1695 969 vocat
1714 942 1837 969 Joannes

1047 989 1201 1023 Tlicologus
1214 998 1220 1015 :
1235 989 1357 1016 Tenebrae
1373 989 1455 1015 lucem
1478 997 1528 1015 non
1542 989 1791 1022 compte/muleram
1802 987 1836 1024 ⁸⁸,

1048 1035 1072 1061 id
1089 1039 1141 1073 est,
1168 1035 1323 1061 adversaria
1353 1039 1474 1069 potestas
1496 1034 1633 1061 Christum
1659 1041 1836 1068 nequaquam

1047 1081 1195 1114 super-util.
1210 1080 1342 1113 Quocirca
1356 1080 1465 1114 angelos
1481 1079 1663 1106 immutabiles
1674 1079 1764 1105 dicere
1788 1086 1836 1105 ve-

1047 1135 1119 1165 reor,
1136 1135 1196 1154 cum
1209 1127 1298 1161 cogito
1321 1126 1392 1152 hunc
1407 1125 1571 1163 Luciferum,
1587 1126 1632 1159 qui
1662 1126 1749 1152 bonus
1767 1129 1838 1161 erat,

1048 1173 1150 1200 arbitrii
1165 1173 1287 1199 libertate
1297 1177 1323 1198 et
1339 1172 1413 1205 plena
1427 1172 1566 1199 voluntate
1581 1179 1613 1198 ex
1628 1171 1744 1197 naturali
1764 1171 1837 1196 bono

1049 1219 1074 1246 in
1087 1219 1123 1256 id,
1137 1218 1208 1252 quod
1237 1222 1333 1252 praeter
1350 1222 1475 1244 naturam
1493 1222 1562 1254 erat,
1580 1217 1772 1253 degenerasse,
1797 1219 1839 1241 at-

1048 1271 1100 1298 que
1115 1264 1194 1290 etiam
1206 1263 1319 1289 rebelles
1332 1262 1442 1296 angelos
1457 1262 1494 1289 illi
1508 1262 1656 1298 subjectus,
1668 1261 1714 1296 qui
1725 1260 1836 1295 quidem

1048 1309 1106 1336 vitii
1123 1309 1264 1335 architecti
1281 1309 1420 1345 dicuntur,
1439 1315 1492 1333 non
1514 1307 1586 1341 quod
1611 1307 1635 1333 ei
1656 1306 1838 1333 substantiam

1049 1353 1172 1381 dederint
1186 1353 1284 1388 (neque
1300 1353 1371 1379 enim
1388 1353 1440 1378 ulla
1457 1358 1497 1379 est
1513 1353 1578 1378 mali
1594 1351 1771 1385 substantia),
1789 1350 1837 1377 sed

1050 1400 1119 1433 quod
1140 1398 1218 1433 primi
1240 1398 1338 1424 malum
1351 1406 1398 1424 seu
1414 1397 1613 1431 improbitatem
1637 1396 1836 1423 commiserint.

1049 1445 1136 1477 Atqui.-
1147 1444 1227 1470 etiam
1240 1443 1405 1479 Theologus‘
1424 1448 1566 1477 postquam
1579 1442 1716 1468 daemones
1733 1441 1837 1474 impro-

1051 1490 1108 1524 prie
1126 1489 1181 1515 vitii
1200 1489 1362 1515 architectos
1381 1488 1541 1519 nominavit,
1568 1495 1601 1514 ne
1616 1487 1677 1521 quis
1690 1487 1755 1513 illud
1773 1487 1839 1512 sub-

1050 1535 1148 1562 stantia
1167 1534 1306 1567 praeditum
1323 1541 1384 1560 esse
1414 1534 1589 1564 existimaret,
1618 1534 1688 1559 hanc
1702 1531 1838 1566 suspicio-

1052 1588 1112 1607 neln
1140 1579 1281 1614 mitigavit,
1301 1587 1362 1605 cum
1390 1579 1501 1613 addidit,
1531 1586 1576 1605 eos
1593 1587 1640 1612 per
1654 1579 1744 1612 fugam
1774 1577 1837 1604 ὶκιειί

1050 1625 1205 1652 conditores
1220 1625 1282 1651 mali
1302 1625 1396 1655 fuisse,
1414 1625 1455 1651 his
1472 1624 1560 1661 verbis
1575 1624 1769 1658 propemodum
1786 1625 1838 1650 hoc

1047 1671 1151 1710 dicens,
1167 1671 1280 1708 malum,
1294 1678 1340 1698 seu
1363 1671 1471 1707 vitium,
1495 1678 1548 1697 non
1563 1677 1624 1697 esse
1643 1670 1837 1702 substantiam,

1047 1717 1092 1744 sed
1105 1718 1211 1744 virtutis
1225 1717 1414 1751 Drivationem,
1426 1723 1455 1744 ut
1468 1716 1552 1751 caligo
1566 1716 1677 1744 luminis
1694 1721 1735 1743 cst
1747 1724 1838 1744 reces-

1051 1771 1110 1790 sus.
1137 1763 1370 1795 Quemadmodum
1387 1763 1469 1797 igitur
1484 1763 1530 1797 qui
1545 1763 1631 1789 lucem
1649 1761 1728 1796 fugit,
1749 1763 1775 1789 in
1799 1767 1839 1789 tc—

1048 1809 1138 1836 nebris
1152 1813 1285 1840 versatur,
1316 1808 1351 1834 ita
1375 1809 1522 1840 dtu-mones,
1544 1814 1719 1843 posteaquam
1734 1816 1749 1836 a
1766 1810 1838 1836 bo:.o

1048 1858 1230 1885 recesserunt,
1246 1854 1272 1880 in
1291 1853 1361 1879 man
1388 1854 1472 1880 relicti
1489 1860 1564 1882 sunt.
1582 1854 1636 1882 Nec
1656 1862 1718 1881 vero
1735 1855 1837 1882 niuium

1049 1905 1155 1927 tantum
1191 1899 1350 1931 clTecerunt,
1389 1900 1434 1926 sed
1473 1900 1550 1927 nobis
1589 1901 1690 1934 peccati
1728 1909 1838 1935 quoque

1049 1953 1176 1973 auctores
1199 1945 1371 1976 exstiterunt,
1388 1950 1480 1980 utpote
1495 1945 1550 1973 Deo
1568 1947 1751 1974 adversantes.
1770 1947 1838 1974 Illic

1048 1994 1120 2019 enim
1141 1999 1194 2018 non
1220 1991 1373 2018 sufﬁciebat
1397 1999 1445 2018 sua
1466 1991 1551 2026 ipsius
1569 1994 1698 2020 duntaxat
1717 1999 1839 2020 conten:-

1050 2038 1168 2073 platione
1182 2037 1354 2069 moveti,sed
1371 2036 1485 2064 dill‘undi
1511 2038 1610 2065 bonum
1629 2040 1781 2073 oportebat,
1806 2044 1837 2066 ut

1049 2085 1126 2118 plura
1142 2087 1232 2111 essent
1255 2091 1315 2117 quae
1338 2083 1468 2110 beneﬁcio
1488 2084 1666 2111 allici-rentur.
1695 2085 1749 2112 lloc
1763 2093 1796 2112 in
1811 2093 1836 2112 m

1050 2137 1163 2156 summa:
1179 2129 1305 2156 bonitatis
1315 2133 1372 2156 erat
1382 2129 1520 2163 cupientes
1532 2130 1653 2163 pluribus
1667 2131 1838 2160 Leutfaeerr.

1050 2175 1192 2202 Contraria
1206 2177 1287 2210 igitur
1305 2175 1412 2202 ratione
1425 2183 1531 2202 summa
1548 2180 1590 2203 est
1608 2177 1761 2203 dannonum
1777 2186 1838 2210 per-

1050 2222 1175 2252 versitas,
1193 2222 1238 2255 qui
1257 2228 1309 2248 non
1328 2221 1408 2248 modo
1432 2221 1535 2248 arbitrii
1558 2222 1681 2249 libertate
1694 2231 1726 2250 ac
1744 2224 1840 2250 volun-

1052 2271 1105 2294 ta.e
1119 2267 1181 2293 mali
1201 2266 1264 2294 iacti
1280 2271 1352 2298 sunt,
1362 2267 1409 2294 sed
1425 2267 1493 2294 alios
1506 2268 1585 2294 etiam
1613 2267 1698 2295 malus
1722 2269 1839 2296 reddunt

1051 2320 1082 2339 ac
1095 2312 1207 2347 perdere
1219 2318 1363 2339 conantur.

1086 2357 1213 2384 Psettus.
1237 2357 1372 2389 Quoniam
1385 2362 1476 2384 autem
1498 2366 1607 2385 summo
1624 2359 1662 2386 illi
1679 2360 1762 2387 bono.
1786 2361 1837 2388 Γε-

1051 2408 1117 2430 teres
1146 2412 1178 2430 ac
1192 2404 1272 2438 primi
1298 2404 1456 2438 philosophi,
1487 2405 1673 2432 addubitantcs
1705 2409 1838 2440 quodnam

1051 2449 1105 2476 Ι)εο
1120 2457 1210 2476 nomen
1227 2451 1361 2477 commode
1387 2451 1541 2483 tribuerent,
1567 2451 1658 2483 Deum,
1678 2459 1701 2479 et
1739 2452 1838 2486 Unum,

1051 2501 1074 2520 et
1090 2494 1204 2526 Bonum,
1225 2495 1277 2521 tria
1292 2495 1358 2528 liter,
1378 2497 1496 2530 inquam,
1512 2497 1719 2531 incorruptibilis
1734 2506 1840 2526 natura'

1050 2540 1156 2566 nomina
1171 2541 1360 2574 produxerunt,
1386 2541 1450 2567 nihil
1475 2549 1531 2567 eam
1547 2549 1604 2568 esse
1624 2547 1769 2568 asserentes
1785 2545 1839 2570 nisi

1050 2585 1143 2617 Deum,
1155 2585 1221 2611 nihil
1230 2590 1316 2612 autent
1327 2585 1420 2618 Deum,
1432 2587 1483 2613 nisi
1501 2586 1607 2619 bonum,
1619 2588 1696 2620 idque
1707 2588 1774 2614 idem
1783 2597 1838 2616 esse

1048 2631 1116 2666 quod
1135 2639 1226 2663 unitm,
1242 2632 1335 2666 quippe
1347 2638 1370 2658 et
1385 2640 1476 2659 eorum
1490 2632 1557 2666 (iii),
1575 2641 1633 2667 qua:
1646 2639 1704 2659 sunt
1718 2634 1838 2660 collecti-

1048 2685 1118 2708 vum,
1137 2682 1214 2712 atque
1232 2678 1266 2703 ad
1286 2678 1363 2704 unius
1380 2679 1613 2712 participationem
1639 2687 1669 2705 ea
1688 2680 1835 2707 adducens.

1051 2722 1136 2750 Unum
1149 2724 1228 2756 enim,
1245 2725 1340 2751 unione
1366 2730 1390 2751 et
1413 2726 1523 2752 munude
1542 2731 1620 2752 atoue
1637 2735 1652 2752 ιι
1663 2728 1737 2752 litate
1753 2728 1838 2754 exrci-

1079 2800 1102 2816 ⁴⁸⁰
1124 2800 1174 2828 lsa.
1194 2808 1248 2834 XIV,
1274 2801 1317 2835 1'2,
1370 2802 1468 2830 “ibid.
1489 2804 1529 2830 15.
1569 2805 1590 2820 δ’
1612 2804 1684 2831 [’sal.
1703 2813 1771 2836 xui,
1792 2804 1835 2832 l2.

245 2905 300 2939 (l3)
322 2904 417 2930 Eorum
434 2913 490 2939 qua:
505 2911 576 2932 sunt.
609 2905 680 2940 Lego
696 2904 768 2932 enim
795 2904 879 2931 τῶντε
902 2905 994 2939 ὀντων,

1047 2914 1070 2932 ill
1087 2904 1221 2939 οεώντων,
1236 2910 1263 2932 ιιι
1284 2906 1308 2932 in
1327 2906 1421 2934 Gra‘co
1436 2907 1540 2934 codice.
