2027 3162
198 233 264 265 1325

677 230 837 261 NICETAS
860 230 899 260 ΙΝ
922 230 1032 259 ΟῑὶπὶιΤ.
1057 229 1136 258 XLII
1160 229 1190 258 S.
1211 228 1328 259 GllEG.

1756 229 1823 262 lf-‘Qii

195 290 290 314 lentius
319 292 368 316 est.
387 288 481 315 Unitus
510 288 638 323 siquidem
669 288 750 314 unius
782 292 820 314 est
834 288 987 328 ‘particcpS.
1006 290 1025 315 A
1043 287 1117 313 GOIL.
1133 286 1233 313 Deinde
1255 285 1403 312 intellectui
1427 284 1528 311 ntumlo
1550 286 1683 320 producto
1708 289 1825 315 scnsilﬁ.‘

196 337 270 367 ﬁtqu
281 340 366 361 autem
385 336 516 369 particeps
536 339 573 362 est
598 343 627 361 eo
646 334 756 368 inferius
778 341 827 365 cst,
845 334 919 369 cujus
945 339 982 361 ελι

193 381 332 414 particeps.
347 379 408 406 .lmu
427 382 488 407 uitio
508 380 638 406 unitatum
660 380 811 413 conjunctio
841 386 889 406 cst.
906 378 984 412 Quod

192 432 280 452 autem
298 434 330 452 ex
346 426 492 452 unitatibus
519 425 669 459 conﬁcitur,
697 424 902 459 lmudquaqnam
919 433 985 460 pure

193 480 273 498 unum
288 476 338 504 est,
352 478 428 506 alque
448 473 530 498 etiam
556 471 734 498 multitudinis
751 471 878 497 rationem
896 470 982 497 habet.

196 516 280 543 l’arro
312 525 394 544 unum
432 517 603 544 multitudine
634 516 816 550 prwstantius.
846 515 983 542 Postremo

192 571 294 595 manus,
321 565 344 590 si
353 563 411 598 quis
425 564 530 598 proprie
549 562 621 598 loqui
646 563 717 594 velit,
734 569 899 597 nequaquam
915 562 983 589 idem

189 613 238 642 cst,
272 610 341 644 quod
368 617 460 641 unum,
487 610 532 636 sed
553 610 642 644 passio
655 611 788 644 quendam,
817 609 982 636 aulitabitus

190 656 279 682 unius.
297 654 464 682 Mausionem
490 656 559 683 enim
589 656 732 690 quamdam
763 660 788 682 et
807 655 982 682 constantiam

190 700 268 726 unius
291 700 420 727 declarat.
442 699 529 727 Unum
555 701 625 728 enim
651 701 736 727 solum
763 700 982 735 multiplicatum,

190 754 270 772 unum
283 753 376 772 rursus
399 751 447 773 est.
467 747 501 773 At
515 747 563 773 Dei
580 755 683 779 nomen,
704 755 761 773 eum
773 747 881 781 propria
896 755 984 773 essen-

189 791 228 818 tia
240 795 336 818 uincta
355 792 462 826 implere
486 792 661 819 demonstrat.
680 793 794 820 Proinde
811 793 916 820 bonitas
935 792 985 820 Dei

188 837 305 869 (inclitas
334 845 385 864 non
400 843 449 872 est,
479 839 524 865 sed
556 839 605 866 hoc
635 840 720 874 ipsum
744 839 824 872 Deus,
845 845 868 867 et
890 847 982 866 unum.

189 883 261 915 Quid
279 884 348 911 enim
379 884 446 911 Deus
477 885 552 912 aliud
575 890 624 917 est,
637 895 715 922 quam
737 894 870 913 sumntum
886 885 982 913 bonum

188 928 326 963 primaque
341 929 389 956 illa
402 938 482 957 causa
509 938 555 965 per
569 939 646 965 quam
665 930 766 965 reliqua
788 930 899 966 quoque
914 931 982 958 bona

188 974 357 1008 e/ﬁciuntur?
373 976 428 1002 Sua
459 977 544 1011 ipsius
560 977 649 1004 solum
668 977 899 1012 contemplatione
911 971 982 1004 Imu-

189 1021 256 1054 veri,
269 1022 317 1048 Itoc
327 1027 378 1055 est,
397 1024 512 1049 converti
531 1031 562 1049 ac
578 1022 668 1057 colligi
686 1023 721 1049 ad
740 1024 869 1057 seipsttm,
891 1028 983 1059 utpote

188 1065 264 1092 nulla
287 1073 313 1092 re
340 1066 474 1100 superiore
500 1066 556 1093 loco
585 1067 683 1101 posita,
715 1067 752 1093 ad
773 1075 852 1102 quant
877 1068 982 1094 sul/velli

187 1111 280 1143 possit,
315 1111 534 1146 quemadmodum
569 1111 660 1138 anima
689 1111 724 1138 ad
751 1117 860 1138 mentem
877 1131 883 1143 ,
910 1120 981 1139 mens

188 1160 276 1183 autem
292 1156 327 1183 ad
338 1156 430 1184 Deum.
447 1155 519 1183 Nunt
529 1158 734 1191 compositorum
753 1161 777 1184 et
796 1165 981 1191 torpor-eorum

187 1202 253 1230 nihil
268 1203 294 1230 in
309 1204 422 1238 seip:.unt
444 1204 534 1239 colligi
557 1204 665 1231 dicitur.
676 1203 797 1236 Quonam
814 1204 884 1231 enim
905 1203 981 1231 modo

186 1258 281 1284 corpus
296 1251 330 1277 ad
345 1259 399 1278 sese
411 1252 586 1286 colligeretur,
601 1260 660 1278 cum
682 1252 851 1286 simplicitate
869 1258 957 1279 careat
969 1254 982 1280 .7

187 1299 265 1330 atque
294 1297 399 1323 etiamsi
419 1298 481 1331 quid
494 1305 602 1333 corpore
625 1303 724 1330 careat,
738 1306 790 1324 non
816 1303 902 1325 tamen
920 1307 982 1332 pro-

185 1346 275 1375 pterea
285 1343 376 1369 statim
385 1343 409 1369 in
419 1350 473 1370 sese
482 1343 683 1378 colligipoterit.
693 1343 812 1375 Quonam
826 1344 894 1370 enim
904 1343 980 1371 modo

185 1387 329 1422 qualitates
342 1389 368 1415 in
383 1397 436 1416 texe
447 1389 537 1424 colligi
546 1395 653 1424 queant,
666 1398 726 1416 cum
737 1391 872 1425 propriam
889 1399 980 1418 essen-

186 1433 251 1460 tiam
264 1442 313 1461 non
325 1434 437 1462 habeant
449 1435 460 1462 9
472 1435 545 1462 Illud
555 1444 612 1462 vero
622 1436 690 1463 scire
703 1444 788 1467 operte
802 1438 916 1470 pretium
929 1442 978 1469 est,

183 1479 254 1513 quod
264 1481 290 1507 in
299 1480 339 1508 Itis
346 1481 430 1512 rebus,
439 1489 497 1516 qua:
503 1482 588 1516 ﬁnita:
598 1491 629 1508 ac
638 1483 707 1509 circa
714 1483 845 1517 inscripta,-
852 1488 924 1517 sunt,
934 1485 980 1511 int-

183 1526 316 1561 perfectus
323 1533 408 1554 motus
417 1533 466 1560 est,
474 1528 500 1554 in
507 1527 602 1562 quibus
612 1528 735 1555 nimirum
745 1535 829 1555 titulus
838 1530 892 1564 ipse
900 1530 979 1564 ﬁnem

184 1579 296 1607 spectat.
309 1573 541 1610 Exempligratia:
554 1574 726 1611 Holusglebte
735 1585 750 1602 tt
769 1577 889 1611 partibus
902 1586 978 1613 supe-

183 1618 298 1646 rioribus
313 1619 347 1645 ad
361 1619 498 1652 inferiores
512 1620 681 1654 imperfectus
693 1625 731 1648 est
748 1628 757 1646 :
767 1622 891 1655 quoniant
906 1630 977 1656 eam,
993 1633 1014 1662 ο

183 1672 244 1690 cum
254 1664 288 1690 ad
299 1669 417 1691 centrum
430 1669 507 1692 terra:
517 1666 673 1700 pervenerit,
687 1666 767 1700 ﬁnem
779 1672 865 1693 motus
884 1667 979 1695 habere

183 1718 286 1737 necesse
293 1716 342 1737 est.
352 1710 531 1737 Consimiliter
540 1711 632 1746 siquid
641 1719 673 1739 ex
682 1712 864 1745 inferioriloco
872 1722 978 1741 sursum

183 1764 273 1784 tersus
286 1762 430 1788 moveatur,
446 1757 614 1791 imperfectus
629 1765 729 1792 quoque
750 1759 793 1785 Itic
817 1765 903 1786 motus
917 1761 976 1787 erit.

186 1800 259 1835 Ignis
274 1801 341 1827 enim
361 1807 406 1828 nul
427 1803 495 1829 aeris
510 1809 613 1837 partem
631 1803 657 1830 in
673 1804 775 1839 integra
787 1813 836 1832 sua
847 1807 978 1833 elementa

182 1847 300 1874 desinere
327 1856 429 1874 necesse
450 1853 498 1874 est.
523 1848 572 1875 llic
589 1857 647 1878 vero
668 1855 753 1876 motus
773 1859 826 1877 non
855 1852 881 1877 in
899 1853 977 1886 ﬁnem

183 1892 268 1919 ullum
289 1894 397 1927 desinit,
420 1895 484 1929 quin
506 1896 593 1927 potius
621 1896 674 1930 ipse
689 1896 724 1928 id,
753 1897 823 1931 quod
847 1899 976 1932 agitatur,

183 1940 296 1966 maxime
311 1941 424 1974 perﬁcit.
442 1940 531 1973 Quare
552 1941 626 1967 nullo
656 1941 731 1967 modo
747 1942 916 1976 imperfectus
931 1943 975 1969 di-

182 1984 280 2011 cendus
303 1991 352 2011 est.
369 1985 528 2020 [inperfecta
549 1986 656 2021 quidem
677 1992 716 2013 est
743 1992 835 2013 nostra
852 1988 976 2022 gignendi

183 2031 263 2062 ratio,
299 2031 511 2066 quandoquidem
546 2033 638 2067 faztum
671 2033 812 2068 perfractis
850 2036 974 2061 maternis

181 2077 294 2103 vinculis
320 2077 346 2103 in
377 2078 461 2104 lucem
484 2079 612 2111 exire,“
635 2078 714 2113 ﬁnem
744 2080 872 2107 nascendi
887 2080 974 2114 faccre

182 2129 282 2149 necesse
297 2127 347 2149 est.
366 2123 398 2149 At
411 2131 463 2149 non
480 2123 542 2150 item
565 2124 719 2157 imperfecta
741 2123 819 2151 Verbi
835 2124 883 2151 Dei
898 2133 974 2159 gene-

183 2167 262 2200 ratio,
278 2168 403 2202 quoniam
415 2167 488 2195 nullo
507 2168 560 2203 [ine
579 2169 817 2196 circumscribitur.
833 2167 973 2198 Enimrero

184 2213 334 2241 Aristoteles
357 2214 426 2242 inter
447 2219 532 2241 motus
549 2215 716 2250 imperfectas
742 2216 799 2242 εωίί
827 2218 973 2245 conversio-

183 2269 240 2287 nem
260 2261 453 2288 numerandam
476 2267 584 2289 censet:
608 2270 697 2289 verum
714 2262 899 2290 elementorum
912 2265 972 2298 qui-

1037 331 1087 357 It'lll
1103 337 1198 356 rursus
1215 334 1304 356 monte
1320 328 1439 362 concipit
1469 329 1548 356 licus.
1569 329 1633 356 Nam
1649 331 1821 364 opiliciorutn

1035 377 1144 411 quidam
1165 377 1285 403 rationes
1300 375 1371 410 apud
1392 376 1481 410 ipsum
1503 383 1611 410 scmp'r
1623 382 1713 410 erant,
1732 383 1824 413 utpote

1035 422 1114 450 sinml
1133 421 1225 449 Omnia
1258 428 1366 455 semper
1392 426 1606 453 cognoscenti-nt
1624 431 1639 463 _:
1663 427 1727 450 tunc
1758 433 1823 451 vero

1035 468 1127 495 animo
1149 468 1276 502 concepit
1295 467 1410 502 angelos
1428 467 1553 502 spiritus,
1575 468 1706 496 nimirum
1721 475 1750 497 ut
1774 478 1824 498 cos

1035 513 1210 548 produceret,
1226 513 1337 547 quando
1354 512 1412 546 jatn
1440 513 1630 540 conveniebat.
1650 513 1725 541 Mons
1738 515 1823 547 enim,

1035 558 1118 593 hujus
1133 558 1317 586 univcrsitatis
1334 565 1445 593 parens.
1461 559 1551 585 omnia
1565 560 1674 594 quidem
1688 562 1823 594 parturie-

1035 604 1081 632 bat
1099 613 1105 631 :
1123 609 1216 640 postca
1238 609 1327 632 autem
1340 605 1521 639 parturiti‘ono
1533 605 1578 632 illa
1592 607 1751 641 tempestivo
1764 615 1824 634 sesc

1035 649 1190 684 proferente
1219 651 1386 678 intellectilis
1413 651 1531 679 mundus
1555 652 1672 687 primum
1698 653 1822 681 detectus

1034 700 1076 723 est
1093 704 1099 722 :
1117 704 1148 723 ac
1160 697 1258 724 deinde
1272 697 1317 724 hic
1334 705 1367 724 ex
1378 698 1490 725 materia
1500 703 1526 725 ct
1543 698 1629 725 forma
1644 702 1823 730 constitutus.

1035 742 1173 776 quietiam
1191 743 1226 769 ob
1243 744 1314 770 banc
1330 751 1442 770 causam
1461 744 1611 772 materialis
1626 750 1653 772 ct
1669 748 1823 780 aspectabi-

1036 787 1069 815 lis
1085 788 1194 816 dicitur.
1221 789 1371 816 Estautcnt
1390 790 1520 821 mundus.
1548 795 1577 818 ut
1598 791 1687 826 inquit
1709 800 1824 827 magnus

1002 839 1005 844 ‘
1034 835 1160 867 Basilius,
1178 840 1278 863 stante
1294 844 1355 863 eum
1374 837 1544 869 Aristoteles,
1570 839 1770 871 coagmentatio
1792 847 1823 865 ex

1034 882 1106 909 coelo
1128 885 1156 909 et
1173 885 1244 909 terra
1264 883 1424 915 naturisque
1456 883 1628 911 intormediis
1650 891 1656 910 :
1675 888 1704 911 ιιι
1732 890 1823 912 autent

1034 927 1207 955 Nazianzeno
1226 928 1325 963 placet,
1345 928 1426 956 etiam
1443 931 1644 965 coagmentatio
1661 937 1687 958 et
1709 939 1823 959 concre-

1035 974 1084 1001 tio.
1098 974 1304 1009 Coagm‘enlatio
1319 975 1439 1010 quidem,
1459 981 1488 1003 ut
1501 984 1533 1003 cx
1551 977 1594 1004 bis
1616 977 1784 1005 constitutus
1798 983 1826 1005 et

1034 1021 1157 1056 expletus
1171 1030 1178 1054 ;
1196 1022 1336 1049 concretio
1352 1025 1463 1054 autem;
1478 1022 1555 1056 quasi
1578 1023 1729 1057 permistio,
1757 1031 1824 1059 pro-

1034 1070 1094 1101 pter
1108 1066 1241 1094 elementa
1255 1075 1315 1102 qua:
1336 1075 1389 1094 tton
1406 1068 1492 1095 solum
1510 1068 1620 1104 propria
1642 1070 1700 1096 loca
1713 1069 1823 1103 habent,

1034 1112 1080 1138 sed
1093 1112 1164 1140 inter
1179 1120 1208 1141 se
1223 1121 1333 1148 quoque
1350 1114 1572 1141 commiscentur.
1585 1114 1719 1148 Quoniam
1732 1121 1822 1143 autem

1034 1158 1166 1193 quidquid
1181 1159 1318 1192 laudatur,
1340 1159 1380 1187 vol
1408 1160 1558 1187 secundum
1574 1157 1711 1196 propriam
1742 1166 1822 1188 natu-

1035 1210 1092 1230 ram
1108 1203 1245 1236 laudatur,
1261 1204 1304 1232 vel
1324 1205 1475 1232 SI‘ClIlItIUIn
1504 1205 1662 1232 relationem
1690 1213 1771 1241 quant
1788 1205 1821 1232 ad

1033 1249 1147 1277 alterum
1160 1250 1288 1285 quitldam
1307 1250 1398 1283 habet,
1411 1251 1513 1279 idcirco
1526 1251 1680 1286 ’l‘bcologus
1691 1252 1821 1279 mundum

1035 1297 1160 1324 laudibus
1181 1297 1293 1330 vehens,
1312 1306 1421 1324 omnem
1433 1298 1437 1302 ”
1451 1298 1566 1325 cncnlttii
1599 1303 1724 1325 naturam
1742 1303 1818 1324 sum~

1033 1343 1126 1370 malim
1159 1343 1320 1378 complexus
1342 1347 1394 1376 cst,
1411 1351 1472 1372 cum
1502 1344 1581 1376 dixit,
1604 1348 1707 1378 partem
1726 1351 1825 1369 unam-

1032 1397 1168 1424 quamque
1196 1389 1301 1422 mundi,
1324 1393 1352 1417 et
1374 1396 1423 1425 per
1450 1397 1479 1417 sc
1507 1389 1672 1416 laudabilem
1697 1396 1768 1421 esse,
1795 1394 1823 1416 ct

1032 1435 1238 1469 concinnitatis,
1267 1443 1321 1470 qua
1338 1443 1400 1463 cum
1415 1435 1503 1463 altero
1517 1435 1612 1470 juncta
1630 1439 1682 1466 cst,
1705 1435 1822 1462 ratione.

1032 1481 1064 1508 Et
1081 1481 1191 1516 quidem
1223 1481 1417 1509 concinnitatis
1439 1481 1522 1508 verbo
1539 1481 1711 1508 demonstrat
1731 1485 1824 1515 partes

1031 1527 1127 1554 mundi
1161 1534 1335 1562 nequaquam
1364 1527 1436 1554 inter
1464 1534 1493 1554 se
1508 1526 1671 1554 adversari:
1695 1534 1744 1560 per
1755 1534 1823 1554 cor:-

1031 1577 1142 1599 ccntum
1175 1573 1371 1605 autem,docet
1390 1580 1445 1599 non
1466 1573 1546 1600 modo
1562 1571 1615 1600 sibi
1635 1572 1750 1599 invicem
1770 1578 1824 1599 nor.

1033 1618 1157 1644 atlvcrsat
1167 1617 1185 1649 i,
1196 1617 1242 1644 sed
1257 1617 1444 1652 pulcherrime
1459 1619 1539 1645 etiam
1551 1619 1622 1646 inter
1631 1625 1661 1646 se
1674 1618 1823 1646 cohaerere.

1031 1662 1237 1690 Connectuntur
1253 1663 1327 1690 enim
1348 1663 1401 1690 alla
1418 1663 1491 1695 aliis,
1508 1669 1539 1691 ac
1562 1664 1685 1691 suaviter
1702 1668 1730 1691 ct
1747 1669 1822 1690 tran-

1030 1709 1115 1742 quillo
1149 1710 1366 1736 conminuit-ant.
1407 1709 1643 1742 Quemadmodum
1680 1709 1753 1736 enim
1792 1709 1821 1737 in

1030 1751 1136 1780 cithara
1176 1762 1208 1781 ex
1227 1755 1343 1781 diversis
1366 1755 1474 1789 quidem
1502 1755 1619 1788 ﬁdibus,
1642 1761 1772 1782 ca-ta-rum
1788 1758 1820 1783 ad

1031 1800 1112 1826 unius
1127 1800 1270 1826 cantilena:
1281 1801 1428 1834 perfectam
1440 1801 1654 1828 modulationem
1672 1802 1820 1829 concinen-

1030 1844 1114 1876 tibus,
1139 1844 1284 1870 harmonia
1299 1844 1444 1871 conlicitur
1467 1853 1473 1870 :
1493 1845 1587 1871 eodem
1614 1847 1695 1871 modo
1720 1845 1746 1871 in
1771 1845 1822 1872 hoc

1032 1890 1135 1917 mundo
1152 1889 1266 1917 divorsa:
1283 1890 1395 1924 quidem
1408 1894 1472 1917 sunt
1490 1890 1607 1924 species,
1625 1890 1671 1917 sed
1685 1895 1774 1917 tamen
1787 1891 1822 1917 ad

1029 1936 1110 1969 hujus
1125 1936 1352 1970 complementum
1368 1935 1519 1964 concordes
1532 1941 1557 1963 ct
1569 1943 1709 1969 COHSOil'rP.
1722 1935 1818 1963 Omnia

1028 1982 1100 2008 enim
1114 1982 1167 2016 ipsi
1180 1985 1380 2016 congruentem
1402 1981 1546 2008 utilitatem
1564 1981 1695 2016 praebent,
1715 1986 1742 2008 ct
1757 1981 1821 2009 licet

1029 2028 1108 2055 locali
1125 2029 1178 2055 situ
1191 2027 1320 2055 distincta
1335 2027 1400 2060 sint,
1411 2031 1442 2054 ut
1457 2027 1601 2059 elementa,
1613 2032 1703 2053 tanton
1718 2034 1820 2062 cogna-

1029 2073 1063 2099 tis
1077 2072 1256 2099 relationibus
1272 2072 1344 2099 inter
1360 2079 1390 2099 se
1408 2079 1533 2099 connexa
1552 2076 1578 2099 ct
1597 2076 1725 2099 coacreta
1743 2078 1817 2104 sunt,

1026 2120 1077 2146 alia
1092 2127 1120 2146 ro
1135 2119 1260 2147 videlicet
1275 2119 1308 2146 ad
1323 2119 1397 2146 aliud
1415 2119 1542 2153 quiddam
1557 2119 1817 2154 pulchrequadtan-

1026 2171 1062 2198 te,
1094 2171 1166 2193 terra
1203 2166 1333 2193 nimirum
1365 2173 1427 2193 cum
1448 2172 1519 2200 aqua
1547 2165 1720 2200 (utriusque
1744 2166 1816 2192 enim

1026 2213 1180 2240 communis
1203 2217 1245 2240 cst
1262 2212 1393 2248 gravitas,
1418 2217 1445 2239 et
1463 2211 1597 2246 lrigiditas
1612 2210 1622 2247 )
1638 2220 1645 2238 :
1662 2219 1732 2244 aqua
1758 2219 1818 2238 ntr-

1026 2265 1087 2285 sum
1104 2266 1166 2285 cutn
1186 2265 1249 2285 aere
1265 2258 1419 2293 (perspicua
1437 2257 1510 2285 enim
1536 2263 1618 2291 atque
1647 2257 1757 2284 humida
1778 2261 1820 2285 est

180 2307 240 2333 clem
268 2311 354 2333 motus
385 2307 551 2342 imperfectos
573 2316 629 2334 esse
653 2309 777 2341 asseruit,
796 2309 854 2335 coeli
884 2315 972 2336 autent
990 2315 1010 2342 D
1027 2312 1109 2338 ειιιυτι,
1130 2304 1361 2338 quemadmodum
1377 2308 1403 2330 ει
1419 2304 1498 2338 881‘):
1517 2310 1579 2330 aere
1604 2303 1666 2330 item
1682 2311 1743 2330 Cum
1757 2303 1818 2338 igne

181 2360 279 2381 motum
307 2355 462 2390 perﬁciendi
493 2357 580 2389 potius
596 2358 714 2392 corporis
739 2357 782 2384 sui
806 2358 857 2384 vim
878 2358 973 2384 habere

181 2402 372 2434 pronuntiavit.
403 2401 491 2434 Quam
519 2408 607 2428 autent
635 2410 743 2428 causam
768 2402 869 2436 a/fert?
901 2402 972 2434 Quo-

181 2447 263 2478 niam,
281 2447 376 2482 inquit,
389 2449 504 2482 lapidem
525 2449 658 2483 agitatum
684 2448 719 2474 ad
748 2453 845 2475 terram
873 2449 971 2480 delabi,

180 2497 204 2519 et
222 2501 309 2519 aerem
334 2494 360 2520 in
378 2494 442 2520 locis
475 2496 598 2522 concavis
628 2495 762 2522 inclusum
783 2496 816 2522 ad
843 2496 972 2530 integrant

181 2546 257 2564 suum
272 2539 428 2565 elementum
444 2539 544 2574 sttbrt'gi
567 2546 679 2574 oportet.
703 2543 738 2568 Αι
767 2541 870 2572 εαῖιμιιι,
897 2542 972 2576 ﬁnito

183 2590 263 2615 motu.
284 2593 334 2619 quo
347 2585 452 2611 tandem
468 2585 525 2612 loco
543 2588 690 2615 consistet?

216 2631 275 2657 Col.
289 2631 340 2657 650
355 2630 384 2657 C.
404 2630 448 2656 Sic
463 2631 546 2664 igitur
565 2638 644 2666 atque
668 2632 699 2658 ob
716 2632 764 2659 ltus
787 2641 882 2659 causas
897 2640 972 2658 intut-

180 2677 230 2702 dus
249 2676 282 2708 is,
304 2681 358 2702 etc.
378 2675 434 2707 Sic,
448 2676 546 2709 inquit,
569 2676 594 2702 id
614 2681 666 2707 cst,
684 2685 770 2711 primo
782 2678 876 2704 ordine
891 2681 972 2711 atque

180 2723 212 2748 ad
228 2729 309 2748 unatn
341 2721 550 2755 Cogitationem.
577 2727 603 2747 et
634 2722 692 2748 sola
715 2723 842 2749 bonitate
858 2723 970 2754 ductus,

180 2767 289 2802 ειτνευιοε
300 2766 413 2794 creavit.
433 2767 547 2794 Modesti
564 2771 656 2793 autem
672 2767 792 2796 hominis
810 2773 853 2795 est
867 2769 970 2801 dicere,

180 2819 313 2848 quantum
332 2813 443 2848 quidem
469 2812 574 2847 ipsode
604 2813 646 2840 itis
677 2814 760 2840 rebus
784 2814 970 2848 philosthari

179 2868 261 2894 queo.
289 2859 368 2894 cujus
395 2867 456 2886 cum
488 2867 570 2894 parva
598 2863 625 2886 et
660 2859 793 2886 imbecilla
812 2860 847 2887 sit
869 2861 969 2892 oratio,

181 2915 278 2941 magna
307 2911 398 2933 tamen
431 2910 457 2933 ct
485 2906 570 2933 ardua
603 2906 694 2933 metiai
725 2911 805 2941 atquo
825 2908 970 2941 exquirere

180 2954 347 2989 aggreditur.
372 2953 430 2982 Hoc
450 2953 522 2982 enim
553 2953 693 2989 signiﬁcat
718 2954 831 2982 vetbunt
846 2955 968 2989 σταθμᾶ-

1026 2351 1082 2377 sive
1102 2358 1164 2376 cum
1183 2350 1285 2377 aethere
1307 2359 1313 2377 :
1340 2349 1429 2376 calida
1456 2350 1528 2376 enim
1556 2353 1582 2375 et
1600 2349 1667 2376 levia
1685 2349 1740 2375 haec
1760 2348 1817 2376 ele-

1026 2399 1118 2422 menta
1135 2399 1210 2422 sunt.
1229 2394 1318 2429 Atque
1334 2394 1426 2421 omnia
1441 2393 1558 2420 invicem
1576 2393 1610 2420 ad
1634 2393 1728 2420 mundi
1748 2400 1817 2420 con-

1024 2442 1195 2468 stitutionem
1225 2441 1278 2468 sibi
1309 2444 1406 2467 mutuo
1440 2439 1598 2472 conferunt,
1634 2442 1716 2467 etiam
1757 2448 1816 2474 quac

1025 2488 1141 2514 maxime
1161 2487 1298 2514 contraria
1316 2487 1453 2514 videntur.
1470 2485 1539 2513 Nam
1567 2485 1640 2521 quod
1654 2485 1710 2513 ait:
1727 2487 1816 2520 Atque

1023 2533 1150 2560 omnibus
1180 2533 1213 2560 ad
1231 2533 1335 2566 omnia,
1351 2532 1392 2560 sic
1415 2532 1562 2566 intelliges.
1581 2531 1813 2564 Quemadmodum

1024 2580 1050 2607 in
1064 2586 1134 2607 terra
1152 2588 1206 2608 non
1229 2580 1319 2607 solum
1335 2583 1378 2607 est
1403 2579 1514 2607 siccitas
1541 2583 1568 2606 et
1593 2578 1743 2611 crassities,
1766 2579 1814 2605 sed

1024 2626 1106 2652 etiam
1127 2626 1236 2656 hutnor,
1264 2630 1291 2652 et
1309 2633 1366 2657 aer,
1382 2630 1464 2660 atque
1480 2624 1561 2652 etiam
1580 2624 1652 2660 ignis
1663 2633 1672 2651 :
1688 2624 1728 2651 sic
1743 2630 1769 2651 et
1786 2624 1813 2651 in

1024 2679 1106 2706 aqua,
1126 2676 1153 2698 ct
1169 2671 1282 2705 reliquis
1305 2671 1461 2702 cletnentis,
1479 2670 1571 2698 omnia
1591 2671 1723 2705 reperies.
1743 2670 1812 2704 Ergo

1024 2720 1057 2750 si,
1090 2719 1131 2746 vel
1156 2719 1304 2754 separatim
1336 2717 1554 2752 unumquodque
1583 2717 1813 2748 considet'averh,

1026 2765 1069 2792 vcl
1099 2771 1220 2792 mutuam
1246 2765 1407 2791 relationem
1433 2771 1486 2798 qua
1516 2764 1587 2790 inter
1611 2770 1642 2790 se
1666 2764 1812 2797 quadrent,

1024 2817 1081 2839 ttttn
1099 2812 1290 2842 excellentem,
1307 2811 1409 2845 inquit,
1423 2809 1548 2837 omnium
1577 2808 1742 2839 mistionem,
1754 2814 1810 2834 tum

1023 2859 1096 2885 omni
1116 2859 1240 2885 oratione
1271 2857 1491 2892 praestantiorem
1518 2855 1722 2882 distinctionem
1752 2862 1813 2881 esse

1023 2904 1294 2939 pcrspicics.Vetum
1321 2909 1349 2931 ut
1375 2903 1409 2930 ad
1444 2903 1599 2930 institutum
1629 2907 1809 2932 revertantur,

1024 2952 1104 2986 Deus,
1122 2950 1287 2986 itttclligzbili
1303 2952 1423 2979 essentia
1451 2955 1555 2983 creata,
1576 2949 1628 2977 ltoc
1655 2954 1707 2981 cst,
1729 2948 1813 2975 Ctxltt-
