2027 3162
231 203 241 235 1
248 203 299 235 327

938 209 1128 242 ΛΒΠΕΝΒᾹ.

1784 216 1858 248 1528

227 262 300 288 tibus
318 259 465 287 virtutibus
483 263 508 286 et
539 259 688 291 ordinibus,
721 259 877 287 sensibilcm
903 269 1013 296 quoque
1030 267 1050 294 Α
1067 269 1126 290 runt
1143 273 1173 290 ac
1188 265 1314 293 distinctu
1331 272 1403 295 sunt.
1421 268 1505 296 Porro
1516 271 1608 297 mentis
1619 279 1712 298 nomen
1731 281 1860 300 nonnun-

227 312 352 334 naturam
367 305 498 337 conlidit,
514 305 611 332 coelum
626 305 749 332 videlicet
767 313 799 332 ae
813 311 926 339 terram,
942 312 968 334 ct
983 315 1014 335 ca

226 362 288 389 qme
313 355 354 380 his
370 352 554 381 continentur.
583 355 609 378 ul
628 353 785 379 ostenderet
812 360 842 380 se
864 361 918 380 non
935 355 1014 380 modo

226 404 368 434 cognatam
393 404 420 424 et
445 397 625 431 propinquam
667 397 717 424 sibi
749 403 872 425 naturam
905 399 1013 426 efﬁcere

227 451 307 479 posse
325 443 455 477 (congrua
473 447 562 469 autem
578 447 605 469 et
621 448 741 477 cognata
759 443 812 471 Deo
832 450 871 471 est
890 453 933 476 ea,
954 453 1013 480 quae

225 490 359 516 rationem
373 488 466 518 habet.
481 494 562 522 atque
587 489 726 516 intellectu
745 492 805 517 solo
820 491 1012 524 compreln-ndi

226 534 325 569 potest)
343 542 348 560 :
366 534 412 560 sed
430 539 457 561 et
477 534 634 568 longissime
652 541 797 568 semotam,
813 544 872 563 eam
895 537 1011 570 scilicet,

223 588 284 615 qua:
304 580 355 607 sub
372 587 483 607 sensum
500 581 583 613 cadit,
606 589 638 608 ac
654 583 829 616 potissimum
846 591 906 617 qua:
922 583 1012 610 anima

224 631 306 653 caret.
325 625 487 661 Quanquam
502 627 574 653 enim
589 628 680 654 omnia
696 627 796 654 divina:
813 629 943 656 bonitatis
959 630 1011 656 ali-

223 672 287 707 quid
308 673 434 705 habeam,
447 677 537 699 ta:ncn
557 681 617 707 qtue
638 673 692 701 vita
710 679 814 706 carent,
834 675 966 702 hactenus
981 684 1010 702 ea

222 719 353 745 fruuntur
372 718 444 753 quod
464 723 546 751 sunt;
566 719 716 746 animantia
746 725 848 752 autem,
875 726 1011 755 quatenus

221 771 247 791 rt
271 769 344 796 sunt,
366 769 392 791 ct
415 764 498 790 \itam
517 764 636 796 habent;
664 765 746 792 homo
767 773 843 800 vero,
876 772 1011 801 qualt'nus

221 816 248 835 ιιι
269 811 336 841 brc,
360 815 386 836 ct
410 809 543 836 rationem
572 809 684 844 ittsuper
711 811 811 843 habet;
845 817 870 838 at
898 812 1011 846 angelus

222 855 402 890 propinquior
419 856 509 884 adhuc
529 860 572 883 est
599 855 665 888 Deo,
683 857 782 891 quippe
807 857 1008 890 intellectualis,

220 909 245 930 ιιι
264 904 321 930 sola
339 908 430 930 mente
441 903 637 938 perceptibilis.

1065 318 1143 344 quant
1159 311 1190 337 dc
1204 313 1293 338 attinnt
1310 322 1410 348 quoque
1424 316 1492 348 ipsa,
1505 322 1528 342 ct
1546 318 1757 351 iltft'lltgtbtlibtts
1774 327 1861 347 natu-

1065 355 1114 386 ris,
1126 364 1184 390 qnw
1198 365 1254 383 eam
1272 366 1406 393 superant,
1420 363 1580 394 prwttirntur
1592 371 1600 388 .'
1620 364 1752 391 interdum
1765 371 1861 392 autem

1064 403 1167 436 proprie
1183 404 1214 430 de
1229 405 1343 438 simplici
1362 411 1440 441 atque
1456 408 1609 436 indirisibili
1627 415 1725 437 natura
1743 412 1859 444 dicitur,

1065 452 1092 473 ut
1111 447 1158 474 hoc
1177 448 1243 475 loco.
1261 449 1386 478 Nondum
1402 453 1470 479 enim
1488 455 1579 481 anima
1601 460 1669 488 erat,
1684 458 1860 492 quandoqui-

1064 493 1121 520 dem
1138 503 1183 521 nec
1197 495 1282 523 homo.
1298 497 1386 524 Missa:
1404 500 1472 525 enim
1488 501 1554 533 ﬁant
1574 505 1710 529 naturales
1723 504 1764 531 Ita:
1776 510 1861 539 atque

1063 543 1222 574 regetativw,
1245 551 1303 577 qua:
1327 544 1469 578 improprie
1500 548 1597 574 anima.-
1625 557 1719 576 nomcu
1750 551 1859 577 sortilm

1063 592 1135 612 sunt.
1152 589 1246 614 .luima
1261 589 1388 624 sit/uident
1407 593 1442 618 ris
1470 600 1507 619 est
1523 595 1642 628 organici
1662 604 1755 630 corpor
1768 606 1779 623 ε
1797 606 1806 623 :
1823 606 1858 624 ac

1062 637 1160 668 plnum:
1179 644 1346 672 nequaquam
1375 646 1435 666 sunt
1462 644 1605 675 organirw,
1633 645 1678 670 sed
1714 648 1858 673 naturales

1062 679 1204 706 duntaxat.
1221 680 1295 712 Quod
1317 688 1403 709 autem
1429 692 1538 712 mentem
1555 694 1657 714 onmem
1686 697 1717 714 ac
1746 698 1856 717 sensum

1063 732 1164 750 omnem
1180 734 1195 751 a
1226 728 1313 760 prima
1329 734 1414 755 mente
1428 736 1568 762 procreata
1589 740 1643 758 esse
1667 735 1715 766 ait,
1746 743 1857 769 carpere

1062 771 1272 798 atqueinscctari
1287 773 1349 799 mihi
1365 775 1413 800 hoc
1429 775 1485 802 loco
1497 777 1610 808 ridetur,
1626 787 1683 805 cum
1701 780 1856 809 I'Iutonit-us

1061 815 1231 849 imposturas,
1253 822 1307 844 tum
1333 827 1365 845 ea
1377 827 1435 853 qua:
1456 820 1620 850 Jamblichus
1646 829 1670 850 et
1687 825 1856 861 Porphyrius

1061 865 1083 885 et
1106 859 1216 887 Proclus
1238 863 1269 889 tle
1286 863 1434 890 cmlestibus
1456 866 1567 899 spho’ris
1588 876 1651 895 vom.-
1669 877 1746 902 atque
1767 873 1855 906 inepte

1061 902 1252 932 disseruerunt.
1290 905 1385 934 Omnia
1418 909 1499 941 enim,
1528 918 1586 944 qute
1616 912 1679 939 luna
1712 917 1854 948 superiora

256 949 314 976 Col.
330 948 382 976 650
409 950 438 976 l).
456 949 595 976 Enimvero
619 958 691 977 mens
708 950 767 984 jam
791 957 815 978 et
837 959 938 984 sensus,
955 957 1005 979 etc.

1063 954 1135 980 sunt,
1157 950 1247 976 anima
1263 952 1377 985 pra-(lita
1391 961 1448 980 esse
1465 957 1684 988 pronuntiarunt.
1705 959 1854 997 Theologus

219 994 272 1021 l’cr
287 999 403 1022 mentem
423 995 474 1022 hoc
484 995 544 1022 loco
569 996 766 1031 intelligibilem
794 998 935 1030 mundum,
957 999 1008 1025 hoc

219 1042 260 1066 'cst
273 1039 397 1074 angelos,
419 1040 569 1074 signiﬁcat;
590 1049 636 1075 per
652 1049 762 1068 sensum
776 1048 877 1075 autem,
891 1043 991 1070 scusibi
1002 1061 1009 1064 ‹

220 1086 287 1116 lem.
302 1086 394 1121 aitque
409 1094 415 1113 :
441 1086 472 1113 lli
490 1087 544 1114 duo
563 1087 656 1114 mundi
673 1087 742 1115 inter
764 1096 792 1116 se
807 1089 916 1116 discreti
939 1090 1007 1117 intra

219 1134 344 1168 proprios
357 1133 422 1160 lines
431 1133 630 1167 consistebant,
641 1134 691 1162 hoc
702 1139 754 1167 est,
769 1136 899 1169 peculiari
915 1137 1007 1170 modo,

218 1184 301 1214 atquo
325 1179 493 1214 iutpertniste
518 1180 614 1213 creati.
634 1186 739 1208 natum
758 1189 814 1209 sua:
831 1183 900 1210 lines
921 1183 1008 1210 haud-

219 1233 357 1260 quaquam
384 1226 563 1254 cxcedebaut.
592 1225 719 1254 Manebat
736 1227 808 1254 enim
838 1229 1007 1256 intellectilis

219 1275 338 1300 mundus
351 1274 377 1300 itt
397 1282 447 1300 suo
464 1273 527 1306 ﬁne,
546 1274 675 1301 nimirum
692 1275 899 1303 utintellectilis
919 1277 1006 1304 solum

219 1323 293 1345 esset
318 1328 324 1345 :
352 1326 383 1346 ae
415 1327 510 1346 rursus
535 1320 673 1347 sensibilis
702 1321 727 1346 in
753 1328 803 1348 sua
831 1324 968 1356 permatth
981 1328 1007 1349 at

220 1369 327 1397 natura,
343 1368 504 1398 tantumque
524 1365 663 1392 sensibilis
693 1371 762 1393 erat.
789 1366 875 1394 Porro
894 1373 1007 1402 uterque

220 1409 350 1437 bonitatis
363 1416 389 1437 ct
403 1411 530 1444 potentiae
551 1410 610 1437 Filii
631 1411 676 1439 Dei
694 1413 826 1440 creatoris
841 1414 882 1440 sui
902 1416 1006 1449 magni-

221 1457 357 1483 tit-entiam
386 1456 412 1482 in
428 1457 519 1491 seipso
537 1457 641 1484 ferebat
672 1462 754 1492 atque
775 1460 948 1491 ostendebat,
975 1467 1007 1486 ac

221 1509 268 1535 per
288 1503 522 1530 constructionem
537 1503 578 1531 sui
593 1508 674 1538 atque
691 1505 813 1532 ordinem
829 1506 917 1532 tat-itis
932 1506 1005 1532 κ·ουὶ-

219 1549 270 1574 bus
290 1549 412 1583 opilicem
430 1550 605 1584 priedicabat,
636 1550 714 1584 juxta
738 1551 803 1578 illttd
822 1552 907 1579 :Cwli
926 1560 1005 1578 enar-

218 1599 278 1620 runt
299 1594 414 1629 gloriam
439 1595 539 1628 Dei“;
556 1600 639 1630 atque
666 1597 747 1623 etiam
778 1598 855 1631 juxta
878 1598 903 1624 id
930 1599 1002 1632 quod

217 1639 349 1673 scriptum
364 1644 405 1666 cst
423 1640 450 1666 in
482 1640 551 1666 libro
568 1640 715 1674 Sapientia:
732 1650 738 1667 :
755 1641 796 1668 Ea:
823 1642 1005 1676 magnitudine

216 1688 241 1711 et
296 1685 493 1719 pulchritudine
540 1693 628 1712 rerum
670 1692 844 1718 acutarum,
893 1686 1006 1714 collatus

217 1739 277 1757 cum
314 1731 350 1757 eis
377 1739 469 1757 earum
501 1731 617 1765 effector,
649 1740 680 1758 ac
719 1733 867 1764 fabricator
900 1734 1006 1768 conspi—

216 1776 328 1804 citur".
352 1775 435 1811 Igitur
463 1776 489 1803 hi
515 1776 569 1803 duo
596 1778 688 1804 mutuli
720 1779 789 1805 inter
817 1787 846 1807 se
875 1779 1005 1815 disjuneti

216 1827 295 1851 erant
310 1830 342 1849 ac
360 1823 573 1856 circumscripti.
592 1822 720 1851 Nondum
744 1829 834 1852 autem
862 1826 1006 1861 utriusque

216 1873 461 1902 temperamentum
500 1869 585 1895 ullum
618 1874 686 1902 erat,
719 1875 766 1897 aut
804 1872 1005 1900 contrariorum

217 1914 342 1940 tuistura.
374 1913 517 1940 Contraria
553 1915 624 1941 enitn
657 1921 721 1942 sunt
743 1923 820 1942 tuens
844 1922 871 1943 et
896 1925 1004 1949 sensus.

214 1958 298 1993 idque
315 1959 388 1993 quod
404 1960 517 1987 materia
536 1964 651 1992 constat,
661 1965 686 1987 et
702 1961 774 1995 quod
790 1962 902 1989 materia
919 1967 1002 1990 caret.

214 2003 318 2032 Idcirco
334 2011 424 2032 autent
441 2006 640 2039 temperamenti
670 2007 753 2034 verbo
780 2015 846 2036 usus
874 2013 926 2042 est,
940 2011 1004 2044 quia

213 2058 262 2085 per
284 2058 392 2078 omnem
417 2052 537 2078 hominis
558 2052 641 2079 vitam
662 2053 771 2080 animus
796 2061 811 2080 a
828 2062 941 2089 corpore
962 2057 1002 2083 di-

205 2097 267 2124 .vidi
282 2101 309 2123 et
325 2097 448 2131 separari
480 2104 534 2123 tton
554 2102 652 2131 potest.
679 2096 803 2125 Misturw
826 2107 891 2126 vero
907 2108 1003 2127 nomen

213 2142 322 2176 adjecit,
348 2146 459 2176 propter
487 2150 547 2169 eam
580 2144 780 2177 separationem
812 2153 894 2179 quam
925 2153 1000 2174 mors

215 2189 301 2216 aﬂ'ert.
324 2189 390 2215 Nam
418 2196 478 2223 qua:
500 2194 698 2223 temperantur.
718 2192 920 2225 separationem
951 2201 1001 2220 ne-

214 2235 317 2267 sciunt,
336 2234 469 2261 utvinum
489 2238 514 2261 et
537 2242 606 2269 aqua
625 2243 631 2261 :
653 2243 713 2269 quae
727 2241 818 2264 autent
841 2238 1002 2271 miscentur,

212 2285 327 2315 possunt
349 2281 481 2315 separari,
513 2286 543 2307 ut
572 2281 694 2308 triticuut
714 2286 740 2309 ct
758 2282 900 2311 hordeum.
919 2284 1000 2312 Porro

214 2326 271 2352 lucc
289 2325 490 2353 contrariorum
510 2326 625 2354 mistura
651 2327 763 2362 majoris
789 2329 930 2363 sapientia:
952 2331 1000 2358 Dei

213 2371 322 2405 signum
335 2370 441 2398 editura
456 2375 527 2403 erat,
542 2377 624 2406 atque
638 2378 798 2407 argumento
812 2373 915 2408 futura,
928 2375 1001 2410 quod

213 2417 305 2444 varias
314 2417 395 2444 etiant
411 2422 438 2444 et
454 2417 618 2452 ntultiphccs
636 2423 749 2446 naturas
767 2420 877 2447 ellicere
900 2427 1002 2455 posset,

214 2470 245 2489 ac
262 2461 379 2494 profusa:
393 2462 480 2496 ipsius
493 2462 624 2490 bonitatis
639 2463 776 2498 specimen
792 2464 956 2494 exhibitura.

248 2505 377 2532 PsELLus.
394 2504 470 2532 Mens
498 2510 524 2532 et
548 2513 655 2534 sensus.
674 2506 812 2534 Pat‘enlem
834 2509 913 2542 huius
940 2511 999 2536 uni~

212 2551 345 2577 vet-sitatis
358 2550 481 2577 sclectam
510 2557 532 2578 et
564 2552 708 2586 principem
738 2559 850 2580 mentem
877 2563 943 2588 esse,
960 2556 999 2583 vel

212 2596 298 2629 potius
313 2596 407 2627 Deum,
423 2602 446 2623 et
465 2596 578 2630 Bonum,
597 2603 620 2624 et
639 2597 736 2630 Unum,
754 2601 840 2626 omnia
853 2609 910 2634 qua:
925 2607 997 2635 sunt,

212 2645 236 2666 ct
258 2641 322 2667 nihil
334 2649 423 2667 eorum
437 2649 495 2676 qua:
512 2648 582 2674 sunt,
595 2650 617 2669 et
641 2651 720 2678 supra
735 2652 765 2671 ea
777 2653 834 2680 quw
846 2651 919 2679 sunt,
932 2653 955 2673 et
972 2648 998 2673 in

212 2685 246 2712 iis
262 2692 320 2720 qua:
338 2690 398 2711 sunt
421 2686 614 2714 existimamus.
631 2687 699 2722 Ergo
725 2689 752 2715 in
772 2690 820 2716 hoc
841 2699 891 2717 uno
909 2693 997 2718 omnia

211 2732 325 2764 inm‘uttl,
344 2736 397 2758 tam
412 2732 588 2764 iutcllectilia,
604 2742 683 2768 quant
699 2735 819 2767 sensilia,
835 2744 880 2762 nec
892 2745 997 2771 separa-

212 2776 267 2808 tim,
285 2785 330 2802 ncc
351 2776 468 2811 confuse.
489 2777 578 2812 Neque
604 2787 682 2810 enim,
705 2786 731 2806 ut
756 2780 814 2812 illa,
832 2782 877 2807 sed
894 2787 921 2807 ut
940 2782 995 2814 ille,

211 2822 362 2855 hujusmo.'i
381 2825 444 2850 auio
469 2830 537 2852 erat.
571 2823 659 2858 Igitur
680 2833 738 2851 cum
760 2827 849 2853 omnia
880 2827 905 2853 in
927 2827 993 2860 Uno,

210 2869 278 2900 quod
297 2875 358 2895 ante
370 2871 459 2896 omnia
473 2875 521 2901 est,
541 2870 620 2897 simul
636 2875 733 2903 essent,
751 2877 841 2906 postea
861 2880 997 2907 processe-

247 2928 268 2942 “"
285 2928 358 2956 Psal.
377 2937 454 2964 xvnt,
473 2932 497 2958 1.
538 2932 634 2967 "Sap.
655 2940 714 2966 xm,
734 2933 759 2960 5.

800 2935 820 2950 ³⁸
841 2934 908 2963 Gen.
927 2944 956 2971 tt,
974 2937 1001 2965 7.

1063 1000 1150 1022 autent
1167 999 1281 1023 nondum
1300 1000 1433 1026 exstitisse
1463 1002 1582 1029 animum
1600 1005 1684 1037 docet,
1710 1015 1769 1034 cum
1794 1009 1854 1042 jam.

1063 1041 1170 1074 spha’rw
1188 1050 1276 1070 omnes
1292 1050 1388 1071 crcato'
1409 1053 1506 1074 essent.
1523 1047 1584 1075 Jum
1614 1058 1672 1078 vero
1689 1053 1731 1078 hic
1753 1055 1856 1088 opiﬁcii

1063 1094 1156 1113 moaus
1179 1088 1297 1115 diversus
1322 1095 1359 1116 est
1377 1091 1409 1117 ab
1427 1100 1468 1124 eo,
1491 1101 1567 1127 quem
1590 1095 1675 1124 Crteci
1704 1099 1852 1135 philosophi

1062 1132 1244 1161 introducunt.
1263 1135 1333 1162 Nam
1360 1137 1412 1168 illi,
1439 1146 1485 1165 nec
1516 1140 1618 1174 Deum,
1640 1152 1686 1170 nec
1715 1151 1849 1180 naturam,

1062 1178 1211 1206 imntediate
1224 1181 1365 1216 quidquam
1380 1184 1466 1216 facere
1482 1193 1613 1221 asserunt,
1634 1197 1665 1216 ac
1681 1192 1790 1225 proinde
1805 1201 1850 1220 nec

1061 1229 1118 1257 post
1132 1231 1244 1252 mentem
1263 1228 1384 1261 protinus
1412 1239 1517 1258 sensum
1534 1233 1655 1268 gignunt,
1672 1237 1717 1263 sed
1736 1239 1851 1272 primum

1061 1269 1214 1299 tlciformcm
1232 1278 1352 1304 mentem,
1368 1275 1461 1302 deinde
1476 1279 1677 1313 particularem,
1691 1291 1737 1310 nec
1753 1285 1851 1311 divina?

1062 1317 1156 1342 utentis
1175 1319 1342 1352 participem,
1367 1327 1423 1353 post
1446 1323 1561 1350 animum
1588 1329 1681 1354 mentis
1695 1336 1850 1365 compotem,

1062 1364 1116 1386 lunt
1136 1362 1288 1396 simpliciter
1308 1366 1435 1399 animant,
1452 1374 1542 1400 postea
1560 1376 1697 1408 naturam,
1719 1380 1796 1409 atque
1812 1377 1851 1402 itu

1061 1411 1191 1438 postremo
1221 1416 1338 1436 sensum.
1357 1411 1390 1436 Αι
1416 1421 1526 1447 ηιαῃςιιε
1557 1415 1598 1441 hic
1631 1416 1713 1444 Pater
1738 1422 1850 1447 mutuli:

1061 1452 1165 1478 naturis
1176 1455 1321 1486 procreatis
1339 1456 1376 1482 ita
1391 1456 1494 1484 demum
1513 1462 1613 1488 medias
1632 1471 1648 1489 a
1668 1463 1719 1490 Deo
1750 1467 1850 1499 produ-

1062 1505 1118 1524 ctas
1137 1507 1190 1526 esse
1206 1502 1253 1526 ait.
1269 1501 1372 1528 Etenim
1391 1510 1418 1530 ut
1435 1505 1476 1531 illi
1487 1508 1615 1535 rationem
1630 1510 1730 1542 ineunt,
1743 1519 1848 1540 natura:

1061 1544 1281 1573 ordinisubservit
1294 1547 1362 1575 Deus
1370 1556 1379 1574 :
1387 1554 1414 1575 ut
1423 1556 1509 1578 autent
1520 1554 1593 1580 docet
1614 1556 1656 1581 hic
1671 1562 1773 1590 auctor,
1782 1560 1850 1586 ratio

1060 1597 1138 1623 quam
1164 1591 1191 1617 in
1215 1600 1302 1619 rerum
1321 1597 1453 1623 creatione
1474 1600 1568 1633 tenuit,
1585 1605 1689 1628 natura
1712 1603 1780 1638 lege:
1806 1613 1852 1631 su-

1031 1642 1042 1653 ι
1057 1639 1142 1668 perat.

1092 1681 1151 1707 Col.
1167 1682 1216 1709 651
1236 1683 1268 1710 A.
1291 1684 1347 1712 Hoc
1362 1687 1443 1721 igitur
1458 1697 1517 1716 cum
1531 1692 1629 1726 artifex
1653 1693 1778 1726 Verbum.
1793 1700 1847 1722 etc.

1057 1725 1211 1760 Quoniam,
1257 1730 1365 1765 inquit,
1398 1737 1600 1764 contrariorum
1639 1741 1846 1773 permistiouem

1057 1771 1113 1798 ﬁeri
1131 1775 1286 1808 oportebat,
1307 1785 1338 1804 ac
1365 1779 1445 1806 veluti
1474 1783 1684 1811 commissuram
1697 1788 1846 1820 quamdam

1056 1820 1082 1843 et
1103 1819 1304 1853 colhgationem
1338 1823 1452 1852 visibilis
1483 1832 1510 1852 et
1543 1828 1688 1858 itnisibilis
1706 1819 1714 1820 ί
1731 1837 1846 1866 naturae,

1057 1862 1136 1890 taleut
1157 1865 1294 1892 homincut
1326 1870 1447 1896 condidit
1463 1870 1548 1899 Filius
1565 1872 1624 1905 Dei,
1638 1876 1739 1903 animal
1761 1885 1846 1905 unum

1055 1918 1088 1936 ex
1110 1910 1217 1939 duabus
1246 1914 1353 1941 naturis
1380 1918 1561 1950 compositum
1581 1924 1662 1954 atque
1684 1922 1845 1956 conﬂatum,

1056 1964 1155 1991 corpus
1178 1958 1288 1992 quidem
1309 1968 1342 1986 ex
1358 1965 1445 1994 terra,
1460 1971 1518 1997 qua:
1538 1964 1594 1997 jam
1615 1972 1706 1994 creata
1722 1974 1781 1995 erat
1804 1970 1844 1996 et-

1056 2003 1171 2037 lingens,
1193 2012 1207 2030 a
1221 2004 1311 2039 seipso
1328 2011 1418 2033 autent
1434 2008 1600 2042 spiraculum
1617 2011 1750 2040 inserens.
1767 2014 1845 2047 Quod

1056 2054 1145 2075 autem
1162 2050 1238 2083 dicit,
1261 2059 1277 2077 a
1295 2052 1391 2086 seipso,
1418 2062 1471 2081 non
1499 2055 1571 2082 idem
1589 2059 1726 2092 signiﬁcat
1741 2061 1813 2095 quod
1830 2070 1844 2088 τι

1056 2101 1104 2120 Sua
1132 2095 1308 2128 substantia,
1335 2100 1564 2132 quemadmodum
1602 2105 1727 2132 nonnulli
1754 2107 1846 2134 dicere

1055 2139 1115 2171 ausi
1135 2146 1209 2172 sunt,
1228 2142 1275 2168 sed
1292 2142 1326 2169 ab
1343 2143 1481 2173 eticctrice
1498 2152 1524 2172 et
1544 2146 1716 2176 fabricatrice
1729 2158 1777 2177 sua
1799 2159 1846 2186 ρος

1056 2185 1149 2211 tentia.
1175 2186 1280 2221 Corpus
1305 2189 1377 2216 enim
1404 2197 1438 2217 ex
1464 2192 1622 2227 suhjacente
1643 2197 1768 2228 materia,
1785 2199 1845 2224 ani-

1055 2238 1125 2257 tnant
1143 2237 1232 2259 autem
1248 2241 1263 2260 a
1279 2235 1352 2262 nulla
1370 2243 1398 2263 re
1415 2239 1542 2273 sumpsit,
1557 2241 1602 2267 sed
1618 2248 1650 2268 ex
1669 2242 1754 2269 nihilo
1766 2251 1846 2270 crea-

1057 2278 1102 2304 \it.
1134 2279 1225 2307 Militis
1251 2286 1341 2309 autem
1379 2285 1534 2313 nominibus
1565 2289 1715 2323 appellatur
1740 2291 1842 2317 anima.

1058 2325 1160 2351 Dicitur
1173 2326 1244 2352 enim
1267 2328 1447 2363 spiraculum,
1471 2331 1550 2366 juxta
1575 2334 1641 2361 illud
1661 2343 1668 2361 :
1689 2335 1844 2370 lnsuf/lurit

1053 2371 1080 2396 in
1107 2371 1202 2406 faciem
1230 2373 1288 2407 ejus
1315 2377 1479 2409 spiraculum
1505 2379 1565 2406 citw
1580 2379 1613 2406 ⁸⁵.
1633 2380 1740 2410 Dicitur
1761 2385 1843 2409 etiam

1053 2415 1154 2448 anitna,
1178 2422 1207 2444 ut
1227 2418 1278 2446 ltoc
1302 2419 1362 2447 loco
1380 2429 1387 2447 :
1406 2422 1439 2448 Et
1454 2423 1543 2457 factus
1558 2431 1597 2452 est
1615 2426 1642 2452 in
1664 2427 1784 2453 animam
1804 2430 1844 2454 t’i~

1053 2466 1152 2488 cautem
1168 2463 1200 2490 ‘7.
1216 2463 1281 2490 lteut
1303 2466 1394 2500 imago
1407 2467 1453 2495 Dei
1469 2475 1592 2503 vocatur,
1609 2472 1686 2506 juxta
1702 2473 1767 2500 illud
1783 2483 1788 2500 :
1803 2475 1844 2501 τισι

1052 2507 1193 2542 imaginem
1211 2510 1273 2543 fecit
1286 2519 1343 2537 eum
1360 2513 1392 2539 ".
1414 2514 1500 2540 Porro
1516 2515 1580 2543 illud
1597 2525 1602 2543 :
1622 2519 1662 2544 Ad
1680 2519 1842 2553 imugiinm;

1053 2553 1220 2589 intelligendi
1250 2558 1303 2584 \‘im
1334 2559 1494 2595 arbitriique
1521 2563 1675 2591 libertatem
1702 2566 1839 2597 ostendit;

1054 2601 1089 2626 ad
1107 2602 1309 2630 similitudinem
1333 2611 1436 2639 autent,
1453 2608 1571 2639 virtutis,
1586 2611 1674 2643 quoad
1699 2611 1758 2645 ejus
1783 2615 1842 2638 llt'll

1054 2652 1152 2680 potest,
1172 2647 1365 2676 imitationem.
1382 2650 1596 2680 lntellectualcnt
1613 2660 1702 2681 autem
1720 2657 1839 2682 animant

1052 2691 1205 2727 'l‘heologus
1223 2694 1308 2726 dixit,
1324 2695 1356 2722 ad
1373 2697 1553 2725 dili‘ereutiam
1572 2701 1670 2726 anith
1694 2703 1839 2728 hrutorunt

1051 2739 1240 2770 animantium,
1250 2749 1309 2775 quae
1321 2743 1458 2771 sensibilis
1470 2749 1522 2772 est.
1538 2745 1583 2772 Sic
1600 2747 1681 2781 igitur
1693 2747 1736 2774 Dei
1753 2747 1839 2774 FILus

1052 2785 1188 2812 hominem
1209 2785 1374 2820 fabricatus,
1392 2790 1468 2824 quasi
1491 2791 1574 2818 alittm
1592 2795 1737 2826 queunt-ant
1756 2802 1839 2820 lltllll-

1050 2830 1113 2856 dtnn
1130 2831 1162 2858 ab
1176 2839 1206 2857 eo
1221 2832 1266 2866 qni
1285 2839 1393 2868 aspectu
1418 2838 1543 2869 sentitur,
1560 2838 1647 2872 ipsum
1663 2839 1688 2865 in
1703 2847 1736 2866 co
1751 2841 1841 2866 collu—

1052 2882 1106 2909 Cat,
1126 2884 1253 2910 magnum
1273 2879 1401 2907 nitnirutu
1419 2881 1445 2908 in
1466 2891 1556 2911 nam).
1576 2886 1840 2919 Ιῖειιιυιηίιιιεεηίω,

1041 2939 1061 2954 ⁸⁷
1077 2938 1144 2965 ibid.
1184 2937 1205 2954 “
1218 2938 1285 2965 Gen.
1306 2947 1322 2973 l,
1339 2941 1383 2967 27.
