2058 3159
223 190 288 224 1331

940 193 1129 224 ADDENDA.

1785 197 1859 232 1333

222 254 276 280 tur,
293 248 337 284 qui
362 248 527 276 divinitate»:
554 248 667 282 adipisci
684 250 772 282 parat.
791 247 906 281 primum
925 256 951 274 se
976 248 1010 274 ad
1027 252 1047 278 Α
1064 258 1108 276 nec
1125 250 1195 284 infra
1220 256 1345 278 naturam
1374 252 1508 279 conditum
1533 256 1583 284 est,
1605 260 1650 279 nec
1672 257 1770 278 natura
1799 261 1859 279 cor-

223 297 342 323 animnm
358 300 491 323 convertat
511 300 535 321 et
551 294 659 328 colligat
675 302 778 320 necesse
795 297 844 325 est,
860 293 955 321 deinde
968 301 1013 327 per

223 350 281 369 ram
296 341 330 369 ad
344 346 465 372 mentem,
483 348 574 366 rursus
590 348 635 374 per
652 345 764 367 utentem
774 340 808 367 ad
821 347 852 366 ea
868 348 926 375 quae
938 348 1013 374 supe-

224 389 298 416 riora
313 392 383 419 sunt,
398 395 428 413 ac
438 387 548 420 denique
563 394 609 420 per
617 394 646 413 ea
658 386 692 412 ad
709 386 791 413 Deum
805 387 904 413 tendat.
919 386 952 413 At
969 394 1013 412 nec

225 435 270 470 qui
284 434 318 460 ad
331 433 446 460 anitnam
467 433 578 466 scipsunt
593 432 720 459 convertit
743 441 774 459 ac
795 433 924 463 subvexit,
945 432 1013 458 diei-

225 480 334 506 nitalem
356 483 511 504 consecutus
534 482 582 508 est,
602 486 647 503 nec
660 478 704 512 qui
723 477 757 504 ad
772 481 896 504 mentem.
919 477 1013 504 Verum

224 525 270 552 ille
293 523 418 550 animalis
455 523 532 549 ltomo
558 523 679 558 efficitur,
709 531 756 549 nec
773 523 843 557 capit
870 531 930 558 qua:
953 529 1014 550 sunt

225 571 354 605 spiritus;
366 570 408 597 hic
424 578 492 600 vero,
512 569 698 597 intellectualis
713 570 818 605 quidem
834 570 879 597 sed
897 571 1014 597 nondunt

225 617 306 645 Deus.
325 616 402 649 Quod
416 616 439 643 si
454 624 499 651 per
517 620 628 643 utentem
646 617 671 642 in
691 624 816 643 arcanam
833 617 907 643 illam
922 617 1016 652 caligi-

223 672 282 691 nem
298 664 483 698 penetraverit,
501 671 534 689 ac
549 671 605 689 cum
625 662 676 689 Deo
695 667 822 695 versetur,
841 667 894 689 tum
910 671 968 689 vero
980 662 1014 689 ad

225 710 309 737 Deum
318 711 377 745 jam
394 710 453 744 ﬁeri
469 714 493 736 et
511 710 675 736 divinitatem
689 709 805 743 assequi,
819 713 842 736 et
861 709 908 735 Dei
921 709 1015 743 splen-

224 757 314 782 dorem
327 755 436 788 intueri,
455 763 485 781 ac
494 754 574 789 juxta
596 754 671 780 illum
685 754 768 788 effingi
787 759 864 789 atque
879 754 1016 788 e/forntari

224 803 333 830 dicitur.
351 802 484 836 Quoniam
509 807 595 828 autem
619 806 736 833 naturtr',
749 805 777 828 ut
797 809 846 836 par
861 806 929 833 erat,
945 809 1017 827 men-

226 850 322 874 tionem
338 847 458 882 fecimus,
477 848 588 882 agedum
604 847 635 874 de
652 856 683 874 ea
706 847 825 874 nonnihil
841 848 1013 874 disseramus.

227 892 333 920 Natura
351 893 439 928 itaque
460 898 555 927 pra'ter
577 893 645 920 alias
659 894 756 920 multas
776 893 859 928 ipsius
879 894 1015 928 signiﬁca-

1066 302 1212 331 runtpelur.
1225 313 1259 318 -—-
1274 297 1308 325 Ut.
1330 298 1378 325 Dei
1401 298 1550 326 clarilatetn
1573 303 1599 325 et
1613 298 1720 326 videam
1741 303 1769 325 et
1791 307 1856 326 sett-

1065 344 1143 370 tium.
1159 342 1208 370 Res
1223 344 1318 371 divinte
1329 345 1642 380 corporaliterutcunque
1649 345 1857 379 perspiciuntur,

1065 394 1142 424 atque
1165 399 1256 417 earum
1282 392 1451 427 trajectiones
1474 393 1594 426 qtta'dam
1623 397 1694 418 sunt.
1723 392 1858 424 Quoniam

1065 441 1152 462 autent
1166 437 1198 463 de
1215 438 1367 471 hujusnmdi
1380 438 1454 465 rebus
1464 439 1524 465 dua:
1538 443 1598 464 sunt
1613 439 1758 469 sententia',
1771 438 1858 464 olera

1065 486 1153 508 nostra
1167 487 1190 508 et
1203 483 1361 514 christiana,
1378 485 1462 510 altera
1477 492 1567 510 eorum
1581 484 1626 518 qui
1645 485 1716 518 apud
1739 484 1857 510 ethnicos

1064 528 1211 556 doctissimi
1227 529 1310 556 habiti
1325 535 1396 560 sunt.
1411 535 1522 564 utraque
1547 530 1611 556 mihi
1630 530 1787 564 exponenda
1805 536 1855 556 est.

1066 574 1168 602 Nostra
1192 576 1281 610 itaque
1304 576 1352 602 hoc
1376 577 1452 602 ntodo
1476 584 1503 602 se
1525 576 1611 602 habet.
1631 575 1710 607 Deus,
1729 576 1858 611 quidquid

1066 620 1171 647 tandem
1191 625 1240 652 est,
1257 621 1426 654 incorporeus
1449 625 1498 652 est,
1523 621 1750 655 immutabilisque
1772 627 1796 648 et
1818 622 1859 646 ul-

1065 665 1205 692 terationis
1218 673 1310 697 expers
1327 669 1413 692 manet
1426 672 1435 692 .'
1448 673 1494 692 nos
1507 670 1595 691 autem
1613 666 1683 692 circa
1703 674 1761 692 eum
1786 674 1860 692 com-

1066 716 1209 737 mutantur.
1238 711 1307 737 Nam
1332 711 1553 746 quemadmodum
1584 719 1665 737 unam
1688 712 1858 746 eamdemque

1065 764 1162 787 vocent,
1178 757 1205 782 in
1219 755 1350 783 sttbdivali
1361 756 1450 791 aliqua
1463 756 1518 783 loco
1526 756 1664 790 diffusam.
1680 757 1727 782 alii
1738 764 1857 782 nos'rum

1065 803 1188 835 audiunt,
1207 803 1254 829 alii
1269 803 1394 830 minime:
1409 809 1485 837 atque.
1502 810 1534 830 ex
1551 804 1582 829 iis
1596 803 1641 837 qui
1653 803 1781 833 audiunt,
1811 803 1861 829 alii

1066 849 1164 875 clarius
1182 849 1302 881 audiunt,
1315 849 1363 875 alii
1377 849 1530 880 obscurius;
1548 857 1579 874 ac
1604 857 1695 874 rursus
1707 856 1740 875 ea:
1753 849 1793 875 Itis
1813 849 1859 882 qui

1067 903 1119 922 non
1145 895 1272 928 audiunt,
1301 895 1371 921 alius
1387 894 1486 921 idcirco
1510 902 1560 920 non
1580 894 1694 922 audivit.
1710 894 1773 928 quia
1799 901 1862 927 pro-

226 940 319 970 tiones,
337 943 375 965 est
399 938 557 973 principium
578 944 662 966 motus
681 944 704 966 et
727 939 821 973 quietis
837 939 903 973 ejus,
918 939 945 965 in
961 947 1012 973 quo
1031 935 1050 970 Β
1066 940 1108 967 cut
1124 945 1240 966 remotus
1261 943 1344 970 esset,
1360 940 1429 966 alius
1446 941 1516 974 quod
1537 939 1610 964 auris
1625 943 1740 964 meatum
1754 937 1864 964 obstru-

224 985 309 1019 primo
323 985 391 1012 inest
411 993 456 1018 per
472 993 510 1016 se,
531 989 555 1011 et
569 993 620 1011 ttott
640 993 686 1019 per
710 985 840 1012 accidens.
867 984 922 1011 Hoc
945 986 1014 1011 enim

227 1030 369 1065 unicuique
385 1038 473 1057 rerum
489 1031 655 1056 naturalium
672 1030 750 1064 affert
774 1034 881 1062 natura,
893 1034 922 1056 ut
936 1030 960 1056 in
975 1038 1015 1056 se-

225 1078 283 1111 ipsa
299 1081 384 1103 ntotus
400 1077 557 1111 principium
571 1098 578 1109 ,
597 1077 736 1111 eodemque
751 1076 826 1103 modo
842 1077 935 1111 quietis
951 1084 1017 1111 quo-

225 1131 273 1158 que
290 1123 369 1157 finem
394 1123 499 1151 habeat.
517 1122 643 1150 Crescunt
667 1123 736 1149 enim
753 1122 862 1157 planta',
882 1127 908 1148 ut
925 1123 957 1149 ab
975 1118 1015 1149 Itis

225 1169 395 1202 incipiamus,
410 1173 495 1195 motus
515 1168 674 1203 principium
695 1169 721 1194 in
737 1168 828 1202 seipsis
846 1168 968 1195 habentes
985 1175 1016 1194 ac

226 1222 340 1241 Crescere
355 1214 494 1247 desinunt,
511 1214 564 1249 fine
589 1214 710 1240 naturali
731 1219 872 1240 cessantes.
893 1213 966 1240 Idem
985 1216 1016 1240 de

225 1261 327 1287 homine
352 1261 501 1292 dicendum,
525 1265 548 1287 et
570 1268 645 1294 equo,
661 1265 686 1287 et
709 1260 780 1292 bove,
805 1265 828 1288 et
841 1261 962 1296 sphinge,
991 1266 1014 1287 et

225 1307 348 1342 formica,
362 1312 385 1333 et
399 1315 457 1341 ape,
476 1312 500 1333 et
519 1312 544 1333 ut
561 1307 630 1333 brevi
644 1306 813 1340 complectar,
828 1307 860 1332 de
873 1306 944 1332 omni
958 1305 1016 1331 ani-

226 1353 301 1385 mali,
321 1353 374 1380 sive
392 1353 491 1386 reptili,
508 1353 561 1380 sive
577 1353 695 1386 natatili,
718 1353 770 1380 sive
793 1352 908 1380 volatili.
931 1352 1016 1386 Atque

225 1398 282 1433 ipsa
297 1398 378 1425 etiam
394 1404 508 1434 quatuor
530 1399 657 1425 elementa
677 1403 812 1425 moventur
827 1403 850 1425 et
867 1399 1013 1433 quiescunt.

225 1443 296 1473 Nam
313 1449 337 1472 et
359 1445 425 1480 ignis
440 1450 463 1472 et
475 1453 519 1472 aer
533 1449 624 1480 suapte
641 1449 738 1472 natura
751 1452 854 1472 sursum
868 1449 1014 1475 moventur,

223 1495 248 1517 et
261 1499 320 1517 cttm
336 1491 370 1517 ad
382 1493 491 1525 propria
507 1492 563 1518 loca
574 1493 748 1530 pervenerint,
760 1491 859 1518 moueri
871 1491 994 1518 desinunt
1006 1498 1014 1516 :

225 1541 248 1563 et
266 1543 357 1562 rursus
373 1540 443 1562 terra
457 1541 480 1562 et
497 1544 576 1570 aqua,
597 1541 696 1562 motum
709 1541 802 1570 suapte
820 1542 917 1562 natura
938 1536 1014 1561 dcor-

227 1589 285 1608 sum
300 1587 444 1616 uergentem
456 1583 569 1614 sortita’,
585 1582 619 1608 ad
633 1590 751 1609 centrum
767 1587 887 1615 vergunt,
909 1585 933 1607 et
957 1589 1015 1607 cunt

1068 991 1138 1012 ctum
1153 986 1258 1015 haberet
1274 985 1411 1020 (nimirum
1438 988 1559 1012 concreta
1574 985 1645 1011 circa
1663 989 1767 1018 portent
1784 984 1862 1010 illum

1067 1032 1185 1066 pituita),
1208 1032 1276 1058 alius
1289 1033 1350 1067 quia
1365 1039 1405 1058 res
1421 1031 1490 1057 alias
1508 1036 1597 1066 ageret
1613 1039 1622 1057 :
1640 1030 1862 1064 quemadmodum

1068 1079 1127 1105 item
1151 1078 1206 1106 sole
1223 1079 1251 1105 in
1267 1078 1434 1106 meridionali
1457 1077 1529 1104 linea
1543 1082 1630 1104 stante
1645 1077 1742 1103 culices
1755 1077 1863 1111 quidem

1068 1130 1093 1151 et
1117 1131 1220 1152 noctutc
1247 1125 1371 1159 exiguum
1386 1124 1513 1159 quiddam
1535 1130 1613 1158 a:que
1634 1123 1773 1150 obscurum
1795 1123 1864 1149 lucis

1068 1170 1172 1196 radium
1183 1171 1336 1202 admittunt,
1352 1170 1469 1197 homines
1484 1175 1582 1202 autem,
1595 1174 1618 1196 et
1631 1169 1773 1204 elephanti,
1784 1173 1863 1202 prout

1067 1217 1176 1250 quisque
1190 1215 1302 1250 affect-us
1317 1220 1368 1248 est,
1384 1215 1545 1243 uberiustvcl
1558 1216 1664 1249 parcius
1681 1214 1863 1241 illuminatur.‘

1067 1262 1154 1288 cadent
1179 1262 1255 1288 modo
1281 1271 1328 1289 nos
1344 1271 1446 1297 quoque
1464 1263 1536 1288 circa
1560 1263 1645 1289 Deum
1669 1261 1864 1289 immutabilem

1067 1313 1281 1341 permanentem,
1300 1314 1378 1343 prout
1391 1309 1500 1343 quisque
1513 1308 1638 1343 afficitur,
1655 1314 1852 1334 commutamur

1068 1353 1199 1386 Quocirca
1218 1353 1323 1384 Petrus,
1350 1360 1374 1380 et
1396 1355 1442 1388 qui
1466 1360 1521 1381 tum
1536 1354 1659 1384 aderant,
1681 1354 1772 1388 igneas
1797 1353 1861 1379 illas

1068 1398 1174 1433 linguas
1198 1400 1344 1434 conspicati
1368 1405 1429 1426 sunt
1447 1408 1456 1426 :
1473 1407 1523 1426 non
1549 1399 1618 1433 quod
1643 1399 1738 1425 similis
1764 1399 1863 1432 lingua:

1068 1444 1157 1470 divina
1187 1444 1274 1478 figura
1301 1445 1336 1471 sit
1352 1465 1359 1475 ,
1380 1445 1425 1471 sed
1443 1445 1506 1479 quia
1531 1446 1603 1471 circa
1623 1445 1742 1479 tinguant
1770 1443 1863 1478 futura

1067 1494 1123 1515 erat
1139 1489 1256 1524 Spiritus
1271 1491 1402 1524 operatio.
1420 1491 1502 1526 Atque
1518 1491 1573 1517 Ita'c
1586 1499 1618 1517 ex
1633 1491 1755 1517 doctrina
1771 1495 1863 1516 nostra

1067 1535 1286 1568 deproatpsimus.
1301 1535 1332 1561 At
1346 1535 1454 1570 gentiles
1465 1535 1624 1570 philosophi,
1640 1543 1751 1569 quorum
1763 1540 1864 1569 postre-

1067 1587 1126 1605 mus
1150 1579 1282 1614 lampadis
1298 1586 1415 1615 gestator
1428 1585 1452 1608 et
1469 1581 1651 1614 hieropltantes
1669 1579 1780 1607 Prortus
1797 1580 1862 1613 fuit,

225 1627 259 1654 ad
283 1628 398 1653 universi
412 1628 524 1654 medium
548 1628 719 1662 pervenerint,
736 1628 761 1653 in
786 1627 878 1659 seipsis
891 1627 1012 1660 conquie-
1031 1619 1052 1648 ο
1071 1625 1100 1650 in
1120 1625 1173 1651 ttia
1188 1624 1242 1652 licet:
1267 1625 1384 1652 diuinam
1401 1627 1579 1653 evocationem
1595 1626 1760 1661 partiuntur.
1780 1626 1864 1659 Atque

224 1678 310 1700 scunt.
325 1672 387 1700 ΙΙ(εο
402 1673 434 1700 de
447 1679 544 1700 ttatura
557 1674 637 1700 tradit
655 1673 817 1700 Aristoteles.
833 1673 867 1698 At
879 1673 902 1699 si
914 1671 1016 1707 Orpheo

225 1727 266 1745 ere
281 1719 366 1749 ‘intus,
387 1725 410 1746 et
426 1718 583 1752 Platonict's,
604 1724 627 1746 et
645 1719 721 1754 Lycio
748 1718 900 1753 philosoplto
918 1718 950 1744 de
969 1726 1017 1743 na-

225 1769 286 1790 tura
298 1765 486 1798 pertractanti,
500 1770 523 1791 et
536 1772 565 1791 eo
584 1765 729 1799 antiquiori
745 1764 920 1791 Chalcedonio
937 1763 1016 1789 .Iam-

225 1810 311 1837 bticlto
326 1810 502 1845 Pythagorico
518 1832 525 1844 ,
556 1816 652 1838 natura
682 1811 730 1838 Dei
756 1820 800 1838 ars
824 1811 943 1846 qua'dam
967 1815 1015 1837 est.

227 1857 365 1891 'l‘riplirem
380 1866 458 1892 porro
470 1858 515 1885 ille
525 1859 551 1885 in
564 1858 712 1886 universum
728 1864 811 1885 artem
823 1858 910 1885 habet.
925 1857 1017 1884 Prima

226 1904 278 1938 ipsi
293 1905 374 1930 insita
397 1910 446 1936 est,
466 1913 555 1939 nempe
570 1913 622 1940 qua
641 1905 728 1932 omnia
748 1905 833 1940 efficit,
852 1913 883 1930 ac
900 1905 1018 1938 fabrica-

227 1955 278 1982 tur,
302 1954 380 1985 quam
401 1950 489 1978 idean
515 1950 593 1978 Plato
612 1951 768 1982 nominavit,
792 1959 838 1977 nos
864 1955 972 1976 mentem
1001 1958 1017 1977 a

226 1996 299 2024 nulla
321 2005 403 2023 causa
424 2002 520 2028 artant,
546 2005 591 2023 nec
611 1997 666 2023 ulla
691 1997 810 2023 oratione
829 1996 1016 2031 eIplicttbilem

226 2051 360 2070 vocamus.
376 2043 475 2073 Altera.
504 2045 608 2070 tametsi
628 2043 701 2070 illinc
720 2044 834 2073 oriatur,
854 2051 906 2069 non
929 2049 1016 2069 tamen

225 2089 248 2115 ei
263 2096 363 2122 semper
388 2087 492 2114 adnexa
513 2093 550 2114 est
565 2108 571 2118 .
588 2089 633 2114 sed
644 2095 673 2114 eo
689 2093 812 2121 tempore,
829 2096 879 2121 quo
900 2088 935 2113 ad
957 2095 1015 2114 eum

227 2135 377 2163 revertitur.
396 2133 485 2160 Tertia
504 2139 590 2160 autem
605 2138 628 2159 et
651 2138 782 2167 postrema
802 2133 848 2159 Dei
863 2142 907 2160 ars
920 2141 951 2159 ea
965 2138 1015 2166 est,

226 2188 284 2214 qurv
301 2180 421 2213 inferiori
435 2179 538 2214 quidem
563 2179 620 2205 loco
633 2184 796 2211 numeratur,
818 2187 896 2213 quam
915 2180 1015 2210 anima,

227 2230 348 2252 ca'terum
362 2224 513 2258 corporibus
531 2223 700 2255 dominatur,
716 2231 796 2258 eaque
827 2228 850 2249 et
869 2224 969 2258 gignit,
991 2229 1015 2251 et

1069 1669 1153 1696 aliaat
1190 1671 1272 1705 ipsius
1302 1676 1403 1705 portent
1431 1672 1601 1706 αὐτοπτικὴν
1631 1677 1744 1702 vocant,
1779 1671 1863 1697 aliam

1069 1716 1234 1751 ἐποπτικὴν,
1251 1716 1332 1743 aliam
1344 1717 1536 1753 ὲνθεαςτικήν.
1552 1717 1582 1745 Si
1594 1718 1652 1753 quis
1669 1718 1753 1752 igitur
1766 1718 1864 1744 anime

1069 1762 1242 1797 intelligentia
1259 1768 1284 1790 et
1300 1764 1382 1791 nitore
1399 1773 1430 1791 ac
1445 1764 1583 1799 splendore
1599 1765 1728 1799 fluentum
1742 1764 1820 1796 iilud,
1835 1769 1864 1790 ut

1068 1814 1163 1835 natura
1180 1814 1230 1841 est,
1245 1811 1380 1843 perspicit,
1391 1811 1446 1842 ipse
1458 1816 1547 1846 utpote
1560 1817 1681 1838 eracator
1692 1817 1717 1837 et
1731 1815 1864 1843 spectator

1068 1854 1207 1890 αὐτόπτης
1232 1855 1340 1883 dicitur.
1359 1856 1389 1884 Si
1405 1857 1463 1891 quis
1480 1863 1569 1884 autem
1585 1858 1747 1892 imaginario
1765 1857 1864 1884 anima:

1069 1899 1184 1927 l'e/ticttlo
1202 1909 1242 1927 res
1265 1902 1366 1928 divinas
1384 1903 1544 1937 cogitatione
1567 1903 1712 1937 informet,
1732 1903 1765 1928 ab
1779 1902 1863 1928 altera

1067 1950 1178 1981 profano
1201 1947 1318 1982 theologo
1344 1949 1378 1974 ad
1404 1949 1430 1975 id
1450 1950 1577 1976 incitatus
1604 1949 1725 1984 ἐπόπτης
1743 1949 1786 1975 hic
1816 1956 1862 1975 vo-

1067 1993 1124 2019 cari
1155 1998 1246 2027 potest.
1279 1995 1311 2020 Αι
1343 1995 1377 2026 si,
1407 2003 1453 2022 nec
1475 2000 1570 2028 mente,
1599 2004 1645 2023 ηις
1674 1996 1864 2031 imaginatione

1067 2041 1225 2073 speculetur,
1241 2040 1286 2066 sed
1302 2041 1385 2067 oculis
1400 2041 1464 2067 solis
1484 2042 1587 2069 diuinas
1603 2043 1733 2077 quasdam
1748 2043 1862 2070 visiones

1067 2092 1113 2118 per
1127 2093 1212 2112 aerem
1231 2086 1333 2113 delatas
1348 2089 1480 2122 inspiciat,
1499 2088 1521 2115 is
1535 2088 1682 2124 ἔνθεαστὴς
1697 2089 1751 2116 dici
1763 2091 1859 2123 possit.

1070 2133 1140 2161 Nam
1156 2144 1309 2170 corporeum
1324 2146 1426 2173 quoque
1441 2139 1528 2166 lumen
1545 2139 1640 2166 divinis
1652 2139 1727 2167 rebus
1743 2140 1862 2167 substra-

1068 2183 1123 2206 tum
1140 2188 1214 2212 esse,
1235 2182 1374 2216 afﬁrmant
1388 2204 1394 2216 ,
1417 2185 1487 2218 quod
1508 2186 1613 2219 quidem
1637 2186 1769 2219 arripiunt
1783 2206 1790 2217 ,
1812 2186 1862 2212 alii

1068 2226 1141 2253 nullo
1159 2229 1272 2262 negotio.
1290 2238 1331 2255 ea’
1349 2230 1448 2257 scilicet
1476 2237 1581 2258 naturte
1605 2232 1722 2258 bonitate
1742 2233 1861 2266 praediti,

227 2272 286 2301 alit,
307 2275 331 2298 et
344 2275 432 2304 auget,
447 2276 471 2297 et
487 2274 568 2297 movet
581 2290 587 2299 .
601 2275 624 2296 et
640 2269 759 2304 perfecit,
773 2278 804 2296 ac
820 2270 932 2305 denique
943 2271 1015 2305 qttie-
1031 2292 1052 2319 ο
1068 2281 1119 2308 qua
1134 2278 1159 2300 et
1177 2273 1301 2302 Socrates
1325 2280 1350 2301 et
1370 2275 1490 2303 Plotinus
1513 2278 1631 2312 fuerunt,
1652 2277 1700 2304 alii
1716 2278 1751 2304 ad
1775 2284 1861 2306 certas

227 2322 278 2343 tem
296 2317 329 2343 ii.-
346 2316 435 2351 a/fert.
454 2316 538 2351 Atque
564 2324 595 2343 ea
615 2315 768 2343 ntateriales
783 2317 896 2343 rationes
917 2317 1014 2344 habens

227 2371 317 2389 eorum
334 2371 392 2397 qum
405 2363 469 2397 facit
482 2383 489 2394 ,
502 2370 597 2397 easque
620 2363 695 2389 modo
718 2363 831 2398 qttodam
855 2363 1014 2398 intelligens,

226 2417 389 2443 nequaquam
410 2409 444 2435 ad
459 2417 484 2435 se
499 2409 587 2441 refert,
615 2417 659 2435 nec
677 2410 710 2435 ad
725 2410 859 2443 propriam
877 2410 1015 2436 essentiam

226 2457 363 2484 Convertit.
380 2456 424 2482 sed
447 2456 601 2490 corporibus
615 2456 830 2490 inseparabiliter
846 2456 973 2488 att/tazret,
989 2456 1016 2481 in

226 2511 256 2530 ea
271 2508 421 2536 penetrans,
451 2510 498 2528 nec
521 2507 662 2529 revertens.
688 2503 737 2529 Ars
761 2503 817 2529 Ita’c
842 2503 922 2536 igitur
945 2502 1015 2536 apud

227 2549 396 2583 philosophos
425 2557 480 2580 eos,
504 2556 568 2583 quos
603 2549 883 2581 commemoravimus,
917 2553 1015 2574 natura

229 2595 367 2621 nominata
387 2599 436 2620 est.
455 2593 518 2620 ΙΙαέ
537 2593 615 2621 Plato
632 2602 691 2620 cum
708 2594 771 2620 ctelo
785 2599 809 2620 et
825 2598 938 2628 tempore
955 2602 1015 2627 pro-

227 2641 313 2676 genita
325 2648 380 2667 esse
391 2645 486 2667 eettset.
504 2640 593 2674 Neque
608 2641 677 2667 enim
688 2641 761 2674 pritts
775 2641 921 2671 exstitisse,
934 2647 1012 2674 quam

228 2686 318 2712 uelum
334 2689 451 2712 creatum
477 2689 555 2711 esset.
576 2685 693 2711 Primum
709 2685 777 2711 enint
795 2685 822 2710 id
836 2692 892 2710 esse
913 2692 1014 2711 necesse

226 2736 274 2763 est,
295 2730 364 2766 quod
386 2738 480 2764 corpus
504 2738 534 2755 ac
558 2729 662 2764 reliqua
694 2730 896 2763 complectitur:
915 2736 942 2757 at
959 2739 1015 2756 cor-

227 2784 294 2808 pora
310 2776 409 2808 omnia,
423 2783 481 2810 qua?
494 2779 551 2809 post
572 2775 663 2801 caelum
679 2779 769 2801 creata
794 2780 868 2807 sunt,
883 2780 941 2809 post
967 2785 1013 2803 na-

228 2827 315 2849 turam
336 2827 360 2848 et
388 2822 460 2856 ittfra
483 2827 608 2848 naturam
634 2825 725 2847 creata
755 2826 832 2851 sunt,
860 2830 1011 2857 rursusque,

228 2872 330 2894 natura:
350 2868 404 2900 lege
423 2867 591 2898 intereuntia,
612 2867 776 2899 corrttpttoni
802 2868 916 2894 obnoxia
939 2873 1011 2896 sunt.

229 2911 329 2940 Crittm
345 2916 441 2945 autem,
460 2913 482 2938 si
502 2913 558 2948 quis
583 2913 677 2948 optime
700 2913 866 2939 considerare
891 2913 1009 2947 roluerit,

1067 2320 1246 2354 circuitiottes,
1257 2321 1291 2347 ad
1301 2321 1387 2348 lumen
1400 2322 1469 2350 luna'
1479 2323 1591 2357 fortasse
1604 2325 1697 2350 mentis
1707 2325 1861 2351 emotionem

1067 2367 1207 2394 sentientes
1226 2376 1234 2395 :
1251 2367 1371 2402 Egyptii
1387 2374 1486 2401 autem,
1501 2375 1529 2396 ttt
1547 2370 1646 2404 feruttt,
1664 2370 1703 2396 vel
1722 2375 1806 2403 tarro,
1822 2371 1860 2396 sic

1066 2414 1136 2440 enim
1154 2419 1247 2441 vocant
1260 2434 1267 2447 ,
1287 2414 1376 2441 oculos
1393 2415 1538 2442 obtinentes
1549 2436 1556 2447 ,
1575 2416 1613 2443 vel
1639 2417 1721 2443 thuris
1738 2416 1841 2451 liquore
1852 2437 1859 2448 ,

1069 2460 1105 2485 ret
1126 2459 1222 2486 bttellio
1238 2469 1245 2486 :
1259 2459 1361 2494 Assyrii
1374 2469 1444 2494 vero,
1469 2463 1574 2489 tesseris
1589 2463 1757 2497 quibusdam,
1771 2464 1860 2497 infun-

1066 2505 1156 2539 disque
1165 2506 1314 2533 nominibus
1328 2507 1492 2542 mysticisque
1505 2508 1602 2535 litteris
1612 2509 1639 2535 in
1648 2509 1857 2536 sacerdotalibus

1066 2550 1178 2577 bracteis
1189 2552 1286 2583 scipsos
1296 2554 1502 2587 sanctiﬁcantes,
1516 2555 1679 2581 substratunt
1692 2555 1758 2581 illud
1770 2556 1858 2581 incor-

1066 2596 1152 2630 porcis
1168 2597 1249 2630 copiis
1265 2597 1352 2624 lumen
1370 2604 1570 2633 perspexerunt.
1591 2599 1654 2626 Ila'c
1673 2599 1838 2633 Porphyrius
1850 2621 1856 2630 ,

1065 2646 1089 2668 et
1103 2641 1278 2676 Jamblicltus,
1296 2650 1318 2670 et
1333 2645 1376 2670 ille
1387 2644 1599 2679 prodigiosofum
1615 2646 1752 2672 verborum
1768 2646 1856 2671 archi-

1065 2693 1148 2714 tectus
1171 2688 1280 2716 Proclus
1302 2691 1393 2722 nugati
1408 2686 1486 2717 sunt.
1508 2690 1564 2717 Nos
1584 2697 1690 2722 autem,
1707 2699 1739 2717 ne
1757 2690 1857 2717 theolo-

1065 2733 1129 2767 gioat
1149 2736 1347 2768 speculationis,
1387 2743 1445 2769 qua:
1483 2737 1508 2763 in
1532 2737 1573 2762 Iris
1594 2737 1677 2763 verbis
1698 2736 1785 2768 lucet,
1809 2737 1854 2763 Bci

1065 2779 1214 2806 claritatem
1232 2786 1258 2807 et
1283 2781 1387 2808 viduam
1409 2787 1436 2808 cl
1458 2783 1591 2814 st-ntiam,
1608 2783 1713 2809 ontnino
1736 2788 1854 2812 expertes

1063 2825 1146 2850 simus
1158 2845 1164 2855 ,
1180 2825 1227 2852 hoc
1243 2828 1387 2859 ea'etrtplum
1409 2836 1596 2862 proponamus.
1614 2827 1655 2854 Sit
1672 2828 1798 2862 quidam,
1813 2829 1856 2861 qui

1067 2871 1205 2897 ascendere
1220 2872 1255 2897 ad
1269 2872 1347 2898 solum
1363 2878 1447 2906 paret,
1465 2878 1492 2899 ttt
1507 2873 1579 2900 illius
1595 2873 1677 2899 radiis
1690 2874 1854 2907 splendidius

1066 2915 1240 2943 illttminetut‘.
1261 2917 1320 2950 llic,
1338 2919 1363 2944 in
1380 2924 1440 2945 actu
1455 2920 1558 2954 quidem
1572 2922 1630 2951 erit,
1647 2919 1708 2946 dum
1727 2928 1852 2946 conscen-
