2058 3159
236 209 304 240 1335

939 205 1129 236 ADDENDA.

1790 207 1863 239 1336

235 264 334 300 inquit,
363 265 437 300 facta
463 269 501 292 est
519 261 627 291 scientia
654 267 699 290 tua
724 270 755 289 ex
781 263 864 295 me",
891 263 942 289 hoc
965 267 1017 292 est,
1037 264 1057 291 Α
1073 263 1154 296 platis
1171 263 1305 291 illecebris
1321 265 1519 299 lenociniisque
1544 265 1613 299 capti
1636 268 1725 292 sunt:
1744 268 1829 299 atque
1843 274 1858 290 .1

235 319 269 338 ex
291 311 341 338 mei
358 311 574 338 constructione.
589 310 651 338 Haec
666 315 757 338 autem
779 311 899 347 cognitio
916 311 1020 338 Adamo

236 358 387 392 periculosa
421 361 499 390 erat,
531 357 659 384 nimirum
695 365 790 385 recens
819 362 908 385 creato
940 363 1020 392 atque

236 404 326 430 adhuc
351 401 520 436 imperfecto.
546 401 618 435 Quin
651 403 733 430 etiam
757 411 804 438 per
832 404 935 439 lignum
959 405 1020 430 vita:

237 455 366 476 ascensus
387 447 432 474 ille
456 447 604 482 signiﬁcari
630 453 728 483 potest,
755 457 810 484 quo
833 457 865 477 ex
891 450 1020 477 omnibus

235 493 319 521 rebus
343 493 522 521 sensibilibus
539 493 572 520 ad
595 493 678 520 Deum
694 495 891 529 provehimur;
919 502 965 529 per
989 495 1019 520 li-

234 549 315 575 gnum
338 545 430 568 autem
463 541 585 569 scientia.-
602 541 666 569 boni
687 547 714 570 et
742 543 806 570 mali
830 543 968 570 sensibilis
993 548 1020 569 et

234 587 424 622 voluptuarius
440 588 530 620 cibus,
546 589 591 623 qui
609 589 719 616 tametsi
733 589 905 616 dulcedinem
922 589 1020 616 aliene

234 632 368 666 videatur,
386 638 474 660 tamen
491 642 583 661 revera
600 635 793 669 percipientem
812 635 892 662 malis
908 635 1019 662 immer-

234 678 282 713 git.
310 678 349 705 Ex
378 680 448 706 omni
478 679 559 714 igitur
580 680 650 715 ligno
677 681 747 715 quod
775 685 813 707 est
842 681 868 706 in
894 681 1019 715 paradiso

234 725 363 756 comedes.
382 725 434 752 hoc
453 730 507 761 est,
532 734 579 761 per
599 734 694 754 omnes
725 734 769 754 res
793 731 899 754 creatas
919 726 953 753 ad
977 734 1019 753 mc

234 770 389 798 Creatorem
405 771 532 804 evehere,
547 777 630 806 atque
645 780 728 799 nnutn
746 780 778 798 ex
790 772 919 799 omnibus
938 773 1019 799 rebus

237 818 357 846 fructum
374 819 481 854 collige,
506 827 549 847 me
567 820 702 850 videlicet.
717 821 763 854 qui
782 828 844 847 vera
863 821 917 847 vita
933 828 992 848 sum
1011 828 1017 847 :

236 863 278 891 Ea;
295 865 366 899 ligno
382 869 469 891 autem
485 865 601 892 scientiw
615 865 675 892 boni
692 871 716 892 et
735 867 798 892 mali
815 874 845 892 ηε
863 866 1015 892 comedetis.

235 908 397 943 Quacunque
421 915 507 937 autent
532 911 574 938 die
601 911 767 938 comederitis
782 932 788 944 ,
813 916 895 938 morte
922 911 1018 938 merie-

236 955 309 981 mini.
334 955 499 983 Naturaliter
527 956 598 983 enim
623 956 761 984 sensibilis
789 957 867 984 cibus
892 957 916 984 id
947 957 1018 990 quod

235 1000 348 1033 efﬂuxit,
362 1001 465 1036 replet;
482 1010 530 1029 nec
546 1002 602 1029 ﬁeri
619 1007 718 1037 potest,
737 1008 765 1030 ut
784 1003 808 1031 is
822 1003 1019 1040 incorruptibi-

235 1046 268 1073 lis
294 1052 471 1080 permaneat,
503 1048 549 1082 qui
576 1047 714 1075 sensibilis
738 1048 858 1075 alimenti
883 1049 1019 1083 particeps

234 1095 286 1119 est.
312 1091 413 1119 Pra'ter
439 1093 488 1120 hos
510 1093 590 1120 etiam
614 1093 709 1121 tnodos
731 1093 810 1121 aliter
831 1094 933 1128 lignum
959 1095 1020 1121 vita:

233 1144 369 1171 exponere
396 1145 552 1172 possumus,
579 1143 608 1165 ut
637 1144 801 1173 praeceptum
830 1139 896 1167 illud
918 1147 932 1167 a
965 1140 1020 1167 Deo

233 1182 327 1209 datum
348 1182 483 1217 signiticet
505 1183 620 1218 (lignum
637 1185 719 1212 etiam
735 1184 796 1212 vitae
817 1188 857 1212 est
874 1190 900 1212 ct
912 1185 1018 1218 justitia

234 1229 362 1256 omnibus
390 1230 476 1264 ipsam
501 1230 756 1265 amplectentibus);
780 1230 900 1257 scicntim
927 1235 1018 1258 autem

234 1274 336 1308 lignum
352 1275 544 1303 discretionem
558 1276 622 1303 boni
635 1281 660 1303 et
675 1276 738 1303 mali
752 1277 886 1311 designet.
898 1276 1017 1303 Primum

235 1317 319 1352 igitur
342 1318 503 1352 simpliciter
525 1323 551 1346 et
577 1319 637 1347 sine
652 1320 705 1346 ulla
722 1320 895 1348 discussione
915 1320 1019 1347 Adamo

235 1362 390 1390 faciendum
413 1369 483 1397 erat,
509 1370 539 1392 ut
558 1365 610 1399 legi
629 1367 727 1393 divinae
750 1372 867 1401 pareret,
883 1367 968 1395 donec
987 1369 1018 1394 ad

233 1408 384 1443 perfectum
407 1409 517 1438 virtutis
541 1411 663 1438 habitum
688 1413 852 1446 perveniret,
878 1418 958 1448 atque
983 1415 1019 1440 ita

235 1455 343 1481 demum
366 1454 413 1482 Dei
434 1463 548 1483 munere
564 1456 628 1483 boni
656 1465 688 1483 ac
714 1457 776 1484 mali
795 1457 1018 1492 dijudicationem

234 1500 380 1535 acciperet,
403 1501 475 1536 quod
490 1503 600 1537 quidem
616 1503 720 1538 lignum
746 1509 787 1531 est
817 1504 937 1532 seicntim
954 1505 1018 1532 boni

235 1546 357 1573 actuali.
379 1546 472 1582 Neque
485 1548 558 1574 enim
582 1548 606 1575 ei
622 1551 668 1582 qui
687 1554 781 1577 tenero
804 1555 845 1576 est
867 1550 1018 1582 intellectu,

1073 309 1147 344 ligno
1164 310 1226 337 vita:
1239 311 1346 345 expulsi
1364 316 1391 338 et
1407 311 1534 338 mortales
1551 311 1613 338 facti
1629 316 1704 337 sunt.
1721 311 1754 337 At
1769 311 1859 338 enitu-

1074 363 1136 382 rero
1154 355 1205 383 hoc
1223 355 1284 382 loco
1300 355 1354 382 Deo
1369 355 1474 383 invisus
1494 355 1662 391 Porphyrius
1679 361 1787 390 propter
1805 356 1860 382 hoc

1072 401 1193 428 scientias
1222 402 1325 436 lignum
1350 401 1435 428 Deum
1463 402 1623 428 altcrulrius
1647 401 1750 435 peccati
1777 408 1858 428 reum

1073 455 1202 484 peragere
1228 451 1355 474 conatur.
1386 447 1441 474 Iloe
1464 447 1536 474 enim
1567 447 1724 474 dilemmate
1748 447 1859 476 utitur:

1072 496 1124 522 Aut
1137 496 1217 522 arbor
1234 495 1279 522 illa
1295 494 1448 529 perniciose
1473 493 1577 520 consita
1594 499 1646 524 eSt,
1663 497 1756 527 utpote
1769 493 1863 520 homi-

1072 542 1151 568 nibus
1167 544 1282 567 mortem
1310 540 1424 567 allatura
1440 549 1448 567 :
1464 545 1509 566 aut
1534 540 1556 566 si
1573 544 1644 566 recte
1670 539 1787 573 plantata
1803 544 1857 570 cst,

1072 588 1190 622 maligne
1204 592 1278 614 certe
1294 592 1375 621 atque
1395 586 1484 612 invide
1499 585 1634 620 prohibita
1649 590 1701 616 est,
1725 584 1854 611 nimirum

1072 633 1126 660 Deo
1151 632 1292 660 scientiam
1315 631 1474 658 hominibus
1500 631 1648 663 invidente;
1669 630 1858 664 recordesque

1070 686 1118 705 cos
1131 685 1192 705 esse
1207 677 1343 711 cupiente.
1364 675 1439 703 Hanc
1453 676 1536 711 igitur
1553 676 1733 710 objectionem
1749 675 1858 702 dilueus

1070 725 1227 758 Gregorius,
1253 722 1293 751 Ne
1309 724 1336 750 in
1353 723 1404 750 hoc
1419 723 1532 758 lignum,
1551 721 1650 757 inquit,
1666 721 1741 756 impii
1760 729 1858 748 manus

1071 770 1204 805 injiciattl,
1222 776 1271 796 nec
1295 773 1447 803 serpentem
1472 768 1624 794 imitentur.
1642 766 1709 794 Nam
1725 767 1770 793 ille
1787 774 1857 800 qun-

1071 824 1124 851 que
1151 815 1234 842 Deum
1267 814 1423 841 hominibus
1449 813 1594 841 scientiatn
1625 820 1657 840 ac
1683 812 1855 840 divinitatem

1072 862 1192 890 invidere
1217 860 1337 889 dicebat.
1353 859 1410 888 Nec
1423 859 1496 887 enim
1512 859 1582 886 male
1599 859 1719 894 plantata
1742 862 1785 885 est
1799 857 1859 883 bare

1072 908 1171 940 arbor,
1199 914 1249 934 nec
1286 905 1404 940 maligne
1427 904 1570 932 interdicta
1600 911 1607 930 ι
1635 910 1729 930 verum
1758 906 1859 928 natura

1071 953 1180 986 quidem
1205 952 1276 979 bona
1313 956 1371 978 erat
1391 950 1464 985 (vidit
1490 949 1561 976 enim
1587 948 1655 975 Deus
1679 947 1768 974 omnia
1793 955 1853 982 quin

1071 1002 1180 1034 fecerat,
1201 1003 1225 1024 et
1241 1002 1314 1023 erant
1335 996 1409 1023 valde
1427 995 1495 1022 bona
1507 995 1553 1028 "),
1570 1002 1620 1021 usu
1637 999 1725 1021 autem
1742 998 1769 1020 et
1786 993 1858 1019 bona

1070 1050 1130 1072 erat
1147 1049 1173 1071 ct
1200 1044 1268 1070 mala
1283 1051 1289 1075 ;
1306 1043 1388 1074 bona,
1411 1042 1434 1069 si
1448 1048 1569 1076 congruo
1590 1044 1711 1074 tempore
1731 1039 1858 1073 percipe-

1072 1095 1154 1122 retur,
1182 1097 1261 1118 secus
1288 1095 1391 1120 autem,
1421 1087 1445 1115 si
1471 1091 1634 1122 praemature
1652 1086 1857 1120 decerperetur.

1072 1137 1191 1167 Etenim,
1217 1140 1244 1162 ut
1260 1134 1400 1161 intellectu
1423 1137 1450 1160 et
1463 1132 1694 1167 contemplatione
1708 1138 1857 1165 assequar.

1072 1183 1128 1210 hrc
1145 1182 1226 1209 arbor
1243 1181 1371 1215 cogitatio
1397 1188 1444 1207 seu
1460 1178 1657 1213 contemplatio
1682 1177 1806 1212 quazdam
1829 1180 1858 1202 et

1072 1228 1169 1255 notitia
1204 1226 1350 1262 perfectior
1381 1232 1460 1258 erat,
1492 1224 1690 1258 sublimiorque
1718 1221 1860 1253 scientia,

1071 1282 1152 1309 quam
1171 1273 1356 1300 conscendere
1375 1272 1393 1299 ii
1408 1272 1458 1298 soli
1475 1275 1534 1298 tuto
1549 1274 1673 1305 possunt,
1693 1268 1750 1302 qui,
1769 1271 1796 1293 ut
1820 1267 1861 1292 ait

1070 1319 1214 1354 Apnslttius
1230 1320 1262 1351 '°,
1280 1327 1328 1352 pro
1347 1317 1547 1345 consuetudine
1571 1323 1671 1343 sensus
1693 1314 1860 1341 exercitatos

1072 1365 1173 1392 habent
1202 1365 1234 1391 ad
1261 1363 1455 1391 discretionem
1492 1362 1554 1389 boui
1587 1366 1614 1388 et
1649 1360 1722 1386 mali.
1752 1359 1856 1385 Contra

1071 1418 1159 1439 autem
1182 1419 1212 1438 ea
1231 1411 1341 1438 minime
1358 1410 1428 1437 bona
1446 1409 1546 1436 teneris
1573 1407 1663 1434 adhuc
1693 1411 1719 1433 et
1743 1405 1859 1432 rudibus

1071 1458 1181 1488 animis,
1206 1457 1436 1492 quemadmodum
1455 1462 1504 1482 nec
1527 1454 1631 1481 solidus
1649 1453 1727 1479 cibus
1744 1450 1860 1478 infanti-

1071 1503 1133 1530 bns.
1151 1502 1251 1529 Dentes
1268 1502 1342 1529 enim
1369 1508 1465 1528 recens
1485 1504 1565 1527 natos
1580 1498 1708 1526 convellit
1724 1495 1856 1532 gravissi~

1072 1556 1167 1583 tneque
1181 1547 1263 1574 ltelit.

236 1590 358 1624 periculo
386 1577 464 1618 vacat
488 1577 669 1626 dijudicatio,
694 1594 766 1627 quod
791 1602 913 1621 crassam
937 1577 1018 1630 atque
1034 1597 1054 1623 c
1107 1577 1166 1620 C-ol.
1181 1592 1227 1619 631
1248 1592 1279 1619 C.
1301 1590 1430 1618 Pst-ztws.
1453 1590 1568 1625 Lignum
1582 1589 1709 1616 srieutim.
1732 1577 1861 1622 ln'primi

235 1633 378 1662 aﬂectibus
404 1641 567 1662 commotam
593 1640 619 1662 et
645 1637 846 1670 voluptuariatn
885 1637 1018 1665 rationem

234 1679 344 1706 habeat.
365 1679 501 1712 Quoniam
525 1679 608 1715 igitur
633 1680 767 1708 Adamum
787 1690 834 1716 per
857 1681 1018 1717 simplicem,

235 1724 367 1758 omnique
385 1724 582 1758 dijudicalione
610 1730 748 1753 carentem
768 1727 950 1754 obedientiam
966 1727 1020 1755 Deo

235 1769 361 1805 conjungi
379 1770 530 1804 oportebat,
554 1777 585 1797 ac
605 1779 652 1806 per
668 1771 825 1805 huiusmodi
849 1774 1020 1807 conjunctio-

235 1822 296 1842 nem
311 1815 462 1843 divinitatis
480 1823 550 1850 opus
575 1825 608 1844 co
623 1823 755 1852 tempore,
775 1825 830 1853 quo
850 1818 922 1846 Deus
940 1827 1020 1848 verus

234 1865 261 1887 et
277 1861 411 1888 naturalis
426 1861 568 1894 voluisset,
586 1863 722 1898 accipere,
736 1871 883 1899 rerumque
896 1865 1018 1892 omnium

235 1913 327 1934 veram
343 1907 525 1942 cognitionem
550 1913 577 1935 et
590 1908 725 1943 judicium
741 1914 822 1944 atque
836 1910 1018 1938 immortalem

234 1953 317 1980 vitam
336 1962 342 1981 :
360 1953 493 1988 simplicis
518 1962 599 1989 porro
624 1955 711 1990 ipsius
734 1956 898 1984 obedientia:
913 1958 1019 1992 experi-

234 2004 356 2027 mentum
381 2001 442 2035 capi
467 2002 632 2035 oportebat,
655 2007 796 2036 propterea
815 2002 886 2030 Deus
914 2011 1018 2038 praece-

234 2050 311 2079 ptum
334 2045 359 2072 ei
376 2045 462 2078 dedit,
489 2054 522 2072 ne
542 2054 574 2073 ex
589 2048 709 2074 scientize
723 2048 797 2081 ligno
819 2053 949 2083 gustaret.
970 2049 1020 2076 hoc

235 2095 289 2122 est,
320 2098 353 2117 ne
369 2091 480 2125 proprio
501 2091 605 2125 judicio
630 2092 734 2119 ﬁderet.
759 2093 858 2120 Verum
879 2102 940 2121 cum
962 2094 1020 2121 dia-

235 2135 317 2162 bolus
341 2136 393 2162 sub
417 2136 552 2170 serpentis
571 2138 662 2171 specie
690 2138 778 2171 ipsum
805 2143 878 2166 esset
898 2139 1020 2172 adortus,

235 2187 267 2207 ac
283 2180 398 2208 dixisset
415 2190 421 2208 :
439 2180 523 2207 Eritis
545 2182 613 2207 sicut
632 2182 670 2209 dii
689 2183 798 2210 scientes
814 2183 910 2211 bonunt
925 2191 947 2212 et
965 2193 1021 2212 ma-

235 2226 289 2253 lunt
303 2227 337 2259 5‘,
361 2227 383 2254 si
405 2227 592 2259 comedetitis,
614 2229 725 2262 proprio
741 2229 844 2263 judicio
871 2232 1018 2266 acquievit,

235 2281 266 2300 ac
283 2273 353 2300 bona
370 2282 414 2301 res
431 2273 468 2300 illi
486 2282 546 2301 esse
569 2275 720 2303 divinitatis
737 2276 845 2311 adeptio
861 2282 888 2304 ct
905 2279 1017 2306 Scientia
1034 2270 1056 2299 Β

234 2321 293 2347 visa
314 2324 366 2352 est,
391 2327 441 2347 nec
465 2320 529 2348 illud
554 2329 647 2348 secum
673 2323 819 2356 reputavit,
834 2323 906 2358 quod
928 2325 1018 2352 omnia

234 2365 344 2400 quidem
361 2366 430 2394 bona
448 2371 525 2400 sntit,
552 2375 647 2395 verum
670 2377 721 2396 suo
745 2374 875 2404 tempore,
892 2371 1021 2405 quodque

235 2411 260 2438 id
278 2412 350 2446 quod
367 2416 530 2446 accepturus
547 2418 616 2446 erat,
635 2414 782 2449 praeripere
804 2423 859 2442 non
872 2418 1020 2451 oportebat

234 2462 331 2491 praeter
355 2457 415 2492 ejus
440 2457 606 2486 voluntatem
638 2464 665 2486 et
690 2462 852 2488 sententiam
867 2481 874 2490 .
902 2462 947 2496 qui
965 2470 1018 2489 non

235 2502 315 2529 modo
333 2502 406 2529 dedit
429 2506 459 2529 ut
473 2503 571 2535 simus.
584 2504 630 2532 sed
647 2505 729 2532 etiam
743 2511 771 2532 ut
787 2505 865 2533 beate
882 2507 1015 2533 vivanms.

234 2547 266 2574 lit
285 2547 352 2574 vidit
368 2547 439 2582 quod
457 2553 530 2576 esset
546 2549 657 2582 bonum,
680 2556 707 2577 et
729 2551 845 2578 comedit
861 2559 868 2577 :
887 2556 968 2586 atque
985 2559 1017 2579 ea

234 2593 333 2620 mentis
345 2593 539 2626 abstractione,
551 2603 604 2630 qua
615 2595 647 2622 ad
662 2595 744 2622 Deum
757 2601 853 2623 natura
869 2596 1015 2629 ferebatur,

234 2639 365 2672 spoliatus
381 2643 431 2667 est.
457 2639 490 2666 Et
505 2639 590 2674 aperti
607 2645 670 2667 sunt
687 2641 759 2667 oeuli
781 2648 886 2671 eorum.
913 2642 1016 2669 scilicet

234 2685 390 2719 corporales
407 2689 488 2719 atque
510 2686 592 2712 animi
607 2685 722 2713 adectus
739 2687 870 2713 comtnoti
886 2691 958 2713 sunt.
984 2687 1016 2713 Et

234 2735 419 2764 cognoverunt
449 2731 521 2765 quod
551 2732 614 2758 nudi
652 2737 754 2764 essent,
783 2736 809 2759 et
835 2733 1014 2765 erubuerunt,

234 2781 314 2810 atque
337 2784 352 2803 a
381 2776 435 2804 Deo
460 2778 545 2804 avulsi
572 2783 643 2810 ~Illll,
666 2786 697 2804 ac
719 2778 790 2805 velut
806 2779 910 2813 ptteruli
938 2779 1017 2806 volu-

543 2815 550 2827 1

269 2896 292 2912 ⁵³
309 2896 381 2924 Psal.
398 2907 529 2931 exui-tu,
546 2900 571 2927 6.
611 2901 633 2916 “
647 2901 715 2929 Gen.
733 2909 773 2934 ιιι,
789 2903 815 2929 5.
852 2902 874 2919 ⁸⁸
886 2902 953 2930 Gen.
967 2911 986 2938 ι,
1005 2903 1050 2931 3i.

1072 1639 1189 1673 parentis
1215 1638 1305 1665 animo
1329 1638 1396 1666 velut
1421 1639 1446 1664 in
1463 1636 1626 1664 divinissimo
1643 1639 1757 1670 quadam
1780 1635 1860 1660 [torto

1072 1693 1158 1712 omnes
1184 1684 1301 1711 scientiw
1325 1683 1421 1718 species
1445 1683 1554 1709 comitia
1581 1686 1667 1708 erant.
1705 1679 1745 1707 Ex
1761 1679 1857 1715 quibus

1072 1731 1133 1757 alia:
1149 1730 1214 1756 relut
1240 1730 1267 1756 in
1290 1729 1376 1755 orbem
1404 1728 1534 1754 stabant:
1558 1727 1620 1754 duo!
1634 1726 1696 1753 solre
1715 1727 1740 1751 iu
1769 1725 1859 1751 media

1072 1777 1168 1803 animm
1186 1781 1261 1810 parte
1285 1776 1370 1802 insita
1387 1779 1473 1801 erant.
1496 1773 1548 1800 Per
1569 1782 1616 1800 eas
1642 1774 1732 1808 igitur.
1755 1779 1814 1806 qua
1831 1772 1860 1796 in

1071 1823 1160 1849 orbem
1178 1821 1308 1855 plantam
1324 1825 1409 1853 erant,
1425 1820 1460 1847 ad
1476 1829 1548 1847 csum
1569 1818 1753 1845 accommodus
1771 1818 1859 1844 virtu-

1072 1874 1125 1894 tum
1160 1868 1261 1902 fructus
1292 1867 1438 1897 indicatur,
1464 1874 1539 1900 quem
1568 1866 1698 1899 percipere
1725 1864 1859 1890 Adamum

1071 1914 1214 1946 oporlebtti,
1238 1914 1384 1947 animmque
1407 1912 1524 1938 sensoria
1540 1913 1671 1938 stuwitate
1687 1910 1857 1944 perfundere.

1072 1957 1175 1983 [larunt
1192 1961 1290 1989 malent,
1314 1964 1371 1990 qua:
1384 1956 1410 1982 in
1428 1965 1441 1982 ιι
1453 1956 1511 1983 edio
1528 1956 1644 1986 stabant,
1665 1955 1750 1981 altera
1767 1962 1859 1980 rerum

1071 2008 1220 2029 creaturam
1247 2002 1493 2037 contemplationem
1520 2002 1651 2036 designat,
1677 2001 1801 2027 nimirum
1825 2008 1858 2026 ea

1070 2057 1128 2084 quae
1155 2048 1274 2075 scientia
1305 2048 1365 2074 boni
1395 2053 1419 2075 et
1446 2048 1510 2074 ntali
1538 2055 1631 2074 nomrn
1656 2047 1858 2074 Itabet:altcra

1071 2095 1154 2129 ipsius
1173 2093 1219 2120 Dei
1247 2094 1421 2128 cognitionem
1440 2094 1682 2128 perceptionemque
1710 2091 1857 2126 signiﬁcat,

1071 2148 1130 2174 qute
1145 2140 1249 2174 quidem
1275 2139 1376 2174 lignum
1397 2141 1456 2166 vitm
1475 2139 1635 2173 appellatur.
1660 2137 1777 2164 Proinde
1803 2145 1859 2162 non

1071 2185 1160 2211 statim
1177 2185 1293 2212 scientia’
1308 2184 1378 2219 ligno
1397 2184 1489 2211 manus
1509 2184 1647 2210 adtnorere
1661 2183 1769 2209 debebat
1783 2182 1843 2208 Ada

1074 2237 1141 2262 mut,
1157 2238 1201 2256 nec
1217 2230 1358 2256 creationis
1377 2230 1491 2256 ratiouet
1505 2234 1529 2255 et
1545 2228 1658 2255 consilia
1670 2228 1857 2263 pervestigare,

1072 2264 1117 2303 me
1134 2276 1167 2302 ad
1180 2276 1279 2310 judicii
1301 2280 1326 2302 et
1354 2275 1524 2308 providentia:
1546 2275 1660 2310 difficiles
1685 2275 1858 2308 cogitationes

1071 2322 1209 2356 confestim
1225 2322 1365 2352 accedere;
1381 2322 1426 2348 sed
1442 2321 1551 2348 virtutes
1565 2321 1654 2347 sedulo
1666 2321 1740 2353 prius
1760 2321 1858 2352 colere,

1071 2374 1148 2402 atque
1163 2376 1194 2394 ex
1213 2367 1312 2400 plantis
1325 2367 1438 2393 externis
1455 2371 1479 2393 et
1497 2366 1689 2400 ruper/iciariis
1708 2366 1855 2397 comedere,

1071 2419 1175 2447 tumque
1189 2413 1224 2438 ad
1238 2411 1394 2438 sublimiora
1410 2421 1466 2439 sese
1479 2412 1608 2446 conferre,
1625 2419 1656 2438 ac
1669 2413 1782 2446 primum
1797 2413 1859 2446 qui-

1069 2458 1126 2484 dem
1144 2465 1231 2484 rerum
1250 2463 1401 2484 creatarum
1422 2466 1517 2484 caritas
1533 2458 1674 2492 inquirere,
1693 2462 1770 2491 atque
1784 2465 1814 2483 ea
1831 2466 1858 2484 η

1070 2503 1187 2529 absolute
1199 2503 1332 2530 intellecta
1344 2511 1419 2536 specu
1426 2503 1504 2529 lauda
1513 2503 1589 2537 quasi
1602 2502 1855 2535 ut'tctiusprogredi,

1070 2550 1178 2584 t'ita'que
1194 2549 1291 2584 lignum
1308 2549 1455 2584 degustare,
1475 2550 1562 2584 sicque
1572 2549 1630 2583 jam
1645 2557 1708 2583 pure
1723 2557 1782 2574 cum
1801 2548 1857 2576 Deo

1071 2596 1126 2630 ipso
1143 2595 1262 2630 (alloqui.
1279 2594 1382 2621 Idcirco
1398 2597 1465 2621 enim
1484 2595 1523 2621 Iuv
1534 2596 1594 2622 dua:
1608 2595 1713 2621 arbores
1729 2595 1755 2620 in
1770 2596 1856 2621 medio

1069 2641 1188 2675 paradisi
1197 2645 1281 2672 erant,
1294 2641 1357 2675 quia
1369 2645 1426 2674 post
1436 2645 1556 2667 exactam
1568 2645 1592 2667 et
1605 2639 1754 2666 absolutam
1768 2648 1856 2665 rerum

1070 2691 1219 2713 treatarum
1235 2687 1407 2721 cognitionem
1422 2687 1543 2720 protinus
1571 2686 1690 2712 exoritur
1711 2687 1772 2711 uitta
1792 2693 1857 2711 con-

1071 2732 1213 2765 tcmplatio.

1107 2777 1182 2804 locu.
1205 2778 1288 2804 Arbor
1303 2779 1362 2806 tvitw
1376 2777 1507 2813 sapientia
1518 2777 1606 2804 divina
1627 2781 1676 2808 est,
1703 2775 1854 2810 uniformis,

1087 2904 1109 2920 "
1123 2902 1203 2931 Hebr.
1222 2911 1249 2937 v,
1265 2904 1307 2931 H.
