2058 3159
185 228 248 259 illi?

184 332 369 358 immortalitas
380 333 476 358 unitate
490 337 670 366 comparatur.
688 334 771 359 Arbor
783 339 870 360 autem
883 335 968 360 scien~

183 379 227 406 tia:
251 378 311 404 boni
329 383 353 404 et
376 378 439 404 mali
454 379 593 412 prudentia
611 379 695 405 met/ia
710 385 759 411 est,
775 387 821 414 per
841 387 919 414 quam
937 388 967 406 ca

183 431 241 457 qua:
269 428 395 450 naturam
431 423 593 450 contrariam
624 423 737 456 habent,
773 423 966 455 dijudicantttr.

183 470 322 497 Consimili
339 473 415 496 modo
428 478 590 505 unaqua‘que
605 478 636 497 ex
655 470 706 497 illis
724 470 860 496 arboribus
877 475 968 503 potem

183 516 220 542 tia
235 515 356 550 qua'dam
368 517 464 543 anima'
474 522 541 547 erat,
554 517 587 543 atl
599 517 722 552 pietatem
737 517 843 548 ducetis,
856 523 968 548 quarum

182 561 255 595 prius
267 562 422 596 participem
438 562 496 596 ﬁeri
517 562 648 588 Adamum
671 563 817 596 oportebat,
839 568 915 597 alque
930 563 968 588 ita

182 606 217 632 ad
250 607 468 641 dijudirationem
494 608 626 635 accedere.
654 608 870 642 Quandoquidem
899 609 968 634 enim

184 652 284 677 uiolant
299 652 505 686 haudquaquam
520 653 619 678 nudum
634 657 658 679 et
672 657 791 686 apertum
803 653 967 686 proponitur,

183 701 226 723 sed
244 697 313 723 illud
331 699 415 732 specie
429 701 545 733 quadam
561 698 621 725 boni
639 699 816 726 circumlitum
832 705 908 733 alque
926 707 970 726 ve-

144 746 146 749 “
184 744 270 769 latum
298 744 421 776 amplecti
447 744 587 777 malumus,
605 752 683 778 quam
712 745 765 771 Deo
789 744 969 778 atljungi:ob

182 797 240 816 eum
258 798 365 816 causam
381 791 411 823 ii,
424 791 519 826 quibus
534 790 581 817 hoc
595 791 701 822 accidit,
719 800 735 818 α
748 792 865 818 veritatis
880 798 969 824 pet'ce-

183 837 271 869 ptiune
286 841 419 868 arcentur,
437 845 467 863 ne
481 845 525 870 per
541 837 603 864 vita?
614 838 844 871 participationem
861 838 969 863 immor-

185 881 253 907 tales
277 882 371 916 effecti,
388 882 568 910 immortalem
585 891 687 917 quoque
710 884 904 916 improbitatem
919 883 969 910 Ita-

185 926 273 955 lteant.
304 927 445 954 Enimvero
472 929 650 963 potentiorum
678 934 701 955 et
713 929 873 963 facultatum
896 929 969 955 nobis

185 972 329 998 inclitarum
353 972 439 1000 altera
462 973 540 1008 plane
553 974 673 1001 mascula
698 979 756 1006 est;
772 982 861 1007 nempe
888 982 970 1005 aiens,

186 1018 270 1044 altera
283 1019 388 1053 femina:
411 1028 462 1046 non
479 1019 621 1052 absimilis,
638 1020 762 1047 nimirum
789 1027 880 1046 sensus
895 1027 971 1053 quem

185 1064 266 1090 etiam
284 1065 329 1091 ille
345 1065 399 1091 vitii
420 1066 519 1100 artifex
537 1074 687 1101 oppugnare
710 1065 862 1100 aggreditur
875 1073 905 1091 ac
925 1066 971 1092 de-

185 1109 267 1141 ludit,
294 1119 436 1146 sensusque
462 1112 576 1139 vicissim
602 1112 682 1138 menti
705 1111 879 1145 imposturam
895 1110 970 1145 facit.

186 1154 240 1182 Illa
265 1165 342 1191 porro
361 1157 451 1185 divitia
468 1160 598 1194 potentia,
624 1167 676 1194 qua
697 1159 805 1185 indultu
823 1163 892 1190 erat,
910 1167 972 1192 spo-

185 1202 279 1234 liatttr,
300 1211 331 1229 ac
350 1204 437 1231 dit-ina
460 1205 582 1236 scientia,
599 1205 677 1239 quasi
696 1205 825 1238 paradiso
845 1206 971 1240 quodam,

186 1247 303 1280 pellitur,
332 1248 521 1284 [inminensque
541 1250 658 1285 gladius.
676 1251 724 1278 hoc
739 1256 789 1283 est,
816 1251 935 1285 potentia
957 1260 973 1278 a

188 1291 242 1317 Deo
262 1294 417 1325 constituta,
444 1295 529 1328 ipsum
545 1295 679 1322 custodire
697 1296 816 1331 jubetur.
832 1296 895 1323 1am
915 1305 974 1323 vero

186 1335 263 1369 inter,
292 1336 377 1364 Morte
399 1339 558 1371 moriemini,
579 1345 605 1367 et
624 1341 790 1375 simpliciter,
811 1341 972 1374 Morientini,

187 1381 235 1409 hoc
255 1383 318 1410 milii
346 1384 508 1412 discriminis
533 1394 590 1413 esse
606 1386 719 1419 videtur,
748 1387 816 1422 quod
842 1388 865 1414 is
893 1396 976 1414 morte

187 1429 313 1460 moritur,
336 1430 382 1464 qui
404 1431 534 1465 pestiferis
559 1433 642 1459 animi
669 1433 881 1467 conceptionibus
905 1435 974 1460 velut

186 1475 336 1507 etnoritur;
361 1476 518 1511 simpliciter
539 1484 628 1504 autent
653 1479 775 1510 moritur,
799 1479 844 1513 qui
871 1485 975 1506 naturcu

189 1520 281 1546 mortis
302 1520 429 1546 tributum
451 1522 552 1556 pendit.
571 1521 646 1554 Quod
659 1527 746 1549 autem
772 1523 903 1558 singulari
924 1532 975 1550 au-

188 1574 260 1592 mero
290 1565 360 1593 Deus
390 1574 436 1593 esu
465 1567 566 1594 arboris
590 1569 735 1599 interdicit,
762 1569 863 1603 plurali
889 1575 975 1596 autent

189 1620 280 1646 petant"
294 1613 525 1647 transgressionem
537 1619 674 1641 secuturas
690 1614 835 1649 subjungit,
850 1615 896 1641 Itoc
912 1616 975 1641 mitti

190 1655 324 1683 ostendere
347 1657 459 1688 videtur,
487 1657 557 1692 quod
577 1659 704 1693 quamdiu
732 1659 758 1685 in
783 1659 849 1685 bono
873 1667 975 1692 smnus,

189 1702 318 1729 unitatem
334 1702 388 1738 (18)
404 1709 523 1730 nostram
537 1704 564 1729 in
580 1712 610 1730 eo
627 1704 671 1738 qui
684 1712 752 1729 unus
769 1708 818 1735 est,
833 1712 976 1735 servamus,

190 1748 316 1775 nimirum
332 1749 386 1776 Deo
407 1749 551 1783 adiuncti:
567 1758 626 1776 cum
651 1755 739 1776 autent
758 1750 784 1776 in
803 1750 902 1777 malum
919 1758 980 1784 pro-

190 1795 258 1828 lapsi
274 1803 376 1828 sumus,
395 1800 451 1822 tum
469 1804 526 1823 vere
545 1796 637 1831 procul
655 1805 671 1823 a
687 1796 741 1823 Deo
760 1805 930 1829 remorentur,
948 1805 979 1822 ac

190 1847 238 1873 pro
254 1847 304 1866 uno
317 1840 394 1867 multi
407 1848 510 1868 sumus.

225 1888 285 1915 Col.
303 1888 355 1915 654
373 1891 403 1915 A.
419 1887 563 1923 Postquam
581 1894 669 1915 autem
685 1888 785 1915 diaboli
796 1889 911 1920 invidia,
927 1893 978 1915 etc.

191 1933 231 1960 Ad
265 1933 498 1968 incorruptionem
534 1935 644 1969 quidem
681 1940 708 1961 et
748 1933 979 1960 immortalitatem

192 1979 265 2007 Deus
284 1980 421 2007 [nominem
439 1985 595 2012 creaverat;
615 1987 708 2007 verum
739 1980 838 2006 invidia
858 1980 978 2015 dittboli_,

192 2034 291 2061 quema
303 2025 422 2053 ltnodutu
436 2030 477 2052 est
489 2026 558 2060 apud
577 2025 762 2057 Salomonem,
780 2033 849 2052 mors
868 2025 978 2051 intravit

192 2072 220 2098 in
232 2071 358 2098 mundum
368 2071 402 2098 "".
412 2070 520 2098 Invidiae
532 2070 604 2097 enim
619 2075 686 2098 testu
701 2071 832 2098 adversus
845 2070 980 2097 ltomittem

194 2117 315 2153 percitus
343 2121 394 2150 est,
423 2123 534 2152 propter
558 2122 662 2144 tantum
690 2117 776 2152 ipsius
802 2117 932 2144 honorem
956 2122 983 2144 ct

193 2163 373 2197 dignitatem,
399 2171 431 2191 ac
458 2164 608 2198 prmsortim
633 2164 696 2198 quia
721 2168 850 2198 aposlstm
875 2171 982 2198 quoque

194 2210 286 2237 Sedetn
305 2209 330 2237 in
346 2210 416 2237 cmlo
432 2209 593 2244 impleturus
609 2214 678 2237 erat.
691 2210 741 2237 Sed
755 2218 853 2237 causas
870 2218 981 2236 enume-

195 2265 297 2289 rcntus,
313 2257 348 2284 ob
364 2264 431 2292 quas
459 2257 586 2291 paradiso
605 2256 707 2284 excidit
730 2256 866 2283 Adamus.
893 2255 982 2282 Prima

663 230 823 260 mentas
846 231 884 261 IN
905 214 1017 262 onivr.
1038 233 1121 262 XLII
1143 235 1170 263 δ,
1191 234 1311 265 anno.

182 292 299 321 nrqanm,
317 290 340 312 et
357 285 527 312 immutabilis
541 285 587 313 illa
608 287 720 314 scientia
747 288 803 323 (t7)
827 296 873 322 per
889 296 968 321 quain
982 291 1006 319 Α
1021 289 1117 317 Mulier
1132 299 1238 323 rursus,
1251 300 1313 319 cum
1326 292 1361 319 ob
1374 293 1583 326 promissionem
1599 294 1674 329 (quia
1688 294 1812 321 videlicet

1745 236 1812 268 1338

1023 336 1080 363 sola
1093 344 1107 362 a
1122 336 1176 363 Dro
1188 338 1343 365 auxiliatrix
1358 338 1415 364 vim
1426 339 1488 366 data
1502 339 1600 373 fuerat)
1614 340 1726 367 minime
1737 348 1813 366 men-

1024 383 1066 409 tiri
1078 383 1292 416 existimaretur,
1304 384 1413 412 facilius
1423 385 1472 416 illi,
1481 385 1552 420 quod
1564 386 1657 415 voluit,
1667 388 1812 419 persuasit,

1022 433 1103 462 atque
1117 428 1152 455 ita
1169 435 1325 464 oppugnata
1341 430 1584 465 oppugnavit..l‘er
1598 431 1622 457 id
1639 431 1812 464 autemquod

1022 473 1089 500 dicit
1107 478 1252 508 utrumque.
1277 481 1462 509 oppugnatum
1491 475 1585 505 fuisse,
1611 475 1756 509 plurimum
1777 475 1810 501 de

1022 519 1205 546 accusationis
1221 521 1399 555 criminisque
1415 521 1549 555 gravitate
1566 520 1693 547 detrahit.
1711 519 1807 546 Postea

1022 572 1084 591 cum
1098 573 1145 599 per
1161 566 1390 592 exclamationem
1407 566 1521 593 dixisset
1535 575 1541 592 :
1556 565 1577 592 Ο
1592 573 1679 592 meam
1697 565 1812 591 inﬁrmi-

1025 611 1125 637 tatem!
1143 610 1290 638 diezioncm
1308 611 1378 638 hanc
1395 619 1551 645 exponens,
1571 611 1607 637 ait
1622 618 1650 637 se
1668 609 1746 644 primi
1764 617 1812 643 pa-

1023 656 1106 683 rentis
1117 656 1219 683 cladem
1232 664 1309 684 suam
1321 657 1430 690 ducere,
1442 663 1469 684 et
1484 657 1547 691 quia
1562 656 1707 683 inﬁrmitas
1719 655 1764 681 illa
1777 654 1813 681 ab

1024 703 1082 737 ipso
1111 703 1144 730 ad
1171 704 1328 731 universum
1357 703 1497 730 hominum
1524 710 1608 738 genus
1633 700 1814 735 ptomanavit.

1028 747 1181 776 lutirntilati
1194 754 1283 776 autem
1295 749 1398 776 cladem
1417 749 1549 782 adjnnxit.
1564 747 1723 774 lutirtnitate
1742 746 1818 778 enim

1024 800 1166 830 correptus
1195 800 1249 828 est,
1273 795 1404 829 volttptati
1426 802 1480 821 non
1507 793 1649 823 resistens.
1671 797 1751 826 atquc
1779 792 1815 818 ita

1024 847 1180 877 superatus.
1195 841 1322 875 [’urgatio
1346 845 1435 868 autent
1459 839 1581 874 quantam
1601 837 1680 872 primi
1695 836 1816 871 parentis

1024 892 1066 914 est
1082 887 1237 914 inﬁrmitas.
1262 886 1326 912 Eam
1352 893 1433 920 porro
1459 892 1560 914 escam.
1575 884 1681 911 tametsi
1698 882 1816 914 dulcem,

1025 932 1225 960 amarulentam
1242 931 1403 963 nominavit,
1421 935 1450 957 ut
1462 937 1554 956 amara
1569 937 1647 963 pinna
1663 929 1816 954 multatam.

990 967 1011 997 θ
1026 979 1125 1004 Amat'a
1141 978 1213 1004 enim
1230 985 1304 1003 tnors
1321 981 1373 1008 est,
1391 980 1417 1002 et
1433 975 1558 1006 tristitia,
1577 982 1637 1008 quae
1659 981 1717 1001 eam
1739 979 1816 999 anto-

1024 1024 1106 1056 ccdit,
1126 1028 1207 1057 atque
1231 1031 1318 1057 usque
1338 1023 1370 1049 ad
1392 1029 1452 1048 eam
1472 1025 1599 1055 perpetuo
1613 1020 1761 1046 excruciat.
1783 1018 1815 1044 In

1024 1069 1178 1096 mmroriltus
1190 1069 1274 1100 enim,
1285 1069 1383 1103 inquit,
1393 1067 1510 1094 romch
1523 1071 1620 1093 terram
1634 1065 1753 1092 omnibus
1763 1064 1818 1091 dic-

1024 1115 1071 1142 ltus
1087 1115 1146 1141 vitta
1160 1120 1211 1141 tua:
1220 1115 1253 1140 ⁸⁸.
1266 1113 1395 1141 Fortasse
1407 1113 1489 1140 ctiatn
1504 1121 1551 1147 per
1563 1111 1732 1138 mortiferam
1747 1111 1818 1137 hanc

1025 1161 1163 1191 arborem,
1179 1160 1279 1187 bonum
1295 1159 1375 1187 simul
1390 1164 1416 1185 et
1428 1158 1565 1185 exitialem
1583 1157 1701 1183 fructum
1714 1155 1817 1182 [taben-

1025 1210 1089 1236 tem,
1119 1204 1222 1239 peccati
1252 1209 1346 1230 natura
1373 1202 1554 1237 signiﬁcatur.
1585 1201 1719 1234 Quoniam
1744 1199 1817 1226 enim

1026 1252 1151 1284 voluptas
1170 1250 1293 1285 qutctlam
1320 1249 1415 1275 vilium
1440 1256 1521 1274 omne
1540 1246 1688 1282 prmccdit.
1716 1245 1820 1271 idcirco

1026 1298 1133 1325 fructus
1145 1296 1189 1323 ille
1207 1297 1294 1323 bonus
1313 1299 1435 1326 vocatur,
1452 1293 1523 1328 qttod
1540 1292 1663 1319 videlicet
1680 1298 1726 1324 per
1739 1297 1817 1316 erro-

1027 1351 1107 1370 neum
1129 1348 1155 1370 et
1181 1337 1280 1369 falsum
1305 1341 1367 1368 boai
1390 1341 1524 1376 judicium
1548 1339 1602 1368 his.
1618 1339 1664 1372 qui
1682 1343 1818 1364 sumntum

1026 1390 1127 1417 bonum
1144 1389 1170 1415 in
1189 1389 1329 1423 voluptate
1346 1391 1461 1421 ponunt,
1479 1386 1539 1413 talis
1557 1385 1697 1416 videatur;
1715 1388 1741 1409 at
1757 1389 1821 1408 vero

1027 1437 1115 1463 malus
1145 1439 1239 1469 postea
1269 1442 1315 1469 per
1343 1441 1464 1460 amaram
1499 1432 1572 1458 illius
1602 1427 1820 1457 mandueationis

1027 1483 1207 1517 digestionem
1234 1481 1381 1508 invenitur.
1398 1479 1518 1506 Adamus
1537 1477 1619 1512 igitur
1635 1476 1670 1502 ob
1689 1475 1818 1501 violatum

1028 1534 1190 1564 pra-ceptum
1206 1526 1322 1558 exsulat,
1341 1530 1397 1552 tum
1422 1533 1436 1552 a
1449 1525 1523 1559 ligno
1537 1523 1608 1554 vitm,
1624 1522 1675 1548 hoc
1696 1525 1748 1551 est,
1771 1519 1818 1545 Dei

1028 1574 1267 1608 contemplatione,
1281 1579 1336 1599 llllll
1352 1579 1365 1597 a
1381 1570 1516 1605 paradiso,
1529 1569 1556 1595 id
1576 1568 1628 1600 est,
1641 1566 1744 1593 emit-sti
1758 1566 1821 1591 vitae

1030 1620 1152 1651 ratione,
1173 1623 1229 1645 tum
1253 1619 1287 1645 ab
1313 1618 1373 1652 ipso
1398 1617 1463 1647 Deo,
1487 1616 1538 1642 hoc
1555 1618 1607 1644 est,
1634 1613 1667 1639 ab
1691 1619 1722 1638 ea
1738 1611 1821 1637 animi

1031 1667 1156 1693 libertate
1172 1670 1199 1691 et
1223 1665 1345 1696 licentia,
1368 1670 1449 1698 quam
1477 1661 1546 1696 apud
1579 1660 1663 1686 Deum
1695 1657 1820 1684 habebat.

1030 1711 1116 1745 chcit
1134 1710 1205 1737 enim
1223 1731 1230 1741 ,
1247 1709 1344 1744 inquit,
1363 1710 1433 1734 Dcus
1447 1707 1543 1738 Adam,
1559 1711 1582 1732 cl
1600 1703 1743 1731 collocavit
1759 1709 1822 1728 eum

1030 1762 1092 1784 ante
1120 1757 1276 1791 paradisum
1307 1753 1463 1787 voluptatis.
1485 1752 1529 1778 -Ει
1561 1751 1670 1784 quidem
1700 1747 1821 1775 scicntia:

1030 1803 1133 1836 lignum
1152 1805 1289 1827 certamen
1309 1805 1332 1826 ct
1350 1797 1511 1825 exercitatio
1526 1801 1584 1823 erat
1610 1794 1685 1821 liberi
1702 1793 1818 1820 arbitrii.

1032 1850 1066 1875 At
1081 1849 1183 1882 lignum
1204 1847 1276 1877 vitae,
1291 1846 1382 1879 planta
1396 1844 1518 1878 quantum
1535 1846 1605 1873 eral,
1622 1841 1675 1867 vim
1690 1839 1823 1867 donanda:

1033 1893 1250 1922 immortalitatis
1265 1892 1378 1918 habens.
1396 1887 1558 1924 Hujusmodi
1581 1893 1697 1920 namque
1714 1891 1755 1912 est
1772 1886 1824 1912 Do-

1033 1939 1141 1966 minica:
1165 1944 1274 1972 quoque
1301 1935 1392 1962 crucis
1418 1934 1534 1969 lignum.
1563 1931 1714 1965 Allcgorice
1741 1930 1822 1957 etiam

1036 1984 1156 2012 ﬁculnea
1177 1983 1241 2010 folia
1260 1991 1291 2010 ex
1308 1981 1408 2016 quibus
1425 1980 1503 2016 primi
1519 1984 1644 2014 parentes
1656 1977 1822 2010 subligacula

1033 2031 1084 2059 sibi
1110 2031 1254 2060 fecerunt,
1272 2035 1431 2056 mrumnosm
1458 2026 1540 2061 hujus
1564 2026 1624 2052 vilze
1650 2024 1822 2058 asperitatem

1033 2077 1187 2111 designant.
1204 2075 1293 2109 Atque
1310 2074 1391 2102 etiam
1406 2074 1525 2108 pellieca:
1541 2076 1629 2099 vestes
1645 2079 1712 2106 quas
1730 2069 1822 2096 Domi-

1036 2132 1088 2151 nus
1117 2123 1223 2149 Adamn
1250 2122 1390 2156 ipsiusque
1417 2120 1495 2147 uxori
1524 2119 1608 2149 fecit,
1632 2117 1824 2146 mortatilatcm

1033 2169 1179 2204 carnisque.
1191 2169 1344 2195 crassitiem
1355 2167 1520 2202 signiﬁcant.
1531 2166 1635 2200 Corpus
1645 2165 1717 2191 cuitu
1728 2163 1823 2190 Adami

1034 2225 1048 2242 a
1062 2215 1195 2250 principio
1209 2215 1317 2242 tenuius
1331 2220 1424 2241 eratet
1438 2213 1617 2247 tnolliustncc
1629 2212 1742 2238 otuniuo
1752 2217 1824 2236 tuor-

1036 2263 1099 2293 talc,
1114 2261 1160 2288 sed
1176 2261 1271 2288 mediae
1287 2261 1429 2295 cujusdam
1445 2259 1611 2287 conditionis
1626 2259 1696 2285 inter
1711 2256 1824 2284 mortale

195 2310 276 2329 6³115³
294 2302 346 2329 ru“
369 2302 468 2329 ἀίθδοιί
497 2302 616 2335 ἱιινίιιὶίιι
644 2304 727 2330 ³¹ιοΓ³
757 2310 880 2337 δεῖρθυεν
909 2303 982 2330 “llus
1000 2312 1020 2338 ῐ)
1035 2313 1059 2334 et
1076 2307 1238 2340 immortale,
1256 2308 1289 2334 At
1303 2311 1364 2341 post
1375 2307 1632 2341 transgressionem,
1646 2303 1824 2338 quemadmo—

196 2348 370 2382 administer;
386 2348 475 2380 tertia,
493 2348 615 2375 mulieris
630 2348 808 2383 simplicitas;
823 2354 919 2383 quarta
932 2349 982 2376 viri

195 2400 259 2426 erga
277 2401 388 2420 uxorem
408 2393 612 2427 benevolentia;
632 2395 737 2429 quinta,
766 2394 851 2428 ipsius
877 2395 902 2421 in
921 2403 983 2428 pro-

198 2438 326 2471 pulsanda
344 2440 436 2468 suavis
461 2440 534 2467 illins
560 2441 614 2467 cibi
633 2440 762 2468 violentia
791 2441 982 2473 imbecillitas;

199 2488 286 2516 sexta,
304 2486 422 2512 mandati
440 2486 551 2520 oblivio,
568 2492 648 2522 atque
672 2487 743 2514 hanc
759 2491 852 2515 secuta
870 2489 985 2515 mandu-

199 2529 281 2556 catio.
293 2529 346 2557 llas
358 2537 452 2558 omnes
468 2539 564 2560 causas
574 2533 667 2560 ordine
679 2534 804 2565 exposuit
818 2534 983 2567 'l‘heologus,

199 2575 348 2609 primorum
364 2581 505 2610 parentum
525 2579 634 2604 nomine
652 2586 762 2605 causam
777 2579 881 2610 dicens.
903 2585 985 2614 atque

201 2623 238 2648 ait
255 2631 262 2649 :
278 2621 408 2651 Diabolus
426 2622 526 2649 invidia
543 2627 633 2651 motus
650 2629 701 2656 est,
717 2629 797 2659 atque
813 2625 984 2660 hineduplcx

201 2669 252 2696 fuit
266 2669 397 2696 assultus.
414 2668 532 2703 Serpens
546 2669 627 2702 cnim,
643 2674 714 2697 recta
731 2672 874 2698 consulere
889 2673 987 2700 existi-

201 2721 302 2748 matus,
313 2716 465 2748 mulierem,
477 2719 505 2742 ut
517 2715 680 2748 molliorem,
691 2716 717 2743 in
732 2716 854 2745 fraudem
868 2719 985 2754 impulit.

233 2795 256 2810 "
272 2793 336 2828 Sap.
352 2800 381 2824 tt,
394 2792 439 2820 ‘24.
478 2793 500 2809 ⁸⁸
511 2794 578 2822 Gen.
597 2801 655 2827 vita,
681 2795 724 2822 17.
763 2796 785 2812 ⁸³
799 2795 902 2830 lbid.6,
920 2797 944 2825 7.

235 2874 291 2907 (l7)
309 2874 487 2910 inliuatam/is
506 2876 553 2902 illa
566 2876 686 2902 scicntia.
698 2876 851 2910 Legendnm
869 2879 940 2905 cnim
959 2880 985 2905 in

191 2910 292 2937 -ὗιῚ-νι)
308 2908 398 2945 list-lli,
416 2911 636 2944 ἀπαράλλακτος,
653 2919 706 2938 non
727 2908 936 2945 ἇπαρέγκλιτος.

237 2945 290 2980 (l8)
313 2943 455 2973 Unitatent.
477 2945 548 2981 Lego
564 2947 648 2979 enim,
665 2946 694 2973 τὸ
723 2946 751 2973 ἓν
774 2943 862 2982 ήμῶν,
881 2955 935 2975 non
957 2948 985 2974 ὲν

1035 2354 1099 2380 dum
1115 2353 1196 2387 pellis
1213 2361 1308 2380 crassa
1320 2357 1372 2384 est,
1389 2357 1414 2379 et
1430 2357 1548 2382 mortua,
1570 2359 1601 2376 ac
1613 2351 1691 2381 dura,
1710 2350 1744 2375 ita
1761 2356 1825 2375 caro

1035 2398 1117 2425 etiam
1139 2405 1230 2424 crassa
1242 2419 1248 2428 ,
1264 2402 1291 2424 et
1305 2397 1395 2432 gravis
1406 2417 1413 2427 ,
1430 2401 1457 2422 et
1473 2396 1594 2421 mortalis
1609 2403 1639 2420 ac
1654 2395 1719 2420 dura
1739 2398 1766 2419 et
1785 2401 1827 2419 re-

1038 2443 1177 2471 l't'actat'ia.
1209 2443 1240 2470 Et
1267 2443 1460 2474 comederunt,
1485 2441 1580 2474 inquit,
1600 2444 1625 2466 ct
1641 2443 1826 2472 cognoverunt

1037 2490 1110 2525 quod
1129 2489 1195 2516 nudi
1223 2490 1342 2517 erant”.
1362 2487 1497 2520 Quoniam
1514 2488 1585 2513 cnim
1609 2486 1728 2513 sciuntur:
1757 2485 1824 2511 illud

1036 2537 1139 2571 lignum
1157 2540 1215 2562 erat
1228 2555 1235 2567 ,
1254 2535 1372 2569 primum
1396 2541 1473 2561 suam
1490 2533 1612 2567 ipsorum
1629 2532 1822 2564 turpitudinem

1034 2587 1232 2618 cogtmvcrunl,
1248 2587 1330 2616 atque
1352 2580 1545 2608 intellexerunt.
1560 2579 1631 2613 quod
1648 2579 1747 2605 bonum
1760 2578 1824 2612 qui~

1036 2629 1096 2656 dettl
1113 2633 1171 2656 crat
1188 2628 1306 2655 mandati
1320 2627 1491 2658 observatio,
1508 2626 1609 2653 malum
1626 2630 1719 2652 contra
1736 2631 1825 2652 trans~

1036 2675 1142 2710 gressio
1159 2695 1167 2708 ,
1182 2684 1214 2702 ac
1230 2674 1328 2701 deinde
1348 2682 1361 2701 a
1379 2673 1449 2700 facie
1466 2673 1512 2700 Dei
1531 2680 1560 2700 se
1579 2672 1670 2699 lurtitn
1686 2671 1824 2698 subduxe-

1038 2726 1110 2749 runt.
1129 2721 1235 2749 Etenim
1253 2725 1315 2748 ante
1337 2724 1478 2756 peccatum
1500 2720 1650 2747 admissum
1663 2738 1670 2750 ,
1691 2718 1788 2745 anima:
1800 2722 1825 2744 et

1039 2879 1113 2912 ἡμῖν,
1142 2883 1171 2905 ut
1189 2879 1273 2906 codex
1290 2878 1401 2907 Graccus
1427 2879 1507 2906 habet
1531 2886 1537 2904 ε

1564 2877 1589 2905 id
1606 2875 1678 2912 quod
1696 2877 1823 2911 proxima

1038 2913 1107 2942 linea
1120 2915 1187 2942 satis
1201 2914 1332 2943 ostendit.
