2058 3159
169 205 234 236 1245

642 200 804 233 NICETAS
825 200 865 230 IN
885 199 997 230 ORAT.
1018 199 1100 229 XLII
1123 199 1152 229 S.
1174 199 1290 230 GREG.

1724 205 1793 238 1346

166 263 251 296 tigura
283 260 458 296 proferuntur
475 280 482 292 ,
519 268 573 295 qua
609 265 719 296 propter
753 259 950 295 hypostaticam
967 259 990 287 Α
1005 262 1073 289 erat,
1099 262 1124 284 ct
1139 265 1200 292 qua:
1224 258 1352 291 habebat,
1381 264 1491 294 propter
1515 261 1720 289 instaurationis
1745 271 1791 297 go-

166 307 345 337 idcntitatem,
363 309 541 339 mutnnmque
559 305 670 332 alterius
692 304 718 330 in
737 303 849 330 alteram
861 306 951 328 trans-

167 352 244 382 itum,
278 355 392 386 utraque
424 355 521 377 natura
558 349 635 377 alteri
679 349 860 385 proprietates
887 353 951 373 suas

165 398 357 424 communicat.
389 397 448 430 Qua
476 397 581 424 ratione
609 396 688 423 nobis
720 395 753 422 de
781 394 891 421 Christo
917 392 950 419 ad

164 443 236 470 hunc
257 443 366 470 modum
398 443 471 478 loqui
500 443 563 469 licet
591 451 597 469 :
626 442 676 468 Hic
713 442 781 467 Deus
813 445 900 466 noster
924 439 951 465 in

164 494 233 515 terra
255 489 324 515 risus
337 494 374 515 est
389 489 421 515 ⁷⁵.
449 488 481 515 Ει
505 497 512 515 :
539 487 587 515 llic
603 489 684 514 homo
700 487 838 514 incruatus
857 489 909 516 est,
925 489 952 511 et

162 536 195 561 ab
219 534 364 561 achctibus
389 534 494 561 alienus
510 553 517 565 ,
545 539 626 568 atque
649 531 949 567 incomprrhensibilis;

161 580 391 615 quemadmodum
423 580 474 607 hoc
511 587 620 614 quoque
645 579 704 606 loco
735 578 803 606 dixit
831 577 949 603 Theolo-

160 634 209 660 gns
226 634 233 652 :
251 625 303 658 Qui
319 631 368 658 est,
397 627 438 658 lit,
454 631 477 652 rt
494 626 627 653 intrratus
657 629 773 651 creatur.
805 622 951 650 Enimvero

160 677 221 708 cum
256 671 301 704 qui
326 675 378 701 est,
411 671 467 696 ticri
494 679 501 696 :
525 675 553 697 et
577 677 639 696 cum
665 670 710 704 qui
738 669 876 696 increalus
897 671 950 700 est,

160 717 262 747 creari,
289 716 395 743 tametsi
411 716 536 743 mirabile
556 720 610 748 cst,
630 723 684 742 non
701 720 789 742 tamen
810 715 835 741 id
852 722 950 741 securi-

160 763 222 789 dum
253 763 431 789 mutationem
458 762 646 797 accipiendum
664 766 715 793 est,
733 768 827 788 verum
850 768 950 788 secun-

161 817 223 843 pum
255 809 479 842 assumptionem.
510 807 577 835 Nam
600 807 627 835 id
649 807 721 842 quod
745 811 802 834 erat
827 814 950 838 manens,

161 855 185 880 id
201 855 273 888 quod
291 862 345 880 non
371 859 430 881 erat
456 854 614 889 assumpsit.
643 853 718 886 Quod
735 858 826 880 autem
847 853 948 887 inquit,

159 907 221 926 cum
242 900 288 934 qui
305 899 378 927 nullo
392 896 451 927 loco
467 900 526 934 capi
554 907 586 928 ae
600 899 733 928 contineri
750 903 848 934 potest,
863 899 951 926 conti-

160 945 233 978 neri,
250 945 302 972 huc
313 952 376 972 vero
392 945 446 972 vita
465 953 594 972 arcanum
608 949 649 972 est
663 950 690 972 et
704 945 825 978 difﬁcile,
837 949 866 972 ut
879 945 950 972 nulla

161 991 268 1018 ratione
279 991 408 1025 explicari
426 996 517 1026 queat,
529 999 579 1019 nec
591 991 665 1019 aliud
678 991 827 1026 quidquam
840 991 891 1018 dici
903 999 951 1025 po-

161 1040 225 1068 test,
242 1043 323 1070 quam
338 1037 410 1071 quod
432 1037 467 1064 ob
479 1037 655 1064 excellentem
671 1039 797 1071 polentitc
815 1038 951 1071 magnitu—

161 1082 265 1114 dinem,
288 1082 339 1109 hee
361 1083 511 1117 perfectum
537 1087 589 1110 est.
616 1083 705 1117 Atque
731 1083 811 1110 etiam
841 1082 950 1109 modum

160 1128 242 1162 hujus
259 1129 512 1163 comprehensionis
537 1129 659 1164 exponit.
692 1129 789 1156 Anima
811 1129 895 1160 enim,
912 1129 952 1155 in-

160 1175 243 1208 quit,
282 1174 354 1201 intcr
381 1175 552 1202 divinitatem
586 1175 766 1210 corporisqtte
799 1176 951 1203 crassitiem

161 1218 251 1246 media
270 1219 438 1252 intercessit,
459 1220 510 1246 hoc
528 1225 579 1253 est,
596 1220 758 1254 interposita
775 1221 865 1247 anima
882 1220 952 1248 Deus

161 1273 224 1292 eum
241 1273 322 1292 carne
335 1265 447 1300 jnncttts
465 1271 517 1293 est.
533 1266 629 1302 Anima
644 1267 715 1293 cnitn
735 1271 845 1302 propter
856 1267 952 1301 imagi-

162 1311 204 1338 nis
216 1311 372 1346 dignitatcm
385 1316 466 1346 atque
477 1312 640 1347 intelligendi
653 1313 705 1339 vim
718 1314 770 1340 Deo
778 1313 952 1347 conjunctior

160 1361 213 1383 est.
240 1358 278 1384 Ac
309 1357 421 1392 proittde
449 1359 506 1385 hac
528 1359 625 1393 prima,
650 1363 679 1386 ut
702 1359 821 1386 materiae
843 1367 949 1394 expers,

161 1402 311 1429 divinitatis
337 1403 472 1437 particeps
496 1402 566 1430 iacta
590 1409 642 1435 est,
667 1411 698 1430 ac
720 1411 768 1438 per
785 1411 845 1430 eain
868 1403 952 1430 etiam

160 1455 236 1474 caro.
263 1446 357 1482 Neque
381 1449 454 1475 enim
481 1448 540 1475 ﬁeri
567 1449 647 1475 aliter
675 1453 774 1482 potest,
797 1449 863 1483 quin
880 1449 951 1483 quod

163 1492 335 1528 hypostatica
365 1494 466 1520 unione
501 1494 678 1528 conjunctum
710 1499 770 1525 est,
802 1494 952 1521 divinitatis

161 1538 255 1572 gloria:
271 1538 305 1564 sit
319 1539 464 1573 particeps.
481 1537 519 1565 lla
538 1539 625 1566 media
639 1538 777 1573 inteijci-ta
793 1545 849 1565 erat
862 1540 951 1566 anima

161 1583 233 1609 inter
253 1583 421 1610 divinitatem
446 1587 473 1610 et
507 1591 627 1616 carnem,
661 1591 693 1610 ac
724 1591 771 1617 per
798 1592 857 1610 cum
889 1592 950 1611 cum

1004 304 1077 330 lteris
1107 304 1220 330 humani
1247 305 1405 338 consilium,
1429 307 1570 334 orutltans
1599 315 1628 333 ea
1656 316 1717 342 qum
1738 317 1791 333 non

1003 354 1072 381 erat,
1085 357 1133 376 nec
1154 350 1280 382 habebat,
1299 351 1458 385 assumpsit,
1477 356 1507 378 ut
1528 352 1701 386 perfectionis
1720 353 1793 379 illius

1003 393 1060 428 ipse
1076 394 1208 428 particeps
1227 395 1289 422 (iam
1302 415 1309 427 ,
1336 396 1466 423 nimirum
1484 397 1551 424 deus
1567 406 1675 432 quoqttc
1694 399 1792 425 factus.

1004 439 1089 466 Porro
1111 440 1273 468 inanitionis
1298 449 1397 468 nomen
1411 450 1442 469 ex
1460 442 1533 469 lianli
1556 443 1588 469 ad
1605 442 1791 478 Philippenscs

1003 485 1123 519 Epistoia
1145 491 1282 520 sumptum
1311 492 1363 519 est,
1383 488 1426 514 ubi
1446 489 1486 514 sic
1505 489 1537 514 de
1557 489 1665 515 Christo
1691 490 1791 515 scribi-

1003 538 1047 558 tur
1066 542 1073 559 :
1092 532 1211 567 Scipsum
1227 534 1384 566 exinanirit,
1406 534 1519 568 [orntum
1532 535 1600 561 servi
1612 535 1743 569 arripiens
1758 536 1792 561 '°.

1003 579 1185 606 Ploniludinis
1212 585 1303 606 autem
1321 589 1419 608 nomen
1441 589 1472 607 ex
1488 580 1603 608 Joannis
1622 581 1768 616 Evangelio
1785 590 1791 608 :

1003 625 1042 652 De
1073 626 1238 660 plenitudine
1261 627 1330 654 enim
1362 628 1464 661 ipsius,
1492 627 1600 662 inquit,
1631 636 1678 654 nos
1706 635 1793 654 onmcs

1004 672 1153 706 accepimus
1171 672 1217 698 ⁸⁸⁸.
1236 671 1299 698 Erat
1323 678 1412 699 autem
1435 681 1549 699 summa:
1570 674 1697 707 potentire
1716 681 1795 707 argu-

1003 722 1125 743 mentum
1150 716 1194 743 illa
1219 716 1346 743 inanitio.
1372 717 1486 743 Eximio:
1514 718 1586 744 enim
1617 723 1698 752 atque
1724 725 1792 744 exu-

1003 762 1124 789 berantis
1140 762 1283 796 cujusdam
1309 762 1438 797 potentia:
1463 768 1521 789 erat
1539 764 1646 790 excelso
1667 764 1717 795 illi,
1736 769 1795 790 tan—

1004 802 1097 842 topere
1119 807 1259 834 humiliari
1278 808 1408 842 potuisse.
1436 808 1570 841 Quocirca
1592 817 1655 836 cum
1680 810 1796 835 admira-

1004 853 1079 880 tione
1092 853 1149 880 haec
1172 854 1309 881 connectit
1327 854 1495 889 Theologus,
1514 855 1609 882 dicens
1633 864 1639 881 :
1664 855 1794 887 Quaenam

1004 898 1046 926 ha'
1075 898 1175 925 divina:
1203 898 1338 927 bonitatis
1362 900 1475 930 divitir.
1498 905 1525 927 et
1553 901 1638 935 copia:
1662 901 1796 927 bonitatis

1006 945 1073 972 Dei?
1097 945 1242 977 Quodnam
1264 953 1307 973 me
1325 945 1484 973 circumstat
1507 947 1690 981 mysterium!
1715 955 1793 974 arca-

1003 999 1067 1017 nttm
1104 996 1131 1018 ct
1168 991 1319 1018 occultum.
1353 991 1437 1024 Quasi
1466 991 1569 1019 diceret
1598 1001 1604 1018 :
1639 992 1709 1025 Quid
1744 993 1794 1019 sibi

1003 1037 1060 1064 vult
1083 1038 1175 1069 Deus,
1196 1037 1269 1072 quod
1304 1045 1414 1064 carnem
1439 1045 1525 1064 meam
1550 1038 1670 1071 accipit?
1699 1038 1794 1064 Postea

1004 1084 1117 1111 dubium
1146 1084 1230 1115 illud,
1260 1084 1332 1118 quod
1354 1092 1416 1111 cum
1441 1084 1623 1111 admiratione
1649 1084 1793 1117 extulerat,

1004 1131 1095 1163 Solvit,
1110 1136 1190 1165 atque
1204 1130 1242 1156 ait
1263 1139 1270 1157 :
1297 1130 1445 1164 Imaginem
1467 1131 1572 1165 accepi,
1594 1138 1644 1157 nec
1661 1138 1720 1157 eam
1737 1138 1796 1157 sar-

1004 1181 1058 1203 tatn
1082 1181 1237 1211 lectamque
1264 1176 1360 1209 habui,
1384 1184 1479 1203 verum
1510 1184 1557 1210 per
1581 1182 1722 1211 peccatum
1754 1177 1795 1203 la-

1005 1222 1151 1249 heiactavi.
1190 1222 1232 1250 0b
1259 1223 1330 1249 hanc
1360 1229 1471 1255 causam
1501 1221 1648 1253 Christus,
1677 1221 1794 1253 videns,

1003 1268 1137 1303 quidquid
1168 1268 1200 1295 de
1224 1276 1273 1296 suo
1297 1268 1325 1295 in
1346 1276 1407 1295 meo
1432 1275 1547 1302 corpore
1581 1268 1740 1298 collocarat,
1769 1267 1794 1294 id

1005 1319 1092 1342 totum
1110 1322 1125 1341 a
1150 1314 1280 1349 pestifero
1306 1318 1418 1348 peccato
1446 1314 1541 1346 deleri,
1563 1313 1653 1340 carnis
1678 1321 1745 1340 meae
1767 1314 1795 1340 tit

1006 1360 1143 1394 particeps
1157 1363 1198 1392 ut,
1220 1359 1348 1394 supplens
1367 1360 1392 1387 id
1409 1359 1482 1393 quod
1505 1360 1572 1386 mihi
1608 1361 1708 1390 deerat,
1725 1360 1795 1385 ima-

1006 1406 1117 1440 gincm,
1153 1406 1179 1432 id
1206 1411 1248 1433 est
1282 1406 1381 1433 anima:
1413 1406 1598 1440 dignitatem,
1630 1405 1792 1432 incolumem

1005 1455 1125 1484 tueatur,
1154 1458 1185 1477 ac
1216 1459 1264 1486 per
1281 1459 1359 1478 suam
1385 1459 1400 1477 a
1418 1451 1534 1478 ιιιοιιιιίς
1558 1451 1788 1478 resurrectionem

1005 1496 1081 1523 carni
1108 1496 1341 1523 immortalitatem
1358 1495 1463 1523 aﬂ‘erat.
1487 1495 1558 1528 Quin
1577 1496 1658 1522 etiam
1672 1502 1795 1531 prmsens

1006 1542 1058 1568 hoc
1089 1542 1273 1574 consortium,
1301 1550 1356 1576 quo
1386 1542 1543 1574 nobiseum,
1571 1545 1681 1576 propter
1709 1542 1795 1575 hypo-

1005 1589 1130 1615 staticam
1164 1587 1305 1618 unionem,
1331 1587 1465 1622 jungitur,
1494 1587 1576 1621 priori
1607 1587 1652 1613 illo
1676 1587 1795 1613 admira-

161 1628 219 1662 ipsa
244 1636 351 1663 quoque
375 1636 456 1656 carne
482 1630 557 1656 unita
578 1634 620 1656 est
646 1629 784 1657 divinitas.
811 1628 987 1657 CrassitieiC
1009 1633 1090 1659 bilius
1116 1637 1157 1659 est
1184 1636 1210 1659 ct
1239 1631 1394 1659 sublimius.
1413 1633 1483 1658 Tum
1511 1633 1583 1659 enim
1611 1632 1675 1658 unio
1693 1631 1796 1658 ratione

161 1679 253 1701 autem
281 1674 442 1702 vocabulum
470 1675 594 1709 adjunxit
615 1675 772 1710 Gregorius,
804 1681 832 1702 ut
857 1676 953 1702 inc-[Ta-

162 1720 245 1747 bilent
283 1720 329 1747 Dei
370 1721 551 1748 humilitatem
590 1728 622 1748 ac
651 1720 831 1755 dejectionem
861 1726 953 1748 osten-

162 1766 250 1798 deret,
279 1767 324 1800 qui
352 1771 426 1794 tanto
450 1775 544 1794 amore
569 1767 695 1794 homines
716 1767 875 1801 complexus
899 1772 951 1800 est,

163 1817 192 1838 ut
216 1819 311 1838 eorutn
338 1819 421 1840 causa
448 1821 509 1840 cum
536 1814 648 1840 materia
672 1813 800 1849 conjungi
826 1822 879 1841 non
905 1814 954 1840 du-

163 1858 290 1884 bitaverit
307 1867 313 1884 :
329 1858 381 1891 Qui
395 1858 463 1886 alios
490 1859 569 1892 ditat,
597 1867 697 1895 pauper
725 1860 836 1894 efﬁcitur
863 1867 872 1885 :
898 1867 952 1886 non

162 1908 296 1937 quantum
321 1905 353 1930 ad
384 1904 525 1939 pecunias,
549 1906 595 1932 scd
624 1909 755 1940 quantutn
781 1907 813 1931 ad
842 1912 952 1932 carnem

163 1948 323 1975 humanam.
349 1949 456 1985 Pauper
470 1951 541 1977 enim
560 1957 624 1977 caro
637 1954 689 1982 est,
708 1954 738 1976 ut
756 1950 849 1976 multis
870 1949 954 1977 rebus

161 1995 197 2022 ad
216 1995 257 2021 sui
278 1996 517 2022 conservationem
542 2003 611 2030 opus
627 1996 740 2023 habens.
756 1995 858 2023 Contra
876 1995 954 2024 dives

163 2044 206 2068 est
221 2040 361 2072 divinitas,
379 2045 408 2067 ut
433 2041 507 2066 nulla
536 2041 648 2068 omnino
669 2048 698 2068 re
724 2040 860 2075 indigens.
891 2040 954 2068 Haec

163 2090 255 2112 autctn
278 2085 367 2122 _verba
392 2093 424 2113 ex
453 2086 574 2113 secunda
598 2086 632 2114 ad
657 2087 814 2115 Corinthios
831 2087 953 2123 Epistola

163 2136 306 2159 mutuatus
330 2135 382 2163 cst,
412 2132 438 2158 in
467 2139 522 2166 qua
549 2133 588 2160 sic
613 2134 744 2167 scriptum
770 2138 812 2160 est
840 2142 846 2160 :
875 2133 953 2161 Scitis

165 2178 236 2205 enim
263 2179 376 2212 gratiam
411 2178 517 2204 Domini
546 2180 628 2205 nostri
661 2178 725 2206 Jcsu
747 2179 858 2211 Christi,
891 2181 954 2216 quia

162 2227 269 2257 propter
288 2231 332 2250 uos
352 2231 447 2258 egenus
468 2224 555 2258 [actus
572 2230 622 2257 est,
643 2233 703 2251 cum
728 2226 798 2252 dives
821 2232 896 2259 esset,
925 2232 953 2253 ut

164 2277 209 2295 vos
226 2271 282 2300 eius
307 2275 462 2305 paupertate
486 2271 579 2298 divites
607 2273 697 2299 essetis
722 2273 755 2299 ⁷³.
785 2273 870 2308 Atque
896 2273 954 2300 hzcc

165 2315 272 2349 quidem
287 2323 319 2342 ex
334 2316 379 2343 illo
395 2316 454 2343 loco
482 2317 609 2351 sumpsit.
636 2318 695 2352 Ipse
708 2324 798 2345 autem
816 2319 950 2353 adjunxit,

164 2366 247 2395 atque
268 2364 394 2397 exposuit
415 2370 474 2398 quae
495 2363 550 2391 sint
580 2365 620 2392 ha:
645 2364 744 2391 divitia:
763 2372 831 2400 quas
860 2372 954 2392 conse~

166 2408 223 2433 cuti
242 2406 356 2440 fuimus,
378 2409 508 2436 nitnirum
522 2410 660 2437 divinitas.
678 2410 728 2444 Qui
747 2411 841 2445 plenus
855 2416 907 2443 est,
922 2415 951 2438 ut

167 2453 248 2487 Deus,
262 2459 417 2488 evacuatur,
436 2460 528 2490 utpote
554 2456 635 2483 homo
651 2457 749 2484 iactus.
772 2457 952 2484 Inanitiouetn

167 2504 259 2526 autem
279 2505 365 2533 ,vocat
391 2501 602 2529 subntissionetn
627 2503 699 2529 illam
725 2503 823 2529 divinae
849 2502 953 2537 glorizc,

166 2553 198 2572 ac
240 2545 415 2572 sublimitatis
445 2546 636 2580 :tbjectioncm.
673 2547 833 2575 Exinanitus
861 2552 952 2575 autent

166 2597 228 2617 esse
252 2590 362 2622 dicitur,
391 2595 420 2617 ut
440 2595 503 2618 ante
525 2591 704 2619 inanitioncin
726 2593 752 2619 in
781 2597 877 2619 natura
905 2588 954 2619 sita

167 2637 362 2671 plenitudinem
384 2637 498 2668 habens,
514 2642 648 2672 quatenus
667 2638 735 2665 Deus
753 2639 953 2666 consideratur.

168 2682 230 2709 “me
254 2691 318 2710 vero
346 2684 436 2710 omnia
466 2692 519 2710 nott
546 2684 716 2716 mutationis,
741 2685 787 2712 sed
807 2690 954 2719 assumpta:

169 2729 347 2759 hunmiitatis
365 2731 470 2757 ratione
495 2730 670 2763 intelligenda
691 2735 764 2758 sunt.
785 2731 861 2763 Quod
877 2732 952 2758 enim

203 2789 224 2805 ⁷³
241 2790 349 2816 'daruch
368 2797 408 2822 nt,
430 2789 474 2816 58.
512 2789 534 2805 ⁷³
555 2789 575 2816 ll
591 2789 654 2817 Cor.
669 2798 728 2821 vnt,
746 2791 772 2817 9.

203 2837 258 2871 (19)
269 2838 442 2864 Auimisensa
458 2845 516 2863 cum
530 2838 648 2864 oratione
663 2842 818 2872 congruunt.
837 2837 869 2864 G.
888 2846 954 2863 κατ-

168 2871 290 2907 αλλήλως
312 2873 369 2907 ἕλει.
396 2872 522 2907 τῷλόγῳ
543 2873 572 2898 τὸ
591 2875 689 2908 νόημα.
713 2871 770 2907 ligo
800 2877 887 2898 tanien
910 2873 953 2899 hic

170 2911 298 2935 mendum
328 2916 389 2935 esse
423 2915 560 2943 suSptcor,
589 2916 622 2936 ac
651 2909 794 2943 legendum
815 2908 843 2934 τὸ
872 2908 950 2941 λὸγθυ

811 2790 833 2805 ⁸⁰
854 2790 968 2825 Philipp.
985 2799 1015 2824 ιι,
1031 2790 1056 2816 7.

1007 1677 1134 1712 imaginis
1155 1682 1215 1717 erat
1244 1686 1251 1704 :
1283 1684 1357 1704 nunc
1385 1681 1476 1703 autem
1503 1677 1608 1703 ratione
1631 1677 1794 1712 hypostasis.

1004 1723 1105 1750 Adhmc
1124 1723 1268 1750 deiiormis
1289 1727 1353 1749 tune
1382 1723 1493 1756 quidem
1516 1731 1563 1758 per
1582 1722 1709 1757 imaginis
1727 1731 1794 1750 cott-

1005 1769 1123 1795 sortium
1167 1768 1251 1795 homo
1286 1767 1458 1794 eﬂicirbatur
1488 1776 1495 1794 :
1526 1776 1600 1794 nunc
1631 1773 1721 1794 autem
1750 1775 1798 1801 per

1005 1813 1135 1839 unionem
1181 1811 1378 1846 ltypostaticam
1421 1820 1474 1837 non
1511 1812 1654 1839 deil'ormis
1684 1813 1795 1845 solum,

1005 1858 1051 1885 sed
1076 1857 1158 1884 etiam
1173 1856 1260 1883 deus:
1289 1857 1520 1891 quemadmodum
1550 1862 1643 1884 noster
1659 1858 1729 1884 idem
1746 1865 1796 1884 au-

1005 1908 1064 1930 ctor
1076 1902 1129 1929 alio
1152 1902 1224 1934 loco,
1235 1902 1269 1929 de
1281 1902 1458 1929 humanitatis
1472 1903 1660 1937 assumptione
1671 1904 1796 1937 loqttens,

1004 1950 1043 1977 ait
1064 1959 1071 1977 :
1088 1949 1228 1977 Audenter
1244 1956 1352 1984 quoque
1373 1949 1444 1981 dico,
1463 1949 1577 1976 σύνθεον
1594 1950 1740 1976 condcum.

1039 1996 1099 2024 Col.
1124 1995 1177 2023 654
1197 1994 1228 2022 C.
1259 1995 1388 2022 Pssts.
1411 1994 1500 2021 Patris
1527 1995 1656 2021 terminus
1677 2000 1702 2022 et
1727 1997 1796 2022 ratio

1006 2039 1064 2075 (Cr.
1081 2042 1143 2076 ὅρος
1157 2039 1205 2066 καὶ
1217 2039 1319 2074 λόγος).
1333 2039 1444 2066 Diviuus
1456 2039 1498 2066 hic
1515 2040 1617 2072 doctor,
1634 2039 1660 2065 in
1676 2039 1796 2066 erunibus

1005 2086 1159 2113 Aristotelis
1189 2089 1213 2112 et
1244 2085 1366 2112 Plutonis
1391 2085 1569 2112 voluminibus
1596 2086 1796 2112 accuratissime

1006 2139 1136 2163 versatus,
1154 2140 1222 2158 nunc
1240 2132 1299 2162 hoc,
1313 2139 1382 2158 nunc
1398 2131 1451 2158 alio
1467 2132 1544 2158 modo
1558 2132 1590 2158 de
1610 2132 1704 2158 iisdem
1720 2133 1795 2159 rebus

1004 2180 1123 2206 disserit.
1147 2179 1280 2210 Quoniam
1305 2179 1375 2205 enim
1405 2178 1445 2205 illi
1475 2187 1541 2205 nunt
1571 2187 1678 2205 causam
1710 2179 1796 2213 r/fcc/i

1005 2227 1134 2251 rationem
1147 2233 1202 2251 esse
1217 2225 1302 2255 aiunt,
1320 2232 1389 2250 nunc
1406 2229 1500 2251 contra
1520 2225 1641 2258 c/[irctum
1654 2233 1749 2256 cattsw,
1762 2226 1796 2250 ait

1006 2279 1086 2304 quam
1102 2270 1156 2296 vult
1174 2270 1330 2296 sententiam
1348 2275 1371 2296 et
1419 2274 1496 2304 prout
1519 2271 1602 2296 animi
1629 2278 1706 2296 sensa
1737 2279 1794 2295 cum

1007 2318 1127 2344 orationi:
1140 2321 1286 2350 congruunt
1301 2315 1366 2350 (l9),
1379 2323 1468 2341 eorum
1485 2315 1650 2349 philosophia
1667 2315 1796 2341 abutitur.

1008 2362 1048 2389 Ne
1063 2362 1166 2396 longius
1183 2370 1285 2393 eamus,
1298 2365 1320 2387 et
1335 2361 1424 2393 Plato,
1435 2366 1459 2386 et
1470 2361 1636 2393 Aristoteles,
1649 2366 1671 2386 ct
1687 2369 1795 2395 magnus

1006 2409 1172 2436 Jamblic/tus
1199 2409 1296 2434 animo:
1321 2408 1448 2434 rationem
1473 2415 1526 2434 esse
1542 2412 1645 2433 censent
1664 2414 1719 2433 eam
1736 2407 1795 2436 vim,

1006 2463 1063 2490 qua:
1078 2462 1122 2488 per
1137 2462 1162 2480 se
1178 2460 1302 2480 moretur.
1321 2452 1376 2479 Nec
1393 2457 1479 2478 tamen
1493 2452 1539 2478 illa
1554 2453 1590 2478 vis
1605 2452 1701 2478 animw
1715 2460 1756 2478 cui
1767 2462 1795 2477 Ml

1006 2505 1055 2532 est,
1069 2508 1158 2526 verum
1171 2500 1260 2524 animo
1276 2498 1364 2533 potius
1383 2500 1418 2524 ris
1436 2498 1508 2524 illius
1519 2518 1527 2531 ,
1543 2506 1595 2532 qua
1610 2506 1654 2532 per
1670 2506 1696 2524 se
1709 2499 1793 2532 agim~

1008 2552 1061 2574 tur.
1073 2546 1189 2573 Causam
1205 2552 1283 2578 porro
1306 2544 1425 2578 intelligo
1443 2552 1492 2570 non
1520 2549 1548 2570 ut
1573 2549 1733 2578 separatam,
1751 2546 1795 2570 sui

1008 2598 1035 2619 ut
1065 2591 1144 2619 simul
1171 2592 1350 2618 adsistentem.
1387 2591 1460 2617 Mens
1492 2591 1561 2617 enim
1591 2596 1663 2617 motu
1701 2597 1794 2618 caret:

1008 2646 1102 2673 corpus
1116 2645 1204 2664 autem
1223 2638 1332 2664 aliunde
1353 2643 1478 2664 moretur.
1507 2637 1624 2664 Proinde
1648 2638 1715 2664 inter
1741 2639 1795 2664 lure

1008 2685 1144 2710 contraria
1159 2684 1273 2710 medium
1289 2684 1416 2718 quiddam
1434 2685 1590 2711 intervenire
1607 2692 1710 2711 necesse
1726 2690 1794 2711 erat.

1009 2731 1043 2758 Id
1070 2732 1152 2765 igitur
1177 2736 1214 2757 est
1244 2732 1344 2764 anima,
1368 2731 1444 2765 cujus
1470 2732 1539 2758 ratio
1555 2731 1593 2758 vis
1611 2731 1657 2758 ξιια
1673 2735 1722 2763 est,
1743 2739 1795 2765 qua

1095 2789 1130 2804 ⁸⁰’
1147 2789 1227 2816 Joan.
1249 2797 1266 2821 t,
1284 2789 1326 2816 l6.

1004 2837 1102 2871 ὄνομα,
1128 2843 1158 2864 ιιι
1185 2837 1251 2864 velit
1278 2836 1382 2864 Pselhts
1413 2837 1575 2872 Gregorium
1597 2836 1623 2863 in
1641 2844 1673 2864 eo
1700 2843 1795 2863 scnsm

1006 2874 1052 2907 qui
1074 2873 1111 2899 illi
1140 2873 1308 2899 commodior
1328 2878 1409 2906 atque
1437 2873 1630 2908 eongrucntior
1658 2872 1794 2900 videatur.

1006 2908 1053 2934 τοῦ
1068 2909 1147 2942 λόγω
1167 2916 1264 2935 nomen
1277 2909 1410 2941 accipere.
