2058 3159
157 208 223 240 ltiti

629 208 789 238 NICETAS
809 207 848 237 IN
870 205 981 236 ORAT.
1002 206 1084 236 XLII
1106 207 1135 237 S.
1157 206 1273 237 GllEG.

1717 209 1785 242 1350

158 267 250 297 ιιιίμειε,
273 265 316 293 sed
332 265 485 292 universam
501 272 610 300 quoque.
624 265 710 300 legem
732 266 835 292 umbra:
852 264 939 291 ratio-
962 267 983 294 Α
998 263 1071 291 enim
1104 267 1210 291 tantum
1241 264 1415 297 cernebatur,
1433 269 1459 292 et
1485 267 1581 302 caligo,
1607 272 1634 295 et
1659 267 1742 302 ignis,
1762 270 1790 293 «ι.

158 321 218 340 ιιιιηι
235 313 341 339 habere.
358 313 502 346 Apostolus
518 312 601 344 enim,
619 312 651 339 de
664 312 796 346 legalibus
814 311 944 339 sacerdo-

159 360 230 386 tibus
249 360 375 393 loquens,
394 359 543 393 exemplari
561 363 642 393 atque
659 359 763 385 umbrae
788 366 836 386 eos
853 359 946 385 deser-

157 406 214 432 vire
228 405 326 440 inquit,
350 413 382 431 ac
401 413 498 432 rursus
520 406 604 440 legem
635 404 789 432 futurorum
810 405 944 431 bonorum

158 452 294 483 umbram,
318 459 371 478 non
389 457 479 478 anum
504 451 590 486 ipsam
624 459 714 478 rerum
737 451 880 485 imaginem
897 450 945 476 ha-

157 496 248 523 buisse
261 500 376 522 testatur
397 496 434 522 "'.
450 495 520 528 Quin
536 496 594 530 jpse
610 503 716 530 qunque
733 494 814 526 Deus,
829 502 891 521 cum
912 495 945 521 de

158 542 199 569 bis
213 542 294 569 rebus
314 543 385 576 leges
401 542 526 573 dictaret,
549 542 649 569 Mosem
679 542 829 576 alloquens,
846 540 945 575 legales

156 587 335 614 cirri-monias
349 588 461 622 ligni-ain
475 588 648 615 nominabat:
662 586 756 614 Facies
766 588 835 614 enim
846 587 945 620 omnia,

156 633 255 667 inquit,
267 633 348 667 juxta
359 634 470 668 ﬁgurant
484 634 531 660 tibi
544 634 570 660 in
588 639 676 660 monte
691 638 822 660 ostensam
835 632 879 659 ⁸¹⁹.
891 633 946 660 Nec

155 686 221 706 vero
248 679 350 707 frustra
377 680 462 715 posita
493 684 556 707 sunt
587 680 644 707 hinc
674 679 813 712 ailvi-rbia,
840 685 943 710 temere,

155 725 361 757 iinonsiilernie,
390 725 498 760 objecta.
518 725 631 752 Temere
649 726 719 752 enim
746 725 784 756 lit,
805 724 876 760 quod
893 723 945 751 irii-

156 777 212 799 stra
233 777 261 798 et
281 772 341 798 sine
356 771 410 798 ulla
439 772 553 798 utilitate
569 772 606 797 lit.
623 771 825 798 Inconsidrrale
842 776 943 802 autem,

155 818 229 851 quod
250 819 309 845 sine
326 819 379 844 ulla
394 819 465 852 iusta
482 826 573 845 causa.
599 818 711 851 Abji-cte
726 818 854 851 denique,
872 818 944 851 quod

157 864 300 890 humiliter
310 863 496 890 ctexiliterac
511 863 630 890 sordide.
644 863 717 890 Nihil
733 863 814 897 igitur
831 868 943 896 temere,

156 917 207 936 nec
219 909 431 940 inconsiderate,
447 917 498 936 nec
512 909 617 942 a‘ijecte
640 909 770 936 indictum
793 913 874 944 atque
892 910 943 936 iiii-

155 960 284 990 peratum
302 960 343 982 est
366 963 371 980 :
390 955 623 990 quandoquidem,
638 960 662 982 et
682 956 728 990 qui
750 955 806 982 huic
841 955 945 986 indixit,

155 1002 292 1036 sapientia
319 1001 377 1036 ipsa
408 1006 463 1033 est,
483 1007 510 1029 et
529 1001 655 1028 minister
681 1002 814 1036 sapientia
841 1003 947 1028 instru-

156 1052 232 1079 ctus,
263 1049 370 1073 tametsi
395 1052 590 1082 Congruentem
618 1048 767 1082 unicuique
795 1047 896 1074 unibrie
917 1056 948 1074 ac

157 1093 253 1127 ﬁgura:
282 1093 496 1127 speculationem
525 1094 685 1128 excogitare
719 1101 900 1128 nequeamus,
923 1094 947 1120 id

160 1143 216 1170 est,
231 1139 431 1174 expositionem
442 1144 523 1174 atque
533 1140 699 1175 allegoriam.
719 1139 786 1172 Quis
802 1141 873 1166 enim
884 1148 950 1166 cou-

156 1186 292 1220 teinplare
316 1191 399 1220 atque
425 1186 560 1221 explirare
587 1190 679 1221 queat,
698 1194 783 1221 quare
799 1194 889 1213 art-ain
917 1195 948 1214 ea

157 1232 247 1265 ﬁgura
262 1232 366 1258 exstrui
384 1232 455 1259 Deus
468 1232 634 1267 pratceperit,
648 1236 730 1267 atque
750 1240 781 1258 ex
804 1232 849 1259 tali
864 1237 949 1258 matc-

156 1278 213 1310 ria,
233 1278 278 1304 tali
296 1286 422 1306 mensura
441 1287 447 1304 :
469 1279 590 1313 quidque
613 1279 664 1305 hoc
685 1278 735 1305 sibi
761 1279 834 1311 velit,
848 1279 920 1313 quod
935 1286 948 1305 a

156 1323 272 1356 Levitis,
309 1324 336 1351 id
359 1328 401 1351 est
427 1325 629 1357 sacerdotibus,
666 1325 713 1360 qui
745 1325 906 1352 suci-rdntali
923 1329 951 1351 et

156 1370 240 1404 legali
259 1371 356 1402 cultui,
372 1378 404 1398 ac
420 1370 544 1406 religioni
559 1371 762 1403 ministrabant,
782 1372 839 1406 ipsa
859 1377 950 1406 gesta-

157 1420 256 1441 reinr:
273 1415 340 1449 quid
368 1416 431 1441 item
459 1415 596 1442 sacriﬁcia
623 1419 650 1442 et
677 1417 853 1450 purgationes
870 1421 951 1450 atque

158 1460 316 1488 oblationes
331 1460 488 1494 signiﬁcent
503 1461 514 1487 ?
534 1460 620 1487 Porro
640 1469 686 1495 per
703 1462 846 1494 sacriﬁcia,
859 1462 949 1488 omnia

156 1515 221 1541 quin
238 1507 374 1534 immolari
393 1507 530 1540 solebant,
547 1507 677 1540 intellige,
702 1511 732 1534 ιιι
761 1514 838 1539 oves,
855 1507 949 1540 boves,

158 1553 272 1584 vitulos,
295 1557 427 1586 turtures,
444 1553 599 1580 columbas.
623 1552 672 1580 I’er
701 1554 876 1588 purgationes
901 1561 949 1580 au-

158 1603 228 1628 tem.
248 1597 456 1631 piirillrationes
482 1606 537 1631 eas,
570 1606 631 1633 quae
658 1606 706 1634 per
732 1599 890 1632 sanguinem
905 1604 950 1625 aut

157 1643 283 1670 cinerem
299 1643 409 1675 ﬁebant,
436 1651 468 1671 ac
494 1644 615 1679 pollutos
636 1650 663 1671 et
680 1644 837 1678 inquinatos
852 1651 951 1678 purga-

158 1690 230 1717 bant
245 1698 251 1716 :
268 1696 316 1724 per
340 1689 520 1724 ἀφαιρέματα
542 1690 670 1724 denique,
691 1694 781 1724 partes
792 1696 849 1720 eas,
860 1696 919 1722 qua:
935 1695 950 1714 a

157 1735 285 1764 victimis
300 1735 528 1767 extrahebantur,
545 1736 618 1768 quod
642 1743 729 1770 genus
745 1739 821 1761 erant
843 1739 951 1769 pectus-

157 1783 255 1810 culum
268 1802 275 1814 ,
296 1782 421 1809 dextrum
443 1782 597 1814 brachium,
617 1785 644 1809 et
667 1780 734 1808 ﬁbra
752 1781 868 1816 liepatis.
883 1780 951 1807 Nam

157 1826 324 1862 huJusmudi
352 1827 481 1861 mysteria
506 1826 540 1854 iis
574 1828 707 1854 duntaxat
733 1830 796 1853 nota
812 1830 886 1857 sunt,
904 1826 950 1860 qui

157 1875 264 1902 virtute
277 1873 379 1900 Moscm
393 1872 561 1907 exprimunt,
588 1877 635 1900 aut
654 1880 707 1899 non
734 1872 813 1907 longe
828 1872 862 1898 ab
877 1871 951 1897 illius

158 1920 318 1956 priestautia
335 1923 362 1946 et
377 1921 530 1946 eruditione
549 1919 645 1946 remoti
661 1924 735 1946 sunt.

200 1965 268 1992 Ibid.
284 1965 313 1991 Β.
336 1963 409 1991 Nam
425 1965 451 1991 in
464 1966 520 1999 ipso
536 1972 636 1999 quoque
655 1969 740 1990 monte
755 1963 822 1990 Deus
839 1962 952 1989 Immitti-

160 2013 222 2044 bus,
241 2017 295 2038 etc.
325 2009 374 2037 llic
408 2010 584 2044 allegoricum
612 2009 792 2044 expositionis
824 2017 951 2043 campum

161 2057 270 2092 ingredi
291 2056 395 2090 incipit.
410 2056 563 2090 Anagogice
582 2055 655 2082 enim
675 2055 759 2082 Mosis
777 2055 810 2082 ad
832 2060 952 2082 montem

161 2111 313 2131 ascensum
333 2102 468 2136 intelligit.
489 2101 525 2129 Ut
541 2101 612 2128 enim
635 2109 713 2129 mons
734 2106 803 2128 terra
829 2101 954 2136 superior

162 2154 218 2180 est,
234 2149 306 2174 emlo
324 2151 414 2173 anu-in
435 2147 515 2181 longe
538 2146 651 2173 inferior
668 2155 675 2173 :
694 2146 790 2174 eodem
812 2148 891 2173 modo
904 2155 954 2174 nos

162 2203 273 2231 quoque
299 2202 313 2220 a
348 2194 462 2220 terrenis
488 2199 514 2220 et
545 2194 684 2228 corporeis
725 2194 807 2222 rebus
840 2194 953 2221 subvehi

162 2249 278 2270 necesse
293 2245 334 2267 est
350 2249 357 2267 :
376 2239 461 2266 Deum
483 2244 573 2266 autem
588 2240 762 2268 descendere.
781 2239 880 2267 Verum
900 2248 952 2267 non

163 2293 270 2323 quanta
299 2285 434 2321 subiectio
464 2290 558 2313 nostra
591 2289 644 2318 est,
676 2290 750 2313 tanta
777 2293 887 2321 quoque
907 2285 954 2313 Dei

164 2334 307 2368 depressio
321 2337 375 2364 est,
386 2332 446 2366 sed,
459 2337 488 2359 ut
503 2340 517 2359 a
529 2332 607 2359 nobis
618 2332 720 2359 dictum
737 2338 787 2364 est,
803 2333 955 2360 secundum

166 2379 377 2415 proportionem
400 2378 501 2406 montis
521 2382 549 2405 et
570 2378 643 2406 coali.
663 2377 796 2411 Quocirca
816 2378 873 2406 haec
887 2386 957 2413 quo-

165 2434 222 2460 que
242 2425 308 2452 visio
332 2425 379 2452 Dei
400 2426 427 2452 in
449 2430 541 2453 monte
563 2425 773 2460 designairicem
790 2425 844 2452 vim
865 2425 956 2452 habet.

166 2470 274 2497 Idcirco
292 2470 365 2496 enim
395 2469 535 2498 descendit
554 2470 635 2502 Deus,
649 2477 681 2497 ac
699 2469 799 2497 Mosem
821 2470 956 2503 subvexit,

167 2521 200 2543 ut
213 2516 365 2545 discamus,
384 2515 489 2548 quoties
502 2515 584 2542 homo
598 2515 653 2542 Deo
667 2515 846 2549 coniungitur
860 2514 957 2549 partim

170 2562 256 2589 Deum
271 2560 302 2587 ἰιι
321 2560 471 2593 excelsum,
490 2564 571 2595 atque
586 2562 717 2588 omnibus
735 2562 818 2588 rebus
835 2561 958 2595 superin-

170 2615 227 2634 rcni
248 2607 412 2633 descendere
440 2613 494 2632 iioii
520 2607 639 2640 gravari,
660 2607 759 2640 partim
775 2611 857 2633 etiam
875 2606 959 2632 homi-

169 2661 246 2685 nem,
275 2653 350 2680 humi
376 2657 457 2687 atque
490 2652 516 2678 in
544 2653 625 2679 rebus
657 2653 770 2686 abiectis
793 2658 820 2680 et
844 2652 958 2680 terrenis

170 2701 345 2737 provolutum
364 2700 390 2726 iii
414 2700 530 2726 sublime
557 2699 676 2726 trahere.
695 2698 960 2734 Utincompreliensi-

172 2748 232 2776 bilis
248 2747 292 2774 ille
309 2747 486 2781 concipiatur,
499 2746 525 2773 id
537 2750 589 2778 est,
605 2750 633 2772 ut
647 2746 668 2773 is
689 2746 734 2781 qui
745 2746 835 2773 omnia
855 2746 958 2780 implet,

172 2794 282 2830 paulum
299 2802 314 2821 a
334 2798 428 2820 u.-.tnra
446 2798 538 2820 creata
561 2792 621 2826 capi
642 2792 738 2826 possit.
762 2791 851 2819 Verbo
867 2797 957 2820 autem

174 2842 339 2875 φαντάζεται
357 2849 421 2869 usus
435 2846 487 2870 est.
499 2840 524 2867 id
537 2843 589 2871 est,
605 2838 699 2866 obcure
725 2838 840 2865 videtur.
869 2839 959 2866 Nubes

208 2901 230 2917 ιι
248 2899 328 2927 llebr.
345 2907 369 2927 Χ,
389 2900 396 2925 l
418 2906 507 2934 seqq,
531 2899 565 2914 “‘
581 2898 667 2925 Exod.
680 2905 744 2934 xxv,
761 2897 805 2925 40.

174 2941 232 2969 xu,
249 2936 292 2963 12.
344 2936 366 2950 ⁸⁵
377 2934 444 2969 Ibid.
458 2932 464 2934 ⁷
476 2932 483 2934 ⁷
499 2933 522 2949 ⁸⁸⁸
535 2934 607 2961 Psal.
626 2941 684 2965 \‘lll,
695 2932 722 2961 8.

856 2897 878 2914 ⁸²
892 2897 978 2924 Exod.
991 2904 1046 2928 xix,
1075 2896 1120 2922 ‘20.

1000 309 1102 337 fumus.
1121 309 1204 337 Deum
1223 311 1295 337 enim
1313 318 1405 338 revera
1434 319 1513 338 nemo
1546 321 1666 347 unquam
1698 315 1788 342 vidit:

998 364 1054 390 quo
1083 356 1156 384 enim
1178 356 1260 383 modo
1282 357 1368 384 videri
1391 363 1495 392 posset,
1511 359 1558 394 qui
1593 359 1680 388 l'orma
1695 362 1791 390 caret?

1000 402 1066 429 Vide
1081 408 1171 429 autem
1190 410 1272 437 quam
1289 408 1417 430 accurate
1444 407 1525 438 atque
1544 410 1638 431 exacte
1662 405 1789 441 loquatur

999 449 1158 484 Crrgorius.
1170 449 1238 477 Cum
1251 450 1323 476 enim
1337 450 1450 478 dixisset
1466 451 1564 485 partim
1578 451 1662 478 Deutn
1679 453 1790 480 descen-

999 496 1074 527 dere,
1093 495 1304 530 liaudquaq-iam
1321 496 1474 531 subjunxit,
1493 497 1590 531 partim
1621 505 1669 525 nos
1692 505 1790 526 ascen-

999 543 1073 574 dem,
1089 542 1148 572 srd,
1163 541 1260 576 partim
1281 550 1331 568 nos
1344 541 1377 568 ab
1390 549 1422 569 eo
1433 543 1558 569 subvehi.
1581 543 1686 576 Quibus
1698 544 1789 572 verbis

1000 588 1080 623 hujus
1102 595 1212 623 quoque
1224 587 1310 615 nostri
1326 595 1459 616 ascensus
1480 589 1562 616 Deum
1576 594 1715 617 auctorem
1728 597 1790 618 esse

999 635 1132 661 declarat.
1151 634 1290 669 Scriptum
1304 634 1403 668 quippe
1416 638 1458 662 est
1475 635 1500 662 in
1513 635 1606 662 Exodo
1623 643 1630 662 :
1647 635 1791 664 Etuocauit

1001 679 1127 706 Dominus
1141 679 1240 706 Mosam
1258 680 1293 706 ad
1318 681 1439 707 verticem
1456 681 1550 707 montis
1564 682 1598 708 “.
1614 681 1647 708 Et
1662 681 1759 710 iterum
1779 691 1786 708 :

1000 726 1118 753 Ascende
1139 727 1172 752 ad
1190 734 1229 752 me
1241 726 1287 752 "‘.
1312 725 1366 753 Nec
1382 734 1447 753 vero
1463 727 1517 753 Deo
1541 727 1568 754 id
1594 728 1789 757 imbecillitatis

1000 773 1176 800 tribuendum
1202 778 1253 803 est,
1271 775 1342 807 quod
1362 777 1435 800 totus
1464 781 1478 800 a
1506 774 1585 801 nobis
1602 775 1661 809 capi
1684 775 1789 809 nequit,

999 827 1093 846 verum
1117 818 1295 853 providentiae
1316 818 1416 852 potius.
1446 818 1589 851 Quatenus
1613 820 1686 846 enim
1709 821 1790 848 nobis

1000 869 1088 892 tutum
1105 869 1157 898 est,
1175 872 1207 892 ac
1227 865 1368 899 possibile,
1392 865 1598 892 tantum'ctiam
1624 866 1788 900 concipitur.

1000 911 1077 944 Quod
1092 915 1181 936 anteiri
1202 911 1327 945 superius
1346 910 1567 942 imaginationem
1588 917 1615 938 et
1631 913 1790 947 conceptio-

1002 964 1061 982 nem
1092 955 1172 986 dixit,
1199 955 1272 982 idem
1301 963 1374 983 nunc
1399 956 1540 991 περίνοιαν
1561 962 1651 989 vocat,
1669 957 1719 984 hoc
1736 963 1788 992 est,

1004 1001 1197 1035 particularem
1224 1008 1336 1036 operum
1362 1001 1407 1028 Dei
1430 1002 1624 1035 cognitionem.
1648 1003 1700 1030 Nec
1716 1005 1789 1031 enim

1001 1048 1072 1076 Deus
1098 1048 1249 1075 secundum
1278 1055 1403 1075 naturam
1432 1057 1509 1076 suam
1525 1069 1532 1081 ,
1566 1050 1613 1076 sed
1638 1051 1789 1078 secundum

999 1101 1080 1128 opera
1094 1101 1143 1121 Slla
1169 1098 1196 1120 et
1212 1093 1375 1120 creationem
1395 1099 1486 1122 incute
1513 1095 1691 1122 aillllllIJI‘ﬂlur
1709 1103 1716 1121 ἓ
1737 1101 1790 1123 ter-

1002 1140 1057 1167 reni
1074 1145 1165 1167 autem
1180 1140 1262 1174 hujus
1275 1140 1398 1174 corporis
1416 1141 1511 1172 moles,
1525 1142 1622 1176 inquit.
1638 1143 1792 1177 menti~que

999 1188 1081 1214 etiam
1107 1192 1210 1214 nostra
1235 1187 1389 1220 crassities,
1420 1187 1550 1214 nimirum
1581 1196 1644 1215 cum
1674 1197 1792 1224 corpore

1001 1233 1167 1265 constrictae,
1186 1240 1218 1259 ae
1244 1233 1359 1266 proinde
1374 1234 1499 1268 corporis
1517 1234 1643 1262 crassitie
1657 1236 1791 1269 quodam-

1002 1279 1082 1306 inodo
1104 1279 1231 1313 impletae,
1255 1286 1289 1305 ne
1310 1279 1484 1313 perexiguam
1501 1280 1610 1314 quidem
1629 1279 1675 1306 Ι)ιυί
1690 1281 1792 1314 cogni-

1002 1325 1102 1350 tionem
1117 1323 1239 1357 accipere
1257 1328 1354 1357 potest,
1367 1323 1420 1350 nisi
1442 1323 1572 1350 divinitus
1590 1324 1743 1358 adjuvetur,
1759 1332 1791 1352 ac

1002 1370 1074 1396 velut
1102 1377 1185 1395 manu
1211 1369 1339 1400 ducatur,
1355 1377 1452 1404 nempe
1479 1377 1528 1404 per
1557 1370 1602 1396 ltei
1626 1371 1790 1397 descensum

1003 1415 1178 1449 hominisque
1194 1416 1415 1447 subiret-tionem,
1433 1415 1664 1449 qurmadmodum
1683 1416 1748 1442 olim
1765 1417 1791 1442 in

1004 1466 1095 1488 monte
1119 1461 1246 1495 conligit.
1273 1460 1351 1487 Tunc
1377 1460 1449 1487 enim
1467 1461 1678 1495 haudquaquam
1696 1462 1791 1488 eodeni

1003 1507 1061 1533 loco
1075 1510 1157 1540 atque
1182 1506 1280 1532 ordine.
1306 1506 1380 1540 digiti
1404 1506 1488 1533 habiti
1512 1511 1587 1538 sunt,
1605 1506 1652 1532 sed
1673 1506 1793 1539 diverso,

1002 1555 1147 1585 quatnnus,
1165 1552 1312 1586 utopinor,
1329 1556 1470 1586 purgatam
1488 1556 1607 1578 mentem
1621 1552 1792 1579 attulissent.

1003 1595 1134 1623 Nonnulli
1154 1597 1236 1623 etiam
1254 1597 1367 1623 omnino
1387 1598 1492 1631 expulsi
1508 1603 1582 1630 sunt,
1599 1598 1644 1632 qui
1668 1598 1795 1624 videlieit

1007 1645 1068 1671 vita:
1081 1644 1251 1679 turpitudine
1275 1649 1302 1671 et
1328 1644 1496 1670 obscenitate
1511 1643 1629 1677 pecudes
1645 1648 1670 1670 et
1691 1643 1795 1670 belluas

1005 1690 1171 1717 referebant.
1203 1689 1276 1716 Dixit
1310 1689 1383 1716 enim
1419 1691 1453 1716 ad
1492 1689 1594 1716 Mosem
1630 1689 1793 1716 Dominus:

1005 1735 1121 1762 Asccnds
1139 1735 1173 1761 ad
1191 1743 1241 1767 me,
1266 1739 1307 1765 tu.
1328 1739 1352 1760 et
1372 1734 1472 1766 Aaron,
1489 1740 1512 1760 et
1530 1733 1638 1765 Nadab,
1660 1742 1684 1761 ei
1698 1734 1793 1765 .lbi'ud,

1006 1788 1031 1810 et
1051 1783 1219 1817 septuaginta
1243 1790 1257 1808 e
1273 1782 1420 1808 senioribus
1437 1781 1535 1812 Israel,
1551 1786 1574 1807 et
1604 1782 1753 1808 adorabunt
1779 1790 1795 1808 tt

1006 1830 1079 1863 longe
1093 1829 1247 1861 Dominum,
1266 1834 1290 1855 et
1319 1829 1539 1863 appropinquabil
1562 1828 1648 1854 Musca
1672 1829 1742 1855 solus
1758 1829 1794 1854 nd

1007 1874 1090 1900 Deum
1118 1881 1128 1900 :
1153 1873 1204 1906 ipsi
1232 1878 1320 1900 autem
1352 1881 1403 1899 non
1431 1875 1675 1908 apprupinqnalmnt
1700 1873 1731 1900 3‘.
1760 1873 1793 1899 Et

1007 1926 1128 1946 rursus:
1146 1918 1311 1945 Descendens
1338 1924 1484 1945 contextum
1512 1920 1649 1953 populum,
1675 1928 1705 1946 ne
1727 1919 1797 1954 fori.-

1007 1963 1208 1998 nppropinquct.
1226 1969 1253 1990 ut
1272 1971 1312 1990 me
1327 1964 1424 1995 rideat,
1437 1969 1461 1990 et
1487 1965 1565 1990 radat
1591 1972 1623 1990 ea;
1646 1966 1684 1991 cis
1708 1965 1796 1991 ηιιιιιὶ⁴

1007 2011 1070 2037 ludo
1085 2011 1118 2038 “.
1146 2011 1178 2037 Et
1206 2010 1287 2044 paulo
1314 2009 1429 2037 inferius
1455 2018 1462 2036 :
1491 2010 1582 2037 Omnis
1611 2011 1655 2045 qui
1685 2011 1795 2046 tetigerit

1007 2060 1131 2089 montem,
1150 2061 1232 2082 morte
1247 2056 1376 2082 morietur
1393 2055 1426 2082 ³⁵.
1447 2054 1505 2082 Non
1526 2053 1620 2091 tange't
1640 2056 1715 2083 illum
1738 2064 1797 2082 ina<

1008 2110 1070 2135 nus,
1086 2109 1179 2129 verum
1206 2101 1342 2136 lapidibus
1363 2102 1505 2133 obruetur,
1529 2101 1572 2128 vel
1595 2102 1685 2137 jaculo
1702 2102 1799 2129 conlo-

1007 2148 1106 2181 dietur,
1136 2147 1192 2174 sive
1228 2147 1321 2178 homo,
1346 2147 1403 2174 sive
1434 2149 1602 2181 jumenlum,
1632 2156 1686 2174 non
1715 2148 1796 2175 vivet.

1008 2194 1096 2228 Atque
1130 2194 1186 2220 haec
1213 2193 1240 2220 in
1266 2192 1352 2220 Exodi
1383 2193 1454 2220 Iihro
1483 2194 1521 2220 ita
1551 2193 1693 2220 habentur.
1719 2193 1798 2226 Quod

1009 2245 1100 2267 autem
1116 2240 1260 2275 theologus
1274 2240 1368 2267 eodem
1397 2244 1470 2267 statu
1492 2244 1574 2274 atque
1590 2239 1687 2266 ordine
1701 2246 1798 2266 omnes

971 2297 994 2327 ι)
1009 2285 1221 2320 haudquaquam
1237 2285 1335 2320 dignos
1354 2284 1462 2312 habitos
1481 2284 1568 2311 fuisse
1589 2289 1798 2310 commemorat.

1009 2333 1111 2360 Ordine
1127 2334 1236 2368 quidem
1253 2333 1329 2366 dicit,
1342 2333 1406 2367 quia
1423 2332 1450 2358 in
1470 2332 1695 2358 annumeratioue
1711 2331 1801 2365 primo

1008 2380 1068 2407 loco
1097 2378 1198 2406 Musoni
1225 2378 1375 2409 constituit,
1395 2377 1493 2404 deinde
1512 2377 1659 2409 Aaroneni,
1679 2384 1741 2402 mox
1758 2384 1800 2402 se-

1007 2425 1149 2460 ptuagiula
1165 2425 1297 2452 seniores.
1321 2424 1401 2450 Statu
1424 2427 1529 2455 autem,
1546 2423 1677 2457 quoniam
1694 2429 1798 2448 .asceu-

1007 2472 1120 2502 dentes,
1150 2471 1189 2498 sic
1217 2475 1376 2501 steterunt,
1400 2473 1430 2496 ut
1456 2469 1543 2495 vocati
1581 2473 1669 2494 erant.
1704 2466 1802 2493 Belin?-

1008 2526 1057 2545 iios
1087 2523 1177 2544 autem
1205 2515 1367 2547 nominavit,
1386 2514 1541 2549 allegorice,
1568 2518 1595 2540 ut
1617 2513 1726 2547 opinor,
1753 2511 1799 2545 ju-

1010 2568 1131 2591 nientum
1153 2569 1303 2597 exponens,
1321 2561 1355 2588 de
1384 2569 1440 2596 quo
1455 2561 1550 2587 eodem
1569 2559 1653 2586 Exodi
1674 2558 1744 2585 libro
1771 2559 1801 2583 tit

1009 2609 1123 2636 mentio.
1163 2608 1228 2641 Nam
1264 2614 1421 2642 quanquam
1459 2605 1645 2640 iumentorum
1689 2603 1801 2630 nomine

1010 2656 1121 2692 proprie
1143 2659 1284 2681 mansueta
1315 2658 1342 2680 et
1366 2652 1517 2680 domestica
1543 2650 1674 2677 animalia
1695 2649 1800 2684 signiti-

1013 2704 1122 2731 centur,
1143 2698 1260 2724 ferarum
1288 2702 1379 2724 autem
1404 2695 1515 2722 nomine
1532 2693 1647 2728 agrestia
1663 2694 1801 2727 appelleti-

1013 2750 1071 2779 tur,
1101 2744 1242 2778 Scriptura
1259 2748 1349 2770 lami-ii
1372 2742 1533 2777 plerumque
1551 2738 1668 2774 iumenti
1692 2737 1803 2764 nomine

1012 2792 1083 2819 feras
1118 2797 1226 2825 quoque
1259 2793 1380 2823 agrestes
1423 2785 1635 2820 complectitur,
1671 2789 1698 2811 ut
1729 2784 1800 2817 apud

1011 2837 1184 2866 Psaluiistam
1198 2845 1205 2862 :
1223 2835 1336 2870 Insuper
1356 2839 1380 2862 et
1400 2841 1494 2869 pecora
1507 2832 1593 2866 campi
1606 2831 1642 2858 ⁸⁸.
1658 2830 1803 2865 I‘erspicue

1160 2894 1197 2911 ⁸³⁵
1212 2894 1296 2923 Exod.
1321 2901 1396 2925 xxxv,
1414 2893 1439 2919 l.
1492 2890 1516 2906 ⁸³
1536 2889 1602 2918 Ibid.
1670 2889 1694 2905 ⁸⁵
1715 2888 1801 2916 Exod.
