2058 3159
252 192 317 225 1351

970 187 1159 217 ADDENDA.

1818 186 1891 221 1352

250 249 323 276 enim
341 251 448 275 constat
473 246 528 273 illic
554 246 587 273 de
603 244 730 272 (ouilibus
746 243 968 278 qumlrupedibus
983 244 1035 277 agi.
1052 248 1073 274 Α
1089 249 1114 271 ct
1130 243 1245 271 obscura
1273 243 1354 278 hujus
1371 243 1420 271 loci
1441 243 1546 270 videtur
1562 249 1621 271 esse
1645 243 1793 277 sententia,
1820 247 1889 279 quia

251 295 290 322 Ac
320 301 414 321 rursus
441 293 533 320 bestiae
564 291 746 325 appellatione
784 294 925 316 mansueta
957 290 1037 316 etiam

251 340 380 366 animalia
399 338 584 371 designantur,
613 340 642 362 ut
673 335 699 361 in
715 335 761 361 illo
787 335 846 361 luco
865 342 872 361 :
891 333 924 360 Et
941 334 1039 360 crearit

252 384 321 411 Deus
338 386 369 409 de.
388 388 456 409 terra
471 390 559 408 annus
583 382 680 408 bestias
705 381 773 415 agri,
790 385 814 407 et
845 381 934 407 onmia
965 381 1039 407 uola-

252 431 310 457 tt'lia
323 429 381 455 εωιί
397 429 429 454 ⁵⁷.
449 428 606 457 Enimvero.
623 427 645 453 si
667 432 762 454 exaclc
785 427 950 461 loquendum
982 431 1037 458 est,

251 477 384 503 belluinos
399 475 532 509 quosdam
546 482 648 501 Vocans
661 473 818 508 Gregorius,
837 481 890 499 non
905 473 938 499 ad
957 472 1039 500 Vetus

250 522 482 553 Iusti-uiuentem,
507 520 554 548 scd
583 520 616 546 ad
642 519 734 545 divtnn
759 518 872 546 Paulum
900 519 966 545 mihi
997 527 1039 545 re-

249 568 369 600 spexisse
395 567 516 598 videtur,
546 566 585 593 sic
622 566 655 592 ad
697 564 825 592 llehrtnos
853 565 1037 592 scribentem:

250 613 364 640 Etiamsi
386 613 467 639 bestia
489 612 601 646 tetigerit
632 615 758 642 montem,
789 610 922 644 lapidibus
947 610 1040 636 obrue-

248 666 290 686 tur
305 660 340 690 “,
357 659 428 694 quod
444 659 553 694 quidem
578 659 604 684 in
620 657 711 684 Veteri
732 656 906 684 Testamento
931 657 964 683 ad
981 664 1040 683 vcr-

249 707 312 732 bnm
345 713 507 740 expressum
537 713 590 731 non
617 704 763 731 invenitur.
791 702 847 730 Nisi
880 703 941 737 quis
971 703 1040 730 forte

249 752 350 778 dixerit
367 752 540 786 Apostolum,
563 752 619 777 ha'c
636 750 716 776 verba
733 749 886 776 audientem
904 757 910 775 :
925 748 1039 775 Etiamsi

248 797 396 829 iumentum
417 798 443 823 in
469 801 583 822 moment
609 795 766 827 astenderil,
789 803 839 821 non
859 795 924 821 vivet
941 795 974 828 ",
995 794 1040 829 ju-

250 844 334 870 meuti
360 843 472 870 nomine
498 843 602 869 belluas
617 849 727 876 quoque
747 841 934 868 intellexisset.
951 840 1038 867 επιε-

251 900 311 919 rum
329 892 395 918 illud
414 891 554 918 sciendum
574 895 626 923 est,
651 890 735 924 quod,
753 890 882 924 quoniam
906 889 932 915 in
962 888 1039 915 nobis

249 937 371 972 duplices
390 938 502 964 ali‘ectus
522 941 596 967 sunt,
621 936 661 962 ira
684 936 811 962 videlicet
835 939 862 961 et
890 935 1038 969 cupililas,

250 982 312 1010 ideo
325 991 339 1010 a
356 983 446 1010 divina
467 982 696 1017 contemplatione
715 980 960 1012 submovcbantur,
983 985 1039 1006 tum

251 1030 267 1056 ii
284 1030 329 1064 qui
344 1029 464 1055 ferarum
484 1029 537 1056 ritu
557 1029 711 1064 agrestibus
726 1033 751 1055 rt
765 1028 903 1054 iracundis
916 1028 1039 1055 moribus

249 1076 354 1110 praediti
373 1080 462 1107 erant,
480 1081 535 1102 tum
564 1075 610 1110 qui
633 1075 767 1109 pecudum
794 1082 869 1101 more
895 1075 921 1100 in
937 1079 1038 1101 terram

249 1127 343 1157 pastus
358 1123 444 1156 gratia
462 1121 597 1156 provoluti
618 1125 705 1154 erant,
732 1128 764 1147 ac
781 1121 897 1154 turpiter
924 1124 949 1146 ct
969 1120 1039 1148 Rede

249 1168 447 1203 cttpiditatibus
462 1167 627 1194 serviebant.

285 1214 345 1240 Col.
361 1213 413 1240 658
432 1212 463 1240 C.
488 1211 543 1239 Nos
565 1216 654 1239 tamen
672 1211 758 1238 media
775 1212 890 1247 quadam
912 1210 955 1239 υἱά
971 1213 1039 1240 inter

249 1267 309 1291 cas,
335 1264 387 1286 etc.
413 1258 638 1293 Quandoquidem
667 1258 753 1286 virtus
779 1259 804 1285 in
831 1258 1037 1292 mediocritate,

249 1313 378 1332 excessus
404 1311 493 1332 autent
514 1312 540 1333 et
560 1305 684 1332 dcfcclus
710 1305 735 1331 in
758 1305 824 1332 vitio
847 1306 928 1339 pnsiti
952 1310 1035 1338 sunt,

251 1355 392 1385 propterea
415 1351 562 1384 Gregorius
579 1351 734 1386 alleget'iam
753 1351 936 1385 ingressurus,
952 1351 1038 1378 factu-

251 1405 310 1423 rum
328 1403 356 1423 se
379 1397 530 1430 pollicetur,
549 1400 578 1423 ut
595 1397 682 1423 media
704 1396 822 1430 quadam
840 1396 881 1422 via
900 1396 1037 1430 ingredia-

249 1446 302 1473 tur,
319 1442 344 1467 id
362 1446 414 1473 cst,
431 1450 461 1468 ea
484 1446 588 1468 tantum
612 1441 644 1468 ad
661 1441 817 1475 allegoriam
836 1441 961 1476 arcipiat,
976 1450 1037 1476 qua:

249 1495 307 1514 eam
323 1488 469 1515 admittunt
483 1497 489 1515 :
502 1489 605 1522 reliqua
620 1492 711 1514 autem
725 1495 756 1515 eo
767 1495 848 1515 sensu
864 1487 1036 1522 intelligenda

250 1534 396 1569 relinquat,
413 1542 493 1569 quem
513 1535 602 1561 littera
626 1535 714 1569 pritno
731 1533 819 1560 fronte
834 1533 923 1560 olTert.
940 1533 1037 1560 Omnia

249 1580 320 1606 enim
332 1599 339 1611 ,
366 1587 425 1614 qnte
443 1579 525 1606 veleri
543 1580 601 1613 lege
618 1579 802 1611 continentur,
818 1586 950 1613 corporeo
966 1578 1038 1605 dun-

250 1629 323 1651 taxat
342 1624 422 1651 modo
446 1632 478 1651 ac
496 1625 646 1651 Secundum
671 1623 814 1650 litteralem
838 1628 865 1650 et
885 1623 1035 1650 dilucidum

249 1675 360 1694 sensum
382 1669 565 1702 interpretari.
588 1672 629 1694 est
644 1674 800 1694 crassorum
821 1672 848 1695 et
863 1667 1033 1701 stupidorum

250 1714 402 1746 hominum,
415 1719 496 1748 atque
510 1714 543 1740 ad
560 1713 818 1748 contemplationem
835 1721 948 1748 prorsus
963 1714 1036 1741 iner-

249 1759 316 1786 tium
339 1764 419 1793 atque
442 1759 627 1793 torpentium,
652 1757 808 1793 Judmisque
831 1758 972 1786 similium.
997 1759 1037 1786 Illi

247 1805 320 1833 enim
345 1805 500 1832 universam
524 1805 610 1840 legem
631 1805 709 1839 juxta
733 1804 850 1832 litteram
873 1804 1038 1840 intelligunt,

248 1857 298 1877 nec
321 1850 455 1884 spirituali
478 1857 559 1878 sensu
582 1850 731 1884 quidquam
755 1850 903 1884 accipiunt.
926 1850 1038 1883 Contra,

248 1896 340 1923 Omnia
367 1896 408 1923 vel
435 1896 620 1924 minutissima
644 1904 758 1931 quaeque
784 1896 928 1931 allegorice
950 1898 1033 1932 ἐκμυ-

249 1950 324 1974 ncre,
337 1942 438 1970 curiosi
451 1947 492 1970 est
505 1942 616 1977 ingenii,
631 1948 711 1977 atque
725 1943 751 1969 in
768 1943 906 1978 anagogiae
919 1944 1037 1976 ratione,

250 1995 299 2016 nec
324 1990 453 2022 modum,
479 1996 530 2016 nec
557 1989 774 2016 mediocritatem
802 1989 929 2017 tenentis.
956 1989 1038 2024 quue

249 2043 314 2062 sane
330 2035 473 2062 ridiculqu
487 2040 539 2068 est,
555 2043 586 2062 ac
602 2036 682 2070 plane
697 2036 866 2062 somniorum
883 2036 1037 2071 conjecture

248 2082 372 2115 dignum.
391 2081 487 2108 Omnia
505 2083 578 2108 enim
603 2082 707 2108 somnia
727 2081 752 2107 in
771 2082 855 2116 signis
877 2087 959 2117 atque
977 2091 1038 2109 um-

248 2127 304 2154 bris
326 2129 489 2155 cousistnut.
507 2127 669 2161 Quicunque
694 2128 775 2163 igitur
798 2127 889 2154 omnia
914 2129 947 2164 ad
971 2136 1037 2155 aua-

249 2174 372 2208 gogieum
405 2181 516 2200 sensum
548 2172 692 2204 referunt,
728 2174 834 2200 somnia
866 2172 1038 2208 interpretari

248 2219 383 2246 Videntur.
411 2219 496 2247 Porro
520 2220 616 2247 litterte
643 2220 781 2247 mordicus
805 2220 962 2253 adhaerere,
989 2230 1037 2249 nec

1091 288 1179 325 longis
1202 289 1358 324 hyperbatis
1373 289 1483 316 concisa
1505 293 1546 316 est
1568 289 1625 316 lucc
1644 290 1784 324 periodus.
1803 289 1886 317 Hunc

1090 340 1181 362 autem
1205 343 1317 363 sensum
1343 335 1435 363 habet.
1459 335 1665 368 Existimamus,
1691 336 1789 369 inquit,
1816 344 1888 371 quo-

1091 384 1162 408 niam
1179 389 1267 416 usque
1281 381 1313 408 ad
1331 381 1511 409 idololatriam
1526 381 1644 416 prolapsi
1659 389 1779 413 eramus,
1798 387 1886 416 atque

1090 427 1205 454 excitari
1226 434 1274 454 nos
1291 427 1412 462 erigique
1437 429 1588 462 oportebat,
1613 427 1715 454 idcirco
1736 428 1816 456 nobis
1837 436 1887 455 ve-

1092 478 1175 499 terem
1200 473 1286 507 legem
1305 472 1396 499 datam
1413 480 1483 504 esse,
1501 479 1563 499 eum
1581 473 1634 499 alia
1659 474 1791 508 permulta
1817 481 1889 507 pran-

1090 523 1177 553 cepta,
1202 526 1262 553 qua
1287 525 1337 546 nos
1362 518 1396 545 ab
1421 518 1556 545 idolorum
1584 518 1658 545 cultu
1686 518 1863 545 abducebant
1878 539 1887 551 ,

1092 564 1330 598 complectentem,
1345 568 1402 591 tum
1415 572 1446 592 ea
1459 563 1553 596 etiam,
1564 572 1625 598 qua:
1637 564 1670 591 ad
1685 564 1886 592 sacriﬁciorum

1091 609 1224 637 rationem
1243 609 1424 644 pertinebant.
1442 610 1531 645 Atque
1545 609 1702 645 hujusmodi
1716 617 1815 637 sensus
1828 614 1886 637 est.

1091 655 1168 682 Nunc
1187 655 1295 690 singula
1319 656 1498 683 excutiamus.
1527 655 1578 683 Per
1602 661 1755 690 peccatum,
1781 655 1883 689 inquit,

1087 702 1143 737 jam
1171 702 1233 729 inde
1255 709 1268 728 a
1293 702 1427 737 principio
1450 702 1617 733 corruimus,
1642 702 1668 729 id
1690 707 1742 734 est,
1770 709 1803 728 ex
1826 709 1884 736 quo

1091 753 1213 782 tempore
1232 749 1337 782 primus
1356 755 1454 783 parens
1477 748 1620 783 prolapsus
1637 752 1689 780 est,
1711 755 1742 775 ac
1764 755 1812 782 per
1836 756 1884 774 vo-

1090 793 1220 828 luptatem
1236 794 1340 829 decepti
1360 799 1441 829 atque
1459 795 1485 820 in
1502 793 1625 820 fraudem
1647 794 1757 828 impulsi
1774 801 1884 824 sumus,

1091 848 1145 866 non
1168 848 1214 874 per
1233 841 1348 875 primam
1374 840 1446 868 illam
1470 841 1559 868 solum
1579 840 1723 875 (scriptum
1739 844 1782 866 est
1795 839 1884 870 enim,

1091 886 1162 920 quod
1182 887 1282 914 bontnn
1299 891 1358 914 erat
1375 887 1478 921 lignum
1494 886 1528 913 ad
1545 886 1721 918 vescendum,
1734 891 1761 911 et
1775 889 1884 919 grrtum

1092 934 1179 960 oculis
1203 933 1236 959 ad
1261 933 1427 966 vidcndun,
1451 937 1478 960 et
1501 933 1644 967 pulchrum
1668 931 1701 958 ad
1728 931 1886 964 intelligen-

1092 979 1156 1006 dum
1170 980 1210 1015 '°)
1225 979 1273 1007 sed
1290 987 1349 1006 eam
1368 981 1463 1010 etiam,
1485 986 1539 1014 qua
1559 983 1698 1013 peccaturo
1723 984 1805 1004 omne
1823 983 1886 1011 per-

1092 1024 1183 1051 fusum
1206 1029 1258 1051 est.
1286 1022 1417 1058 Voluptas
1439 1023 1512 1050 enim
1533 1026 1675 1057 peccatum
1699 1029 1784 1049 omne
1805 1026 1886 1047 ante-

1090 1069 1172 1102 cedit,
1198 1076 1302 1104 nosque
1327 1069 1492 1101 ludiﬁcatur,
1516 1073 1542 1096 et
1567 1068 1593 1094 in
1617 1067 1741 1094 fraudem
1767 1065 1886 1097 inducit,

1091 1124 1122 1143 ac
1138 1117 1212 1144 velut
1235 1116 1324 1151 pisces
1339 1116 1453 1145 inescat.
1472 1114 1505 1142 Et
1526 1114 1635 1149 quidem
1654 1113 1691 1141 ita
1713 1113 1813 1140 misere
1828 1112 1883 1138 cii-

1090 1163 1226 1190 cumvenli
1253 1169 1359 1195 sumus,
1386 1166 1415 1189 ut
1439 1161 1473 1188 ad
1505 1160 1664 1188 idololatria:
1689 1158 1792 1186 crimen
1818 1165 1882 1192 pro-

1089 1209 1238 1240 ruet-imus,
1259 1212 1341 1242 atque
1366 1207 1398 1234 ad
1416 1206 1536 1234 nefarios
1560 1212 1685 1237 cruores,
1712 1204 1758 1239 qui
1786 1202 1883 1230 nefarii

1090 1256 1232 1287 dicuntur,
1258 1254 1329 1288 quod
1354 1253 1485 1280 scelerate
1516 1259 1549 1279 ac
1581 1251 1685 1278 nefarie
1707 1248 1882 1277 daemonibus

1090 1300 1265 1328 offerantur:
1286 1299 1326 1326 vel
1344 1298 1426 1325 etiam
1453 1296 1573 1324 nefarios
1596 1304 1643 1324 eos
1668 1300 1746 1322 vocat
1771 1299 1882 1329 propter

1091 1346 1214 1373 homines
1238 1344 1366 1373 sacrilicii
1390 1352 1473 1372 causa
1499 1347 1644 1373 mactatos.
1669 1341 1881 1369 lmmolaurant

1089 1393 1171 1426 cuitu,
1196 1392 1295 1427 inquit,
1314 1392 1384 1426 ﬁlios
1407 1395 1431 1417 et
1449 1390 1521 1425 ﬁlias
1542 1397 1604 1416 sua:
1626 1388 1763 1416 dtzmoniis
1779 1389 1813 1413 ".
1833 1386 1882 1414 llis

1090 1438 1173 1472 igitur
1197 1438 1276 1465 malis
1294 1427 1405 1464 aiI'ectos
1426 1436 1548 1464 revocari
1565 1443 1616 1462 nos
1628 1442 1643 1461 a
1660 1433 1713 1462 Deo
1727 1432 1882 1469 oportebat,

1090 1489 1181 1518 utpote
1196 1492 1210 1510 a
1232 1489 1305 1510 rerta
1329 1484 1370 1510 via
1393 1483 1562 1512 aberrantes.
1583 1487 1663 1516 atque
1686 1481 1712 1508 in
1735 1479 1881 1515 aniiquum

1089 1536 1190 1558 statum
1211 1530 1329 1563 restitui,
1345 1529 1396 1556 hoc
1416 1534 1468 1562 cst,
1482 1529 1516 1556 ad
1538 1527 1583 1555 Dei
1605 1528 1799 1562 cognitionem,
1818 1532 1883 1554 ante

1051 1583 1073 1613 ρ
1090 1575 1273 1603 idololatriam
1291 1575 1318 1603 in
1333 1576 1431 1603 animis
1446 1575 1547 1602 nostris
1565 1575 1712 1606 lucentem,
1727 1578 1754 1601 et
1769 1573 1880 1608 quidem

1091 1621 1207 1653 restitui,
1233 1630 1286 1648 non
1310 1627 1419 1657 prOpter
1437 1630 1519 1657 opera
1537 1626 1644 1653 nostra,
1669 1627 1719 1648 nec
1734 1619 1807 1647 enim
1827 1619 1883 1645 ulla

1090 1667 1267 1699 habebamus,
1284 1668 1332 1695 sud
1348 1669 1424 1703 juxta
1443 1668 1516 1695 illam
1535 1668 1606 1703 apud
1622 1668 1723 1693 Lucam
1742 1665 1884 1693 Zacharias

1090 1713 1273 1748 prophetiam,
1297 1719 1407 1749 propter
1427 1715 1529 1742 viscera
1551 1712 1741 1741 misericordia:
1765 1712 1812 1738 Dei
1835 1719 1898 1737 ιω·Δ

1089 1759 1139 1786 uri
1154 1760 1188 1792 “,
1211 1760 1277 1787 lauti
1303 1767 1400 1788 manus
1426 1768 1482 1787 sua:
1505 1760 1606 1795 opilicii
1628 1759 1764 1794 jacturam
1790 1758 1882 1785 facere

1090 1813 1143 1832 non
1166 1805 1341 1832 sustinentis.
1358 1804 1475 1832 Tantum
1499 1809 1591 1832 autem
1613 1804 1680 1831 dixit
1697 1812 1749 1830 non
1769 1805 1881 1838 quanti-

1090 1853 1155 1881 tate,
1169 1850 1215 1876 scd
1230 1849 1378 1883 qualitate:
1395 1849 1490 1884 Magna
1509 1850 1581 1877 enim
1598 1857 1652 1882 res,
1673 1849 1770 1884 inquit.
1787 1850 1882 1879 homo.

1089 1903 1121 1923 ac
1143 1896 1272 1930 praeclara
1293 1901 1320 1923 et
1340 1896 1440 1923 eximia
1464 1904 1518 1929 res,
1541 1896 1591 1924 vir.
1606 1896 1692 1929 Quem
1713 1896 1884 1923 sublimiuris

1090 1943 1171 1969 etiam
1204 1942 1343 1977 sapienti-.2
1376 1943 1512 1977 specimen
1540 1942 1666 1974 vocavit,
1698 1947 1725 1969 et
1751 1949 1883 1975 magnum

1089 1989 1222 2016 mundum
1245 1989 1272 2016 in
1293 1997 1399 2024 parvo:
1416 1989 1496 2024 idque
1512 1996 1566 2016 non
1580 1996 1611 2016 ea
1633 1993 1738 2016 tantum
1762 1989 1881 2020 ratione,

1089 2038 1152 2072 quia
1168 2045 1199 2064 ea
1214 2037 1306 2065 omnia
1327 2037 1420 2069 habet,
1437 2044 1498 2072 quae
1521 2037 1658 2065 sensibilis
1682 2036 1727 2063 hic
1749 2038 1881 2067 mundus,

1089 2090 1120 2110 ac
1139 2089 1270 2118 praeterea
1296 2083 1402 2110 ratione
1425 2083 1576 2110 instructus
1595 2088 1636 2110 est
1654 2091 1660 2109 :
1678 2089 1772 2108 verum
1798 2083 1881 2109 ctiam

1090 2129 1153 2163 quia
1181 2130 1298 2157 mundus
1322 2135 1431 2164 propter
1457 2129 1546 2164 ipsum
1573 2130 1700 2156 conditus
1725 2134 1776 2156 est.
1803 2128 1881 2161 Quod

1090 2178 1179 2200 autem
1206 2174 1322 2209 alicujus
1345 2182 1426 2202 causa
1451 2174 1554 2201 factum
1569 2180 1621 2207 est,
1644 2174 1757 2201 inferius
1779 2179 1820 2201 cst
1838 2181 1881 2206 eo,

1091 2225 1201 2254 propter
1232 2220 1304 2254 quod
1335 2219 1436 2247 factum
1466 2225 1516 2247 est.
1551 2219 1639 2247 llomo
1671 2224 1761 2247 autem
1790 2221 1883 2247 divina

249 2273 365 2300 unquam
383 2266 526 2293 sublimius
554 2273 709 2300 assurgere,
729 2265 850 2293 delectus
870 2271 912 2294 est
927 2266 982 2302 (ΞΟ)
1000 2276 1006 2294 ;
1024 2276 1039 2294 e
1055 2259 1077 2287 ο
1092 2273 1173 2291 manu
1190 2265 1303 2292 cll‘ectus
1314 2270 1364 2298 cst,
1377 2265 1492 2301 juxtaid
1511 2266 1583 2300 quod
1600 2266 1730 2300 seriptum
1745 2266 1881 2292 habetur:

247 2311 355 2339 diverso
371 2312 463 2339 omnia
485 2313 517 2339 ad
538 2312 716 2347 allegoricum
738 2304 976 2340 scnsumltrahere
991 2321 1037 2340 ex~

248 2366 359 2390 Cessas.
383 2364 465 2394 atque
491 2365 638 2394 utrumque
664 2360 804 2386 vitiosum.
827 2360 862 2386 At
899 2359 925 2386 in
950 2367 981 2387 ea
1008 2367 1037 2387 re

247 2405 376 2431 decorum
393 2413 511 2438 scrvare,
535 2405 709 2432 mediocritas
725 2410 766 2433 est
781 2409 807 2432 el
829 2406 924 2437 virtus,
949 2413 1037 2439 neque

248 2450 274 2476 id
300 2451 448 2478 absurdum
470 2455 520 2483 est,
547 2455 590 2484 ut,
607 2451 730 2479 litterulis
745 2457 770 2478 et
793 2452 914 2478 historici
940 2459 1037 2479 Sensus

249 2497 370 2530 pertinax
392 2498 533 2530 amplexus
547 2517 553 2529 ,
572 2506 622 2524 nec
643 2498 797 2530 ridiculum,
816 2502 843 2524 ut
858 2498 1030 2529 somniatrix,

248 2541 292 2566 illa
307 2545 404 2567 cuncta
421 2542 563 2576 allegorice
581 2543 732 2577 explicandi
752 2545 831 2571 ratio.

284 2587 501 2621 Quandoquidem
520 2588 587 2614 enim
609 2597 666 2621 nos,
683 2590 715 2614 ab
739 2590 824 2622 initio,
842 2594 893 2616 clc.
917 2587 1035 2615 Dillicilis

283 2670 305 2685 ⁸⁷
319 2670 387 2698 Gen.
404 2670 534 2702 “"2435.
573 2670 596 2685 ⁸⁸
612 2669 695 2698 Hebr.
716 2677 766 2702 xu,
783 2670 828 2697 20.

249 2705 291 2732 7S.
333 2705 430 2733 “Psal.
445 2713 540 2737 cum,
557 2704 601 2732 75.

283 2785 338 2820 (-20)
367 2786 479 2820 August.
509 2783 555 2811 lib.
580 2792 638 2812 xvn
662 2783 701 2810 De
725 2784 796 2810 civit.
825 2783 884 2816 Dei,
908 2791 967 2818 cap.
990 2784 1007 2810 5
1031 2793 1038 2810 :

251 2828 260 2845 ι
276 2819 339 2846 Mihi
358 2822 428 2847 sicut
444 2822 558 2846 multum
574 2820 699 2846 videntur
712 2826 813 2850 errare,
830 2819 875 2853 qui
891 2820 979 2845 nullas
996 2827 1038 2845 res

249 2859 338 2887 gestas
361 2856 386 2880 in
406 2863 438 2880 ro
456 2862 554 2888 genere
573 2855 723 2881 litterarum
747 2854 858 2887 (SCIill'Cl
886 2854 1037 2887 sacrarum)

245 2889 350 2922 aliquid
374 2889 444 2916 aliul
471 2894 567 2924 praeter
585 2890 610 2916 id
634 2891 706 2924 quod
723 2898 754 2916 ε.)
771 2890 851 2915 modo
867 2895 947 2923 gesto:
962 2895 1037 2920 sunt,

1091 2311 1189 2339 Manus
1203 2318 1254 2339 tua’
1269 2312 1386 2347 fecerunt
1401 2321 1450 2346 mc,
1465 2319 1487 2339 et
1505 2313 1702 2347 plasmaverunt
1719 2321 1759 2340 me
1772 2314 1804 2340 ".
1821 2314 1882 2346 Quo

1091 2359 1151 2386 loco
1170 2367 1277 2390 manus,
1296 2365 1324 2385 ut
1339 2359 1393 2386 Duo
1408 2360 1518 2394 dignum
1538 2364 1589 2391 est,
1607 2359 1789 2395 intelligenda:
1804 2365 1880 2393 sunt,

1092 2405 1219 2430 nimirum
1254 2412 1302 2438 pro
1339 2404 1517 2432 fabr-iratione
1548 2405 1604 2432 Dei.
1635 2404 1769 2438 Quoniam
1800 2405 1882 2440 igitur

1094 2451 1252 2483 instaurari,
1265 2456 1345 2485 atque
1359 2451 1392 2477 ab
1405 2458 1499 2478 errore
1514 2452 1636 2478 revocari
1651 2451 1787 2478 hominem
1801 2459 1883 2486 opor-

1091 2497 1172 2528 tebat,
1187 2503 1241 2530 quo
1256 2497 1362 2522 tandem
1379 2497 1459 2523 modo
1473 2497 1498 2523 id
1514 2497 1570 2523 lieri
1584 2497 1718 2525 decebat?
1732 2498 1883 2532 prudenter

1086 2549 1160 2570 certe
1184 2548 1211 2569 ct
1239 2543 1360 2577 provide.
1390 2543 1460 2570 Nam
1492 2545 1722 2578 quemadmodum
1756 2545 1882 2572 medicus

1086 2591 1185 2616 vulnus
1201 2589 1368 2622 abstergere,
1385 2595 1433 2616 aut.
1450 2589 1503 2618 alio
1520 2591 1599 2619 modo
1617 2599 1735 2626 purgare
1753 2593 1882 2625 cupiens,

867 2670 889 2686 "
910 2670 995 2698 Exod.
1010 2681 1035 2700 xt

1089 2673 1129 2700 l5.
1175 2673 1197 2689 ⁹⁰
1215 2674 1281 2702 Gen.
1303 2682 1352 2706 In,
1371 2673 1398 2701 6.
1436 2674 1458 2690 ⁹¹
1483 2673 1555 2701 Psal.
1573 2681 1617 2706 cv,
1633 2673 1679 2700 57.
1718 2673 1740 2688 ⁸²
1759 2673 1827 2699 Luc.
1854 2681 1881 2704 I,

1089 2784 1244 2818 signiﬁcare
1276 2785 1444 2812 arbitrantur
1468 2795 1475 2813 :
1502 2785 1539 2812 ita
1567 2786 1681 2813 multum
1705 2785 1807 2813 audere
1832 2787 1880 2820 qui

1089 2827 1202 2856 prorsus
1221 2821 1256 2847 ibi
1281 2821 1372 2847 omnia
1396 2821 1640 2854 signiﬁcationibus
1659 2821 1779 2856 allegorit
1790 2821 1812 2848 is
1838 2823 1881 2848 in-

1062 2884 1064 2886 τ
1089 2855 1179 2881 \oluta
1196 2863 1257 2883 esse
1271 2856 1449 2882 contendunt.
1468 2865 1478 2882 ι
