2058 3159
165 256 233 290 1353

634 257 792 287 NlCETAS
813 254 851 285 IN
873 254 982 284 OltA'l‘.
1003 253 1084 285 XLII
1106 253 1135 286 S.
1151 254 1267 287 GREG.

1705 258 1776 291 1354

164 314 186 342 si
201 313 328 348 asperius.
343 319 450 339 manum
468 313 622 345 admoveat,
641 320 694 339 non
712 312 794 339 modo
811 318 864 338 non
881 317 943 344 pur-
958 309 980 336 Α
995 308 1040 334 sed
1073 309 1210 342 sapienter
1238 312 1320 343 atque
1347 308 1480 337 industrie
1506 318 1553 345 per
1579 311 1777 341 subtractiooes

163 359 251 394 gabit,
268 358 314 386 sed
334 358 415 385 etiam
438 357 557 384 dolorem
569 357 685 392 .augebit
705 361 732 384 et
753 355 919 384 exulcerahit
937 363 943 381 :

162 405 201 432 sic
215 405 295 432 etiam
311 404 428 430 animam
444 403 602 431 vulneribus
620 410 790 438 oppressam,
810 402 862 429 nisi
883 401 946 436 quis

162 449 230 476 scite
244 453 280 477 .et
303 449 398 484 leuiter
417 449 612 480 aurea-tuerit,
628 456 681 476 tuon
699 449 779 475 modo
796 446 862 474 nihil
885 453 944 473 eam

159 495 269 528 juverit,
293 495 339 522 sed
362 495 475 529 insuper
495 495 594 522 Ietiam
619 494 744 527 laeserit,
759 501 792 521 ac
821 491 943 527 pervica-

162 539 262 569 ciurem
277 538 410 567 cmcerit.
421 539 537 567 Proinde
551 539 696 567 .violcntior
711 538 844 567 medicina
860 545 944 572 repu-

160 584 303 615 diandaet
325 583 471 619 rejicienda
493 589 563 620 erat,
581 588 675 619 utpote
692 591 758 619 quae
782 591 836 612 non
857 583 944 612 solum

161 629 284 659 homines
306 638 363 658 non
389 629 530 663 flexisset,
554 630 606 658 sed,
627 637 697 657 novo
727 629 809 657 etiam
833 629 945 656 vulnere

160 677 305 709 atiecissct,
331 684 370 705 ac.
385 676 516 706 scelera-te
532 676 692 706 ,viventihus
717 675 751 703 ad
777 675 944 710 peccandum

159 722 355 755 impudentiam
372 721 532 753 addidisset,
554 726 664 756 propter
686 725 857 748 contractum
875 725 944 748 tem-

160 767 236 801 poris
263 767 614 799 diuturnitate,tumorem.
641 767 666 794 id
691 771 743 799 est,
768 771 878 801 propter
900 766 943 794 in-

160 817 307 839 veteralam
342 813 470 847 peccandi
506 813 731 841 consuetudinem
763 813 794 843 in,
817 818 946 843 naturam

159 864 330 886 conversam.
346 857 523 889 Consuetudo
547 858 617 885 enim
639 862 720 894 atque
745 859 853 887 habitus
878 867 942 894 pro-

159 903 303 934 pemodum
328 907 432 933 natura:
462 904 515 930 vim
547 903 638 932 habet.
666 904 798 937 Quocirca
822 904 856 931 ad
882 905 944 934 vita

158 949 356 979 correctionem
386 949 567 986 moderatiore
599 951 714 986 quadam
745 951 808 980 vitae
839 951 942 979 ratione

997 353 1241 387 paulatimfactas
1257 361 1319 385 nos
1345 354 1509 382 immolavit.
1541 356 1676 385 ldolorum
1696 359 1777 386 enim

999 399 1101 426 cultum
1120 399 1198 434 prius
1215 399 1375 433 sustulerat,
1392 406 1420 427 ct
1441 402 1575 430 sacriﬁcia
1592 411 1701 438 quoque
1721 405 1777 440 ipsa

996 445 1151 473 sublaturus
1176 450 1245 477 crat,
1270 449 1350 481 atque
1373 454 1389 473 a
1408 447 1604 475 sacrificiorum
1631 450 1724 477 nidore
1745 458 1778 478 ac

997 490 1129 523 sanguine
1162 491 1195 517 ad
1225 491 1396 518 incruentum
1422 491 1589 520 sacriﬁciqu
1619 483 1779 530 cultumque

997 535 1155 562 rationalem
1176 541 1203 563 et
1225 537 1408 572 evangelicum
1428 537 1535 565 animos
1557 544 1665 568 nostros
1687 540 1778 567 tradu-

996 586 1101 608 cturus.
1118 580 1232 613 Quando
1254 586 1344 609 autent
1363 583 1388 610 id
1405 582 1547 613 facturus?
1566 585 1694 613 nimirum
1716 594 1777 613 cum

998 634 1047 654 nos
1055 627 1091 653 ad
1104 626 1285 655 obedientiam
1302 628 1369 655 satis
1382 628 1550 659 assuefactos
1561 634 1587 659 et
1603 631 1777 665 exercitatos,

997 676 1078 706 atque
1093 671 1149 705 jam
1165 676 1237 700 recte
1252 679 1284 700 ac
1297 673 1427 707 praeclare
1442 675 1570 702 mandato
1584 683 1629 707 eo,
1644 677 1717 711 quod
1734 685 1779 705 ae-

996 724 1165 751 ceperamus,
1185 717 1341 751 perfunctos
1353 718 1384 745 .in
1389 719 1525 749 venisset.
1534 720 1669 753 Quidnam
1689 727 1778 753 autem

997 762 1082 790 illud?
1104 762 1233 789 nimirum
1255 762 1405 796 perfectum
1426 764 1560 793 idolorum
1580 771 1778 801 contemptum,

996 811 1057 840 post
1071 814 1150 841 quem
1167 807 1291 834 victimas
1305 807 1398 840 etiam,
1415 815 1476 842 quae.
1488 815 1520 836 ex
1536 808 1603 843 legis
1617 812 1780 846 praescripto

996 851 1192 885 offerebantur,
1218 851 1320 878 aboleri
1348 851 1498 886 oportebat.
1522 853 1684 888 Priusquam
1707 855 1778 883 enim

997 897 1085 931 primo
1107 902 1244 932 praecepto
1270 905 1375 925 morem
1397 898 1589 932 gessissemus,
1614 900 1778 934 superfluum

998 941 1094 970 fuisset
1106 942 1254 969 secundum
1269 942 1388 969 tradere.

160 995 330 1031 revocandus
345 1001 404 1025 erat
419 1005 426 1023 :
442 983 632 1031 quaequidein
658 1004 712 1024 non
734 997 854 1026 subitam
869 998 941 1026 sani-
957 983 979 1012 Β
1030 998 1089 1026 Col.
1112 997 1163 1026 650
1179 998 1218 1026 .C.
1244 998 1290 1025 Sic
1310 998 1392 1033 igitur
1411 999 1551 1034 0111!“?th
1566 1000 1607 1027 ida
1629 1000 1717 1028 causis
1737 1001 1780 1027 (ea:

158 1043 240 1069 tatem
261 1040 408 1076 cﬁ'lagitat,
421 1049 514 1069 verum
532 1043 642 1070 sensim.
655 1050 687 1073 ac
707 1043 941 1078 paulatimazgrOv

158 1089 215 1113 tum
236 1087 343 1118 adeam
362 1087 477 1117 reducit.
496 1087 563 1114 Nam
584 1088 703 1121 intortus
719 1095 827 1124 qucque
848 1097 940 1119 ramus

157 1131 274 1159 subitam
287 1132 322 1160 ab
333 1132 493 1168 obliquitate
507 1133 533 1163 in
549 1138 651 1162 rectum
667 1133 839 1165 inﬂexionem
853 1135 940 1165 haud.-

157 1185 293 1213 quaquam
315 1179 486 1207 sustinuerit.
500 1179 571 1212 Quin
587 1181 689 1215 potius,
710 1180 733 1208 si
753 1181 815 1215 quis
830 1186 941 1216 repente

156 1230 218 1256 eum
235 1231 284 1257 per
305 1224 359 1251 vim
377 1224 659 1260 subrigere,conetur,
676 1227 756 1258 citius
778 1227 865 1263 ipsum
881 1236 942 1263 per-

158 1268 282 1302 fregerit,
298 1277 379 1304 quam
402 1270 541 1298 direxerit.
558 1270 633 1304 Quin
650 1272 734 1302 etiam
754 1280 853 1308 equus.
865 1273 940 1303 ferox

156 1317 181 1339 et
199 1313 357 1347 indomitus,
375 1315 504 1350 mirteque
525 1317 730 1352 magnitudinis,
752 1319 941 1355 atqueizetatis

156 1359 253 1387 ardore
277 1359 397 1388 insolens
420 1361 630 1398 haudquaquam
655 1364 760 1393 frenum
783 1365 939 1399 admiserit,

156 1404 208 1431 nisi
235 1406 390 1441 poppysmis
415 1407 610 1436 detnulceatur.
635 1409 804 1445 Poppysmus
832 1417 940 1445 autem,

156 1450 474 1487 equinzepermulsionis
497 1461 583 1488 genus
598 1459 649 1481 est.
673 1454 749 1488 Quod
773 1463 872 1486 nomen
890 1464 942 1491 .per

156 1497 383 1531 onomatopoeiam
407 1498 518 1530 ductum
542 1504 586 1527 est
605 1500 638 1527 ab
660 1507 693 1527 eo
716 1508 802 1534 sono,
817 1502 940 1537 quodex

157 1543 320 1576 equisonum
335 1551 381 1572 ore
396 1549 500 1577 manat,
513 1551 575 1572 cum
588 1553 673 1580 equos
688 1546 864 1575 adulabundo
876 1554 943 1576 con.-

155 1594 231 1616 tactu
247 1589 361 1617 delinire
375 1590 494 1618 student.
509 1591 685 1626 Acproinde,
701 1592 728 1619 id
744 1598 798 1625 est,
811 1593 940 1628 quoidam

155 1635 301 1669 asperitate
327 1636 480 1670 posthabita
504 1637 634 1666 leniorem
657 1645 690 1665 ac
713 1638 864 1668 molliorrm
892 1646 942 1673 cu-

156 1681 233 1708 randi
258 1681 377 1709 liominis
408 1682 540 1712 rationem
570 1684 633 1718 eligi
660 1685 858 1715 conveniebat:
884 1685 940 1713 Lex

155 1726 231 1753 nobis
246 1726 274 1753 in
290 1726 430 1759 auxilium,
447 1726 565 1756 ut.lsaite
578 1728 755 1761 verbisutar,
765 1730 837 1759 .data
851 1735 891 1758 est
904 1731 938 1757 ν’.

157 1771 258 1799 Facilis
271 1774 344 1799 enim
359 1777 386 1800 et
402 1772 499 1800 blanda
512 1778 554 1801 est
570 1774 637 1808 legis
648 1775 765 1808 curatio,
780 1776 876 1804 leniter
888 1785 939 1806 nos

155 1817 189 1843 ab
212 1824 306 1845 errore
330 1818 514 1852 ahducentis,.
531 1823 612 1854 atque
635 1820 669 1848 ad
692 1822 832 1853 veritatem
859 1823 940 1850 redu-
954 1845 962 1853 ,

155 1863 251 1890 contis.
270 1863 309 1890 Ac
327 1863 406 1890 nobis
423 1864 493 1891 muri
504 1864 650 1900 cujusdam
665 1872 692 1894 et
708 1867 836 1895 maceria:
853 1868 938 1895 vicem

156 1909 267 1942 praebet.
279 1909 516 1943 Quemadmodum
525 1913 597 1945 enim
613 1913 729 1940 maceria
746 1913 940 1948 impedimento

155 1960 206 1987 est,
229 1956 386 1989 quominus,
404 1957 450 1991 qui
470 1957 542 1984 intra
563 1965 623 1985 eam
642 1963 717 1990 sunt,
735 1966 797 1986 cum
818 1960 940 1988 externis

155 2000 302 2035 iungantur
325 2009 334 2027 :
356 2001 498 2028 sicetiam
522 2002 565 2029 lex
589 2007 695 2037 septum
714 2003 852 2037 quoddam
869 2009 938 2037 erat,

156 2045 227 2072 inter
253 2045 335 2072 Deum
361 2050 442 2079 atque
469 2046 540 2073 idola
566 2046 739 2082 interjeetum
768 2057 775 2075 :
801 2051 939 2084 atque‘ab

157 2088 235 2116 idolis
248 2089 357 2124 quidem
372 2097 422 2117 nos
435 2090 597 2124 abducebat.
611 2093 643 2118 ad
658 2092 742 2120 Deum
754 2098 848 2128 autem
859 2095 939 2122 redu-

155 2133 253 2161 cebat..
270 2134 310 2163 Ae
336 2134 413 2167 mihi,
437 2142 539 2170 quaeso,
564 2136 611 2164 Dei
629 2137 775 2167 cousilium
797 2143 825 2166 et
849 2140 939 2173 pravi.

155 2179 274 2206 dentiam
301 2180 452 2208 considera.
471 2180 605 2218 Quoniam
632 2183 705 2210 enim
731 2191 791 2216 nos,
812 2189 839 2212 et
859 2185 938 2212 bruta

156 2225 305 2253 animantia
319 2227 552 2261 sacriﬁcahamus,
570 2229 653 2264 idque
674 2230 766 2264 idolis,
783 2239 937 2266 quanquam

156 2271 290 2299 sacriﬁcia
310 2272 368 2307 ipsa
391 2273 485 2301 tollere
501 2279 582 2310 atque
604 2275 735 2311 abrogare
754 2277 832 2307 vellet
852 2277 937 2311 Deus,

156 2319 383 2359 sesequernobis,
409 2324 439 2346 ut
461 2320 594 2355 integram
619 2322 762 2350 sanitatem
787 2331 936 2359 conseque-
953 2323 979 2353 D

156 2372 265 2398 remur,
278 2358 501 2400 cognoscendum
527 2368 671 2402 praebere;
708 2374 796 2397 tamen
821 2358 939 2397 subitam

157 2411 334 2438 mutationem
352 2419 423 2446 aegre
444 2412 551 2440 admitti
575 2421 752 2449 cognoscens,
770 2415 803 2441 ad
825 2415 941 2442 infirmi-

157 2459 238 2481 tatem
257 2460 377 2483 nostram
394 2464 425 2483 se
439 2457 559 2491 demisit,
575 2466 606 2485 ac
621 2460 728 2486 duobus
746 2460 826 2488 malis
842 2468 941 2495 propo-

157 2500 228 2532 sitis,
240 2500 326 2528 altero
336 2501 445 2534 quidem
458 2504 594 2538 graviore,
608 2512 706 2539 nempe
716 2505 762 2539 Dei
777 2507 939 2540 ignorantia,

157 2546 348 2578 alternantem
370 2547 481 2579 leviore,
499 2549 628 2576 nimirum
650 2551 772 2577 cruentis
787 2551 938 2582 sacriﬁciis,

157 2592 183 2618 id
199 2592 270 2626 quod
292 2593 377 2619 levius
393 2598 460 2624 erat,
485 2594 535 2620 hoe
556 2599 608 2626 est,
625 2597 772 2628 sacriﬁcia,
789 2597 939 2624 inﬁrmitati

158 2644 256 2665 nostra:
280 2639 427 2670 concessit,
445 2644 483 2671 ut,
508 2642 578 2674 quod
599 2641 692 2675 majus
708 2648 777 2674 erat,
794 2643 938 2678 acciperet,

158 2685 210 2711 hoc
223 2689 275 2717 est,
294 2689 323 2711 ut
337 2686 426 2719 ipsum
443 2692 537 2712 verum
552 2684 646 2713 Deum.
656 2694 893 2721 cognosceremus,
908 2697 940 2716 ac

159 2734 251 2763 postea
280 2729 423 2756 commodo
447 2734 568 2764 tempore
591 2730 723 2759 sacriﬁcia
748 2739 857 2767 quoque
880 2733 938 2767 ipsa

159 2775 274 2807 tolleret,
287 2780 368 2809 atque
384 2775 410 2802 id
427 2775 594 2810 adorationis
608 2784 705 2811 genus,
717 2779 827 2813 quodin
840 2780 936 2814 spiritu

158 2825 184 2847 ct
208 2821 321 2848 veritate
345 2822 470 2849 consistit
489 2822 524 2855 ",
547 2822 738 2850 introduceret.
765 2825 868 2854 Idcirco
891 2835 938 2854 uc-

158 2873 292 2902 quaquam
311 2868 412 2900 omnia,
439 2876 498 2903 quae
523 2869 644 2903 volebat,
662 2871 750 2898 simul
778 2874 936 2906 constituit,

193 2949 215 2965 ”
238 2949 288 2977 lsa.
312 2957 376 2981 \‘lll,
393 2950 428 2976 20
449 2958 504 2978 sec.
529 2951 609 2979 LXX.
661 2953 682 2968 "
701 2951 779 2980 Joan.
800 2961 836 2986 Iv,
853 2953 898 2981 2st.

316 2997 450 3027 PATROL.
473 2998 530 3028 Gn.
554 2993 709 3029 CXXVII.

993 1043 1115 1078 scripta,
1139 1049 1192 1071 etc.
1225 1043 1372 1073 Mosaicam
1402 1043 1509 1079 legem.
1543 1045 1673 1079 scriptam
1700 1052 1779 1078 vocat

993 1089 1146 1124 Theologus
1168 1089 1200 1117 ad
1217 1089 1398 1118 diﬁcrentiam
1419 1090 1564 1124 legisnon
1580 1091 1698 1125 scripta,
1717 1099 1777 1126 qua:

993 1135 1108 1168 Adamn,
1127 1135 1225 1170 iisque,
1246 1135 1292 1170 qui
1316 1136 1356 1163 ab.
1371 1143 1410 1164 eo-
1425 1136 1555 1171 originem
1574 1138 1719 1170 duxerunt,
1737 1138 1778 1165 di-

993 1181 1079 1208 vorsis
1096 1178 1262 1215 te-updribus
1277 1181 1338 1209 data
1354 1181 1471 1211 δεμ-νει
1487 1182 1569 1212 etiam
1582 1183 1616 1212 ad
1630 1183 1778 1212 discrimen

992 1227 1212 1255 constituendum
1244 1227 1315 1255 inter
1339 1235 1399 1255 eam
1425 1233 1451 1256 et
1475 1228 1650 1264 Evangelium
1673 1237 1681 1256 ε
1702 1231 1778 1264 quod

992 1273 1073 1300 etiam
1087 1296 1090 1300 .
1104 1273 1193 1308 ipsum
1209 1273 1303 1302 tnui-Lis
1334 1273 1431 1301 litteris
1460 1274 1648 1308 consignatum
1677 1276 1779 1302 sanctis

993 1319 1124 1354 apostolis
1151 1319 1278 1347 traditum
1307 1323 1359 1347 est.
1385 1319 1422 1346 De
1441 1326 1496 1354 quo
1521 1320 1604 1347 etiam
1632 1319 1702 1348 Deus
1732 1328 1780 1355 per

992 1364 1137 1392 Jeren-iam
1151 1365 1258 1392 dicebat
1271 1373 1281 1392 ι
1298 1364 1355 1396 Hoc
1369 1369 1412 1393 est
1427 1368 1618 1397 testamentum
1635 1371 1661 1392 et
1677 1365 1778 1398 foedus,

993 1411 1066 1445 quod
1089 1418 1152 1438 cum
1165 1410 1221 1438 illis
1245 1409 1431 1442 feriamdans
1453 1410 1540 1444 leges,
1554 1410 1580 1436 in
1602 1415 1688 1438 mente
1710 1413 1777 1438 etin

994 1456 1075 1484 corde
1089 1463 1184 1484 eorum
1197 1456 1356 1485 inscribam
1373 1463 1429 1485 eas.
1452 1455 1536 1490 Igitur
1558 1457 1599 1483 lex
1625 1456 1724 1491 scripta
1741 1457 1777 1483 ita

993 1507 1036 1529 est
1050 1502 1186 1535 .data,..ut,
1204 1503 1426 1535 commemoravi,
1450 1507 1532 1537 atque
1547 1502 1582 1530 ob
1598 1501 1647 1530 has
1670 1510 1778 1536 causas,

995 1556 1064 1583 quas
1077 1548 1188 1582 protuli,
1205 1549 1257 1576 hoc
1273 1553 1325 1581 est,
1339 1548 1403 1583 quia
1417 1548 1569 1583 perniciosa
1583 1553 1611 1576 et
1626 1548 1777 1583 periculosa

983 1599 1052 1626 ,αι-ιι
1067 1594 1221 1629 asperitas,
1236 1594 1332 1622 lenitas
1347 1599 1437 1622 autem
1454 1594 1537 1626 utilis,
1554 1599 1635 1630 atque
1660 1595 1694 1622 ad
1722 1599 1778 1622 tra-

952 1650 978 1682 ρ
995 1640 1108 1668 claudos
1139 1641 1244 1668 animos
1277 1640 1411 1675 apposita.
1438 1641 1528 1676 Atque
1557 1641 1667 1676 insuper
1693 1641 1779 1668 intro-

995 1689 1086 1721 ducta,
1103 1687 1155 1715 hoc
1166 1692 1219 1719 est,
1235 1687 1393 1722 praescripta
1410 1692 1453 1714 est
1467 1687 1521 1720 lex,
1539 1691 1568 1715 ut
1587 1687 1647 1722 ejus
1662 1688 1777 1716 lectione

995 1735 1028 1762 ad
1041 1734 1179 1768 Creatoris
1193 1734 1361 1769 agnitionem
1375 1734 1567 1763 exeitaretnur.
1580 1733 1679 1766 Eodem
1694 1738 1776 1762 modo

993 1781 1125 1809 sacriﬁcia
1141 1784 1250 1814 propter
1272 1779 1483 1808 sacriﬁcantium
1507 1780 1691 1809 inﬁrmitatem
1708 1789 1757 1808 con
1768 1795 1775 1800 -

995 1834 1070 1854 cessa
1079 1830 1153 1852 sunt.
1164 1824 1212 1852 His
1219 1825 1289 1852 enim
1301 1825 1412 1856 assueti,
1423 1824 1631 1859 haudquaquam
1641 1833 1673 1853 ea
1682 1826 1774 1853 statim

995 1871 1112 1906 ahjicere
1131 1869 1326 1905 potuissemus.
1343 1869 1431 1903 Atque
1446 1869 1503 1897 haec
1521 1870 1721 1898 sacriﬁciorum
1737 1876 1777 1899 est

995 1916 1074 1948 ratio,
1092 1915 1118 1942 id
1132 1919 1183 1947 est,
1198 1921 1292 1946 causa,
1310 1918 1340 1941 ut
1358 1915 1478 1949 quidem.
1491 1922 1552 1943 mea
1566 1920 1608 1945 est
1629 1917 1708 1950 ratio,
1726 1917 1776 1944 hoc

994 1966 1046 1993 est,
1069 1965 1100 1988 ut
1120 1962 1178 1995 ipse
1194 1967 1340 1995 cognosco.
1357 1959 1420 1987 Haec
1440 1962 1531 1987 autem
1556 1962 1640 1996 ﬁgura
1656 1969 1670 1988 a
1688 1963 1777 1990 rheto-

994 2007 1071 2039 ribus
1093 2006 1250 2034 extenuatio
1274 2006 1386 2039 dicitur,
1409 2014 1463 2041 qua
1490 2006 1653 2041 cognitionis
1676 2015 1709 2035 ac
1729 2009 1777 2036 do-

994 2053 1089 2080 ctrinas
1102 2060 1159 2080 sua:
1180 2051 1340 2079 tenuitatem
1362 2051 1513 2086 praetendit,
1532 2056 1659 2086 tanquam
1673 2053 1777 2081 scilicet

993 2098 1063 2125 alius
1077 2098 1218 2134 quispiam
1229 2098 1345 2126 fortasse
1359 2097 1547 2138 sublimiorem
1561 2104 1669 2125 causam
1685 2098 1777 2125 animo

993 2145 1138 2180 concipere
1157 2151 1197 2176 ac
1219 2144 1339 2178 proferre
1361 2148 1453 2179 queat,
1479 2151 1561 2178 quam
1587 2144 1622 2171 sit
1645 2151 1676 2171 ea
1694 2152 1774 2179 quam

993 2191 1051 2226 ipse
1069 2191 1206 2225 produxit.
1227 2190 1297 2224 Ergo
1319 2189 1378 2216 haec
1394 2189 1503 2224 quidem
1522 2189 1656 2217 sacriﬁcia
1672 2189 1708 2218 ob
1728 2190 1777 2217 has

993 2238 1112 2265 rationes
1130 2237 1263 2272 permissa
1289 2241 1364 2264 sunt.
1384 2235 1417 2263 Ut
1437 2240 1528 2264 autem
1551 2236 1710 2264 immensam
1734 2237 1776 2262 di.

993 2283 1062 2310 virus
1092 2282 1232 2317 sapientia:
1257 2280 1471 2316 profunditatem
1499 2280 1652 2315 intelligas,
1683 2281 1774 2308 omnia

993 2329 1129 2363 sapienter
1141 2335 1172 2355 ac
1182 2334 1264 2362 supra
1280 2326 1418 2353 hominum
1437 2325 1626 2360 cogitationem
1640 2325 1775 2356 facientis,

993 2379 1075 2409 atque
1099 2379 1128 2400 ut
1150 2373 1248 2400 uberes
1270 2376 1297 2399 et
1314 2371 1464 2398 luculentas
1490 2370 1773 2404 impervestigabilium

994 2421 1056 2454 (hoc
1074 2423 1127 2452 est,
1144 2426 1204 2452 qua:
1221 2425 1273 2446 non
1297 2417 1377 2444 modo
1393 2423 1446 2442 non
1466 2415 1604 2450 cognosci,
1620 2415 1667 2443 sed
1683 2423 1717 2443 ne
1736 2416 1774 2442 iu-

994 2465 1065 2500 quiri
1081 2465 1190 2500 quidem
1213 2467 1337 2498 possunt,
1354 2462 1439 2496 ipsius
1452 2461 1618 2495 judiciorum
1640 2465 1666 2487 et
1687 2461 1775 2487 consi-

995 2513 1092 2539 liorum
1119 2510 1228 2537 divitias
1250 2507 1373 2542 cognitas
1396 2507 1505 2538 habeas,
1530 2513 1563 2534 ne
1585 2505 1642 2540 ipsa
1666 2505 1773 2540 quidem

993 2557 1127 2585 sacriﬁcia
1142 2555 1277 2590 paulisper
1289 2560 1431 2584 concessa.
1445 2551 1565 2586 mysterii
1578 2551 1665 2578 omnis
1678 2558 1773 2585 exper-

993 2604 1028 2631 tia
1044 2603 1152 2637 rcliquit
1170 2601 1226 2636 (Gr.
1250 2599 1355 2634 άνίερα,
1373 2598 1399 2626 id
1416 2603 1468 2630 est,
1484 2597 1553 2624 nihil
1569 2602 1773 2624 sacrosanctum

991 2652 1018 2675 et
1036 2646 1178 2682 spiritualc
1197 2649 1278 2679 atque
1294 2643 1470 2680 allegoricum
1487 2641 1624 2676 habentia)
1662 2649 1711 2668 nec
1732 2641 1771 2667 in~

992 2693 1079 2724 utilia,
1095 2692 1120 2718 id
1134 2695 1186 2724 est,
1198 2691 1236 2717 .ad
1250 2690 1318 2716 nihil
1339 2688 1483 2717 sublimius
1500 2686 1666 2714 confcrentia
1680 2691 1707 2714 ct
1722 2688 1770 2714 uti.

993 2739 1094 2766 Iitatem
1111 2736 1259 2769 aﬁ‘erentia,
1276 2743 1325 2763 nec
1339 2736 1366 2762 in
1380 2734 1452 2766 nudo
1465 2739 1492 2761 et
1505 2733 1620 2768 simplici
1640 2733 1773 2767 sanguine

991 2785 1089 2811 deﬁxa.
1104 2782 1199 2810 Nudus
1209 2787 1299 2810 autem
1312 2781 1423 2816 sanguis
1436 2780 1543 2812 dicitur,
1555 2780 1599 2814 qui
1614 2778 1771 2814 simpliciter

991 2835 1018 2857 et
1034 2829 1110 2864 juxta
1124 2835 1233 2856 sensum
1256 2826 1390 2859 funditur,
1415 2833 1464 2854 nec
1487 2825 1606 2860 mysterii
1626 2825 1770 2859 quidquam

992 2877 1146 2903 abstrusum
1162 2881 1194 2900 ac
1210 2872 1376 2901 reconditum
1400 2873 1490 2900 habet.
1511 2871 1587 2905 Quod
1605 2878 1690 2904 genus
1710 2877 1774 2900 sunt

1562 2998 1599 3028 illi
