2058 3159
245 197 314 227 1ἷῖῖῶ

957 193 1146 222 ΛῸΒΕΝΟᾹ.

1807 199 1883 230 1356

244 256 387 294 gentlinm
407 254 551 282 sacriﬁcia.
576 253 678 279 llorum
707 253 778 279 enim
808 252 920 287 sanguis
943 252 1032 279 nudus
1048 257 1070 281 Α
1085 252 1184 279 sionem
1210 252 1305 280 ductus
1317 260 1366 287 est,
1386 260 1411 281 et
1428 255 1496 282 sicut
1523 264 1605 290 agnus
1636 257 1758 285 ἱιιηοιετιδ
1783 267 1885 285 comm

242 311 350 333 tantum
373 305 442 333 erat,
457 299 556 334 quippe
577 299 622 333 qui
639 306 688 325 nec
708 305 755 332 per
779 297 910 332 Spiritum
929 297 1032 324 sancti-

245 353 383 380 ticaretur,
409 354 459 373 nec
484 345 597 372 alterius
621 343 746 370 sacrilicii
773 344 886 378 ﬁguram
911 347 1032 378 gereret.

244 398 310 432 quin
325 394 414 430 potius
427 392 515 420 {tedas
526 395 554 418 ct
566 390 707 417 satanicus
721 394 803 424 atque
817 388 935 416 exitialis
949 392 1032 416 esset.

243 441 322 475 Quod
347 443 437 466 autem
462 436 601 471 sapientiae
632 435 844 469 profunditatem
870 434 926 466 ait,
953 439 1034 468 atquc

243 483 504 521 impervcstigabilia
517 480 618 516 judicia
633 479 691 510 Dei,
706 479 757 506 hoc
771 479 805 506 ab
817 479 947 513 Apostoio
959 487 1034 506 sum-

246 534 315 569 psit,
332 531 378 567 qui
396 531 428 557 ad
446 529 585 555 lioruanos
605 527 740 556 scribens,
759 526 801 552 his
818 525 906 552 verbis
927 525 1033 552 utitur:

247 581 269 607 0
294 577 409 606 altitudo
432 574 585 602 divitiarum
612 573 750 608 sapientia:
771 576 795 598 et
821 571 938 598 scientia
963 571 1010 598 Dei
1023 571 1034 597 ι’

246 634 325 662 quam
342 620 583 658 intperscrutabilia
599 624 659 646 sunt
676 618 781 653 judiria
801 617 869 652 ejus,
884 621 908 644 et
929 617 1035 645 investi-

247 672 345 707 gabilrs
362 670 409 697 via:
426 669 483 702 ejus
498 667 539 693 "l
558 667 589 693 Et
612 665 638 692 iu
663 665 748 699 Epist.
773 663 805 690 ad
828 663 928 698 Ephes.
944 671 951 689 :
969 663 1034 689 .lliln'

247 718 366 745 euntium
396 719 546 742 sanctarum
571 712 680 738 minimo
703 711 767 737 data
794 715 831 737 est
856 710 943 744 gratia
959 710 1033 740 lima,

246 765 273 790 in
300 761 419 797 gentibus
450 759 630 794 erangelizare
658 756 905 791 imperverligubiles
929 756 1035 782 divitias

247 809 348 836 chriin
364 808 398 834 ".
419 806 471 833 Sed
485 805 540 840 jam
557 804 590 831 ad
606 803 740 831 sacriﬁcia
757 803 911 833 redeamus,
927 810 959 829 ac
974 810 1034 830 cum

247 855 386 888 'I‘heologo
402 853 538 883 dicamus,
562 850 658 882 Deum,
687 857 748 876 cum
777 849 834 876 haec
858 849 1035 883 permisisset,

249 901 460 935 haudquaquam
487 895 648 931 infrugifera
665 902 697 922 ea
719 895 874 930 reliquisse,
899 903 991 922 verum
1010 896 1035 922 in

247 948 291 975 his
315 945 417 973 Christi
444 943 604 979 mysterium
636 941 710 970 velut
734 941 760 968 in
785 943 871 977 ﬁgura
897 940 1034 968 defossum

246 1001 328 1030 atque
346 992 495 1020 immistum
517 990 612 1018 fuisse.
631 989 730 1025 Figura
747 989 819 1016 enim
842 990 1035 1024 mysteriorum

246 1040 349 1068 Christi
375 1047 390 1065 a
418 1037 559 1072 Scriptura
592 1037 727 1071 appellata
753 1039 838 1068 sunt,
864 1036 1036 1071 victim-atque

246 1087 329 1119 illius,
348 1093 430 1120 quam
455 1090 580 1119 magnam
601 1086 628 1110 et
651 1082 862 1110 immactabilem
882 1081 1035 1117 Gregorius

247 1137 336 1160 voeat.
351 1131 378 1158 ln
395 1138 448 1165 quo
466 1127 736 1156 animadvertendum
753 1131 806 1160 est,
820 1128 892 1162 quod
907 1135 1035 1163 magnam

247 1178 332 1210 dicit,
359 1183 412 1203 non
444 1179 534 1202 autem
567 1174 720 1208 majorem,
752 1177 782 1200 ut
806 1173 1036 1208 comparationem

249 1232 357 1253 omnem
367 1231 428 1250 cum
442 1221 525 1249 altera
536 1219 653 1255 quadam
668 1218 764 1253 fugiat.
776 1218 919 1246 Victimam
933 1223 1036 1250 autem,

249 1272 321 1306 quod
345 1277 393 1304 pro
411 1268 512 1295 mundo
534 1274 603 1294 caesa
624 1266 670 1299 sit,
686 1270 819 1300 quantum
841 1265 874 1292 ad
896 1265 1036 1293 humilita-

250 1323 304 1343 tem
320 1325 326 1342 :
344 1313 554 1342 immactahilem
578 1312 706 1346 denique,
725 1317 856 1346 quantum
872 1312 904 1338 ad
921 1311 1035 1345 primam

249 1368 386 1395 naturam,
409 1361 459 1387 huc
475 1364 528 1391 est,
543 1358 727 1391 divinitatem,
742 1365 804 1392 qua:
818 1365 867 1384 nec
887 1365 967 1392 passa
983 1363 1035 1389 est,

250 1417 299 1437 nec
315 1408 465 1436 immolata.
490 1404 581 1432 Prima
605 1410 706 1437 autem,
732 1409 828 1431 natura
852 1403 980 1431 divinitas
994 1405 1036 1432 di-

249 1455 330 1484 citur,
349 1457 404 1479 tum
431 1456 460 1478 ut
485 1450 661 1486 principium,
683 1453 740 1476 tum
765 1454 793 1476 ut
817 1448 932 1476 aliarum
957 1454 1037 1476 natu-

251 1507 343 1527 rarum
360 1505 443 1525 causa
456 1517 463 1529 ,
483 1502 540 1523 tum
558 1496 641 1522 etiam
659 1500 798 1530 postremo
816 1499 847 1521 ut
866 1495 1037 1522 humanitate

250 1542 434 1579 praestantior.
464 1541 532 1568 Cutn
562 1545 652 1566 autem
688 1547 771 1567 unum
803 1544 884 1573 atque
910 1539 1034 1566 eumdem

1085 302 1206 328 tondente
1215 309 1241 327 se
1254 302 1384 329 obmutuit
1395 303 1451 330 πίε
1469 311 1520 330 non
1536 305 1639 339 aperuit
1653 313 1682 332 οι
1690 314 1765 332 suum
1775 307 1810 334 ”.
1821 305 1881 334 Nec

1086 354 1151 374 vero
1181 352 1291 382 propter
1314 349 1495 377 innocentiam
1512 351 1600 378 solum
1615 359 1702 387 agnus
1714 353 1881 383 assumitur,

1086 393 1131 420 sed
1149 393 1231 420 etiam
1249 395 1323 428 quia,
1340 396 1568 430 quemadmodum
1593 398 1652 425 ovis
1677 398 1835 426 indumenta
1845 407 1882 426 ea

1085 447 1146 474 qure
1165 447 1197 466 ex
1227 440 1289 477 lana
1310 446 1510 475 contexuntur,
1529 443 1610 470 nobis
1636 444 1792 479 suppeditat
1813 453 1819 472 :
1837 446 1883 472 sic

1085 486 1166 513 etiam
1183 486 1320 519 Christus,
1342 492 1440 515 nostra:
1456 489 1550 516 salutis
1561 497 1642 517 causa
1659 495 1805 522 macellus,
1833 492 1883 517 in-

1086 532 1245 560 dumentum
1259 532 1340 561 nobis
1358 534 1487 565 efﬁcitur,
1505 540 1530 561 ct
1547 536 1656 570 quidem
1675 536 1714 563 ita
1728 536 1836 568 efﬁcax,
1847 541 1881 563 ut

1086 578 1320 607 immortalitatem
1336 580 1441 613 aderat,
1455 589 1551 616 nempe
1563 590 1610 616 per
1620 583 1795 616 baptismum.
1806 582 1880 609 Illud

1087 630 1176 652 autem
1211 626 1424 662 incorruptionis
1451 628 1653 661 indumentum,
1685 637 1716 655 ex
1735 629 1882 656 Oclabililzi

1087 671 1254 699 Cletncntina
1275 679 1414 708 sumptum
1445 679 1498 706 est,
1522 674 1568 701 ubi
1596 675 1653 702 lucc
1683 675 1762 702 verba
1789 680 1879 702 sunt;

1089 717 1123 745 Lit
1145 718 1240 752 dignos
1250 725 1299 746 eos
1313 718 1410 746 habeat
1428 719 1537 747 lavacro
1551 721 1780 755 regenerationis,
1803 722 1883 755 quod
1907 747 1910 750 ,

1088 765 1302 799 ineorruptionis
1320 765 1509 793 indumentum
1530 771 1583 793 est.
1599 766 1746 794 Enimvero
1758 767 1883 801 perfecta

1087 810 1157 842 ovis,
1173 810 1245 845 quod
1263 811 1296 838 ad
1312 812 1412 838 realcm
1428 819 1538 840 sensum
1553 813 1659 845 altim-t,
1682 820 1714 839 ea
1745 818 1798 843 est,
1817 821 1881 847 quze

1087 862 1187 882 annum
1209 863 1293 882 unum
1318 856 1436 891 explevit
1465 858 1537 892 (agni
1553 856 1688 892 siquidem
1710 859 1790 885 unius
1813 859 1884 885 anui

1088 901 1175 936 spatio
1187 901 1213 928 in
1230 901 1362 935 integram
1385 907 1491 928 aetatem
1515 903 1692 938 adolescmtt)
1706 912 1715 936 ;
1732 903 1881 938 aHegor-ice

1087 951 1178 973 autem
1194 947 1324 981 qttoniam
1340 947 1466 975 Christus
1481 956 1589 981 quoque
1602 954 1628 976 et
1647 950 1784 984 perfectus
1806 949 1881 975 Deos

1087 999 1113 1020 et
1125 992 1261 1027 perfectus
1269 993 1352 1020 homo
1362 997 1415 1022 est.
1432 993 1498 1020 Nam
1510 1002 1560 1021 nec
1575 994 1716 1021 divinitate
1727 995 1885 1029 quidquam

1087 1040 1244 1076 perfectius,
1261 1044 1354 1076 utpote
1375 1048 1390 1068 a
1414 1049 1466 1076 qua
1493 1041 1625 1076 perfectio
1647 1042 1680 1069 ad
1711 1042 1763 1069 alia
1785 1043 1884 1070 omnia

1088 1090 1246 1122 promanet:
1265 1087 1415 1114 divinitatis
1433 1095 1515 1122 porro
1530 1087 1606 1122 signa
1623 1089 1715 1115 omnia
1731 1088 1883 1115 inChristo

1087 1132 1242 1160 elucebant.
1263 1133 1334 1165 Quin
1353 1133 1434 1160 etiam
1464 1134 1632 1166 humanitas,
1649 1134 1796 1162 divinitate
1819 1142 1883 1169 per-

1088 1183 1179 1211 uncta,
1196 1179 1221 1206 id
1243 1178 1312 1206 facta
1331 1184 1383 1212 est,
1405 1180 1476 1213 quod
1498 1187 1528 1206 ea
1543 1187 1616 1214 pars,
1636 1187 1650 1205 a
1664 1188 1717 1214 qua
1744 1186 1881 1214 peruueta

1087 1229 1138 1257 cst,
1155 1225 1206 1252 hoc
1218 1230 1273 1258 est,
1291 1225 1444 1252 divinitatis
1461 1225 1547 1255 soeia,
1565 1233 1621 1252 non
1639 1225 1749 1260 quidem
1767 1229 1880 1258 natura,

1087 1269 1134 1296 sed
1166 1269 1319 1296 divinitatis
1350 1270 1558 1303 consecutione,
1585 1270 1818 1304 quemadmodum
1854 1275 1882 1297 et

1087 1314 1190 1341 ferrum
1206 1314 1320 1349 ignitum
1335 1313 1405 1348 ignis
1420 1313 1520 1341 dicitur
1533 1321 1588 1340 non
1600 1318 1707 1345 natura,
1717 1313 1763 1340 sed
1773 1312 1884 1340 inflam-

1088 1360 1219 1388 matione.
1239 1359 1332 1395 Neque
1351 1360 1422 1387 enim
1444 1367 1460 1386 a
1479 1359 1588 1394 propria
1612 1363 1709 1386 natura
1739 1360 1878 1394 migravit.

1088 1406 1194 1433 Rursus
1209 1406 1290 1433 etiam
1301 1406 1346 1440 pio
1364 1413 1445 1433 sensu
1461 1406 1602 1432 Dominiea
1615 1413 1680 1433 caro
1697 1405 1768 1432 Deus
1777 1405 1881 1433 dicitur

1089 1457 1200 1486 propter
1215 1459 1350 1479 summam
1367 1451 1507 1479 unionem.
1523 1450 1594 1484 Quin
1620 1451 1655 1478 ob
1678 1451 1748 1478 hanc
1767 1458 1880 1485 quoque

1087 1505 1199 1525 causam
1215 1497 1350 1532 perfectus
1371 1501 1413 1524 est
1423 1496 1558 1529 Christus,
1572 1496 1636 1530 quia
1652 1495 1725 1522 nulla
1737 1496 1765 1523 in
1779 1504 1810 1523 eo
1821 1496 1885 1530 jus—

1089 1545 1153 1571 titia:
1161 1551 1223 1578 pars
1232 1543 1411 1570 desideratur.
1419 1542 1456 1570 Ita
1465 1550 1584 1577 namque
1590 1543 1624 1570 de
1642 1543 1732 1576 seipse
1741 1542 1880 1576 loquitur:

250 1589 391 1617 Christum
422 1591 568 1614 Illaclalum
601 1585 681 1613 SiIIIUI
712 1589 793 1619 atque
826 1585 1034 1612 immaClabilcm
1051 1591 1072 1620 ο
1089 1588 1132 1616 Sic
1143 1589 1212 1615 enim
1228 1589 1300 1615 decet
1314 1597 1360 1615 nos
1372 1589 1480 1623 implere
1493 1597 1595 1616 omnem
1607 1589 1768 1623 justitiam‘.
1784 1589 1854 1616 Tum
1871 1599 1882 1616 .-

252 1636 376 1666 dixisscl,
391 1634 473 1668 idque
493 1632 631 1666 amigmati
652 1631 760 1659 cuidam
782 1631 870 1658 simile
891 1639 951 1665 esse
973 1639 1038 1658 sen-

251 1684 326 1713 tiret,
343 1680 485 1714 subjunxit
499 1687 506 1706 :
520 1677 555 1705 Ut
570 1679 608 1704 ita
630 1677 736 1712 loquar,
758 1678 800 1705 his
815 1677 905 1705 verbis
923 1677 1037 1710 scilicet,

249 1729 321 1764 quod
337 1727 433 1755 durius
449 1730 531 1761 atque
547 1725 680 1752 audacius
695 1725 797 1752 dictum
820 1725 903 1752 videri
921 1730 1037 1760 poterat,

250 1774 404 1802 emolliens.
430 1773 470 1800 Ac
497 1771 575 1804 mihi,
598 1778 702 1806 quaeso,
729 1771 930 1806 incomparatas
958 1772 1039 1799 hasce

250 1819 470 1855 comparationes
495 1818 625 1852 expende.
651 1816 771 1848 Primum
799 1817 933 1844 victimam
959 1817 1038 1851 Chri-

251 1872 323 1894 stum
337 1865 498 1896 nominavit,
511 1871 564 1891 non
579 1863 721 1898 majorem,
735 1870 782 1898 per
794 1862 1037 1898 comparationem,

251 1914 297 1940 sed
323 1919 449 1947 magnam
480 1909 651 1944 simpliciter,
678 1909 777 1936 deinde
804 1908 1037 1939 immactabilem,

254 1963 348 1993 postea
374 1956 458 1984 totius
477 1955 552 1982 orbis
576 1959 709 1981 terrarum
733 1954 926 1988 sempiternam
946 1954 1038 1988 expia-

252 2005 357 2034 triccm,
381 2009 436 2030 non
453 2006 542 2028 autern
560 2007 649 2035 parva:
672 1999 815 2034 cujusdam
840 1999 935 2033 partis,
952 2007 1040 2034 nequc

252 2050 284 2076 ad
307 2054 412 2075 certum
436 2055 467 2074 ac
488 2047 568 2073 breve
591 2045 701 2080 aliquod
726 2051 842 2080 tempus,
860 2045 1039 2079 quemadmo-

251 2096 315 2122 dum
334 2094 428 2128 legalia
452 2093 496 2119 illa
524 2092 669 2121 sacrificia,
695 2099 755 2125 qtun
779 2091 866 2118 solam
882 2090 1038 2118 Judzeorum

251 2140 402 2174 regionem,
428 2138 478 2163 hoc
503 2141 555 2168 est,
579 2137 754 2170 perexiguam
779 2136 854 2163 orbis
879 2137 1038 2170 particulam

252 2184 422 2215 lustrabant,
447 2188 528 2216 atque
551 2181 586 2207 ad
609 2181 691 2208 breve
713 2181 848 2215 quoddam
875 2186 991 2215 tempus,
1014 2186 1041 2208 et

253 2230 336 2257 certis
357 2229 465 2264 ﬂagitiis
486 2227 629 2262 expiandis
650 2227 775 2255 instituta
796 2232 885 2254 erant.
910 2227 1040 2262 Deinceps

250 2277 385 2304 enimaliis
392 2274 595 2310 aspersionibus
602 2279 682 2308 atque
689 2273 889 2308 cxpiationibus
895 2282 962 2309 opus
972 2279 1041 2301 erat.

287 2321 346 2349 Col.
359 2320 411 2348 659
429 2319 586 2347 C.Proinde
601 2327 683 2354 agnus
700 2319 814 2354 quidem,
834 2319 974 2354 accipitur,
990 2325 1043 2347 etc.

251 2367 381 2400 Proinde,
396 2366 423 2393 id
441 2370 493 2398 est,
519 2366 583 2400 quia
601 2365 734 2400 legalibus
763 2365 908 2392 sacriﬁciis
927 2364 1041 2398 Christi,

251 2414 340 2449 magni
365 2412 504 2445 sacrilicii,
523 2411 615 2446 ﬁgura:
632 2412 761 2446 inspersa:
785 2415 873 2438 erant.
903 2410 1041 2445 Scriptum

250 2463 290 2487 cst
301 2461 373 2487 enim
388 2461 414 2486 iu
431 2458 543 2486 Exodo:
556 2457 676 2491 Accipiat
686 2457 860 2492 unusquisque
872 2464 967 2491 agnum
980 2465 1040 2491 per-

250 2506 360 2540 fectum,
372 2504 531 2536 masculum,
546 2503 742 2530 anniculam".
754 2502 829 2535 Quod
836 2507 926 2529 autem
940 2503 977 2528 ait
987 2503 1037 2529 im-

251 2553 427 2582 maculatum,
441 2550 466 2577 in
482 2549 573 2577 Exodo
588 2557 641 2576 non
653 2549 779 2579 habetur,
795 2547 842 2576 sed
869 2556 901 2574 ex
918 2548 1038 2575 chitico

250 2602 388 2632 surruptum
398 2601 448 2624 est.
461 2596 512 2624 Ubi
524 2596 665 2630 permulta:
679 2595 712 2622 de
721 2594 920 2621 sacriﬁciorum
934 2594 1038 2621 ratione

249 2645 324 2679 leges
349 2647 467 2670 citatam.
501 2642 587 2676 igitur
614 2642 650 2672 ad
679 2640 782 2667 Christi
812 2640 925 2674 ﬁguram
953 2647 1040 2674 agnus

251 2691 395 2725 accipitur,
425 2693 538 2723 propter
561 2687 760 2722 simplicitatem
789 2691 816 2713 et
842 2686 1038 2714 innocentiam.

253 2737 343 2771 Neque
359 2735 442 2766 enim,
463 2735 544 2761 etiam
559 2740 622 2760 eum
639 2733 672 2759 ad
690 2740 782 2760 necem
798 2733 924 2763 trahitur,
938 2732 1039 2758 vocife-

252 2786 339 2813 ratur,
360 2787 496 2812 nec,cum
526 2779 664 2811 tondetur,
693 2778 802 2804 clamat.
829 2777 930 2804 Eodem
957 2779 1037 2803 modo

252 2826 387 2859 Christus,
405 2831 433 2853 ut
446 2831 488 2853 est
508 2825 577 2859 apud
589 2823 697 2855 Isaiam,
712 2828 836 2857 umquam
854 2823 908 2849 ovis
921 2823 954 2848 ad
968 2824 1038 2849 occi-

287 2907 309 2920 “
329 2905 404 2930 lium.
422 2913 460 2936 at,
479 2905 524 2932 35.
542 2906 562 2920 "7
578 2904 677 2938 Ephcs.
695 2912 735 2935 in,
754 2904 778 2936 ὅ,
794 2904 819 2930 9.

859 2904 880 2919 Μ
901 2903 983 2930 Ειιυιί.
1007 2911 1054 2934 .vn,
1085 2903 1138 2934 4,5.

1090 1634 1142 1667 Sit,
1155 1635 1391 1670 inquit,matculus
1403 1643 1486 1668 agnus
1499 1643 1509 1667 ,'
1521 1643 1579 1663 mas
1590 1636 1689 1662 etenim
1707 1635 1807 1663 femina
1819 1643 1882 1669 per-

1090 1681 1196 1712 fectior,
1212 1685 1239 1708 et
1251 1680 1404 1716 principatu
1418 1681 1535 1715 dignior.
1552 1681 1598 1708 Sie
1610 1681 1739 1708 nimirum
1752 1680 1884 1708 Chrisrus

1089 1734 1198 1762 quoque
1214 1731 1319 1754 natura:
1337 1734 1382 1753 rex
1396 1732 1448 1759 est,
1466 1732 1497 1754 ut
1512 1734 1570 1754 mas
1586 1727 1703 1758 fumium,
1722 1734 1753 1753 ac
1764 1727 1883 1760 proinde

1091 1773 1178 1800 totius
1209 1772 1337 1799 humanm
1360 1777 1475 1805 naturae,
1508 1773 1585 1807 quasi
1612 1772 1712 1800 nubilis
1737 1772 1880 1806 cujusdam

1086 1817 1186 1852 puellae
1200 1817 1276 1845 solus
1294 1825 1412 1851 sponsus
1427 1822 1480 1849 cst,
1496 1818 1541 1852 qui
1557 1818 1655 1845 animis
1667 1818 1768 1845 nostris
1782 1818 1881 1853 cogni-

1091 1862 1172 1889 tionis
1181 1861 1278 1889 dirinaz
1292 1862 1397 1889 semina
1409 1862 1620 1889 insevitJ’raeter
1629 1863 1677 1889 has
1688 1863 1770 1889 etiam
1782 1869 1884 1890 causas

1091 1909 1160 1936 hanc
1172 1915 1280 1942 quoque
1297 1907 1409 1934 adducit
1427 1907 1586 1943 Gregorius,
1596 1899 1778 1936 curChristus
1793 1917 1884 1943 agnus

1091 1954 1230 1981 masculus
1244 1954 1289 1984 sit.
1304 1954 1434 1980 nimirum
1450 1954 1514 1988 quia
1530 1962 1578 1989 pro
1588 1954 1693 1981 Atlante
1707 1955 1881 1988 potissimum

1090 1999 1199 2026 oblatus
1210 2003 1261 2026 est.
1278 1998 1346 2024 lllud
1361 2003 1451 2025 autem
1471 1999 1643 2033 potissimum
1676 2000 1798 2026 ostendit
1817 2006 1882 2026 eum

1091 2045 1214 2073 mulieris
1231 2053 1340 2081 quoque
1359 2053 1441 2072 causa
1455 2046 1578 2072 oblatum
1596 2045 1691 2078 fuisse,
1708 2046 1758 2072 etsi
1789 2045 1883 2080 potius

1091 2098 1140 2125 pro
1158 2091 1226 2122 viro,
1241 2092 1369 2126 quoniam
1385 2091 1441 2126 ipse
1457 2098 1567 2125 quoque
1584 2091 1693 2125 gravius
1709 2096 1882 2125 peccaverat,

1092 2140 1120 2162 ut
1134 2137 1180 2170 qui
1190 2141 1216 2164 et
1226 2137 1337 2164 iirmiori
1348 2137 1439 2164 animo
1448 2137 1576 2171 pra-ditus
1588 2141 1670 2168 esset,
1685 2142 1712 2163 et
1722 2137 1881 2165 inaudatum

1091 2181 1250 2216 accepisset.
1264 2181 1380 2208 Firmior
1397 2182 1487 2215 itaque
1497 2181 1610 2208 muliere
1623 2181 1761 2208 Adamus:
1776 2181 1882 2207 ﬁrmior

1095 2230 1184 2252 autem
1215 2234 1246 2254 ac
1276 2227 1413 2253 robustior
1429 2228 1532 2253 Adamo
1554 2227 1690 2254 Christus.
1708 2225 1755 2253 llle
1770 2227 1843 2253 enim
1864 2234 1879 2251 a

1095 2275 1207 2305 peccato
1230 2277 1375 2306 superatus
1394 2276 1435 2299 est
1455 2281 1461 2299 :
1480 2271 1606 2299 Christus
1622 2277 1712 2299 autem
1738 2276 1883 2306 peccatum

1091 2318 1182 2353 fregit,
1197 2323 1224 2345 et
1241 2318 1402 2352 profligavit.
1419 2319 1509 2350 Quare
1529 2326 1581 2345 non
1599 2319 1648 2345 abs
1663 2327 1692 2346 re
1702 2326 1751 2353 pro
1768 2319 1884 2345 robu>to

1092 2364 1230 2390 robustior
1250 2369 1385 2391 mactatus
1400 2369 1450 2392 est.
1462 2364 1529 2398 Quid
1544 2365 1581 2391 ita
1599 2364 1610 2391 ?
1623 2365 1764 2399 quoniam,
1780 2364 1880 2399 inquit,

1091 2410 1211 2437 Adamus
1226 2410 1372 2444 primus’in
1390 2415 1530 2445 peccatum
1548 2410 1655 2437 incidit.
1674 2410 1757 2444 Atqui
1782 2410 1882 2437 mulier

1092 2455 1167 2489 prior
1181 2456 1302 2490 peccavit
1315 2455 1326 2482 ?
1340 2455 1386 2482 Est
1399 2456 1507 2490 quidem
1526 2458 1572 2483 ita.
1587 2455 1685 2483 Verum
1697 2456 1760 2490 quia
1776 2461 1882 2482 natura:

1093 2501 1265 2528 itubecillitas
1283 2506 1422 2535 peccatum
1437 2501 1523 2536 ipsius
1541 2501 1628 2528 levius
1640 2501 1779 2534 reddebat,
1792 2506 1883 2527 totum

1092 2548 1195 2574 crimen
1210 2547 1315 2574 Adamo
1336 2547 1504 2582 assignatum
1529 2551 1581 2574 est.
1599 2547 1689 2581 Atque
1719 2547 1777 2574 haec
1790 2547 1882 2580 prima

1091 2599 1134 2621 cst
1149 2594 1227 2626 ratio,
1239 2601 1289 2621 cur
1297 2593 1423 2621 Christus
1438 2594 1577 2621 masculus
1592 2594 1708 2621 dicatur.
1720 2594 1812 2620 Altera
1827 2599 1881 2625 est,

1091 2640 1154 2674 quia
1167 2639 1293 2667 Christus
1313 2639 1381 2666 nihil
1397 2640 1424 2666 in
1440 2647 1470 2667 se
1486 2640 1634 2667 femineum
1653 2639 1745 2671 habet,
1759 2640 1812 2666 hoc
1825 2645 1881 2666 est.

1091 2686 1173 2713 molle
1193 2691 1220 2713 et
1236 2685 1354 2713 solutum
1370 2684 1403 2712 ad
1423 2685 1600 2720 voluptatem,
1626 2693 1659 2712 ac
1681 2692 1715 2712 ne
1741 2686 1882 2712 tantillum

1092 2731 1200 2765 quidem
1218 2732 1250 2758 ad
1273 2731 1398 2758 vitiosutn
1416 2731 1500 2758 ullum
1513 2730 1645 2758 allectum
1662 2731 1793 2765 elanguit.
1812 2731 1882 2757 Ter-

1090 2785 1138 2810 tia,
1151 2778 1214 2812 quia
1241 2776 1354 2811 insignis
1375 2783 1415 2804 est
1432 2777 1533 2804 Christi
1555 2778 1693 2812 potentia:
1713 2777 1783 2803 hanc
1806 2778 1880 2803 enim

1091 2824 1247 2850 violentiam
1263 2829 1351 2856 vocat,
1364 2831 1416 2858 qua
1433 2824 1550 2850 adhibita
1568 2829 1664 2857 praeter
1677 2827 1781 2849 natura:
1807 2823 1857 2857 legr
1869 2830 1885 2850 s

1179 2903 1200 2918 "
1219 2903 1268 2930 lsa.
1287 2911 1345 2935 un,
1365 2903 1389 2930 7.
1430 2903 1437 2918 ¹
1460 2901 1558 2930 Matth.
1577 2910 1616 2935 tu,
1633 2901 1676 2930 i5.
