2058 3159
191 217 258 250 135Ἶ

671 214 831 245 NICETAS
853 213 893 244 ΙΝ
914 213 1027 243 ΟΙΙΑΤ.
1049 214 1131 243 XLII
1154 215 1183 244 S.
1206 214 1320 245 GREG.

1750 217 1816 248 i358

190 273 354 310 virginitatis
368 273 486 299 claustra
497 271 613 307 aperuit,
627 270 698 298 virili
710 278 858 306 Congressu
873 272 1015 313 nequa-ili
1030 271 1062 297 Et
1074 270 1304 306 quemadmodum
1322 271 1362 298 sol
1375 276 1507 306 quantum
1538 272 1647 306 quidem
1667 271 1698 298 ad
1727 272 1816 300 lumen

189 327 270 356 quant
293 323 422 346 reserata.
445 317 571 353 Virginea
596 321 686 343 autent
704 321 730 343 et
760 321 881 343 materna
911 323 975 342 con-

186 366 277 400 junxit
303 369 414 399 propter
441 363 478 390 rei
512 363 684 389 miraculum.
715 362 778 389 Haec
809 362 881 388 enim
910 362 974 394 duo,

189 419 285 446 nempe
300 410 439 446 virginitas
453 415 476 436 ct
495 413 600 444 partus,
623 409 667 435 ltic
681 414 892 436 concurrerunt.
916 408 974 436 Jam

188 457 329 485 Christum
346 464 454 491 quoque
477 455 626 483 masculum
647 455 729 482 Isaias
755 456 889 488 nominat,
913 463 975 483 cum

188 503 225 530 ait
239 511 246 532 :
271 502 303 529 Et
325 502 423 530 accessi
436 502 470 528 ad
484 501 688 537 prophetissam,
705 506 729 528 et
742 501 868 536 concepit,
883 506 907 528 et
933 509 977 535 pe—

187 550 254 582 perit
270 549 368 584 filium,
380 557 410 575 ac
421 549 576 583 priusquam
591 552 684 582 partus
695 546 771 574 dolor
787 547 896 574 uenisset
910 547 977 581 effu-

187 597 236 631 git,
252 602 275 623 et
298 595 444 622 masculum
463 594 594 628 peperit‘.
614 592 790 628 Propbetissa
818 593 900 625 enim,
918 597 977 619 erat

188 642 314 677 Deipara,
329 646 421 676 utpote
435 641 468 668 de
480 649 510 668 se
522 640 665 668 vaticinata
681 648 687 669 ί
703 638 770 666 Ecce
783 640 862 672 enim,
878 640 975 675 inquit,

187 689 291 716 beatam
309 696 348 714 me
361 688 445 714 dicent
463 694 550 714 omnes
579 686 757 722 generationes
769 686 789 712 ³,
801 685 888 720 Atque
915 686 976 718 erit,

188 734 289 770 inquit,
304 733 451 761 anniculus
467 733 509 760 vel
527 736 658 767 quantutn
683 733 716 759 ad
738 738 857 766 tempus,
886 740 919 758 tte
949 737 977 758 ut

188 781 366 816 imperfectus
385 779 532 814 rejiciatur,
547 779 569 807 si
582 778 705 805 nondum
723 786 825 805 annum
840 778 977 804 vitantem-

189 835 241 860 pus
266 827 438 861 expleverit:
460 825 499 852 vel
524 825 587 860 quia
620 825 837 852 anniversarium
865 823 977 851 Pascha:

189 873 288 900 festum
317 872 480 899 celebraturi
508 876 596 903 erant,
625 871 651 898 id
677 876 717 898 est
732 869 847 904 singulis
876 869 975 900 annis.

189 923 283 953 utpote
295 918 364 945 bona
376 917 455 944 nobis
467 924 514 952 per
541 916 696 951 passionem
713 921 871 951 comparata
894 916 978 943 lucri-

190 965 330 992 faeientcs.
347 963 499 990 Anniculus
516 963 597 990 etiam
613 970 699 998 agnus
723 962 758 989 ob
787 970 846 989 eant
866 969 978 990 causam

189 1011 350 1041 assumitur,
365 1008 428 1044 quia
458 1015 545 1035 navus
560 1008 586 1034 in
605 1015 675 1034 terra
693 1013 734 1034 est
762 1006 904 1040 Dominus,
931 1015 979 1035 nec

190 1056 334 1083 vetustatis
350 1056 474 1082 humana:
489 1055 636 1089 quidquam
658 1055 771 1081 habens.
796 1054 979 1086 Quamobrem

191 1102 213 1130 si
232 1102 293 1136 quis
310 1101 479 1128 divinitatem
499 1100 630 1127 beneficio
652 1104 679 1127 et
708 1099 793 1135 gratia
819 1107 979 1127 concessam

192 1148 308 1176 Domino
334 1148 398 1176 Jesu
423 1147 520 1179 fuisse,
542 1155 574 1175 ac
597 1154 651 1174 non
672 1154 763 1173 veram
778 1153 839 1174 esse
871 1147 979 1178 asserit,

190 1195 235 1222 ille
250 1195 399 1222 masculum
414 1201 512 1229 agnum
532 1201 588 1228 pro
604 1200 633 1220 se
644 1197 788 1220 mactatum
804 1199 859 1219 non
890 1192 980 1219 habet.

191 1241 332 1268 Consintili
355 1240 436 1267 modo
447 1241 468 1266 si
487 1240 549 1275 quis
564 1239 632 1267 senii
649 1247 680 1266 ac
698 1239 840 1266 vetustatis
857 1239 980 1266 ltatnana:

190 1287 339 1322 quidquam
356 1286 388 1313 ad
409 1286 548 1314 Christum
570 1284 662 1317 refert,
680 1285 724 1312 hic
740 1284 895 1312 anniculam
927 1292 980 1311 tton

192 1333 284 1360 habet.
300 1332 370 1364 Quin
390 1331 472 1359 etiam
485 1331 633 1358 anniculus
647 1330 773 1358 (Zhristus
783 1330 913 1357 dicendus
928 1334 979 1360 est,

191 1382 221 1405 ut
236 1378 276 1405 sol
289 1378 410 1413 justitiat,
430 1378 507 1412 juxta
527 1377 591 1403 illud
612 1376 748 1403 Malacltize
763 1385 769 1402 :
789 1375 896 1404 Orietur
909 1376 979 1403 vobis

192 1423 343 1450 timentibus
360 1431 454 1449 nomen
486 1431 570 1449 meum
582 1422 749 1457 Soljustitia:
758 1422 778 1450 ⁸.
797 1422 856 1455 Quo
870 1422 930 1449 loco
941 1422 980 1450 sol

191 1468 318 1496 Christus
331 1468 441 1501 dicitur,
471 1468 587 1502 primum
613 1468 675 1502 quia
689 1467 844 1502 spirituales
872 1471 981 1494 nostros

191 1513 495 1548 sensus,mundumquc
504 1521 611 1540 omnem
622 1513 803 1540 intellectileat
817 1513 959 1540 collustrat
975 1521 981 1543 ;

193 1559 292 1586 deinde
314 1559 378 1594 quia
394 1566 477 1586 causa
494 1562 543 1590 est,
562 1566 608 1585 cur
625 1558 716 1584 omnia
732 1559 796 1590 sint,
818 1563 844 1585 et
859 1558 980 1593 gignant,

193 1611 220 1632 et
233 1609 367 1636 crescant,
398 1611 429 1631 ac
453 1603 572 1631 fructum
600 1603 749 1638 proferant.
779 1603 849 1630 'l‘um
873 1603 936 1638 quia
954 1607 981 1631 et

194 1652 339 1686 prccsentia
352 1658 402 1678 sua
425 1651 526 1682 lucem,
553 1655 578 1677 et
600 1650 724 1677 absentia
752 1650 878 1677 tenebras
892 1650 978 1677 affert.

193 1698 292 1724 Adhatc
306 1697 367 1732 quia
379 1701 501 1731 tempora
509 1695 603 1728 efﬁcit,
618 1695 668 1722 hoc
681 1700 733 1727 est,
748 1696 844 1721 anima:
856 1695 980 1722 virtutes.

195 1742 263 1769 Tum
277 1742 342 1777 quia
358 1741 392 1768 ad
409 1741 552 1768 utilitatem
572 1740 664 1767 omnia
687 1740 835 1774 dispensat,
854 1746 908 1766 tton
937 1747 981 1766 se-

196 1787 284 1815 cunda
299 1791 403 1813 tantum
416 1791 441 1813 et
451 1793 592 1821 prospera,
607 1793 700 1813 verum
715 1785 794 1812 etiam
809 1793 870 1820 quae
883 1786 981 1812 acerba

196 1833 330 1864 videntur,
347 1841 400 1859 non
416 1839 496 1860 secus
510 1839 540 1859 ac
557 1831 598 1859 sol
622 1831 666 1859 hic
693 1836 804 1866 aspectu
832 1831 980 1864 sensEbilis,

195 1887 250 1906 nott
260 1878 332 1906 veris
346 1879 476 1906 duntaxat
488 1882 514 1905 et
524 1878 626 1905 aestatis
643 1885 725 1904 causa
737 1881 788 1909 est,
799 1877 845 1904 sed
856 1877 981 1903 autumni

198 1929 224 1952 et
241 1924 350 1952 hiantis.
362 1923 393 1950 Et
407 1923 636 1959 quemadmodum
649 1923 723 1957 prius
736 1922 826 1949 lumen
842 1922 980 1948 conditum

195 1975 247 2002 est,
262 1969 360 1996 deinde
370 1969 415 1995 illa
427 1968 539 1995 luminis
552 1967 661 1998 domus,
673 1967 723 1992 hoc
739 1965 855 1993 cstsolis
865 1973 981 1999 corpus:

195 2022 234 2041 src
251 2015 375 2042 Christus
393 2013 437 2040 lux
453 2013 498 2039 illa
516 2019 590 2044 vera,
603 2011 751 2039 secundum
771 2011 889 2038 divinam
904 2018 980 2038 suam

197 2065 320 2090 naturam
334 2059 409 2094 prius
421 2063 489 2092 erat,
507 2057 658 2086 secundum
685 2057 865 2092 posteriorem
890 2062 980 2084 autem

196 2105 374 2133 bunanitatis
397 2109 424 2132 et
445 2104 535 2132 carnis
551 2103 767 2138 assutnptionent
779 2103 846 2130 solis
873 2104 980 2137 corpori

195 2151 348 2188 comparari
364 2155 461 2186 potest.
478 2151 567 2185 Atque
582 2149 617 2177 ob
635 2157 681 2176 eas
694 2156 790 2176 causas
802 2149 843 2176 sol
854 2149 980 2176 Christus

196 2198 353 2226 nominatur
371 2206 377 2224 :
392 2197 507 2231 justitia:
523 2201 624 2228 autem,
656 2201 684 2222 ut
704 2203 812 2222 omncnt
840 2195 866 2221 in
890 2195 980 2229 seipso

195 2250 250 2272 tam
269 2244 389 2272 divinam
414 2251 496 2279 quant
511 2243 656 2270 humanam
674 2242 798 2269 virtutem
811 2242 980 2277 complexus.

1031 317 1136 348 attinet,
1151 317 1339 345 circumscribi
1357 325 1408 344 non
1426 321 1525 352 potest,
1539 324 1670 353 quantum
1684 323 1773 345 autem
1785 321 1817 346 ad

1031 363 1124 390 orbem
1164 372 1256 396 suunt,
1275 364 1498 398 circumreriptus
1525 369 1565 392 est
1585 373 1591 391 :
1618 365 1657 391 sic
1681 365 1818 397 Christus,

1031 415 1162 444 quantum
1191 410 1224 437 ad
1241 410 1411 438 divinitatem
1429 411 1504 437 nullo
1533 411 1612 438 modo
1631 410 1818 438 circumscribi

1031 462 1133 492 potest,
1165 463 1295 493 quantum
1320 459 1353 485 ad
1374 463 1475 493 partcut
1508 459 1654 492 visibilem,
1675 459 1701 486 id
1719 464 1769 491 est,
1785 460 1818 486 ad

1031 510 1154 535 carnem,
1170 504 1397 539 circumscriptus
1408 510 1457 531 est.
1483 506 1569 539 Atque
1585 505 1665 531 etiam
1694 504 1820 532 Christus

1032 547 1171 576 benedicta
1186 557 1285 576 corona
1301 550 1477 585 benignitatis
1498 555 1551 582 est,
1564 551 1641 586 juxta
1662 551 1725 578 illud
1740 550 1820 578 Davi-

1031 594 1140 621 dicunt:
1156 595 1297 622 Bonea’ices
1310 605 1414 624 corona:
1430 597 1494 623 anni
1511 597 1677 632 benignitatis
1695 601 1747 623 tua:
1761 597 1781 623 '.
1799 598 1819 622 Λ

1032 640 1089 667 sole
1108 640 1216 674 quidem
1228 649 1326 671 attuus.
1342 642 1376 669 ab
1394 649 1466 669 anno
1495 646 1584 669 autem
1602 650 1700 669 corona
1731 647 1820 669 trans~

1032 691 1140 721 sumpta
1152 691 1192 714 est
1205 687 1423 722 (quadripartitis
1436 688 1507 714 enint
1523 688 1692 722 temporibus
1702 688 1820 714 circulus

1032 732 1096 759 anni
1108 733 1215 759 cinctus
1231 732 1283 767 est)
1295 741 1309 759 a
1323 741 1423 760 corona
1440 741 1535 760 rursus
1543 734 1683 768 :equalitas
1698 744 1704 760 :
1718 741 1820 761 corona

1033 779 1104 805 enim
1124 783 1234 814 prOpter
1251 779 1381 806 circulum
1405 779 1517 814 mqualis
1532 785 1582 806 est.
1594 779 1700 807 Corona
1731 781 1821 816 itaque

1033 824 1159 852 Christus
1174 829 1226 857 est,
1252 829 1346 860 utpote
1369 826 1537 853 credentium
1562 826 1669 854 anintos
1685 834 1822 854 exornans

1033 875 1112 906 atque
1121 870 1319 898 condecorans.
1351 871 1446 898 Annus
1456 877 1545 898 autent
1558 872 1743 907 benignitatis,
1755 877 1824 900 ten:-

1034 925 1084 951 pus
1101 916 1165 943 illud
1182 921 1250 949 erat,
1267 924 1322 951 quo
1334 917 1460 945 Christus
1480 917 1600 945 bonitate
1618 922 1718 950 motus,
1733 919 1821 946 Evan-

1033 963 1132 998 gelium
1145 963 1347 998 promulgabat,
1370 965 1601 998 quemadmodum
1629 965 1663 992 de
1676 973 1708 992 eo
1736 965 1821 992 isaias

1034 1009 1146 1044 inquit:
1176 1008 1367 1045 Euangelizare
1393 1011 1551 1045 pauperibus
1571 1011 1641 1038 misit
1666 1020 1715 1045 tne,
1730 1020 1823 1039 vocare

1032 1063 1131 1082 annum
1145 1055 1253 1082 Domini
1263 1056 1448 1089 acceptabilem
1459 1056 1480 1082 ⁸.
1497 1056 1566 1091 Ergo
1580 1065 1680 1084 corona
1693 1057 1768 1085 omni
1789 1065 1822 1085 ex

1031 1106 1109 1134 parte
1119 1100 1169 1128 sibi
1181 1101 1293 1136 atqualis
1309 1106 1359 1128 est.
1371 1102 1475 1128 Etenim
1484 1102 1506 1129 si
1517 1103 1576 1137 quis
1589 1103 1686 1130 lineam
1696 1111 1711 1130 a
1724 1111 1821 1139 super-

1033 1154 1068 1173 na
1090 1146 1311 1174 circumferentia
1327 1147 1361 1174 ad
1373 1147 1529 1175 inferiorem
1547 1149 1668 1182 duxerit,
1681 1158 1712 1178 ac
1723 1158 1819 1178 ruzsus

1034 1192 1287 1219 transversintidem
1300 1193 1404 1226 fecerit,
1415 1194 1527 1228 mqualia
1539 1194 1680 1222 intervalla
1695 1196 1820 1229 reperiet.

1035 1238 1137 1266 Similis
1153 1240 1215 1267 item
1242 1239 1292 1267 sibi
1318 1247 1419 1267 corona
1436 1245 1489 1274 est,
1508 1242 1570 1275 quia
1592 1243 1666 1269 omni
1685 1250 1716 1269 ex
1748 1248 1823 1277 parte

1037 1284 1133 1312 similis
1159 1285 1244 1320 ipsius
1263 1285 1346 1319 ﬁgura
1379 1287 1522 1314 cernitur:
1554 1287 1731 1322 nmbquaque
1748 1289 1820 1314 enim

1034 1331 1151 1358 rotunda
1167 1331 1418 1359 cernitur.Proinde
1433 1338 1460 1359 et
1485 1332 1623 1365 Christus,
1640 1338 1773 1368 quantum
1788 1335 1821 1360 :ul

1037 1376 1246 1408 humanitatem,
1275 1378 1451 1412 benignitatis
1478 1386 1577 1406 corona
1604 1379 1714 1410 dicitur,
1734 1386 1762 1406 ut
1788 1387 1821 1407 cx

1035 1422 1161 1449 omnibus
1178 1422 1326 1450 virtutibus
1342 1423 1488 1456 conflatus,
1514 1432 1562 1450 ttcc
1579 1424 1662 1450 ullum
1692 1425 1822 1452 bonitatis

1032 1468 1198 1503 justitiatque
1215 1469 1294 1495 tinent
1315 1469 1426 1502 habens,
1440 1469 1520 1504 cujus
1530 1469 1643 1504 iustitia:
1660 1471 1767 1506 propria
1781 1475 1823 1498 est

1035 1514 1185 1548 aequalitas,
1204 1514 1230 1541 id
1246 1520 1298 1546 est,
1315 1520 1343 1542 ut
1357 1523 1404 1542 nec
1421 1516 1543 1548 excedat,
1558 1523 1607 1542 nec
1620 1516 1740 1544 deficiat.
1753 1516 1820 1543 Nam

1035 1566 1165 1587 excessus
1179 1566 1206 1587 et
1230 1560 1360 1593 defectus,
1375 1569 1427 1588 non
1449 1569 1463 1588 a
1483 1563 1581 1589 virtute
1598 1571 1648 1589 nec
1675 1570 1689 1589 a
1715 1562 1821 1597 justitia

1035 1604 1171 1636 oriuntur,
1187 1606 1233 1632 sed
1244 1614 1256 1632 a
1274 1607 1338 1633 vitio
1353 1612 1379 1633 et
1391 1607 1535 1641 iniustitia.
1552 1607 1584 1634 Et
1595 1608 1822 1642 quemadmodum

1034 1652 1074 1679 sol
1096 1653 1252 1686 quantitate
1277 1653 1389 1687 {equalis
1401 1659 1452 1684 est,
1474 1658 1502 1680 ut
1537 1661 1585 1680 nec
1606 1662 1756 1688 augescens
1772 1663 1822 1682 nee

1033 1697 1206 1730 decrescens,
1217 1697 1346 1732 qualitate
1355 1698 1436 1724 etiam
1451 1697 1559 1731 similis,
1572 1699 1656 1733 utan
1673 1707 1722 1726 nec
1732 1699 1823 1734 scipso

1033 1742 1218 1774 calidior,nec
1236 1743 1358 1778 frigidior
1376 1745 1422 1770 tiat
1440 1752 1446 1770 :
1466 1745 1506 1771 sic
1519 1744 1609 1771 divina
1629 1745 1672 1771 illa
1687 1750 1712 1772 ct
1724 1745 1823 1771 intutu-

1033 1788 1123 1814 tabilis
1139 1793 1234 1814 natura
1249 1796 1335 1822 neque
1347 1790 1499 1816 Secundum
1519 1791 1710 1823 quantitatem,
1734 1798 1822 1824 neque

1034 1833 1183 1859 secundum
1195 1833 1366 1867 qualitatem,
1378 1841 1463 1867 neqtte
1477 1834 1625 1860 secundum
1641 1835 1722 1860 ullam
1739 1835 1819 1862 aliam

1034 1882 1125 1905 tnotus
1142 1878 1260 1911 speciem
1291 1882 1427 1904 movetur.
1450 1877 1567 1904 Proinde
1587 1883 1613 1905 tl
1644 1879 1756 1913 {aqualis
1781 1885 1823 1907 cst

1034 1923 1172 1954 Christus,
1193 1927 1222 1949 ut
1255 1930 1305 1949 nec
1325 1922 1357 1949 ad
1378 1930 1520 1949 excessum
1552 1922 1701 1954 declinans,
1722 1931 1771 1950 nec
1788 1925 1822 1951 ad

1034 1968 1181 1999 defectum,
1197 1968 1242 1994 sed
1260 1975 1367 1994 ontnent
1383 1967 1491 1994 virtutis
1506 1968 1689 2002 tequalitatem
1704 1969 1821 1997 habens:

1034 2018 1060 2041 et
1076 2014 1139 2040 itent
1163 2014 1288 2048 aequatis,
1322 2017 1351 2040 ut
1375 2014 1440 2040 nihil
1468 2014 1638 2041 contrarium
1673 2015 1700 2041 in
1729 2015 1819 2049 seipso

1033 2058 1191 2093 ostendens,
1209 2059 1324 2086 autaliis
1337 2067 1495 2094 suggerens,
1513 2067 1606 2086 verum
1621 2059 1720 2087 similia
1731 2061 1821 2087 omnia

1034 2110 1090 2132 tum
1106 2104 1218 2138 faciens,
1242 2110 1298 2132 tum
1323 2105 1436 2132 docens.
1455 2105 1510 2132 Nec
1529 2113 1593 2132 vero
1606 2106 1641 2133 ob
1658 2106 1707 2134 bas
1723 2106 1823 2134 dunta-

1033 2155 1079 2178 xat
1095 2158 1193 2178 causas
1212 2150 1253 2178 sol
1267 2150 1395 2178 Christus
1408 2150 1519 2183 dicitur,
1538 2151 1584 2178 sed
1604 2151 1686 2178 etiam
1709 2157 1738 2178 ut
1766 2153 1823 2179 vir-

1034 2201 1121 2224 tutunt
1136 2197 1269 2223 circulum
1284 2197 1457 2231 progignens.
1475 2195 1610 2223 Virtutunt
1629 2197 1700 2224 enim
1716 2198 1822 2225 s-:mina

1035 2244 1138 2270 nostris
1165 2243 1264 2270 animis
1292 2243 1373 2271 insita
1389 2243 1471 2275 fovet,
1489 2248 1570 2278 atque
1591 2243 1624 2270 ad
1656 2243 1821 2271 fertilitatem

197 2290 242 2318 Vel
253 2290 315 2325 quia
326 2290 441 2326 iustitia:
455 2289 544 2317 ontttis
560 2288 723 2316 mortalibus
736 2292 777 2315 est
792 2291 897 2319 auctor,
911 2296 981 2322 quo~
999 2300 1020 2326 ι)
1034 2293 1133 2318 movet,
1151 2297 1204 2315 non
1222 2296 1301 2316 secus
1318 2293 1399 2322 atque
1413 2289 1454 2315 sol
1469 2289 1609 2316 sensibilis
1625 2295 1743 2323 quatuor
1756 2291 1820 2316 anni

195 2337 266 2364 niam
279 2337 312 2364 ad
325 2344 386 2364 eum
401 2335 572 2363 referendum
584 2339 625 2361 est
639 2334 769 2368 quidquid
779 2333 813 2360 ab
824 2334 980 2361 boutinibus

195 2388 267 2410 tecto
282 2390 314 2409 ac
327 2390 390 2409 cum
406 2382 485 2409 laude
500 2381 612 2417 geritur.
639 2379 687 2408 Est
703 2385 729 2408 et
746 2380 797 2406 alia
812 2387 906 2410 causa,
932 2387 981 2405 cur

195 2428 320 2456 Christus
331 2429 372 2455 sol
383 2428 542 2463 appelletur,
555 2427 684 2454 nimirum
700 2431 728 2453 ut
743 2431 894 2459 temporum
903 2432 980 2452 crea-

197 2479 250 2506 tor,
268 2474 497 2508 quemadmodum
521 2473 566 2501 ltic
598 2481 705 2508 quoque
728 2472 768 2499 sol
796 2476 890 2498 noster
917 2470 980 2497 anni

195 2521 305 2548 υίῑυειυι·
322 2526 376 2548 esL
399 2521 489 2554 Atque
504 2525 534 2547 ut
551 2521 595 2547 hic
618 2528 689 2547 anno
716 2524 849 2550 vertente,
862 2518 893 2545 ad
910 2518 978 2544 idem

196 2571 337 2602 punctum,
350 2574 365 2592 a
396 2573 450 2600 quo
469 2573 579 2592 cursum
589 2566 745 2599 auspicatus
755 2563 852 2594 fuerat,
866 2563 980 2590 revolvi-

198 2612 368 2640 tur-:eodcm
391 2611 471 2638 tttodo
494 2610 620 2637 Christus
645 2618 659 2637 a
683 2611 775 2638 divina
805 2609 889 2644 gloria
912 2612 979 2636 citra

196 2659 379 2694 egressionem
408 2665 545 2692 egressus,
573 2657 787 2691 dispensationis
813 2663 870 2683 suae
896 2663 979 2682 cursu

197 2709 317 2740 peracto,
328 2712 424 2731 rursus
437 2703 469 2730 ad
483 2703 602 2736 seipsum
617 2710 742 2729 reversus
758 2706 810 2734 est,
828 2703 879 2728 ltoc
889 2707 930 2727 est
947 2701 980 2727 ad

198 2751 339 2785 pristinam
353 2751 465 2784 gloriam
479 2753 504 2776 et
514 2749 672 2783 potentiam.
686 2747 844 2782 lliucigitur
856 2747 981 2774 Christus

200 2796 339 2831 proiectus
360 2801 411 2828 est,
423 2801 504 2829 atque
519 2795 571 2821 huc
588 2794 672 2825 venit,
689 2794 741 2821 hoc
753 2798 794 2820 est
808 2801 840 2820 ex
862 2793 942 2819 Patre
957 2797 984 2819 et

202 2843 281 2876 aeto,
294 2850 349 2878 quo
358 2842 482 2871 coniecto
490 2841 586 2870 salutis
596 2846 696 2868 nostr-.e
711 2841 828 2874 negotio,
840 2847 868 2867 se
878 2840 982 2872 recipit.

235 2924 244 2938 '
262 2925 315 2950 tsa.
331 2930 394 2957 vui,
407 2922 433 2950 5.
472 2921 482 2937 ³
500 2920 567 2950 Luc.
595 2929 614 2955 t,
628 2920 674 2948 7.3.
711 2919 848 2947 “hlalaclt.
864 2927 901 2951 tv,
914 2920 940 2946 Ξ.

997 2918 1097 2946 ’l‘sal.
1127 2927 1200 2952 Ltiv,
1230 2919 1270 2945 12.

1034 2333 1201 2367 tcntporibus
1217 2333 1289 2360 vires
1303 2333 1435 2368 quasdam
1452 2333 1558 2366 inserit,
1578 2341 1626 2367 pcr
1640 2341 1707 2368 quas
1717 2334 1823 2361 fructus

1035 2385 1113 2405 terrm
1142 2382 1340 2410 maturescunt,
1369 2385 1401 2404 ac
1422 2379 1611 2412 perficiuntur.
1640 2379 1708 2407 Illud
1730 2386 1821 2408 autem

1036 2423 1195 2454 notandum,
1214 2423 1285 2456 quod
1300 2421 1448 2457 Gregorius
1462 2429 1515 2449 non
1533 2423 1601 2450 dixit
1613 2423 1696 2451 Deum
1707 2425 1822 2452 virtutes

1035 2477 1137 2501 creare,
1149 2468 1194 2495 sed
1204 2468 1359 2501 ζωογονεῖν,
1373 2468 1399 2494 id
1415 2472 1467 2500 est,
1483 2469 1656 2503 progignere,
1675 2470 1716 2496 vel
1732 2471 1822 2503 potins

1034 2516 1067 2544 ad
1085 2516 1165 2542 vitam
1183 2515 1343 2549 producere,
1361 2518 1389 2540 ut
1408 2514 1590 2549 intelligamus
1617 2516 1742 2542 virtutem
1761 2517 1822 2550 qui-

1034 2563 1095 2589 dem
1115 2567 1212 2589 natura
1231 2561 1310 2588 nobis
1339 2560 1438 2592 inesse,
1454 2568 1547 2587 verum
1563 2570 1610 2596 per
1642 2563 1728 2596 ipsius
1743 2571 1820 2597 opem

1034 2613 1116 2643 atque
1131 2608 1261 2634 auxilium
1281 2608 1417 2643 progigni,
1436 2607 1488 2634 hoc
1499 2611 1550 2637 est,
1576 2607 1709 2641 impetum
1726 2616 1822 2642 quent-

1034 2655 1095 2681 dam
1116 2659 1142 2681 et
1160 2658 1262 2680 ntotum
1276 2654 1411 2688 accipere,
1441 2661 1472 2680 ac
1489 2653 1596 2680 tandem
1618 2654 1723 2687 perfici.
1739 2655 1822 2689 quue

1035 2708 1100 2727 sane
1117 2701 1222 2727 merito.
1253 2699 1320 2726 Nam
1354 2701 1376 2727 si
1394 2702 1468 2727 calor
1500 2699 1561 2726 vitae
1587 2707 1670 2727 causa
1687 2705 1739 2732 est,
1759 2708 1821 2727 cum

1035 2747 1160 2773 Christus
1173 2747 1213 2773 sol
1229 2746 1392 2778 nominetur,
1410 2747 1480 2773 idcnt
1493 2745 1614 2780 profecto
1624 2746 1738 2773 virtutes
1745 2746 1822 2774 nobis

1038 2793 1134 2820 insitas
1147 2792 1310 2819 calefaciens
1320 2797 1347 2819 et
1357 2791 1515 2824 confovens,
1528 2792 1602 2819 vivas
1618 2793 1732 2827 denique
1741 2798 1822 2827 atque

1039 2838 1181 2874 agitabiles
1209 2838 1308 2866 reddit.
1330 2838 1419 2872 Atque
1437 2842 1465 2864 ut
1487 2837 1553 2864 anni
1580 2842 1701 2873 tetnpora
1727 2838 1819 2865 leniter

1310 2919 1320 2933 ³
1342 2917 1393 2946 lsa.
1411 2926 1466 2949 th,
1482 2917 1491 2944 Ι
1510 2926 1518 2950 ',
1539 2918 1604 2944 Luc.
1632 2926 1667 2948 ιν,
1698 2918 1739 2944 lh‘.
