  <div class='ocr_page' id='page_1' title='image "/cluster/home/n/w/nwhite01/storage/ocr_20150623/127/njp.32101077773040/808.png"; bbox 0 0 2058 3159; ppageno 0'>
   <div class='ocr_carea' id='block_1_1' title="bbox 210 233 272 262">
    <p class='ocr_par' dir='ltr' id='par_1_1' title="bbox 210 233 272 262">
     <span class='ocr_line' id='line_1_1' title="bbox 210 233 272 262; baseline -0.032 0"><span class='ocrx_word' id='word_1_1' title='bbox 210 233 272 262; x_wconf 67' lang='lat'><strong>1361</strong></span> 
     </span>
    </p>
   </div>
   <div class='ocr_carea' id='block_1_2' title="bbox 682 214 1333 261">
    <p class='ocr_par' dir='ltr' id='par_1_2' title="bbox 682 214 1333 261">
     <span class='ocr_line' id='line_1_2' title="bbox 682 214 1333 261; baseline -0.003 -1"><span class='ocrx_word' id='word_1_2' title='bbox 682 214 843 261; x_wconf 61' lang='lat' dir='ltr'><strong>arcens</strong></span> <span class='ocrx_word' id='word_1_3' title='bbox 867 228 908 259; x_wconf 80' lang='lat' dir='ltr'><strong>IN</strong></span> <span class='ocrx_word' id='word_1_4' title='bbox 929 225 1041 259; x_wconf 67' lang='lat' dir='ltr'><strong>eam.</strong></span> <span class='ocrx_word' id='word_1_5' title='bbox 1061 228 1143 259; x_wconf 74' lang='lat' dir='ltr'><strong>xm</strong></span> <span class='ocrx_word' id='word_1_6' title='bbox 1165 229 1196 260; x_wconf 90' lang='lat' dir='ltr'><strong>s.</strong></span> <span class='ocrx_word' id='word_1_7' title='bbox 1218 230 1333 259; x_wconf 73' lang='lat' dir='ltr'><strong>unus.</strong></span> 
     </span>
    </p>
   </div>
   <div class='ocr_carea' id='block_1_3' title="bbox 1758 231 1830 263">
    <p class='ocr_par' dir='ltr' id='par_1_3' title="bbox 1758 231 1830 263">
     <span class='ocr_line' id='line_1_3' title="bbox 1758 231 1830 263; baseline -0.014 -1"><span class='ocrx_word' id='word_1_8' title='bbox 1758 231 1830 263; x_wconf 67' lang='grc'><strong>1362</strong></span> 
     </span>
    </p>
   </div>
   <div class='ocr_carea' id='block_1_4' title="bbox 208 282 1829 321">
    <p class='ocr_par' dir='ltr' id='par_1_4' title="bbox 208 282 1829 321">
     <span class='ocr_line' id='line_1_4' title="bbox 208 282 1829 321; baseline -0.001 -9"><span class='ocrx_word' id='word_1_9' title='bbox 208 285 312 312; x_wconf 83' lang='lat' dir='ltr'><strong>nume‘ri</strong></span> <span class='ocrx_word' id='word_1_10' title='bbox 326 283 506 319; x_wconf 75' lang='lat' dir='ltr'><strong>pervenerint,</strong></span> <span class='ocrx_word' id='word_1_11' title='bbox 535 284 724 319; x_wconf 70' lang='lat' dir='ltr'><strong>progrediendi</strong></span> <span class='ocrx_word' id='word_1_12' title='bbox 739 282 819 313; x_wconf 78' lang='lat' dir='ltr'><strong>ﬁnem</strong></span> <span class='ocrx_word' id='word_1_13' title='bbox 836 285 947 318; x_wconf 68' lang='lat' dir='ltr'><strong>iaciunt</strong></span> <span class='ocrx_word' id='word_1_14' title='bbox 964 290 995 312; x_wconf 70' lang='lat' dir='ltr'><strong>ac</strong></span> <span class='ocrx_word' id='word_1_15' title='bbox 1007 285 1032 315; x_wconf 79' lang='grc' dir='ltr'>Ἀ</span> <span class='ocrx_word' id='word_1_16' title='bbox 1048 285 1182 321; x_wconf 81' lang='lat' dir='ltr'><strong>intelligas</strong></span> <span class='ocrx_word' id='word_1_17' title='bbox 1192 286 1361 320; x_wconf 84' lang='lat' dir='ltr'><strong>nequaquam</strong></span> <span class='ocrx_word' id='word_1_18' title='bbox 1379 282 1541 312; x_wconf 65' lang='lat' dir='ltr'><strong>recenScsse</strong></span> <span class='ocrx_word' id='word_1_19' title='bbox 1550 283 1651 312; x_wconf 85' lang='lat' dir='ltr'><strong>Christi</strong></span> <span class='ocrx_word' id='word_1_20' title='bbox 1662 287 1829 321; x_wconf 81' lang='lat' dir='ltr'><strong>mysterium.</strong></span> 
     </span>
    </p>
   </div>
   <div class='ocr_carea' id='block_1_5' title="bbox 207 328 993 365">
    <p class='ocr_par' dir='ltr' id='par_1_5' title="bbox 207 328 993 365">
     <span class='ocr_line' id='line_1_5' title="bbox 207 328 993 365; baseline 0.001 -8"><span class='ocrx_word' id='word_1_21' title='bbox 207 331 332 365; x_wconf 80' lang='lat' dir='ltr'><strong>deinceps</strong></span> <span class='ocrx_word' id='word_1_22' title='bbox 360 331 492 358; x_wconf 82' lang='lat' dir='ltr'><strong>iterantur</strong></span> <span class='ocrx_word' id='word_1_23' title='bbox 523 331 611 359; x_wconf 83' lang='lat' dir='ltr'><strong>solum</strong></span> <span class='ocrx_word' id='word_1_24' title='bbox 635 339 667 359; x_wconf 88' lang='lat' dir='ltr'><strong>ac</strong></span> <span class='ocrx_word' id='word_1_25' title='bbox 698 328 881 359; x_wconf 80' lang='lat' dir='ltr'><strong>revolvuntur.</strong></span> <span class='ocrx_word' id='word_1_26' title='bbox 910 330 993 359; x_wconf 78' lang='lat' dir='ltr'><strong>Decus</strong></span> 
     </span>
    </p>
   </div>
   <div class='ocr_carea' id='block_1_6' title="bbox 206 376 993 412">
    <p class='ocr_par' dir='ltr' id='par_1_6' title="bbox 206 376 993 412">
     <span class='ocr_line' id='line_1_6' title="bbox 206 376 993 412; baseline 0 -9"><span class='ocrx_word' id='word_1_27' title='bbox 206 381 296 404; x_wconf 85' lang='lat' dir='ltr'><strong>autem</strong></span> <span class='ocrx_word' id='word_1_28' title='bbox 309 376 396 410; x_wconf 85' lang='lat' dir='ltr'><strong>prima</strong></span> <span class='ocrx_word' id='word_1_29' title='bbox 412 377 502 404; x_wconf 89' lang='lat' dir='ltr'><strong>unitas</strong></span> <span class='ocrx_word' id='word_1_30' title='bbox 517 376 645 410; x_wconf 81' lang='lat' dir='ltr'><strong>perlecta,</strong></span> <span class='ocrx_word' id='word_1_31' title='bbox 659 381 686 404; x_wconf 90' lang='lat' dir='ltr'><strong>et</strong></span> <span class='ocrx_word' id='word_1_32' title='bbox 697 377 869 412; x_wconf 69' lang='lat' dir='ltr'><strong>perfectionis</strong></span> <span class='ocrx_word' id='word_1_33' title='bbox 879 381 993 412; x_wconf 64' lang='lat' dir='ltr'><strong>genera-</strong></span> 
     </span>
    </p>
   </div>
   <div class='ocr_carea' id='block_1_7' title="bbox 204 418 992 456">
    <p class='ocr_par' dir='ltr' id='par_1_7' title="bbox 204 418 992 456">
     <span class='ocr_line' id='line_1_7' title="bbox 204 418 992 456; baseline 0 -8"><span class='ocrx_word' id='word_1_34' title='bbox 204 421 259 448; x_wconf 78' lang='lat' dir='ltr'><strong>trix</strong></span> <span class='ocrx_word' id='word_1_35' title='bbox 273 421 383 454; x_wconf 89' lang='lat' dir='ltr'><strong>dicitur,</strong></span> <span class='ocrx_word' id='word_1_36' title='bbox 396 421 526 456; x_wconf 77' lang='lat' dir='ltr'><strong>quoi-iatn</strong></span> <span class='ocrx_word' id='word_1_37' title='bbox 540 425 583 449; x_wconf 86' lang='lat' dir='ltr'><strong>est</strong></span> <span class='ocrx_word' id='word_1_38' title='bbox 593 421 644 448; x_wconf 85' lang='lat' dir='ltr'><strong>alia</strong></span> <span class='ocrx_word' id='word_1_39' title='bbox 663 428 769 456; x_wconf 73' lang='lat' dir='ltr'><strong>quinque</strong></span> <span class='ocrx_word' id='word_1_40' title='bbox 778 418 881 452; x_wconf 78' lang='lat' dir='ltr'><strong>unitas,</strong></span> <span class='ocrx_word' id='word_1_41' title='bbox 894 419 992 456; x_wconf 83' lang='lat' dir='ltr'><strong>nempe</strong></span> 
     </span>
    </p>
   </div>
   <div class='ocr_carea' id='block_1_8' title="bbox 201 465 992 502">
    <p class='ocr_par' dir='ltr' id='par_1_8' title="bbox 201 465 992 502">
     <span class='ocr_line' id='line_1_8' title="bbox 201 465 992 502; baseline 0.001 -10"><span class='ocrx_word' id='word_1_42' title='bbox 201 465 294 500; x_wconf 77' lang='lat' dir='ltr'><strong>prima</strong></span> <span class='ocrx_word' id='word_1_43' title='bbox 307 467 410 494; x_wconf 88' lang='lat' dir='ltr'><strong>unitas.</strong></span> <span class='ocrx_word' id='word_1_44' title='bbox 423 466 522 493; x_wconf 74' lang='lat' dir='ltr'><strong>Veru‘m</strong></span> <span class='ocrx_word' id='word_1_45' title='bbox 537 466 587 493; x_wconf 46' lang='lat' dir='ltr'><strong>illa;</strong></span> <span class='ocrx_word' id='word_1_46' title='bbox 598 465 704 494; x_wconf 65' lang='lat' dir='ltr'><strong>tametsi</strong></span> <span class='ocrx_word' id='word_1_47' title='bbox 717 466 880 502; x_wconf 77' lang='lat' dir='ltr'><strong>principium</strong></span> <span class='ocrx_word' id='word_1_48' title='bbox 897 465 992 493; x_wconf 81' lang='lat' dir='ltr'><strong>nume-</strong></span> 
     </span>
    </p>
   </div>
   <div class='ocr_carea' id='block_1_9' title="bbox 204 512 990 547">
    <p class='ocr_par' dir='ltr' id='par_1_9' title="bbox 204 512 990 547">
     <span class='ocr_line' id='line_1_9' title="bbox 204 512 990 547; baseline -0.003 -8"><span class='ocrx_word' id='word_1_49' title='bbox 204 519 298 539; x_wconf 77' lang='lat' dir='ltr'><strong>lorum</strong></span> <span class='ocrx_word' id='word_1_50' title='bbox 309 516 361 543; x_wconf 85' lang='lat' dir='ltr'><strong>est.</strong></span> <span class='ocrx_word' id='word_1_51' title='bbox 372 519 475 547; x_wconf 74' lang='lat' dir='ltr'><strong>eosque</strong></span> <span class='ocrx_word' id='word_1_52' title='bbox 485 516 622 547; x_wconf 79' lang='lat' dir='ltr'><strong>procreat,</strong></span> <span class='ocrx_word' id='word_1_53' title='bbox 638 512 808 547; x_wconf 76' lang='lat' dir='ltr'><strong>nequaquam</strong></span> <span class='ocrx_word' id='word_1_54' title='bbox 821 517 910 539; x_wconf 88' lang='lat' dir='ltr'><strong>tamen</strong></span> <span class='ocrx_word' id='word_1_55' title='bbox 929 519 990 546; x_wconf 87' lang='lat' dir='ltr'><strong>per-</strong></span> 
     </span>
    </p>
   </div>
   <div class='ocr_carea' id='block_1_10' title="bbox 202 556 991 592">
    <p class='ocr_par' dir='ltr' id='par_1_10' title="bbox 202 556 991 592">
     <span class='ocr_line' id='line_1_10' title="bbox 202 556 991 592; baseline 0 -9"><span class='ocrx_word' id='word_1_56' title='bbox 202 556 274 583; x_wconf 79' lang='lat' dir='ltr'><strong>fecta</strong></span> <span class='ocrx_word' id='word_1_57' title='bbox 287 561 339 584; x_wconf 86' lang='lat' dir='ltr'><strong>est.</strong></span> <span class='ocrx_word' id='word_1_58' title='bbox 353 558 386 583; x_wconf 79' lang='lat' dir='ltr'><strong>At</strong></span> <span class='ocrx_word' id='word_1_59' title='bbox 397 557 483 591; x_wconf 85' lang='lat' dir='ltr'><strong>prima</strong></span> <span class='ocrx_word' id='word_1_60' title='bbox 497 557 578 584; x_wconf 78' lang='lat' dir='ltr'><strong>det-as</strong></span> <span class='ocrx_word' id='word_1_61' title='bbox 595 557 644 583; x_wconf 87' lang='lat' dir='ltr'><strong>has</strong></span> <span class='ocrx_word' id='word_1_62' title='bbox 655 557 724 584; x_wconf 88' lang='lat' dir='ltr'><strong>duas</strong></span> <span class='ocrx_word' id='word_1_63' title='bbox 736 557 930 592; x_wconf 67' lang='lat' dir='ltr'><strong>praerogativas</strong></span> <span class='ocrx_word' id='word_1_64' title='bbox 942 556 991 583; x_wconf 87' lang='lat' dir='ltr'><strong>ha-</strong></span> 
     </span>
    </p>
   </div>
   <div class='ocr_carea' id='block_1_11' title="bbox 202 602 991 637">
    <p class='ocr_par' dir='ltr' id='par_1_11' title="bbox 202 602 991 637">
     <span class='ocr_line' id='line_1_11' title="bbox 202 602 991 637; baseline 0 -8"><span class='ocrx_word' id='word_1_65' title='bbox 202 602 396 635; x_wconf 37' lang='lat' dir='ltr'><strong>bet,.alterarn,</strong></span> <span class='ocrx_word' id='word_1_66' title='bbox 403 603 475 637; x_wconf 78' lang='lat' dir='ltr'><strong>quod</strong></span> <span class='ocrx_word' id='word_1_67' title='bbox 487 602 607 637; x_wconf 73' lang='lat' dir='ltr'><strong>perlecta</strong></span> <span class='ocrx_word' id='word_1_68' title='bbox 616 607 668 635; x_wconf 82' lang='lat' dir='ltr'><strong>est,</strong></span> <span class='ocrx_word' id='word_1_69' title='bbox 680 607 811 637; x_wconf 74' lang='lat' dir='ltr'><strong>quatenus</strong></span> <span class='ocrx_word' id='word_1_70' title='bbox 821 603 853 630; x_wconf 90' lang='lat' dir='ltr'><strong>ad</strong></span> <span class='ocrx_word' id='word_1_71' title='bbox 865 602 935 629; x_wconf 85' lang='lat' dir='ltr'><strong>hanc</strong></span> <span class='ocrx_word' id='word_1_72' title='bbox 944 604 991 629; x_wconf 81' lang='lat' dir='ltr'><strong>tis-</strong></span> 
     </span>
    </p>
   </div>
   <div class='ocr_carea' id='block_1_12' title="bbox 202 646 995 680">
    <p class='ocr_par' dir='ltr' id='par_1_12' title="bbox 202 646 995 680">
     <span class='ocr_line' id='line_1_12' title="bbox 202 646 995 680; baseline 0.001 -8"><span class='ocrx_word' id='word_1_73' title='bbox 202 653 257 680; x_wconf 84' lang='lat' dir='ltr'><strong>que</strong></span> <span class='ocrx_word' id='word_1_74' title='bbox 275 646 380 673; x_wconf 76' lang='lat' dir='ltr'><strong>numeri</strong></span> <span class='ocrx_word' id='word_1_75' title='bbox 397 646 621 680; x_wconf 81' lang='lat' dir='ltr'><strong>progrediuntur,</strong></span> <span class='ocrx_word' id='word_1_76' title='bbox 633 654 664 673; x_wconf 84' lang='lat' dir='ltr'><strong>as</strong></span> <span class='ocrx_word' id='word_1_77' title='bbox 679 654 776 674; x_wconf 84' lang='lat' dir='ltr'><strong>rursus</strong></span> <span class='ocrx_word' id='word_1_78' title='bbox 791 647 967 674; x_wconf 81' lang='lat' dir='ltr'><strong>revolvuntur</strong></span> <span class='ocrx_word' id='word_1_79' title='bbox 983 655 995 673; x_wconf 64' lang='grc' dir='ltr'>ει</span> 
     </span>
    </p>
   </div>
   <div class='ocr_carea' id='block_1_13' title="bbox 202 691 991 726">
    <p class='ocr_par' dir='ltr' id='par_1_13' title="bbox 202 691 991 726">
     <span class='ocr_line' id='line_1_13' title="bbox 202 691 991 726; baseline 0.003 -9"><span class='ocrx_word' id='word_1_80' title='bbox 202 691 315 718; x_wconf 82' lang='lat' dir='ltr'><strong>alteram</strong></span> <span class='ocrx_word' id='word_1_81' title='bbox 330 691 402 725; x_wconf 85' lang='lat' dir='ltr'><strong>quod</strong></span> <span class='ocrx_word' id='word_1_82' title='bbox 417 691 594 726; x_wconf 79' lang='lat' dir='ltr'><strong>perfectionis</strong></span> <span class='ocrx_word' id='word_1_83' title='bbox 608 696 649 719; x_wconf 81' lang='lat' dir='ltr'><strong>est</strong></span> <span class='ocrx_word' id='word_1_84' title='bbox 662 693 840 726; x_wconf 81' lang='lat' dir='ltr'><strong>procreatrix.</strong></span> <span class='ocrx_word' id='word_1_85' title='bbox 856 692 991 719; x_wconf 80' lang='lat' dir='ltr'><strong>Centena-</strong></span> 
     </span>
    </p>
   </div>
   <div class='ocr_carea' id='block_1_14' title="bbox 202 736 991 772">
    <p class='ocr_par' dir='ltr' id='par_1_14' title="bbox 202 736 991 772">
     <span class='ocr_line' id='line_1_14' title="bbox 202 736 991 772; baseline 0.003 -9"><span class='ocrx_word' id='word_1_86' title='bbox 202 736 275 763; x_wconf 72' lang='lat' dir='ltr'><strong>rium</strong></span> <span class='ocrx_word' id='word_1_87' title='bbox 285 736 357 764; x_wconf 81' lang='lat' dir='ltr'><strong>enirn</strong></span> <span class='ocrx_word' id='word_1_88' title='bbox 369 739 523 768; x_wconf 83' lang='lat' dir='ltr'><strong>humerum.</strong></span> <span class='ocrx_word' id='word_1_89' title='bbox 536 738 582 772; x_wconf 87' lang='lat' dir='ltr'><strong>qtti</strong></span> <span class='ocrx_word' id='word_1_90' title='bbox 599 738 812 772; x_wconf 78' lang='lat' dir='ltr'><strong>perfectissimus</strong></span> <span class='ocrx_word' id='word_1_91' title='bbox 822 743 876 770; x_wconf 86' lang='lat' dir='ltr'><strong>est,</strong></span> <span class='ocrx_word' id='word_1_92' title='bbox 890 738 991 772; x_wconf 89' lang='lat' dir='ltr'><strong>produ-</strong></span> 
     </span>
    </p>
   </div>
   <div class='ocr_carea' id='block_1_15' title="bbox 202 781 989 818">
    <p class='ocr_par' dir='ltr' id='par_1_15' title="bbox 202 781 989 818">
     <span class='ocr_line' id='line_1_15' title="bbox 202 781 989 818; baseline 0.003 -10"><span class='ocrx_word' id='word_1_93' title='bbox 202 782 252 808; x_wconf 86' lang='lat' dir='ltr'><strong>cit.</strong></span> <span class='ocrx_word' id='word_1_94' title='bbox 265 781 342 815; x_wconf 86' lang='lat' dir='ltr'><strong>Quod</strong></span> <span class='ocrx_word' id='word_1_95' title='bbox 362 782 385 810; x_wconf 91' lang='lat' dir='ltr'><strong>si</strong></span> <span class='ocrx_word' id='word_1_96' title='bbox 400 784 539 810; x_wconf 72' lang='lat' dir='ltr'><strong>senarium</strong></span> <span class='ocrx_word' id='word_1_97' title='bbox 557 788 666 818; x_wconf 78' lang='lat' dir='ltr'><strong>quoque</strong></span> <span class='ocrx_word' id='word_1_98' title='bbox 682 783 832 818; x_wconf 79' lang='lat' dir='ltr'><strong>perfectum</strong></span> <span class='ocrx_word' id='word_1_99' title='bbox 848 789 989 811; x_wconf 87' lang='lat' dir='ltr'><strong>numerum</strong></span> 
     </span>
    </p>
   </div>
   <div class='ocr_carea' id='block_1_16' title="bbox 201 828 993 862">
    <p class='ocr_par' dir='ltr' id='par_1_16' title="bbox 201 828 993 862">
     <span class='ocr_line' id='line_1_16' title="bbox 201 828 993 862; baseline 0.001 -8"><span class='ocrx_word' id='word_1_100' title='bbox 201 834 264 854; x_wconf 75' lang='lat' dir='ltr'><strong>esse</strong></span> <span class='ocrx_word' id='word_1_101' title='bbox 273 828 421 854; x_wconf 84' lang='lat' dir='ltr'><strong>contendas</strong></span> <span class='ocrx_word' id='word_1_102' title='bbox 445 836 454 859; x_wconf 73' lang='grc' dir='ltr'>ς</span> <span class='ocrx_word' id='word_1_103' title='bbox 479 828 530 855; x_wconf 85' lang='lat' dir='ltr'><strong>hac</strong></span> <span class='ocrx_word' id='word_1_104' title='bbox 558 833 647 855; x_wconf 89' lang='lat' dir='ltr'><strong>tamen</strong></span> <span class='ocrx_word' id='word_1_105' title='bbox 678 832 754 862; x_wconf 80' lang='lat' dir='ltr'><strong>parte</strong></span> <span class='ocrx_word' id='word_1_106' title='bbox 769 828 848 856; x_wconf 79' lang='lat' dir='ltr'><strong>cedet</strong></span> <span class='ocrx_word' id='word_1_107' title='bbox 869 828 993 861; x_wconf 84' lang='lat' dir='ltr'><strong>denario,</strong></span> 
     </span>
    </p>
   </div>
   <div class='ocr_carea' id='block_1_17' title="bbox 201 871 990 908">
    <p class='ocr_par' dir='ltr' id='par_1_17' title="bbox 201 871 990 908">
     <span class='ocr_line' id='line_1_17' title="bbox 201 871 990 908; baseline 0.004 -10"><span class='ocrx_word' id='word_1_108' title='bbox 201 871 288 906; x_wconf 81' lang='lat' dir='ltr'><strong>quod,</strong></span> <span class='ocrx_word' id='word_1_109' title='bbox 298 873 423 907; x_wconf 80' lang='lat' dir='ltr'><strong>quamvis</strong></span> <span class='ocrx_word' id='word_1_110' title='bbox 431 873 566 907; x_wconf 79' lang='lat' dir='ltr'><strong>perfectus</strong></span> <span class='ocrx_word' id='word_1_111' title='bbox 575 873 820 908; x_wconf 79' lang='lat' dir='ltr'><strong>sit,perfectionem</strong></span> <span class='ocrx_word' id='word_1_112' title='bbox 835 879 924 901; x_wconf 87' lang='lat' dir='ltr'><strong>tamen</strong></span> <span class='ocrx_word' id='word_1_113' title='bbox 935 882 990 901; x_wconf 91' lang='lat' dir='ltr'><strong>non</strong></span> 
     </span>
    </p>
   </div>
   <div class='ocr_carea' id='block_1_18' title="bbox 203 917 989 954">
    <p class='ocr_par' dir='ltr' id='par_1_18' title="bbox 203 917 989 954">
     <span class='ocr_line' id='line_1_18' title="bbox 203 917 989 954; baseline 0.005 -11"><span class='ocrx_word' id='word_1_114' title='bbox 203 917 307 952; x_wconf 87' lang='lat' dir='ltr'><strong>gignat.</strong></span> <span class='ocrx_word' id='word_1_115' title='bbox 321 917 455 946; x_wconf 65' lang='lat' dir='ltr'><strong>Ceterum</strong></span> <span class='ocrx_word' id='word_1_116' title='bbox 475 922 609 953; x_wconf 77' lang='lat' dir='ltr'><strong>pem-etus</strong></span> <span class='ocrx_word' id='word_1_117' title='bbox 622 927 730 954; x_wconf 81' lang='lat' dir='ltr'><strong>quoque.</strong></span> <span class='ocrx_word' id='word_1_118' title='bbox 742 919 867 947; x_wconf 80' lang='lat' dir='ltr'><strong>senarius</strong></span> <span class='ocrx_word' id='word_1_119' title='bbox 881 919 989 952; x_wconf 87' lang='lat' dir='ltr'><strong>dicitur,</strong></span> 
     </span>
    </p>
   </div>
   <div class='ocr_carea' id='block_1_19' title="bbox 203 965 989 1000">
    <p class='ocr_par' dir='ltr' id='par_1_19' title="bbox 203 965 989 1000">
     <span class='ocr_line' id='line_1_19' title="bbox 203 965 989 1000; baseline 0.003 -10"><span class='ocrx_word' id='word_1_120' title='bbox 203 971 257 991; x_wconf 77' lang='lat' dir='ltr'><strong>non</strong></span> <span class='ocrx_word' id='word_1_121' title='bbox 268 965 340 999; x_wconf 82' lang='lat' dir='ltr'><strong>quod</strong></span> <span class='ocrx_word' id='word_1_122' title='bbox 355 965 381 992; x_wconf 78' lang='lat' dir='ltr'><strong>in</strong></span> <span class='ocrx_word' id='word_1_123' title='bbox 396 972 428 991; x_wconf 87' lang='lat' dir='ltr'><strong>eo</strong></span> <span class='ocrx_word' id='word_1_124' title='bbox 439 967 545 992; x_wconf 84' lang='lat' dir='ltr'><strong>numeri</strong></span> <span class='ocrx_word' id='word_1_125' title='bbox 562 973 577 992; x_wconf 76' lang='grc' dir='ltr'>ι</span> <span class='ocrx_word' id='word_1_126' title='bbox 590 965 777 1000; x_wconf 75' lang='lat' dir='ltr'><strong>progressione</strong></span> <span class='ocrx_word' id='word_1_127' title='bbox 785 965 989 1000; x_wconf 81' lang='lat' dir='ltr'><strong>conquiescant,</strong></span> 
     </span>
    </p>
   </div>
   <div class='ocr_carea' id='block_1_20' title="bbox 202 1010 990 1046">
    <p class='ocr_par' dir='ltr' id='par_1_20' title="bbox 202 1010 990 1046">
     <span class='ocr_line' id='line_1_20' title="bbox 202 1010 990 1046; baseline 0.003 -10"><span class='ocrx_word' id='word_1_128' title='bbox 202 1010 275 1037; x_wconf 81' lang='lat' dir='ltr'><strong>sicut</strong></span> <span class='ocrx_word' id='word_1_129' title='bbox 288 1011 315 1037; x_wconf 90' lang='lat' dir='ltr'><strong>in</strong></span> <span class='ocrx_word' id='word_1_130' title='bbox 331 1011 441 1038; x_wconf 87' lang='lat' dir='ltr'><strong>denario</strong></span> <span class='ocrx_word' id='word_1_131' title='bbox 456 1011 568 1045; x_wconf 76' lang='lat' dir='ltr'><strong>co‘ntigit</strong></span> <span class='ocrx_word' id='word_1_132' title='bbox 584 1019 592 1038; x_wconf 90' lang='lat'><strong>:</strong></span> <span class='ocrx_word' id='word_1_133' title='bbox 606 1011 654 1038; x_wconf 85' lang='lat' dir='ltr'><strong>sed</strong></span> <span class='ocrx_word' id='word_1_134' title='bbox 669 1011 721 1038; x_wconf 84' lang='lat' dir='ltr'><strong>alia</strong></span> <span class='ocrx_word' id='word_1_135' title='bbox 737 1011 844 1038; x_wconf 80' lang='lat' dir='ltr'><strong>ratione</strong></span> <span class='ocrx_word' id='word_1_136' title='bbox 855 1011 990 1046; x_wconf 80' lang='lat' dir='ltr'><strong>perfectus</strong></span> 
     </span>
    </p>
   </div>
   <div class='ocr_carea' id='block_1_21' title="bbox 203 1055 990 1090">
    <p class='ocr_par' dir='ltr' id='par_1_21' title="bbox 203 1055 990 1090">
     <span class='ocr_line' id='line_1_21' title="bbox 203 1055 990 1090; baseline 0.004 -9"><span class='ocrx_word' id='word_1_137' title='bbox 203 1055 366 1090; x_wconf 79' lang='lat' dir='ltr'><strong>appellatur,</strong></span> <span class='ocrx_word' id='word_1_138' title='bbox 392 1060 485 1090; x_wconf 90' lang='lat' dir='ltr'><strong>utpote</strong></span> <span class='ocrx_word' id='word_1_139' title='bbox 501 1062 532 1082; x_wconf 86' lang='lat' dir='ltr'><strong>ex</strong></span> <span class='ocrx_word' id='word_1_140' title='bbox 553 1057 674 1090; x_wconf 89' lang='lat' dir='ltr'><strong>partibus</strong></span> <span class='ocrx_word' id='word_1_141' title='bbox 701 1057 759 1084; x_wconf 92' lang='lat' dir='ltr'><strong>suis</strong></span> <span class='ocrx_word' id='word_1_142' title='bbox 775 1057 918 1084; x_wconf 80' lang='lat' dir='ltr'><strong>cotitlattts.</strong></span> <span class='ocrx_word' id='word_1_143' title='bbox 945 1057 990 1084; x_wconf 87' lang='lat' dir='ltr'><strong>Di-</strong></span> 
     </span>
    </p>
   </div>
   <div class='ocr_carea' id='block_1_22' title="bbox 201 1100 988 1135">
    <p class='ocr_par' dir='ltr' id='par_1_22' title="bbox 201 1100 988 1135">
     <span class='ocr_line' id='line_1_22' title="bbox 201 1100 988 1135; baseline 0.004 -9"><span class='ocrx_word' id='word_1_144' title='bbox 201 1100 285 1126; x_wconf 79' lang='lat' dir='ltr'><strong>tnidia</strong></span> <span class='ocrx_word' id='word_1_145' title='bbox 301 1100 375 1127; x_wconf 83' lang='lat' dir='ltr'><strong>enim</strong></span> <span class='ocrx_word' id='word_1_146' title='bbox 403 1106 468 1135; x_wconf 81' lang='lat' dir='ltr'><strong>pars</strong></span> <span class='ocrx_word' id='word_1_147' title='bbox 494 1101 604 1133; x_wconf 87' lang='lat' dir='ltr'><strong>senarii,</strong></span> <span class='ocrx_word' id='word_1_148' title='bbox 633 1105 659 1127; x_wconf 89' lang='lat' dir='ltr'><strong>ct</strong></span> <span class='ocrx_word' id='word_1_149' title='bbox 671 1102 760 1133; x_wconf 88' lang='lat' dir='ltr'><strong>tertia.</strong></span> <span class='ocrx_word' id='word_1_150' title='bbox 790 1105 818 1129; x_wconf 82' lang='lat' dir='ltr'><strong>et</strong></span> <span class='ocrx_word' id='word_1_151' title='bbox 848 1106 933 1134; x_wconf 79' lang='lat' dir='ltr'><strong>sexta,</strong></span> <span class='ocrx_word' id='word_1_152' title='bbox 963 1102 988 1129; x_wconf 91' lang='lat' dir='ltr'><strong>in</strong></span> 
     </span>
    </p>
   </div>
   <div class='ocr_carea' id='block_1_23' title="bbox 201 1146 990 1178">
    <p class='ocr_par' dir='ltr' id='par_1_23' title="bbox 201 1146 990 1178">
     <span class='ocr_line' id='line_1_23' title="bbox 201 1146 990 1178; baseline 0.003 -5"><span class='ocrx_word' id='word_1_153' title='bbox 201 1153 337 1173; x_wconf 81' lang='lat' dir='ltr'><strong>summam</strong></span> <span class='ocrx_word' id='word_1_154' title='bbox 353 1146 481 1178; x_wconf 59' lang='lat' dir='ltr'><strong>collocuta,</strong></span> <span class='ocrx_word' id='word_1_155' title='bbox 508 1147 645 1174; x_wconf 84' lang='lat' dir='ltr'><strong>senarium</strong></span> <span class='ocrx_word' id='word_1_156' title='bbox 673 1148 830 1175; x_wconf 71' lang='lat' dir='ltr'><strong>conﬁciunt.</strong></span> <span class='ocrx_word' id='word_1_157' title='bbox 846 1147 906 1175; x_wconf 66' lang='lat' dir='ltr'><strong>iam</strong></span> <span class='ocrx_word' id='word_1_158' title='bbox 924 1156 990 1175; x_wconf 85' lang='lat' dir='ltr'><strong>vero</strong></span> 
     </span>
    </p>
   </div>
   <div class='ocr_carea' id='block_1_24' title="bbox 201 1192 988 1230">
    <p class='ocr_par' dir='ltr' id='par_1_24' title="bbox 201 1192 988 1230">
     <span class='ocr_line' id='line_1_24' title="bbox 201 1192 988 1230; baseline 0.005 -13"><span class='ocrx_word' id='word_1_159' title='bbox 201 1198 287 1225; x_wconf 83' lang='lat' dir='ltr'><strong>agnus</strong></span> <span class='ocrx_word' id='word_1_160' title='bbox 302 1192 327 1218; x_wconf 89' lang='lat' dir='ltr'><strong>itt</strong></span> <span class='ocrx_word' id='word_1_161' title='bbox 346 1192 470 1226; x_wconf 85' lang='lat' dir='ltr'><strong>quintqu</strong></span> <span class='ocrx_word' id='word_1_162' title='bbox 496 1193 567 1220; x_wconf 87' lang='lat' dir='ltr'><strong>diem</strong></span> <span class='ocrx_word' id='word_1_163' title='bbox 588 1199 753 1230; x_wconf 59' lang='lat' dir='ltr'><strong>asservatur,</strong></span> <span class='ocrx_word' id='word_1_164' title='bbox 774 1194 825 1221; x_wconf 88' lang='lat' dir='ltr'><strong>hoc</strong></span> <span class='ocrx_word' id='word_1_165' title='bbox 839 1199 892 1225; x_wconf 85' lang='lat' dir='ltr'><strong>est,</strong></span> <span class='ocrx_word' id='word_1_166' title='bbox 910 1202 924 1221; x_wconf 89' lang='lat' dir='ltr'><strong>a</strong></span> <span class='ocrx_word' id='word_1_167' title='bbox 939 1195 988 1221; x_wconf 87' lang='lat' dir='ltr'><strong>de-</strong></span> 
     </span>
    </p>
   </div>
   <div class='ocr_carea' id='block_1_25' title="bbox 200 1237 987 1275">
    <p class='ocr_par' dir='ltr' id='par_1_25' title="bbox 200 1237 987 1275">
     <span class='ocr_line' id='line_1_25' title="bbox 200 1237 987 1275; baseline 0.006 -13"><span class='ocrx_word' id='word_1_168' title='bbox 200 1237 270 1263; x_wconf 86' lang='lat' dir='ltr'><strong>cima</strong></span> <span class='ocrx_word' id='word_1_169' title='bbox 298 1245 383 1271; x_wconf 78' lang='lat' dir='ltr'><strong>usque</strong></span> <span class='ocrx_word' id='word_1_170' title='bbox 399 1238 432 1264; x_wconf 86' lang='lat' dir='ltr'><strong>ad</strong></span> <span class='ocrx_word' id='word_1_171' title='bbox 449 1238 582 1265; x_wconf 85' lang='lat' dir='ltr'><strong>decimam</strong></span> <span class='ocrx_word' id='word_1_172' title='bbox 613 1243 737 1274; x_wconf 83' lang='lat' dir='ltr'><strong>quartam</strong></span> <span class='ocrx_word' id='word_1_173' title='bbox 754 1248 761 1266; x_wconf 87' lang='lat'><strong>:</strong></span> <span class='ocrx_word' id='word_1_174' title='bbox 779 1239 895 1267; x_wconf 83' lang='lat' dir='ltr'><strong>fortasse</strong></span> <span class='ocrx_word' id='word_1_175' title='bbox 923 1240 987 1275; x_wconf 82' lang='lat' dir='ltr'><strong>quia</strong></span> 
     </span>
    </p>
   </div>
   <div class='ocr_carea' id='block_1_26' title="bbox 199 1281 986 1318">
    <p class='ocr_par' dir='ltr' id='par_1_26' title="bbox 199 1281 986 1318">
     <span class='ocr_line' id='line_1_26' title="bbox 199 1281 986 1318; baseline 0.005 -10"><span class='ocrx_word' id='word_1_176' title='bbox 199 1281 324 1309; x_wconf 76' lang='lat' dir='ltr'><strong>Christus</strong></span> <span class='ocrx_word' id='word_1_177' title='bbox 342 1283 452 1310; x_wconf 81' lang='lat' dir='ltr'><strong>victima</strong></span> <span class='ocrx_word' id='word_1_178' title='bbox 467 1288 558 1310; x_wconf 87' lang='lat' dir='ltr'><strong>nostra</strong></span> <span class='ocrx_word' id='word_1_179' title='bbox 585 1285 708 1318; x_wconf 89' lang='lat' dir='ltr'><strong>quittque</strong></span> <span class='ocrx_word' id='word_1_180' title='bbox 731 1289 858 1312; x_wconf 82' lang='lat' dir='ltr'><strong>externos</strong></span> <span class='ocrx_word' id='word_1_181' title='bbox 888 1293 986 1312; x_wconf 87' lang='lat' dir='ltr'><strong>senstts</strong></span> 
     </span>
    </p>
   </div>
   <div class='ocr_carea' id='block_1_27' title="bbox 200 1329 986 1364">
    <p class='ocr_par' dir='ltr' id='par_1_27' title="bbox 200 1329 986 1364">
     <span class='ocr_line' id='line_1_27' title="bbox 200 1329 986 1364; baseline 0.005 -10"><span class='ocrx_word' id='word_1_182' title='bbox 200 1333 297 1362; x_wconf 74' lang='lat' dir='ltr'><strong>purgat</strong></span> <span class='ocrx_word' id='word_1_183' title='bbox 311 1335 321 1355; x_wconf 85' lang='lat'><strong>:</strong></span> <span class='ocrx_word' id='word_1_184' title='bbox 338 1329 379 1354; x_wconf 68' lang='lat' dir='ltr'><strong>ha:</strong></span> <span class='ocrx_word' id='word_1_185' title='bbox 393 1330 464 1355; x_wconf 91' lang='lat' dir='ltr'><strong>enim</strong></span> <span class='ocrx_word' id='word_1_186' title='bbox 482 1329 578 1356; x_wconf 88' lang='lat' dir='ltr'><strong>domus</strong></span> <span class='ocrx_word' id='word_1_187' title='bbox 595 1330 693 1357; x_wconf 75' lang='lat' dir='ltr'><strong>anima:</strong></span> <span class='ocrx_word' id='word_1_188' title='bbox 710 1330 836 1358; x_wconf 65' lang='lat' dir='ltr'><strong>fenestrae</strong></span> <span class='ocrx_word' id='word_1_189' title='bbox 861 1335 935 1364; x_wconf 87' lang='lat' dir='ltr'><strong>sunt,</strong></span> <span class='ocrx_word' id='word_1_190' title='bbox 952 1331 986 1358; x_wconf 88' lang='lat' dir='ltr'><strong>de</strong></span> 
     </span>
    </p>
   </div>
   <div class='ocr_carea' id='block_1_28' title="bbox 197 1373 984 1411">
    <p class='ocr_par' dir='ltr' id='par_1_28' title="bbox 197 1373 984 1411">
     <span class='ocr_line' id='line_1_28' title="bbox 197 1373 984 1411; baseline 0.006 -11"><span class='ocrx_word' id='word_1_191' title='bbox 197 1373 297 1407; x_wconf 85' lang='lat' dir='ltr'><strong>quibus</strong></span> <span class='ocrx_word' id='word_1_192' title='bbox 313 1374 350 1401; x_wconf 91' lang='lat' dir='ltr'><strong>ait</strong></span> <span class='ocrx_word' id='word_1_193' title='bbox 367 1374 519 1402; x_wconf 82' lang='lat' dir='ltr'><strong>Jeretuias:</strong></span> <span class='ocrx_word' id='word_1_194' title='bbox 538 1376 659 1402; x_wconf 79' lang='lat' dir='ltr'><strong>Ascendit</strong></span> <span class='ocrx_word' id='word_1_195' title='bbox 676 1384 745 1403; x_wconf 82' lang='lat' dir='ltr'><strong>mors</strong></span> <span class='ocrx_word' id='word_1_196' title='bbox 755 1384 802 1411; x_wconf 79' lang='lat' dir='ltr'><strong>per</strong></span> <span class='ocrx_word' id='word_1_197' title='bbox 814 1376 984 1410; x_wconf 75' lang='lat' dir='ltr'><strong>fenestras&quot;,</strong></span> 
     </span>
    </p>
   </div>
   <div class='ocr_carea' id='block_1_29' title="bbox 199 1419 984 1457">
    <p class='ocr_par' dir='ltr' id='par_1_29' title="bbox 199 1419 984 1457">
     <span class='ocr_line' id='line_1_29' title="bbox 199 1419 984 1457; baseline 0.006 -12"><span class='ocrx_word' id='word_1_198' title='bbox 199 1419 251 1446; x_wconf 89' lang='lat' dir='ltr'><strong>hoc</strong></span> <span class='ocrx_word' id='word_1_199' title='bbox 263 1424 315 1451; x_wconf 81' lang='lat' dir='ltr'><strong>est,</strong></span> <span class='ocrx_word' id='word_1_200' title='bbox 331 1427 379 1453; x_wconf 88' lang='lat' dir='ltr'><strong>per</strong></span> <span class='ocrx_word' id='word_1_201' title='bbox 408 1427 515 1453; x_wconf 79' lang='lat' dir='ltr'><strong>sensus,</strong></span> <span class='ocrx_word' id='word_1_202' title='bbox 537 1429 552 1448; x_wconf 89' lang='lat' dir='ltr'><strong>a</strong></span> <span class='ocrx_word' id='word_1_203' title='bbox 580 1422 679 1456; x_wconf 85' lang='lat' dir='ltr'><strong>qutbus</strong></span> <span class='ocrx_word' id='word_1_204' title='bbox 706 1427 848 1456; x_wconf 77' lang='lat' dir='ltr'><strong>peccatum</strong></span> <span class='ocrx_word' id='word_1_205' title='bbox 875 1423 984 1457; x_wconf 84' lang='lat' dir='ltr'><strong>prolici-</strong></span> 
     </span>
    </p>
   </div>
   <div class='ocr_carea' id='block_1_30' title="bbox 198 1465 985 1503">
    <p class='ocr_par' dir='ltr' id='par_1_30' title="bbox 198 1465 985 1503">
     <span class='ocr_line' id='line_1_30' title="bbox 198 1465 985 1503; baseline 0.005 -12"><span class='ocrx_word' id='word_1_206' title='bbox 198 1465 294 1498; x_wconf 88' lang='lat' dir='ltr'><strong>scitur,</strong></span> <span class='ocrx_word' id='word_1_207' title='bbox 314 1472 368 1492; x_wconf 91' lang='lat' dir='ltr'><strong>non</strong></span> <span class='ocrx_word' id='word_1_208' title='bbox 382 1470 411 1491; x_wconf 90' lang='grc' dir='ltr'><strong>ιιι</strong></span> <span class='ocrx_word' id='word_1_209' title='bbox 423 1466 600 1494; x_wconf 75' lang='lat' dir='ltr'><strong>cllicientibus</strong></span> <span class='ocrx_word' id='word_1_210' title='bbox 627 1467 728 1500; x_wconf 83' lang='lat' dir='ltr'><strong>causis,</strong></span> <span class='ocrx_word' id='word_1_211' title='bbox 743 1468 790 1495; x_wconf 91' lang='lat' dir='ltr'><strong>sed</strong></span> <span class='ocrx_word' id='word_1_212' title='bbox 808 1472 837 1495; x_wconf 88' lang='lat' dir='ltr'><strong>ut</strong></span> <span class='ocrx_word' id='word_1_213' title='bbox 852 1468 985 1503; x_wconf 75' lang='lat' dir='ltr'><strong>adjuvan-</strong></span> 
     </span>
    </p>
   </div>
   <div class='ocr_carea' id='block_1_31' title="bbox 198 1504 986 1553">
    <p class='ocr_par' dir='ltr' id='par_1_31' title="bbox 198 1504 986 1553">
     <span class='ocr_line' id='line_1_31' title="bbox 198 1504 986 1553; baseline 0.008 -17"><span class='ocrx_word' id='word_1_214' title='bbox 198 1511 281 1537; x_wconf 84' lang='lat' dir='ltr'><strong>tibus.</strong></span> <span class='ocrx_word' id='word_1_215' title='bbox 308 1511 340 1537; x_wconf 88' lang='lat' dir='ltr'><strong>Et</strong></span> <span class='ocrx_word' id='word_1_216' title='bbox 355 1513 426 1538; x_wconf 90' lang='lat' dir='ltr'><strong>circa</strong></span> <span class='ocrx_word' id='word_1_217' title='bbox 441 1519 511 1545; x_wconf 91' lang='lat' dir='ltr'><strong>quos</strong></span> <span class='ocrx_word' id='word_1_218' title='bbox 536 1512 635 1539; x_wconf 83' lang='lat' dir='ltr'><strong>bellum</strong></span> <span class='ocrx_word' id='word_1_219' title='bbox 666 1504 858 1547; x_wconf 80' lang='lat' dir='ltr'><strong>committitur,</strong></span> <span class='ocrx_word' id='word_1_220' title='bbox 882 1516 986 1553; x_wconf 41' lang='lat' dir='ltr'><strong>peccati.</strong></span> 
     </span>
    </p>
   </div>
   <div class='ocr_carea' id='block_1_32' title="bbox 200 1556 984 1589">
    <p class='ocr_par' dir='ltr' id='par_1_32' title="bbox 200 1556 984 1589">
     <span class='ocr_line' id='line_1_32' title="bbox 200 1556 984 1589; baseline 0.008 -9"><span class='ocrx_word' id='word_1_221' title='bbox 200 1556 327 1589; x_wconf 80' lang='lat' dir='ltr'><strong>sagittam</strong></span> <span class='ocrx_word' id='word_1_222' title='bbox 355 1556 527 1583; x_wconf 82' lang='lat' dir='ltr'><strong>extrinsecus</strong></span> <span class='ocrx_word' id='word_1_223' title='bbox 552 1556 715 1584; x_wconf 82' lang='lat' dir='ltr'><strong>incidentem</strong></span> <span class='ocrx_word' id='word_1_224' title='bbox 734 1557 918 1586; x_wconf 84' lang='lat' dir='ltr'><strong>admittentes.</strong></span> <span class='ocrx_word' id='word_1_225' title='bbox 936 1558 984 1586; x_wconf 76' lang='lat' dir='ltr'><strong>Est</strong></span> 
     </span>
    </p>
   </div>
   <div class='ocr_carea' id='block_1_33' title="bbox 1045 327 1831 367">
    <p class='ocr_par' dir='ltr' id='par_1_33' title="bbox 1045 327 1831 367">
     <span class='ocr_line' id='line_1_33' title="bbox 1045 327 1831 367; baseline 0 -7"><span class='ocrx_word' id='word_1_226' title='bbox 1045 332 1091 360; x_wconf 86' lang='lat' dir='ltr'><strong>sed</strong></span> <span class='ocrx_word' id='word_1_227' title='bbox 1118 338 1149 359; x_wconf 83' lang='lat' dir='ltr'><strong>ex</strong></span> <span class='ocrx_word' id='word_1_228' title='bbox 1175 331 1262 359; x_wconf 86' lang='lat' dir='ltr'><strong>Patris</strong></span> <span class='ocrx_word' id='word_1_229' title='bbox 1287 327 1455 367; x_wconf 67' lang='lat' dir='ltr'><strong>przescicnti&#39;a</strong></span> <span class='ocrx_word' id='word_1_230' title='bbox 1483 331 1538 366; x_wconf 81' lang='lat' dir='ltr'><strong>jam</strong></span> <span class='ocrx_word' id='word_1_231' title='bbox 1569 332 1633 359; x_wconf 88' lang='lat' dir='ltr'><strong>inde</strong></span> <span class='ocrx_word' id='word_1_232' title='bbox 1659 328 1673 360; x_wconf 72' lang='grc' dir='ltr'>ἐι</span> <span class='ocrx_word' id='word_1_233' title='bbox 1697 334 1831 360; x_wconf 75' lang='lat' dir='ltr'><strong>creatione</strong></span> 
     </span>
    </p>
   </div>
   <div class='ocr_carea' id='block_1_34' title="bbox 1044 372 1831 413">
    <p class='ocr_par' dir='ltr' id='par_1_34' title="bbox 1044 372 1831 413">
     <span class='ocr_line' id='line_1_34' title="bbox 1044 372 1831 413; baseline 0.001 -9"><span class='ocrx_word' id='word_1_234' title='bbox 1044 373 1136 404; x_wconf 72' lang='lat' dir='ltr'><strong>mundi</strong></span> <span class='ocrx_word' id='word_1_235' title='bbox 1149 374 1288 405; x_wconf 79' lang='lat' dir='ltr'><strong>serratum</strong></span> <span class='ocrx_word' id='word_1_236' title='bbox 1302 378 1372 410; x_wconf 73' lang='lat' dir='ltr'><strong>esse,</strong></span> <span class='ocrx_word' id='word_1_237' title='bbox 1386 372 1480 404; x_wconf 67' lang='lat' dir='ltr'><strong>&#39;vcrum</strong></span> <span class='ocrx_word' id='word_1_238' title='bbox 1499 372 1648 412; x_wconf 74' lang='lat' dir='ltr'><strong>postremis</strong></span> <span class='ocrx_word' id='word_1_239' title='bbox 1664 379 1831 413; x_wconf 81' lang='lat' dir='ltr'><strong>temporibus</strong></span> 
     </span>
    </p>
   </div>
   <div class='ocr_carea' id='block_1_35' title="bbox 1044 420 1832 455">
    <p class='ocr_par' dir='ltr' id='par_1_35' title="bbox 1044 420 1832 455">
     <span class='ocr_line' id='line_1_35' title="bbox 1044 420 1832 455; baseline 0.003 -6"><span class='ocrx_word' id='word_1_240' title='bbox 1044 420 1136 449; x_wconf 70' lang='lat' dir='ltr'><strong>nostra</strong></span> <span class='ocrx_word' id='word_1_241' title='bbox 1165 428 1247 450; x_wconf 87' lang='lat' dir='ltr'><strong>causa</strong></span> <span class='ocrx_word' id='word_1_242' title='bbox 1259 427 1375 450; x_wconf 79' lang='lat' dir='ltr'><strong>mortem</strong></span> <span class='ocrx_word' id='word_1_243' title='bbox 1407 422 1534 450; x_wconf 73' lang='lat' dir='ltr'><strong>subiisse;</strong></span> <span class='ocrx_word' id='word_1_244' title='bbox 1562 422 1639 455; x_wconf 82' lang='lat' dir='ltr'><strong>Quod</strong></span> <span class='ocrx_word' id='word_1_245' title='bbox 1660 423 1682 450; x_wconf 88' lang='lat' dir='ltr'><strong>si</strong></span> <span class='ocrx_word' id='word_1_246' title='bbox 1698 424 1749 452; x_wconf 86' lang='lat' dir='ltr'><strong>alia</strong></span> <span class='ocrx_word' id='word_1_247' title='bbox 1763 425 1832 451; x_wconf 87' lang='lat' dir='ltr'><strong>ratio</strong></span> 
     </span>
    </p>
   </div>
   <div class='ocr_carea' id='block_1_36' title="bbox 1042 464 1830 504">
    <p class='ocr_par' dir='ltr' id='par_1_36' title="bbox 1042 464 1830 504">
     <span class='ocr_line' id='line_1_36' title="bbox 1042 464 1830 504; baseline 0.004 -11"><span class='ocrx_word' id='word_1_248' title='bbox 1042 467 1206 502; x_wconf 77' lang='lat' dir='ltr'><strong>proferenda</strong></span> <span class='ocrx_word' id='word_1_249' title='bbox 1223 472 1274 500; x_wconf 82' lang='lat' dir='ltr'><strong>est,</strong></span> <span class='ocrx_word' id='word_1_250' title='bbox 1302 475 1352 494; x_wconf 91' lang='lat' dir='ltr'><strong>cur</strong></span> <span class='ocrx_word' id='word_1_251' title='bbox 1374 467 1479 494; x_wconf 76' lang='lat' dir='ltr'><strong>decima</strong></span> <span class='ocrx_word' id='word_1_252' title='bbox 1497 464 1600 502; x_wconf 81' lang='lat' dir='ltr'><strong>&#39;quarta</strong></span> <span class='ocrx_word' id='word_1_253' title='bbox 1622 465 1722 496; x_wconf 81' lang='lat' dir='ltr'><strong>mensis</strong></span> <span class='ocrx_word' id='word_1_254' title='bbox 1744 477 1830 504; x_wconf 82' lang='lat' dir='ltr'><strong>agnus</strong></span> 
     </span>
    </p>
   </div>
   <div class='ocr_carea' id='block_1_37' title="bbox 1043 511 1830 546">
    <p class='ocr_par' dir='ltr' id='par_1_37' title="bbox 1043 511 1830 546">
     <span class='ocr_line' id='line_1_37' title="bbox 1043 511 1830 546; baseline 0 -7"><span class='ocrx_word' id='word_1_255' title='bbox 1043 517 1184 545; x_wconf 76' lang='lat' dir='ltr'><strong>mactetur,</strong></span> <span class='ocrx_word' id='word_1_256' title='bbox 1200 511 1341 540; x_wconf 82' lang='lat' dir='ltr'><strong>dic&#39;cndem</strong></span> <span class='ocrx_word' id='word_1_257' title='bbox 1357 511 1459 539; x_wconf 87' lang='lat' dir='ltr'><strong>idcirco</strong></span> <span class='ocrx_word' id='word_1_258' title='bbox 1477 512 1502 538; x_wconf 87' lang='lat' dir='ltr'><strong>id</strong></span> <span class='ocrx_word' id='word_1_259' title='bbox 1535 512 1602 542; x_wconf 84' lang='lat' dir='ltr'><strong>ﬁeri.</strong></span> <span class='ocrx_word' id='word_1_260' title='bbox 1623 512 1749 546; x_wconf 86' lang='lat' dir='ltr'><strong>quoniam</strong></span> <span class='ocrx_word' id='word_1_261' title='bbox 1780 513 1830 539; x_wconf 90' lang='lat' dir='ltr'><strong>hoc</strong></span> 
     </span>
    </p>
   </div>
   <div class='ocr_carea' id='block_1_38' title="bbox 1041 557 1830 592">
    <p class='ocr_par' dir='ltr' id='par_1_38' title="bbox 1041 557 1830 592">
     <span class='ocr_line' id='line_1_38' title="bbox 1041 557 1830 592; baseline -0.001 -8"><span class='ocrx_word' id='word_1_262' title='bbox 1041 558 1086 585; x_wconf 86' lang='lat' dir='ltr'><strong>die</strong></span> <span class='ocrx_word' id='word_1_263' title='bbox 1100 557 1204 586; x_wconf 85' lang='lat' dir='ltr'><strong>lunaris</strong></span> <span class='ocrx_word' id='word_1_264' title='bbox 1219 557 1339 586; x_wconf 78' lang='lat' dir='ltr'><strong>circulus</strong></span> <span class='ocrx_word' id='word_1_265' title='bbox 1356 557 1429 585; x_wconf 85' lang='lat' dir='ltr'><strong>omni</strong></span> <span class='ocrx_word' id='word_1_266' title='bbox 1449 565 1481 584; x_wconf 76' lang='lat' dir='ltr'><strong>ex</strong></span> <span class='ocrx_word' id='word_1_267' title='bbox 1495 558 1570 592; x_wconf 80' lang='lat' dir='ltr'><strong>parte</strong></span> <span class='ocrx_word' id='word_1_268' title='bbox 1585 557 1733 591; x_wconf 81' lang='lat' dir='ltr'><strong>perﬁcitur.</strong></span> <span class='ocrx_word' id='word_1_269' title='bbox 1749 561 1830 591; x_wconf 89' lang='lat' dir='ltr'><strong>atque</strong></span> 
     </span>
    </p>
   </div>
   <div class='ocr_carea' id='block_1_39' title="bbox 1042 602 1828 639">
    <p class='ocr_par' dir='ltr' id='par_1_39' title="bbox 1042 602 1828 639">
     <span class='ocr_line' id='line_1_39' title="bbox 1042 602 1828 639; baseline -0.001 -9"><span class='ocrx_word' id='word_1_270' title='bbox 1042 603 1116 631; x_wconf 81' lang='lat' dir='ltr'><strong>velut</strong></span> <span class='ocrx_word' id='word_1_271' title='bbox 1133 604 1286 632; x_wconf 85' lang='lat' dir='ltr'><strong>adulterino</strong></span> <span class='ocrx_word' id='word_1_272' title='bbox 1300 603 1418 639; x_wconf 78' lang='lat' dir='ltr'><strong>quodam</strong></span> <span class='ocrx_word' id='word_1_273' title='bbox 1445 603 1548 630; x_wconf 87' lang='lat' dir='ltr'><strong>lumine</strong></span> <span class='ocrx_word' id='word_1_274' title='bbox 1561 603 1655 630; x_wconf 88' lang='lat' dir='ltr'><strong>orbem</strong></span> <span class='ocrx_word' id='word_1_275' title='bbox 1674 602 1828 634; x_wconf 85' lang='lat' dir='ltr'><strong>collustrat,</strong></span> 
     </span>
    </p>
   </div>
   <div class='ocr_carea' id='block_1_40' title="bbox 1039 648 1828 684">
    <p class='ocr_par' dir='ltr' id='par_1_40' title="bbox 1039 648 1828 684">
     <span class='ocr_line' id='line_1_40' title="bbox 1039 648 1828 684; baseline -0.001 -7"><span class='ocrx_word' id='word_1_276' title='bbox 1039 650 1166 677; x_wconf 63' lang='lat' dir='ltr'><strong>caeterum</strong></span> <span class='ocrx_word' id='word_1_277' title='bbox 1187 649 1310 681; x_wconf 85' lang='lat' dir='ltr'><strong>imminui</strong></span> <span class='ocrx_word' id='word_1_278' title='bbox 1322 649 1486 676; x_wconf 82' lang='lat' dir='ltr'><strong>acdesinere</strong></span> <span class='ocrx_word' id='word_1_279' title='bbox 1499 649 1591 682; x_wconf 84' lang='lat' dir='ltr'><strong>incipit</strong></span> <span class='ocrx_word' id='word_1_280' title='bbox 1604 656 1616 677; x_wconf 69' lang='grc' dir='ltr'><strong>ι</strong></span> <span class='ocrx_word' id='word_1_281' title='bbox 1627 653 1656 676; x_wconf 85' lang='grc' dir='ltr'><strong>ιιι</strong></span> <span class='ocrx_word' id='word_1_282' title='bbox 1671 648 1733 676; x_wconf 92' lang='lat' dir='ltr'><strong>hinc</strong></span> <span class='ocrx_word' id='word_1_283' title='bbox 1749 648 1828 684; x_wconf 81' lang='lat' dir='ltr'><strong>quasi</strong></span> 
     </span>
    </p>
   </div>
   <div class='ocr_carea' id='block_1_41' title="bbox 1043 693 1828 729">
    <p class='ocr_par' dir='ltr' id='par_1_41' title="bbox 1043 693 1828 729">
     <span class='ocr_line' id='line_1_41' title="bbox 1043 693 1828 729; baseline -0.001 -8"><span class='ocrx_word' id='word_1_284' title='bbox 1043 702 1075 722; x_wconf 86' lang='lat' dir='ltr'><strong>ex</strong></span> <span class='ocrx_word' id='word_1_285' title='bbox 1094 694 1212 729; x_wconf 80' lang='lat' dir='ltr'><strong>imagine</strong></span> <span class='ocrx_word' id='word_1_286' title='bbox 1226 693 1344 728; x_wconf 87' lang='lat' dir='ltr'><strong>quadam</strong></span> <span class='ocrx_word' id='word_1_287' title='bbox 1364 693 1512 729; x_wconf 85' lang='lat' dir='ltr'><strong>intelligas,</strong></span> <span class='ocrx_word' id='word_1_288' title='bbox 1531 694 1602 728; x_wconf 87' lang='lat' dir='ltr'><strong>quod</strong></span> <span class='ocrx_word' id='word_1_289' title='bbox 1625 694 1751 720; x_wconf 87' lang='lat' dir='ltr'><strong>omnibus</strong></span> <span class='ocrx_word' id='word_1_290' title='bbox 1768 694 1828 727; x_wconf 88' lang='lat' dir='ltr'><strong>qui-</strong></span> 
     </span>
    </p>
   </div>
   <div class='ocr_carea' id='block_1_42' title="bbox 1039 738 1828 774">
    <p class='ocr_par' dir='ltr' id='par_1_42' title="bbox 1039 738 1828 774">
     <span class='ocr_line' id='line_1_42' title="bbox 1039 738 1828 774; baseline -0.004 -7"><span class='ocrx_word' id='word_1_291' title='bbox 1039 740 1102 767; x_wconf 84' lang='lat' dir='ltr'><strong>dem</strong></span> <span class='ocrx_word' id='word_1_292' title='bbox 1123 740 1196 766; x_wconf 87' lang='lat' dir='ltr'><strong>orbis</strong></span> <span class='ocrx_word' id='word_1_293' title='bbox 1216 739 1341 774; x_wconf 82' lang='lat' dir='ltr'><strong>partibus</strong></span> <span class='ocrx_word' id='word_1_294' title='bbox 1362 738 1537 765; x_wconf 79' lang='lat' dir='ltr'><strong>tenebrarum</strong></span> <span class='ocrx_word' id='word_1_295' title='bbox 1563 739 1689 773; x_wconf 72' lang='lat' dir='ltr'><strong>prium-ps</strong></span> <span class='ocrx_word' id='word_1_296' title='bbox 1707 738 1828 765; x_wconf 74' lang='lat' dir='ltr'><strong>Celebra—</strong></span> 
     </span>
    </p>
   </div>
   <div class='ocr_carea' id='block_1_43' title="bbox 1041 781 1827 817">
    <p class='ocr_par' dir='ltr' id='par_1_43' title="bbox 1041 781 1827 817">
     <span class='ocr_line' id='line_1_43' title="bbox 1041 781 1827 817; baseline -0.004 -6"><span class='ocrx_word' id='word_1_297' title='bbox 1041 784 1121 811; x_wconf 80' lang='lat' dir='ltr'><strong>batur</strong></span> <span class='ocrx_word' id='word_1_298' title='bbox 1136 783 1211 817; x_wconf 86' lang='lat' dir='ltr'><strong>(luna</strong></span> <span class='ocrx_word' id='word_1_299' title='bbox 1225 783 1298 810; x_wconf 85' lang='lat' dir='ltr'><strong>enim</strong></span> <span class='ocrx_word' id='word_1_300' title='bbox 1316 782 1341 809; x_wconf 88' lang='lat' dir='ltr'><strong>iu</strong></span> <span class='ocrx_word' id='word_1_301' title='bbox 1355 781 1536 816; x_wconf 82' lang='lat' dir='ltr'><strong>principatum</strong></span> <span class='ocrx_word' id='word_1_302' title='bbox 1559 782 1648 810; x_wconf 80' lang='lat' dir='ltr'><strong>noetis</strong></span> <span class='ocrx_word' id='word_1_303' title='bbox 1669 782 1756 816; x_wconf 88' lang='lat' dir='ltr'><strong>posita</strong></span> <span class='ocrx_word' id='word_1_304' title='bbox 1775 783 1827 814; x_wconf 86' lang='lat' dir='ltr'><strong>est)</strong></span> 
     </span>
    </p>
   </div>
   <div class='ocr_carea' id='block_1_44' title="bbox 1041 827 1828 865">
    <p class='ocr_par' dir='ltr' id='par_1_44' title="bbox 1041 827 1828 865">
     <span class='ocr_line' id='line_1_44' title="bbox 1041 827 1828 865; baseline -0.004 -8"><span class='ocrx_word' id='word_1_305' title='bbox 1041 837 1074 857; x_wconf 86' lang='lat' dir='ltr'><strong>ac</strong></span> <span class='ocrx_word' id='word_1_306' title='bbox 1088 829 1185 856; x_wconf 87' lang='lat' dir='ltr'><strong>muttdi</strong></span> <span class='ocrx_word' id='word_1_307' title='bbox 1202 829 1375 865; x_wconf 74' lang='lat' dir='ltr'><strong>sapientiam,</strong></span> <span class='ocrx_word' id='word_1_308' title='bbox 1400 828 1473 855; x_wconf 74' lang='lat' dir='ltr'><strong>vellit</strong></span> <span class='ocrx_word' id='word_1_309' title='bbox 1488 827 1605 855; x_wconf 78' lang='lat' dir='ltr'><strong>fucatam</strong></span> <span class='ocrx_word' id='word_1_310' title='bbox 1621 828 1768 862; x_wconf 88' lang='lat' dir='ltr'><strong>quamdam</strong></span> <span class='ocrx_word' id='word_1_311' title='bbox 1784 828 1828 854; x_wconf 80' lang='lat' dir='ltr'><strong>lu-</strong></span> 
     </span>
    </p>
   </div>
   <div class='ocr_carea' id='block_1_45' title="bbox 1041 872 1830 908">
    <p class='ocr_par' dir='ltr' id='par_1_45' title="bbox 1041 872 1830 908">
     <span class='ocr_line' id='line_1_45' title="bbox 1041 872 1830 908; baseline -0.004 -5"><span class='ocrx_word' id='word_1_312' title='bbox 1041 883 1112 908; x_wconf 82' lang='lat' dir='ltr'><strong>cem,</strong></span> <span class='ocrx_word' id='word_1_313' title='bbox 1126 875 1279 903; x_wconf 84' lang='lat' dir='ltr'><strong>errantium</strong></span> <span class='ocrx_word' id='word_1_314' title='bbox 1301 872 1443 902; x_wconf 90' lang='lat' dir='ltr'><strong>hominum</strong></span> <span class='ocrx_word' id='word_1_315' title='bbox 1459 873 1588 901; x_wconf 87' lang='lat' dir='ltr'><strong>cordibus</strong></span> <span class='ocrx_word' id='word_1_316' title='bbox 1608 873 1830 907; x_wconf 83' lang='lat' dir='ltr'><strong>inlundens,ple-</strong></span> 
     </span>
    </p>
   </div>
   <div class='ocr_carea' id='block_1_46' title="bbox 1043 919 1829 955">
    <p class='ocr_par' dir='ltr' id='par_1_46' title="bbox 1043 919 1829 955">
     <span class='ocr_line' id='line_1_46' title="bbox 1043 919 1829 955; baseline -0.003 -7"><span class='ocrx_word' id='word_1_317' title='bbox 1043 921 1183 948; x_wconf 81' lang='lat' dir='ltr'><strong>nissima‘m</strong></span> <span class='ocrx_word' id='word_1_318' title='bbox 1195 920 1246 947; x_wconf 88' lang='lat' dir='ltr'><strong>sibi</strong></span> <span class='ocrx_word' id='word_1_319' title='bbox 1258 919 1372 955; x_wconf 84' lang='lat' dir='ltr'><strong>gloriam</strong></span> <span class='ocrx_word' id='word_1_320' title='bbox 1394 919 1581 954; x_wconf 85' lang='lat' dir='ltr'><strong>comparabat.</strong></span> <span class='ocrx_word' id='word_1_321' title='bbox 1594 919 1629 946; x_wconf 83' lang='lat' dir='ltr'><strong>At</strong></span> <span class='ocrx_word' id='word_1_322' title='bbox 1643 926 1724 946; x_wconf 90' lang='lat' dir='ltr'><strong>verus</strong></span> <span class='ocrx_word' id='word_1_323' title='bbox 1742 927 1829 954; x_wconf 81' lang='lat' dir='ltr'><strong>agnus</strong></span> 
     </span>
    </p>
   </div>
   <div class='ocr_carea' id='block_1_47' title="bbox 1006 956 1827 1003">
    <p class='ocr_par' dir='ltr' id='par_1_47' title="bbox 1006 956 1827 1003">
     <span class='ocr_line' id='line_1_47' title="bbox 1006 956 1827 1003; baseline -0.006 -8"><span class='ocrx_word' id='word_1_324' title='bbox 1006 956 1028 985; x_wconf 62' lang='lat'><strong>3</strong></span> <span class='ocrx_word' id='word_1_325' title='bbox 1043 975 1092 1003; x_wconf 92' lang='lat' dir='ltr'><strong>pro</strong></span> <span class='ocrx_word' id='word_1_326' title='bbox 1118 966 1198 995; x_wconf 82' lang='lat' dir='ltr'><strong>nobis</strong></span> <span class='ocrx_word' id='word_1_327' title='bbox 1210 967 1330 993; x_wconf 83' lang='lat' dir='ltr'><strong>moriens</strong></span> <span class='ocrx_word' id='word_1_328' title='bbox 1347 965 1448 992; x_wconf 87' lang='lat' dir='ltr'><strong>diaboli</strong></span> <span class='ocrx_word' id='word_1_329' title='bbox 1466 965 1580 1000; x_wconf 83' lang='lat' dir='ltr'><strong>gloriam</strong></span> <span class='ocrx_word' id='word_1_330' title='bbox 1598 965 1742 998; x_wconf 72' lang='lat' dir='ltr'><strong>oppressit;</strong></span> <span class='ocrx_word' id='word_1_331' title='bbox 1762 964 1827 990; x_wconf 82' lang='lat' dir='ltr'><strong>Eam</strong></span> 
     </span>
    </p>
   </div>
   <div class='ocr_carea' id='block_1_48' title="bbox 1040 1010 1828 1047">
    <p class='ocr_par' dir='ltr' id='par_1_48' title="bbox 1040 1010 1828 1047">
     <span class='ocr_line' id='line_1_48' title="bbox 1040 1010 1828 1047; baseline -0.008 -5"><span class='ocrx_word' id='word_1_332' title='bbox 1040 1015 1112 1042; x_wconf 92' lang='lat' dir='ltr'><strong>enim</strong></span> <span class='ocrx_word' id='word_1_333' title='bbox 1127 1014 1251 1042; x_wconf 65' lang='lat' dir='ltr'><strong>desinere</strong></span> <span class='ocrx_word' id='word_1_334' title='bbox 1263 1013 1291 1040; x_wconf 93' lang='lat' dir='ltr'><strong>in</strong></span> <span class='ocrx_word' id='word_1_335' title='bbox 1308 1016 1447 1047; x_wconf 81' lang='lat' dir='ltr'><strong>posterum</strong></span> <span class='ocrx_word' id='word_1_336' title='bbox 1466 1016 1493 1043; x_wconf 74' lang='lat' dir='ltr'><strong>et.</strong></span> <span class='ocrx_word' id='word_1_337' title='bbox 1517 1011 1622 1038; x_wconf 86' lang='lat' dir='ltr'><strong>absumi</strong></span> <span class='ocrx_word' id='word_1_338' title='bbox 1636 1010 1724 1044; x_wconf 65' lang='lat' dir='ltr'><strong>coget;</strong></span> <span class='ocrx_word' id='word_1_339' title='bbox 1740 1010 1828 1044; x_wconf 75' lang='lat' dir='ltr'><strong>Atque</strong></span> 
     </span>
    </p>
   </div>
   <div class='ocr_carea' id='block_1_49' title="bbox 1041 1055 1828 1091">
    <p class='ocr_par' dir='ltr' id='par_1_49' title="bbox 1041 1055 1828 1091">
     <span class='ocr_line' id='line_1_49' title="bbox 1041 1055 1828 1091; baseline -0.008 -4"><span class='ocrx_word' id='word_1_340' title='bbox 1041 1059 1068 1087; x_wconf 90' lang='lat' dir='ltr'><strong>ld</strong></span> <span class='ocrx_word' id='word_1_341' title='bbox 1088 1059 1191 1086; x_wconf 84' lang='lat' dir='ltr'><strong>scilicet</strong></span> <span class='ocrx_word' id='word_1_342' title='bbox 1206 1062 1276 1091; x_wconf 70' lang='lat' dir='ltr'><strong>erat,</strong></span> <span class='ocrx_word' id='word_1_343' title='bbox 1296 1058 1367 1091; x_wconf 91' lang='lat' dir='ltr'><strong>quod</strong></span> <span class='ocrx_word' id='word_1_344' title='bbox 1387 1057 1414 1084; x_wconf 91' lang='lat' dir='ltr'><strong>in</strong></span> <span class='ocrx_word' id='word_1_345' title='bbox 1435 1056 1550 1084; x_wconf 87' lang='lat' dir='ltr'><strong>Psalmis</strong></span> <span class='ocrx_word' id='word_1_346' title='bbox 1565 1057 1712 1083; x_wconf 81' lang='lat' dir='ltr'><strong>cauebatur</strong></span> <span class='ocrx_word' id='word_1_347' title='bbox 1729 1064 1736 1082; x_wconf 94' lang='lat'><strong>:</strong></span> <span class='ocrx_word' id='word_1_348' title='bbox 1752 1055 1828 1082; x_wconf 83' lang='lat' dir='ltr'><strong>Orie-</strong></span> 
     </span>
    </p>
   </div>
   <div class='ocr_carea' id='block_1_50' title="bbox 1041 1101 1826 1139">
    <p class='ocr_par' dir='ltr' id='par_1_50' title="bbox 1041 1101 1826 1139">
     <span class='ocr_line' id='line_1_50' title="bbox 1041 1101 1826 1139; baseline -0.006 -6"><span class='ocrx_word' id='word_1_349' title='bbox 1041 1112 1085 1133; x_wconf 83' lang='lat' dir='ltr'><strong>tnr</strong></span> <span class='ocrx_word' id='word_1_350' title='bbox 1098 1106 1124 1132; x_wconf 83' lang='lat' dir='ltr'><strong>in</strong></span> <span class='ocrx_word' id='word_1_351' title='bbox 1133 1105 1224 1132; x_wconf 77' lang='lat' dir='ltr'><strong>diebus</strong></span> <span class='ocrx_word' id='word_1_352' title='bbox 1240 1105 1297 1139; x_wconf 77' lang='lat' dir='ltr'><strong>ejus</strong></span> <span class='ocrx_word' id='word_1_353' title='bbox 1310 1104 1419 1138; x_wconf 71' lang='lat' dir='ltr'><strong>iustitia</strong></span> <span class='ocrx_word' id='word_1_354' title='bbox 1431 1107 1456 1130; x_wconf 85' lang='lat' dir='ltr'><strong>et</strong></span> <span class='ocrx_word' id='word_1_355' title='bbox 1467 1101 1631 1129; x_wconf 74' lang='lat' dir='ltr'><strong>abundantid</strong></span> <span class='ocrx_word' id='word_1_356' title='bbox 1649 1102 1732 1136; x_wconf 73' lang='lat' dir='ltr'><strong>parii,</strong></span> <span class='ocrx_word' id='word_1_357' title='bbox 1745 1102 1826 1128; x_wconf 81' lang='lat' dir='ltr'><strong>donec</strong></span> 
     </span>
    </p>
   </div>
   <div class='ocr_carea' id='block_1_51' title="bbox 1039 1147 1825 1181">
    <p class='ocr_par' dir='ltr' id='par_1_51' title="bbox 1039 1147 1825 1181">
     <span class='ocr_line' id='line_1_51' title="bbox 1039 1147 1825 1181; baseline -0.008 -2"><span class='ocrx_word' id='word_1_358' title='bbox 1039 1153 1071 1179; x_wconf 74' lang='lat' dir='ltr'><strong>de</strong></span> <span class='ocrx_word' id='word_1_359' title='bbox 1087 1152 1171 1179; x_wconf 79' lang='lat' dir='ltr'><strong>medio</strong></span> <span class='ocrx_word' id='word_1_360' title='bbox 1184 1151 1300 1178; x_wconf 60' lang='lat' dir='ltr'><strong>vicissim</strong></span> <span class='ocrx_word' id='word_1_361' title='bbox 1315 1150 1425 1177; x_wconf 79' lang='lat' dir='ltr'><strong>tollatur</strong></span> <span class='ocrx_word' id='word_1_362' title='bbox 1445 1149 1553 1176; x_wconf 71' lang='lat' dir='ltr'><strong>lana“.</strong></span> <span class='ocrx_word' id='word_1_363' title='bbox 1580 1149 1640 1181; x_wconf 85' lang='lat' dir='ltr'><strong>Quo</strong></span> <span class='ocrx_word' id='word_1_364' title='bbox 1653 1147 1712 1176; x_wconf 91' lang='lat' dir='ltr'><strong>loco</strong></span> <span class='ocrx_word' id='word_1_365' title='bbox 1730 1148 1825 1175; x_wconf 85' lang='lat' dir='ltr'><strong>obser-</strong></span> 
     </span>
    </p>
   </div>
   <div class='ocr_carea' id='block_1_52' title="bbox 1038 1192 1826 1232">
    <p class='ocr_par' dir='ltr' id='par_1_52' title="bbox 1038 1192 1826 1232">
     <span class='ocr_line' id='line_1_52' title="bbox 1038 1192 1826 1232; baseline -0.008 -7"><span class='ocrx_word' id='word_1_366' title='bbox 1038 1198 1156 1225; x_wconf 84' lang='lat' dir='ltr'><strong>vandum</strong></span> <span class='ocrx_word' id='word_1_367' title='bbox 1172 1196 1298 1232; x_wconf 87' lang='lat' dir='ltr'><strong>esl,quod</strong></span> <span class='ocrx_word' id='word_1_368' title='bbox 1314 1203 1367 1222; x_wconf 89' lang='lat' dir='ltr'><strong>non</strong></span> <span class='ocrx_word' id='word_1_369' title='bbox 1378 1192 1462 1222; x_wconf 80' lang='lat' dir='ltr'><strong>dixit:</strong></span> <span class='ocrx_word' id='word_1_370' title='bbox 1474 1192 1607 1226; x_wconf 72' lang='lat' dir='ltr'><strong>Tulldtur,‘</strong></span> <span class='ocrx_word' id='word_1_371' title='bbox 1627 1194 1685 1226; x_wconf 82' lang='lat' dir='ltr'><strong>sed,</strong></span> <span class='ocrx_word' id='word_1_372' title='bbox 1705 1193 1826 1220; x_wconf 72' lang='lat' dir='ltr'><strong>Vicissim</strong></span> 
     </span>
    </p>
   </div>
   <div class='ocr_carea' id='block_1_53' title="bbox 1039 1237 1827 1276">
    <p class='ocr_par' dir='ltr' id='par_1_53' title="bbox 1039 1237 1827 1276">
     <span class='ocr_line' id='line_1_53' title="bbox 1039 1237 1827 1276; baseline -0.008 -5"><span class='ocrx_word' id='word_1_373' title='bbox 1039 1244 1159 1271; x_wconf 78' lang='lat' dir='ltr'><strong>tollatur.</strong></span> <span class='ocrx_word' id='word_1_374' title='bbox 1172 1243 1255 1276; x_wconf 78' lang='lat' dir='ltr'><strong>Quasi</strong></span> <span class='ocrx_word' id='word_1_375' title='bbox 1270 1242 1343 1269; x_wconf 90' lang='lat' dir='ltr'><strong>enim</strong></span> <span class='ocrx_word' id='word_1_376' title='bbox 1358 1238 1496 1269; x_wconf 76' lang='lat' dir='ltr'><strong>hominem</strong></span> <span class='ocrx_word' id='word_1_377' title='bbox 1510 1237 1566 1276; x_wconf 78' lang='lat' dir='ltr'><strong>j‘at&#39;n</strong></span> <span class='ocrx_word' id='word_1_378' title='bbox 1579 1237 1730 1270; x_wconf 77' lang='lat' dir='ltr'><strong>sustulerit.</strong></span> <span class='ocrx_word' id='word_1_379' title='bbox 1744 1237 1827 1266; x_wconf 76' lang='lat' dir='ltr'><strong>riuis—</strong></span> 
     </span>
    </p>
   </div>
   <div class='ocr_carea' id='block_1_54' title="bbox 1037 1283 1825 1323">
    <p class='ocr_par' dir='ltr' id='par_1_54' title="bbox 1037 1283 1825 1323">
     <span class='ocr_line' id='line_1_54' title="bbox 1037 1283 1825 1323; baseline -0.006 -6"><span class='ocrx_word' id='word_1_380' title='bbox 1037 1291 1089 1317; x_wconf 82' lang='lat' dir='ltr'><strong>sim</strong></span> <span class='ocrx_word' id='word_1_381' title='bbox 1121 1289 1245 1316; x_wconf 84' lang='lat' dir='ltr'><strong>diabolus</strong></span> <span class='ocrx_word' id='word_1_382' title='bbox 1264 1289 1322 1323; x_wconf 86' lang='lat' dir='ltr'><strong>ipse</strong></span> <span class='ocrx_word' id='word_1_383' title='bbox 1343 1288 1377 1315; x_wconf 89' lang='lat' dir='ltr'><strong>de</strong></span> <span class='ocrx_word' id='word_1_384' title='bbox 1393 1284 1483 1315; x_wconf 78' lang='lat' dir='ltr'><strong>medio</strong></span> <span class='ocrx_word' id='word_1_385' title='bbox 1506 1283 1619 1314; x_wconf 78' lang='lat' dir='ltr'><strong>tollitur.</strong></span> <span class='ocrx_word' id='word_1_386' title='bbox 1635 1286 1713 1320; x_wconf 82' lang='lat' dir='ltr'><strong>Quod</strong></span> <span class='ocrx_word' id='word_1_387' title='bbox 1732 1286 1753 1312; x_wconf 86' lang='lat' dir='ltr'><strong>si</strong></span> <span class='ocrx_word' id='word_1_388' title='bbox 1776 1285 1825 1312; x_wconf 88' lang='lat' dir='ltr'><strong>hoc</strong></span> 
     </span>
    </p>
   </div>
   <div class='ocr_carea' id='block_1_55' title="bbox 1036 1328 1827 1368">
    <p class='ocr_par' dir='ltr' id='par_1_55' title="bbox 1036 1328 1827 1368">
     <span class='ocr_line' id='line_1_55' title="bbox 1036 1328 1827 1368; baseline -0.006 -6"><span class='ocrx_word' id='word_1_389' title='bbox 1036 1336 1096 1363; x_wconf 88' lang='lat' dir='ltr'><strong>loco</strong></span> <span class='ocrx_word' id='word_1_390' title='bbox 1115 1336 1206 1362; x_wconf 87' lang='lat' dir='ltr'><strong>lunam</strong></span> <span class='ocrx_word' id='word_1_391' title='bbox 1242 1335 1268 1361; x_wconf 87' lang='lat' dir='ltr'><strong>itt</strong></span> <span class='ocrx_word' id='word_1_392' title='bbox 1289 1333 1386 1361; x_wconf 81' lang='lat' dir='ltr'><strong>bonam</strong></span> <span class='ocrx_word' id='word_1_393' title='bbox 1402 1338 1505 1368; x_wconf 88' lang='lat' dir='ltr'><strong>partem</strong></span> <span class='ocrx_word' id='word_1_394' title='bbox 1520 1330 1670 1367; x_wconf 81' lang='lat' dir='ltr'><strong>intelligere</strong></span> <span class='ocrx_word' id='word_1_395' title='bbox 1685 1328 1762 1362; x_wconf 84' lang='lat' dir='ltr'><strong>velis,</strong></span> <span class='ocrx_word' id='word_1_396' title='bbox 1785 1331 1827 1357; x_wconf 83' lang='lat' dir='ltr'><strong>id-</strong></span> 
     </span>
    </p>
   </div>
   <div class='ocr_carea' id='block_1_56' title="bbox 1035 1376 1824 1414">
    <p class='ocr_par' dir='ltr' id='par_1_56' title="bbox 1035 1376 1824 1414">
     <span class='ocr_line' id='line_1_56' title="bbox 1035 1376 1824 1414; baseline -0.008 -7"><span class='ocrx_word' id='word_1_397' title='bbox 1035 1380 1107 1408; x_wconf 84' lang='lat' dir='ltr'><strong>circo</strong></span> <span class='ocrx_word' id='word_1_398' title='bbox 1115 1380 1148 1407; x_wconf 82' lang='lat' dir='ltr'><strong>ad</strong></span> <span class='ocrx_word' id='word_1_399' title='bbox 1165 1379 1296 1406; x_wconf 84' lang='lat' dir='ltr'><strong>decimam</strong></span> <span class='ocrx_word' id='word_1_400' title='bbox 1310 1376 1433 1414; x_wconf 74' lang='lat' dir='ltr'><strong>quartam</strong></span> <span class='ocrx_word' id='word_1_401' title='bbox 1449 1381 1614 1412; x_wconf 88' lang='lat' dir='ltr'><strong>spectatntts,</strong></span> <span class='ocrx_word' id='word_1_402' title='bbox 1629 1376 1691 1410; x_wconf 79' lang='lat' dir='ltr'><strong>quia</strong></span> <span class='ocrx_word' id='word_1_403' title='bbox 1705 1383 1751 1410; x_wconf 86' lang='lat' dir='ltr'><strong>per</strong></span> <span class='ocrx_word' id='word_1_404' title='bbox 1765 1382 1824 1402; x_wconf 88' lang='lat' dir='ltr'><strong>eam</strong></span> 
     </span>
    </p>
   </div>
   <div class='ocr_carea' id='block_1_57' title="bbox 1035 1421 1825 1459">
    <p class='ocr_par' dir='ltr' id='par_1_57' title="bbox 1035 1421 1825 1459">
     <span class='ocr_line' id='line_1_57' title="bbox 1035 1421 1825 1459; baseline -0.01 -6"><span class='ocrx_word' id='word_1_405' title='bbox 1035 1426 1126 1454; x_wconf 79' lang='lat' dir='ltr'><strong>lucem</strong></span> <span class='ocrx_word' id='word_1_406' title='bbox 1142 1432 1203 1459; x_wconf 62' lang='lat' dir='ltr'><strong>quae</strong></span> <span class='ocrx_word' id='word_1_407' title='bbox 1222 1425 1249 1451; x_wconf 91' lang='lat' dir='ltr'><strong>in</strong></span> <span class='ocrx_word' id='word_1_408' title='bbox 1266 1428 1405 1458; x_wconf 82' lang='lat' dir='ltr'><strong>aspectum</strong></span> <span class='ocrx_word' id='word_1_409' title='bbox 1420 1422 1503 1454; x_wconf 82' lang='lat' dir='ltr'><strong>cadit,</strong></span> <span class='ocrx_word' id='word_1_410' title='bbox 1523 1427 1551 1449; x_wconf 88' lang='lat' dir='ltr'><strong>et</strong></span> <span class='ocrx_word' id='word_1_411' title='bbox 1573 1421 1686 1448; x_wconf 83' lang='lat' dir='ltr'><strong>materia</strong></span> <span class='ocrx_word' id='word_1_412' title='bbox 1707 1424 1825 1451; x_wconf 80' lang='lat' dir='ltr'><strong>constat,</strong></span> 
     </span>
    </p>
   </div>
   <div class='ocr_carea' id='block_1_58' title="bbox 1035 1466 1826 1506">
    <p class='ocr_par' dir='ltr' id='par_1_58' title="bbox 1035 1466 1826 1506">
     <span class='ocr_line' id='line_1_58' title="bbox 1035 1466 1826 1506; baseline -0.009 -7"><span class='ocrx_word' id='word_1_413' title='bbox 1035 1479 1095 1500; x_wconf 85' lang='lat' dir='ltr'><strong>eam</strong></span> <span class='ocrx_word' id='word_1_414' title='bbox 1112 1471 1231 1506; x_wconf 80' lang='lat' dir='ltr'><strong>imagine</strong></span> <span class='ocrx_word' id='word_1_415' title='bbox 1252 1470 1370 1504; x_wconf 87' lang='lat' dir='ltr'><strong>quadam</strong></span> <span class='ocrx_word' id='word_1_416' title='bbox 1386 1467 1586 1502; x_wconf 75' lang='lat' dir='ltr'><strong>concipiamus,</strong></span> <span class='ocrx_word' id='word_1_417' title='bbox 1599 1474 1658 1502; x_wconf 66' lang='lat' dir='ltr'><strong>quae</strong></span> <span class='ocrx_word' id='word_1_418' title='bbox 1677 1466 1826 1502; x_wconf 85' lang='lat' dir='ltr'><strong>spiritualis</strong></span> 
     </span>
    </p>
   </div>
   <div class='ocr_carea' id='block_1_59' title="bbox 1038 1511 1825 1551">
    <p class='ocr_par' dir='ltr' id='par_1_59' title="bbox 1038 1511 1825 1551">
     <span class='ocr_line' id='line_1_59' title="bbox 1038 1511 1825 1551; baseline -0.009 -7"><span class='ocrx_word' id='word_1_419' title='bbox 1038 1516 1091 1550; x_wconf 78' lang='lat' dir='ltr'><strong>est,</strong></span> <span class='ocrx_word' id='word_1_420' title='bbox 1109 1515 1286 1551; x_wconf 81' lang='lat' dir='ltr'><strong>materiaeque</strong></span> <span class='ocrx_word' id='word_1_421' title='bbox 1304 1521 1412 1548; x_wconf 80' lang='lat' dir='ltr'><strong>expers,</strong></span> <span class='ocrx_word' id='word_1_422' title='bbox 1427 1518 1457 1540; x_wconf 93' lang='lat' dir='ltr'><strong>ut</strong></span> <span class='ocrx_word' id='word_1_423' title='bbox 1472 1513 1498 1540; x_wconf 95' lang='lat' dir='ltr'><strong>in</strong></span> <span class='ocrx_word' id='word_1_424' title='bbox 1511 1512 1629 1547; x_wconf 80' lang='lat' dir='ltr'><strong>speciem</strong></span> <span class='ocrx_word' id='word_1_425' title='bbox 1650 1511 1760 1546; x_wconf 87' lang='lat' dir='ltr'><strong>quidem</strong></span> <span class='ocrx_word' id='word_1_426' title='bbox 1782 1511 1825 1537; x_wconf 95' lang='lat' dir='ltr'><strong>lu-</strong></span> 
     </span>
    </p>
   </div>
   <div class='ocr_carea' id='block_1_60' title="bbox 1040 1558 1824 1596">
    <p class='ocr_par' dir='ltr' id='par_1_60' title="bbox 1040 1558 1824 1596">
     <span class='ocr_line' id='line_1_60' title="bbox 1040 1558 1824 1596; baseline -0.008 -8"><span class='ocrx_word' id='word_1_427' title='bbox 1040 1569 1103 1588; x_wconf 87' lang='lat' dir='ltr'><strong>nam</strong></span> <span class='ocrx_word' id='word_1_428' title='bbox 1119 1561 1226 1596; x_wconf 80' lang='lat' dir='ltr'><strong>plenant</strong></span> <span class='ocrx_word' id='word_1_429' title='bbox 1243 1565 1412 1594; x_wconf 77' lang='lat' dir='ltr'><strong>expetamus,</strong></span> <span class='ocrx_word' id='word_1_430' title='bbox 1432 1565 1494 1593; x_wconf 64' lang='lat' dir='ltr'><strong>qua</strong></span> <span class='ocrx_word' id='word_1_431' title='bbox 1511 1558 1600 1585; x_wconf 89' lang='lat' dir='ltr'><strong>lucent</strong></span> <span class='ocrx_word' id='word_1_432' title='bbox 1608 1563 1685 1585; x_wconf 85' lang='lat' dir='ltr'><strong>suam</strong></span> <span class='ocrx_word' id='word_1_433' title='bbox 1703 1560 1760 1582; x_wconf 89' lang='lat' dir='ltr'><strong>tota</strong></span> <span class='ocrx_word' id='word_1_434' title='bbox 1777 1562 1824 1582; x_wconf 91' lang='lat' dir='ltr'><strong>no-</strong></span> 
     </span>
    </p>
   </div>
   <div class='ocr_carea' id='block_1_61' title="bbox 198 1600 1824 1649">
    <p class='ocr_par' dir='ltr' id='par_1_61' title="bbox 198 1600 1824 1649">
     <span class='ocr_line' id='line_1_61' title="bbox 198 1600 1824 1649; baseline -0.004 -15"><span class='ocrx_word' id='word_1_435' title='bbox 198 1600 288 1627; x_wconf 67' lang='grc' dir='ltr'>υιτιίίει</span> <span class='ocrx_word' id='word_1_436' title='bbox 312 1601 416 1628; x_wconf 60' lang='lat' dir='ltr'><strong>ocelli&quot;!</strong></span> <span class='ocrx_word' id='word_1_437' title='bbox 444 1609 543 1634; x_wconf 64' lang='lat' dir='ltr'><strong>causa.&quot;</strong></span> <span class='ocrx_word' id='word_1_438' title='bbox 561 1610 610 1630; x_wconf 79' lang='lat' dir='ltr'><strong>cur</strong></span> <span class='ocrx_word' id='word_1_439' title='bbox 627 1611 714 1637; x_wconf 76' lang='lat' dir='ltr'><strong>agnus</strong></span> <span class='ocrx_word' id='word_1_440' title='bbox 742 1604 848 1631; x_wconf 82' lang='lat' dir='ltr'><strong>decima</strong></span> <span class='ocrx_word' id='word_1_441' title='bbox 873 1604 982 1638; x_wconf 77' lang='lat' dir='ltr'><strong>quidem</strong></span> <span class='ocrx_word' id='word_1_442' title='bbox 999 1617 1026 1649; x_wconf 64' lang='grc' dir='ltr'><strong>ει</strong></span> <span class='ocrx_word' id='word_1_443' title='bbox 1037 1612 1080 1635; x_wconf 86' lang='lat' dir='ltr'><strong>cte</strong></span> <span class='ocrx_word' id='word_1_444' title='bbox 1094 1607 1286 1642; x_wconf 85' lang='lat' dir='ltr'><strong>pcrdurantem</strong></span> <span class='ocrx_word' id='word_1_445' title='bbox 1301 1604 1379 1632; x_wconf 83' lang='lat' dir='ltr'><strong>n‘obi&#39;s</strong></span> <span class='ocrx_word' id='word_1_446' title='bbox 1390 1604 1517 1639; x_wconf 66' lang='lat' dir='ltr'><strong>praebeat,</strong></span> <span class='ocrx_word' id='word_1_447' title='bbox 1535 1610 1629 1630; x_wconf 80' lang='lat' dir='ltr'><strong>revera</strong></span> <span class='ocrx_word' id='word_1_448' title='bbox 1645 1606 1734 1629; x_wconf 87' lang='lat' dir='ltr'><strong>autem</strong></span> <span class='ocrx_word' id='word_1_449' title='bbox 1746 1600 1824 1628; x_wconf 84' lang='lat' dir='ltr'><strong>nobis</strong></span> 
     </span>
    </p>
   </div>
   <div class='ocr_carea' id='block_1_62' title="bbox 198 1646 985 1687">
    <p class='ocr_par' dir='ltr' id='par_1_62' title="bbox 198 1646 985 1687">
     <span class='ocr_line' id='line_1_62' title="bbox 198 1646 985 1687; baseline 0.004 -13"><span class='ocrx_word' id='word_1_450' title='bbox 198 1646 358 1687; x_wconf 65' lang='lat' dir='ltr'><strong>accipiatur,</strong></span> <span class='ocrx_word' id='word_1_451' title='bbox 385 1655 477 1674; x_wconf 83' lang='lat' dir='ltr'><strong>verum</strong></span> <span class='ocrx_word' id='word_1_452' title='bbox 507 1648 610 1675; x_wconf 81' lang='lat' dir='ltr'><strong>decima</strong></span> <span class='ocrx_word' id='word_1_453' title='bbox 638 1653 735 1683; x_wconf 85' lang='lat' dir='ltr'><strong>quarta</strong></span> <span class='ocrx_word' id='word_1_454' title='bbox 764 1650 816 1676; x_wconf 72' lang='lat' dir='ltr'><strong>sub</strong></span> <span class='ocrx_word' id='word_1_455' title='bbox 845 1657 985 1684; x_wconf 82' lang='lat' dir='ltr'><strong>vesperam</strong></span> 
     </span>
    </p>
   </div>
   <div class='ocr_carea' id='block_1_63' title="bbox 198 1688 987 1728">
    <p class='ocr_par' dir='ltr' id='par_1_63' title="bbox 198 1688 987 1728">
     <span class='ocr_line' id='line_1_63' title="bbox 198 1688 987 1728; baseline 0.004 -10"><span class='ocrx_word' id='word_1_456' title='bbox 198 1693 360 1720; x_wconf 75' lang='lat' dir='ltr'><strong>immolatur.</strong></span> <span class='ocrx_word' id='word_1_457' title='bbox 390 1693 458 1719; x_wconf 89' lang='lat' dir='ltr'><strong>Nam</strong></span> <span class='ocrx_word' id='word_1_458' title='bbox 479 1693 550 1728; x_wconf 91' lang='lat' dir='ltr'><strong>quod</strong></span> <span class='ocrx_word' id='word_1_459' title='bbox 567 1701 620 1721; x_wconf 93' lang='lat' dir='ltr'><strong>non</strong></span> <span class='ocrx_word' id='word_1_460' title='bbox 641 1695 731 1728; x_wconf 81' lang='lat' dir='ltr'><strong>prima</strong></span> <span class='ocrx_word' id='word_1_461' title='bbox 746 1695 800 1727; x_wconf 85' lang='lat' dir='ltr'><strong>die,</strong></span> <span class='ocrx_word' id='word_1_462' title='bbox 819 1695 866 1721; x_wconf 88' lang='lat' dir='ltr'><strong>sed</strong></span> <span class='ocrx_word' id='word_1_463' title='bbox 882 1688 987 1722; x_wconf 83' lang='lat' dir='ltr'><strong>deeitna</strong></span> 
     </span>
    </p>
   </div>
   <div class='ocr_carea' id='block_1_64' title="bbox 197 1738 989 1774">
    <p class='ocr_par' dir='ltr' id='par_1_64' title="bbox 197 1738 989 1774">
     <span class='ocr_line' id='line_1_64' title="bbox 197 1738 989 1774; baseline 0.004 -10"><span class='ocrx_word' id='word_1_464' title='bbox 197 1738 340 1772; x_wconf 85' lang='lat' dir='ltr'><strong>accipitur,</strong></span> <span class='ocrx_word' id='word_1_465' title='bbox 361 1739 411 1766; x_wconf 90' lang='lat' dir='ltr'><strong>ltoc</strong></span> <span class='ocrx_word' id='word_1_466' title='bbox 423 1739 535 1772; x_wconf 83' lang='lat' dir='ltr'><strong>indicat,</strong></span> <span class='ocrx_word' id='word_1_467' title='bbox 545 1740 615 1774; x_wconf 88' lang='lat' dir='ltr'><strong>quod</strong></span> <span class='ocrx_word' id='word_1_468' title='bbox 630 1741 708 1774; x_wconf 74' lang='lat' dir='ltr'><strong>longa</strong></span> <span class='ocrx_word' id='word_1_469' title='bbox 722 1746 800 1767; x_wconf 83' lang='lat' dir='ltr'><strong>erant</strong></span> <span class='ocrx_word' id='word_1_470' title='bbox 815 1741 912 1767; x_wconf 69' lang='lat' dir='ltr'><strong>saecula</strong></span> <span class='ocrx_word' id='word_1_471' title='bbox 931 1742 989 1774; x_wconf 79' lang='lat' dir='ltr'><strong>illa,</strong></span> 
     </span>
    </p>
   </div>
   <div class='ocr_carea' id='block_1_65' title="bbox 198 1785 984 1820">
    <p class='ocr_par' dir='ltr' id='par_1_65' title="bbox 198 1785 984 1820">
     <span class='ocr_line' id='line_1_65' title="bbox 198 1785 984 1820; baseline 0.003 -10"><span class='ocrx_word' id='word_1_472' title='bbox 198 1791 259 1818; x_wconf 69' lang='lat' dir='ltr'><strong>quat</strong></span> <span class='ocrx_word' id='word_1_473' title='bbox 273 1785 442 1811; x_wconf 83' lang='lat' dir='ltr'><strong>creationem</strong></span> <span class='ocrx_word' id='word_1_474' title='bbox 458 1789 578 1812; x_wconf 75' lang='lat' dir='ltr'><strong>nostram</strong></span> <span class='ocrx_word' id='word_1_475' title='bbox 593 1785 790 1820; x_wconf 65' lang='lat' dir='ltr'><strong>praecedebant,</strong></span> <span class='ocrx_word' id='word_1_476' title='bbox 806 1787 904 1820; x_wconf 87' lang='lat' dir='ltr'><strong>quibus</strong></span> <span class='ocrx_word' id='word_1_477' title='bbox 915 1794 984 1812; x_wconf 83' lang='lat' dir='ltr'><strong>scin-</strong></span> 
     </span>
    </p>
   </div>
   <div class='ocr_carea' id='block_1_66' title="bbox 199 1830 983 1865">
    <p class='ocr_par' dir='ltr' id='par_1_66' title="bbox 199 1830 983 1865">
     <span class='ocr_line' id='line_1_66' title="bbox 199 1830 983 1865; baseline 0.003 -10"><span class='ocrx_word' id='word_1_478' title='bbox 199 1837 246 1863; x_wconf 82' lang='lat' dir='ltr'><strong>per</strong></span> <span class='ocrx_word' id='word_1_479' title='bbox 261 1834 319 1857; x_wconf 78' lang='lat' dir='ltr'><strong>erat</strong></span> <span class='ocrx_word' id='word_1_480' title='bbox 336 1830 426 1856; x_wconf 79' lang='lat' dir='ltr'><strong>Deus:</strong></span> <span class='ocrx_word' id='word_1_481' title='bbox 444 1836 504 1865; x_wconf 91' lang='lat' dir='ltr'><strong>post</strong></span> <span class='ocrx_word' id='word_1_482' title='bbox 518 1836 606 1857; x_wconf 79' lang='lat' dir='ltr'><strong>autern</strong></span> <span class='ocrx_word' id='word_1_483' title='bbox 631 1832 760 1858; x_wconf 66' lang='lat' dir='ltr'><strong>saeculum</strong></span> <span class='ocrx_word' id='word_1_484' title='bbox 783 1831 835 1858; x_wconf 88' lang='lat' dir='ltr'><strong>hoc</strong></span> <span class='ocrx_word' id='word_1_485' title='bbox 859 1835 983 1858; x_wconf 84' lang='lat' dir='ltr'><strong>nostrum</strong></span> 
     </span>
    </p>
   </div>
   <div class='ocr_carea' id='block_1_67' title="bbox 199 1876 988 1912">
    <p class='ocr_par' dir='ltr' id='par_1_67' title="bbox 199 1876 988 1912">
     <span class='ocr_line' id='line_1_67' title="bbox 199 1876 988 1912; baseline 0.003 -10"><span class='ocrx_word' id='word_1_486' title='bbox 199 1876 359 1911; x_wconf 84' lang='lat' dir='ltr'><strong>ingreditur.</strong></span> <span class='ocrx_word' id='word_1_487' title='bbox 376 1877 460 1910; x_wconf 87' lang='lat' dir='ltr'><strong>quod,</strong></span> <span class='ocrx_word' id='word_1_488' title='bbox 474 1877 547 1903; x_wconf 88' lang='lat' dir='ltr'><strong>velut</strong></span> <span class='ocrx_word' id='word_1_489' title='bbox 558 1885 606 1912; x_wconf 88' lang='lat' dir='ltr'><strong>per</strong></span> <span class='ocrx_word' id='word_1_490' title='bbox 618 1877 739 1912; x_wconf 85' lang='lat' dir='ltr'><strong>quinque</strong></span> <span class='ocrx_word' id='word_1_491' title='bbox 753 1876 811 1903; x_wconf 81' lang='lat' dir='ltr'><strong>dies</strong></span> <span class='ocrx_word' id='word_1_492' title='bbox 828 1877 854 1911; x_wconf 84' lang='lat' dir='ltr'><strong>in</strong></span> <span class='ocrx_word' id='word_1_493' title='bbox 868 1877 988 1910; x_wconf 80' lang='lat' dir='ltr'><strong>quinque</strong></span> 
     </span>
    </p>
   </div>
   <div class='ocr_carea' id='block_1_68' title="bbox 198 1920 989 1955">
    <p class='ocr_par' dir='ltr' id='par_1_68' title="bbox 198 1920 989 1955">
     <span class='ocr_line' id='line_1_68' title="bbox 198 1920 989 1955; baseline -0.003 -6"><span class='ocrx_word' id='word_1_494' title='bbox 198 1925 320 1955; x_wconf 82' lang='lat' dir='ltr'><strong>tempora</strong></span> <span class='ocrx_word' id='word_1_495' title='bbox 335 1920 481 1954; x_wconf 86' lang='lat' dir='ltr'><strong>dividitur,-</strong></span> <span class='ocrx_word' id='word_1_496' title='bbox 494 1921 624 1949; x_wconf 87' lang='lat' dir='ltr'><strong>nimirum</strong></span> <span class='ocrx_word' id='word_1_497' title='bbox 643 1921 670 1947; x_wconf 85' lang='lat' dir='ltr'><strong>in</strong></span> <span class='ocrx_word' id='word_1_498' title='bbox 682 1920 746 1948; x_wconf 89' lang='lat' dir='ltr'><strong>illud</strong></span> <span class='ocrx_word' id='word_1_499' title='bbox 758 1921 829 1955; x_wconf 88' lang='lat' dir='ltr'><strong>quod</strong></span> <span class='ocrx_word' id='word_1_500' title='bbox 842 1920 989 1947; x_wconf 85' lang='lat' dir='ltr'><strong>ahAdatno</strong></span> 
     </span>
    </p>
   </div>
   <div class='ocr_carea' id='block_1_69' title="bbox 200 1965 987 2001">
    <p class='ocr_par' dir='ltr' id='par_1_69' title="bbox 200 1965 987 2001">
     <span class='ocr_line' id='line_1_69' title="bbox 200 1965 987 2001; baseline -0.001 -8"><span class='ocrx_word' id='word_1_501' title='bbox 200 1973 286 2001; x_wconf 79' lang='lat' dir='ltr'><strong>usque</strong></span> <span class='ocrx_word' id='word_1_502' title='bbox 303 1967 336 1993; x_wconf 90' lang='lat' dir='ltr'><strong>ad</strong></span> <span class='ocrx_word' id='word_1_503' title='bbox 353 1965 408 1993; x_wconf 82' lang='lat' dir='ltr'><strong>Noe</strong></span> <span class='ocrx_word' id='word_1_504' title='bbox 421 1967 509 1999; x_wconf 86' lang='lat' dir='ltr'><strong>ﬂuxit,</strong></span> <span class='ocrx_word' id='word_1_505' title='bbox 530 1966 558 1993; x_wconf 90' lang='lat' dir='ltr'><strong>in</strong></span> <span class='ocrx_word' id='word_1_506' title='bbox 571 1966 636 1993; x_wconf 88' lang='lat' dir='ltr'><strong>illud</strong></span> <span class='ocrx_word' id='word_1_507' title='bbox 654 1966 727 2001; x_wconf 91' lang='lat' dir='ltr'><strong>quod</strong></span> <span class='ocrx_word' id='word_1_508' title='bbox 743 1973 759 1992; x_wconf 88' lang='lat' dir='ltr'><strong>a</strong></span> <span class='ocrx_word' id='word_1_509' title='bbox 770 1965 827 1993; x_wconf 87' lang='lat' dir='ltr'><strong>Noe</strong></span> <span class='ocrx_word' id='word_1_510' title='bbox 849 1973 935 2000; x_wconf 84' lang='lat' dir='ltr'><strong>usque</strong></span> <span class='ocrx_word' id='word_1_511' title='bbox 955 1966 987 1993; x_wconf 93' lang='lat' dir='ltr'><strong>ad</strong></span> 
     </span>
    </p>
   </div>
   <div class='ocr_carea' id='block_1_70' title="bbox 199 2011 989 2046">
    <p class='ocr_par' dir='ltr' id='par_1_70' title="bbox 199 2011 989 2046">
     <span class='ocr_line' id='line_1_70' title="bbox 199 2011 989 2046; baseline 0 -8"><span class='ocrx_word' id='word_1_512' title='bbox 199 2012 395 2044; x_wconf 83' lang='lat' dir='ltr'><strong>Abrahammn,</strong></span> <span class='ocrx_word' id='word_1_513' title='bbox 415 2013 442 2038; x_wconf 95' lang='lat' dir='ltr'><strong>in</strong></span> <span class='ocrx_word' id='word_1_514' title='bbox 464 2012 528 2038; x_wconf 88' lang='lat' dir='ltr'><strong>illud</strong></span> <span class='ocrx_word' id='word_1_515' title='bbox 545 2011 618 2046; x_wconf 91' lang='lat' dir='ltr'><strong>quod</strong></span> <span class='ocrx_word' id='word_1_516' title='bbox 636 2012 671 2039; x_wconf 83' lang='lat' dir='ltr'><strong>ab</strong></span> <span class='ocrx_word' id='word_1_517' title='bbox 686 2011 842 2038; x_wconf 82' lang='lat' dir='ltr'><strong>Abrahamo</strong></span> <span class='ocrx_word' id='word_1_518' title='bbox 855 2018 941 2046; x_wconf 82' lang='lat' dir='ltr'><strong>usque</strong></span> <span class='ocrx_word' id='word_1_519' title='bbox 954 2011 989 2038; x_wconf 85' lang='lat' dir='ltr'><strong>ad</strong></span> 
     </span>
    </p>
   </div>
   <div class='ocr_carea' id='block_1_71' title="bbox 199 2056 988 2092">
    <p class='ocr_par' dir='ltr' id='par_1_71' title="bbox 199 2056 988 2092">
     <span class='ocr_line' id='line_1_71' title="bbox 199 2056 988 2092; baseline 0.001 -9"><span class='ocrx_word' id='word_1_520' title='bbox 199 2057 307 2089; x_wconf 76' lang='lat' dir='ltr'><strong>Mosen,</strong></span> <span class='ocrx_word' id='word_1_521' title='bbox 319 2057 345 2083; x_wconf 94' lang='lat' dir='ltr'><strong>in</strong></span> <span class='ocrx_word' id='word_1_522' title='bbox 367 2057 431 2084; x_wconf 88' lang='lat' dir='ltr'><strong>illud</strong></span> <span class='ocrx_word' id='word_1_523' title='bbox 445 2056 516 2092; x_wconf 88' lang='lat' dir='ltr'><strong>quod</strong></span> <span class='ocrx_word' id='word_1_524' title='bbox 529 2064 542 2084; x_wconf 87' lang='lat' dir='ltr'><strong>a</strong></span> <span class='ocrx_word' id='word_1_525' title='bbox 553 2057 636 2085; x_wconf 84' lang='lat' dir='ltr'><strong>Mose&#39;</strong></span> <span class='ocrx_word' id='word_1_526' title='bbox 653 2065 740 2092; x_wconf 85' lang='lat' dir='ltr'><strong>usque</strong></span> <span class='ocrx_word' id='word_1_527' title='bbox 755 2057 788 2084; x_wconf 88' lang='lat' dir='ltr'><strong>ad</strong></span> <span class='ocrx_word' id='word_1_528' title='bbox 802 2057 902 2084; x_wconf 89' lang='lat' dir='ltr'><strong>Christi</strong></span> <span class='ocrx_word' id='word_1_529' title='bbox 919 2064 988 2091; x_wconf 66' lang='lat' dir='ltr'><strong>pra:-</strong></span> 
     </span>
    </p>
   </div>
   <div class='ocr_carea' id='block_1_72' title="bbox 200 2102 987 2137">
    <p class='ocr_par' dir='ltr' id='par_1_72' title="bbox 200 2102 987 2137">
     <span class='ocr_line' id='line_1_72' title="bbox 200 2102 987 2137; baseline 0.001 -8"><span class='ocrx_word' id='word_1_530' title='bbox 200 2103 331 2134; x_wconf 84' lang='lat' dir='ltr'><strong>sentiam,</strong></span> <span class='ocrx_word' id='word_1_531' title='bbox 347 2108 484 2137; x_wconf 81' lang='lat' dir='ltr'><strong>postremo</strong></span> <span class='ocrx_word' id='word_1_532' title='bbox 503 2103 529 2129; x_wconf 93' lang='lat' dir='ltr'><strong>in</strong></span> <span class='ocrx_word' id='word_1_533' title='bbox 546 2102 611 2137; x_wconf 89' lang='lat' dir='ltr'><strong>illud</strong></span> <span class='ocrx_word' id='word_1_534' title='bbox 633 2103 722 2137; x_wconf 86' lang='lat' dir='ltr'><strong>ipsum</strong></span> <span class='ocrx_word' id='word_1_535' title='bbox 739 2103 888 2136; x_wconf 61' lang='lat' dir='ltr'><strong>praesentire</strong></span> <span class='ocrx_word' id='word_1_536' title='bbox 902 2102 987 2136; x_wconf 83' lang='lat' dir='ltr'><strong>ipsius</strong></span> 
     </span>
    </p>
   </div>
   <div class='ocr_carea' id='block_1_73' title="bbox 198 2149 986 2184">
    <p class='ocr_par' dir='ltr' id='par_1_73' title="bbox 198 2149 986 2184">
     <span class='ocr_line' id='line_1_73' title="bbox 198 2149 986 2184; baseline 0.001 -9"><span class='ocrx_word' id='word_1_537' title='bbox 198 2154 316 2183; x_wconf 83' lang='lat' dir='ltr'><strong>tempus,</strong></span> <span class='ocrx_word' id='word_1_538' title='bbox 329 2157 384 2183; x_wconf 91' lang='lat' dir='ltr'><strong>quo</strong></span> <span class='ocrx_word' id='word_1_539' title='bbox 400 2157 449 2183; x_wconf 85' lang='lat' dir='ltr'><strong>per</strong></span> <span class='ocrx_word' id='word_1_540' title='bbox 466 2157 592 2184; x_wconf 85' lang='lat' dir='ltr'><strong>magnum</strong></span> <span class='ocrx_word' id='word_1_541' title='bbox 609 2149 674 2176; x_wconf 88' lang='lat' dir='ltr'><strong>illud</strong></span> <span class='ocrx_word' id='word_1_542' title='bbox 697 2149 864 2177; x_wconf 88' lang='lat' dir='ltr'><strong>sacrilicium</strong></span> <span class='ocrx_word' id='word_1_543' title='bbox 887 2157 986 2184; x_wconf 90' lang='lat' dir='ltr'><strong>propo-</strong></span> 
     </span>
    </p>
   </div>
   <div class='ocr_carea' id='block_1_74' title="bbox 197 2193 986 2230">
    <p class='ocr_par' dir='ltr' id='par_1_74' title="bbox 197 2193 986 2230">
     <span class='ocr_line' id='line_1_74' title="bbox 197 2193 986 2230; baseline 0.001 -9"><span class='ocrx_word' id='word_1_544' title='bbox 197 2195 248 2221; x_wconf 76' lang='lat' dir='ltr'><strong>sita</strong></span> <span class='ocrx_word' id='word_1_545' title='bbox 262 2199 320 2221; x_wconf 90' lang='lat' dir='ltr'><strong>erat</strong></span> <span class='ocrx_word' id='word_1_546' title='bbox 331 2194 460 2222; x_wconf 84' lang='lat' dir='ltr'><strong>omnibus</strong></span> <span class='ocrx_word' id='word_1_547' title='bbox 477 2195 561 2222; x_wconf 86' lang='lat' dir='ltr'><strong>salus.</strong></span> <span class='ocrx_word' id='word_1_548' title='bbox 578 2193 678 2222; x_wconf 69' lang='lat' dir='ltr'><strong>lamin</strong></span> <span class='ocrx_word' id='word_1_549' title='bbox 697 2195 816 2230; x_wconf 86' lang='lat' dir='ltr'><strong>quinque</strong></span> <span class='ocrx_word' id='word_1_550' title='bbox 831 2195 986 2230; x_wconf 79' lang='lat' dir='ltr'><strong>etiatn&#39;spa-</strong></span> 
     </span>
    </p>
   </div>
   <div class='ocr_carea' id='block_1_75' title="bbox 198 2240 985 2274">
    <p class='ocr_par' dir='ltr' id='par_1_75' title="bbox 198 2240 985 2274">
     <span class='ocr_line' id='line_1_75' title="bbox 198 2240 985 2274; baseline 0 -7"><span class='ocrx_word' id='word_1_551' title='bbox 198 2240 291 2267; x_wconf 83' lang='lat' dir='ltr'><strong>tiailla</strong></span> <span class='ocrx_word' id='word_1_552' title='bbox 316 2240 401 2267; x_wconf 69' lang='lat' dir='ltr'><strong>vineae</strong></span> <span class='ocrx_word' id='word_1_553' title='bbox 418 2240 543 2274; x_wconf 86' lang='lat' dir='ltr'><strong>parabola</strong></span> <span class='ocrx_word' id='word_1_554' title='bbox 565 2240 637 2267; x_wconf 88' lang='lat' dir='ltr'><strong>diem</strong></span> <span class='ocrx_word' id='word_1_555' title='bbox 662 2240 795 2268; x_wconf 86' lang='lat' dir='ltr'><strong>distinxit.</strong></span> <span class='ocrx_word' id='word_1_556' title='bbox 812 2240 889 2268; x_wconf 82' lang='lat' dir='ltr'><strong>Alios</strong></span> <span class='ocrx_word' id='word_1_557' title='bbox 912 2241 985 2268; x_wconf 90' lang='lat' dir='ltr'><strong>enim</strong></span> 
     </span>
    </p>
   </div>
   <div class='ocr_carea' id='block_1_76' title="bbox 197 2287 986 2322">
    <p class='ocr_par' dir='ltr' id='par_1_76' title="bbox 197 2287 986 2322">
     <span class='ocr_line' id='line_1_76' title="bbox 197 2287 986 2322; baseline 0 -8"><span class='ocrx_word' id='word_1_558' title='bbox 197 2288 269 2314; x_wconf 80' lang='lat' dir='ltr'><strong>circa</strong></span> <span class='ocrx_word' id='word_1_559' title='bbox 290 2287 405 2322; x_wconf 90' lang='lat' dir='ltr'><strong>primam</strong></span> <span class='ocrx_word' id='word_1_560' title='bbox 438 2287 532 2314; x_wconf 85' lang='lat' dir='ltr'><strong>horam</strong></span> <span class='ocrx_word' id='word_1_561' title='bbox 564 2290 676 2314; x_wconf 84' lang='lat' dir='ltr'><strong>vocatos</strong></span> <span class='ocrx_word' id='word_1_562' title='bbox 700 2294 761 2315; x_wconf 82' lang='lat' dir='ltr'><strong>esse</strong></span> <span class='ocrx_word' id='word_1_563' title='bbox 791 2291 896 2319; x_wconf 85' lang='lat' dir='ltr'><strong>narrat,</strong></span> <span class='ocrx_word' id='word_1_564' title='bbox 917 2287 986 2314; x_wconf 86' lang='lat' dir='ltr'><strong>alios</strong></span> 
     </span>
    </p>
   </div>
   <div class='ocr_carea' id='block_1_77' title="bbox 197 2334 984 2367">
    <p class='ocr_par' dir='ltr' id='par_1_77' title="bbox 197 2334 984 2367">
     <span class='ocr_line' id='line_1_77' title="bbox 197 2334 984 2367; baseline -0.005 -5"><span class='ocrx_word' id='word_1_565' title='bbox 197 2336 269 2362; x_wconf 83' lang='lat' dir='ltr'><strong>circa</strong></span> <span class='ocrx_word' id='word_1_566' title='bbox 287 2335 402 2367; x_wconf 86' lang='lat' dir='ltr'><strong>tertiam,</strong></span> <span class='ocrx_word' id='word_1_567' title='bbox 412 2335 481 2362; x_wconf 82' lang='lat' dir='ltr'><strong>alios</strong></span> <span class='ocrx_word' id='word_1_568' title='bbox 496 2335 567 2362; x_wconf 85' lang='lat' dir='ltr'><strong>circa</strong></span> <span class='ocrx_word' id='word_1_569' title='bbox 580 2338 694 2366; x_wconf 83' lang='lat' dir='ltr'><strong>sextam,</strong></span> <span class='ocrx_word' id='word_1_570' title='bbox 707 2334 775 2362; x_wconf 85' lang='lat' dir='ltr'><strong>alios</strong></span> <span class='ocrx_word' id='word_1_571' title='bbox 792 2334 863 2360; x_wconf 89' lang='lat' dir='ltr'><strong>circa</strong></span> <span class='ocrx_word' id='word_1_572' title='bbox 873 2340 984 2365; x_wconf 88' lang='lat' dir='ltr'><strong>nonam,</strong></span> 
     </span>
    </p>
   </div>
   <div class='ocr_carea' id='block_1_78' title="bbox 199 2379 986 2415">
    <p class='ocr_par' dir='ltr' id='par_1_78' title="bbox 199 2379 986 2415">
     <span class='ocr_line' id='line_1_78' title="bbox 199 2379 986 2415; baseline -0.001 -9"><span class='ocrx_word' id='word_1_573' title='bbox 199 2381 266 2408; x_wconf 85' lang='lat' dir='ltr'><strong>alios</strong></span> <span class='ocrx_word' id='word_1_574' title='bbox 282 2381 398 2415; x_wconf 84' lang='lat' dir='ltr'><strong>denique</strong></span> <span class='ocrx_word' id='word_1_575' title='bbox 413 2380 484 2408; x_wconf 80' lang='lat' dir='ltr'><strong>circa</strong></span> <span class='ocrx_word' id='word_1_576' title='bbox 500 2380 680 2406; x_wconf 71' lang='lat' dir='ltr'><strong>undecimam.</strong></span> <span class='ocrx_word' id='word_1_577' title='bbox 697 2379 756 2411; x_wconf 84' lang='lat' dir='ltr'><strong>Quo</strong></span> <span class='ocrx_word' id='word_1_578' title='bbox 769 2379 850 2406; x_wconf 86' lang='lat' dir='ltr'><strong>etiam</strong></span> <span class='ocrx_word' id='word_1_579' title='bbox 866 2383 986 2413; x_wconf 86' lang='lat' dir='ltr'><strong>tempore</strong></span> 
     </span>
    </p>
   </div>
   <div class='ocr_carea' id='block_1_79' title="bbox 201 2427 985 2461">
    <p class='ocr_par' dir='ltr' id='par_1_79' title="bbox 201 2427 985 2461">
     <span class='ocr_line' id='line_1_79' title="bbox 201 2427 985 2461; baseline -0.001 -9"><span class='ocrx_word' id='word_1_580' title='bbox 201 2432 305 2452; x_wconf 76' lang='lat' dir='ltr'><strong>navatae</strong></span> <span class='ocrx_word' id='word_1_581' title='bbox 327 2434 416 2460; x_wconf 59' lang='lat' dir='ltr'><strong>opera),</strong></span> <span class='ocrx_word' id='word_1_582' title='bbox 434 2434 547 2459; x_wconf 83' lang='lat' dir='ltr'><strong>merces,</strong></span> <span class='ocrx_word' id='word_1_583' title='bbox 571 2427 602 2454; x_wconf 89' lang='lat' dir='ltr'><strong>iis</strong></span> <span class='ocrx_word' id='word_1_584' title='bbox 621 2427 667 2461; x_wconf 89' lang='lat' dir='ltr'><strong>qui</strong></span> <span class='ocrx_word' id='word_1_585' title='bbox 694 2427 823 2461; x_wconf 84' lang='lat' dir='ltr'><strong>postremi</strong></span> <span class='ocrx_word' id='word_1_586' title='bbox 845 2429 985 2456; x_wconf 84' lang='lat' dir='ltr'><strong>venerant,</strong></span> 
     </span>
    </p>
   </div>
   <div class='ocr_carea' id='block_1_80' title="bbox 200 2471 985 2507">
    <p class='ocr_par' dir='ltr' id='par_1_80' title="bbox 200 2471 985 2507">
     <span class='ocr_line' id='line_1_80' title="bbox 200 2471 985 2507; baseline 0 -10"><span class='ocrx_word' id='word_1_587' title='bbox 200 2472 287 2506; x_wconf 85' lang='lat' dir='ltr'><strong>primo</strong></span> <span class='ocrx_word' id='word_1_588' title='bbox 301 2471 361 2498; x_wconf 89' lang='lat' dir='ltr'><strong>loco</strong></span> <span class='ocrx_word' id='word_1_589' title='bbox 379 2472 541 2506; x_wconf 77' lang='lat' dir='ltr'><strong>pet-solvitur</strong></span> <span class='ocrx_word' id='word_1_590' title='bbox 555 2473 587 2499; x_wconf 69' lang='grc' dir='ltr'>ιδ.</span> <span class='ocrx_word' id='word_1_591' title='bbox 609 2472 664 2500; x_wconf 78' lang='lat' dir='ltr'><strong>Nos</strong></span> <span class='ocrx_word' id='word_1_592' title='bbox 681 2472 753 2499; x_wconf 91' lang='lat' dir='ltr'><strong>enitn</strong></span> <span class='ocrx_word' id='word_1_593' title='bbox 774 2471 854 2507; x_wconf 80' lang='lat' dir='ltr'><strong>primi</strong></span> <span class='ocrx_word' id='word_1_594' title='bbox 874 2478 985 2505; x_wconf 84' lang='lat' dir='ltr'><strong>regene—</strong></span> 
     </span>
    </p>
   </div>
   <div class='ocr_carea' id='block_1_81' title="bbox 200 2516 984 2552">
    <p class='ocr_par' dir='ltr' id='par_1_81' title="bbox 200 2516 984 2552">
     <span class='ocr_line' id='line_1_81' title="bbox 200 2516 984 2552; baseline -0.001 -9"><span class='ocrx_word' id='word_1_595' title='bbox 200 2516 332 2544; x_wconf 82' lang='lat' dir='ltr'><strong>rationem</strong></span> <span class='ocrx_word' id='word_1_596' title='bbox 357 2518 514 2551; x_wconf 85' lang='lat' dir='ltr'><strong>accipimus,</strong></span> <span class='ocrx_word' id='word_1_597' title='bbox 539 2519 638 2552; x_wconf 90' lang='lat' dir='ltr'><strong>quibus</strong></span> <span class='ocrx_word' id='word_1_598' title='bbox 661 2518 789 2545; x_wconf 87' lang='lat' dir='ltr'><strong>Christus</strong></span> <span class='ocrx_word' id='word_1_599' title='bbox 816 2516 984 2544; x_wconf 71' lang='lat' dir='ltr'><strong>sacriﬁculus</strong></span> 
     </span>
    </p>
   </div>
   <div class='ocr_carea' id='block_1_82' title="bbox 200 2562 985 2597">
    <p class='ocr_par' dir='ltr' id='par_1_82' title="bbox 200 2562 985 2597">
     <span class='ocr_line' id='line_1_82' title="bbox 200 2562 985 2597; baseline -0.001 -7"><span class='ocrx_word' id='word_1_600' title='bbox 200 2568 252 2595; x_wconf 87' lang='lat' dir='ltr'><strong>cst,</strong></span> <span class='ocrx_word' id='word_1_601' title='bbox 267 2567 347 2597; x_wconf 87' lang='lat' dir='ltr'><strong>atque</strong></span> <span class='ocrx_word' id='word_1_602' title='bbox 358 2570 372 2588; x_wconf 89' lang='lat' dir='ltr'><strong>a</strong></span> <span class='ocrx_word' id='word_1_603' title='bbox 384 2569 470 2590; x_wconf 89' lang='lat' dir='ltr'><strong>ntorte</strong></span> <span class='ocrx_word' id='word_1_604' title='bbox 486 2569 627 2591; x_wconf 83' lang='lat' dir='ltr'><strong>revocatus</strong></span> <span class='ocrx_word' id='word_1_605' title='bbox 646 2564 860 2591; x_wconf 82' lang='lat' dir='ltr'><strong>innovandorum</strong></span> <span class='ocrx_word' id='word_1_606' title='bbox 879 2562 985 2589; x_wconf 89' lang='lat' dir='ltr'><strong>animo-</strong></span> 
     </span>
    </p>
   </div>
   <div class='ocr_carea' id='block_1_83' title="bbox 201 2607 982 2644">
    <p class='ocr_par' dir='ltr' id='par_1_83' title="bbox 201 2607 982 2644">
     <span class='ocr_line' id='line_1_83' title="bbox 201 2607 982 2644; baseline -0.001 -9"><span class='ocrx_word' id='word_1_607' title='bbox 201 2617 261 2636; x_wconf 89' lang='lat' dir='ltr'><strong>rum</strong></span> <span class='ocrx_word' id='word_1_608' title='bbox 274 2612 429 2635; x_wconf 87' lang='lat' dir='ltr'><strong>nostrorum</strong></span> <span class='ocrx_word' id='word_1_609' title='bbox 452 2617 533 2636; x_wconf 84' lang='lat' dir='ltr'><strong>causa</strong></span> <span class='ocrx_word' id='word_1_610' title='bbox 562 2609 661 2644; x_wconf 87' lang='lat' dir='ltr'><strong>Spiritu</strong></span> <span class='ocrx_word' id='word_1_611' title='bbox 690 2614 785 2637; x_wconf 74' lang='lat' dir='ltr'><strong>saneto</strong></span> <span class='ocrx_word' id='word_1_612' title='bbox 807 2616 857 2636; x_wconf 86' lang='lat' dir='ltr'><strong>nos</strong></span> <span class='ocrx_word' id='word_1_613' title='bbox 875 2607 982 2635; x_wconf 79' lang='lat' dir='ltr'><strong>aﬂlavit.</strong></span> 
     </span>
    </p>
   </div>
   <div class='ocr_carea' id='block_1_84' title="bbox 201 2652 984 2689">
    <p class='ocr_par' dir='ltr' id='par_1_84' title="bbox 201 2652 984 2689">
     <span class='ocr_line' id='line_1_84' title="bbox 201 2652 984 2689; baseline -0.004 -7"><span class='ocrx_word' id='word_1_614' title='bbox 201 2654 338 2688; x_wconf 77' lang='lat' dir='ltr'><strong>Arcipitur</strong></span> <span class='ocrx_word' id='word_1_615' title='bbox 355 2654 447 2688; x_wconf 81' lang='lat' dir='ltr'><strong>itaque</strong></span> <span class='ocrx_word' id='word_1_616' title='bbox 473 2662 560 2688; x_wconf 89' lang='lat' dir='ltr'><strong>agnus</strong></span> <span class='ocrx_word' id='word_1_617' title='bbox 586 2655 674 2689; x_wconf 89' lang='lat' dir='ltr'><strong>primo</strong></span> <span class='ocrx_word' id='word_1_618' title='bbox 695 2655 738 2681; x_wconf 87' lang='lat' dir='ltr'><strong>die</strong></span> <span class='ocrx_word' id='word_1_619' title='bbox 762 2654 842 2688; x_wconf 85' lang='lat' dir='ltr'><strong>hujus</strong></span> <span class='ocrx_word' id='word_1_620' title='bbox 867 2652 984 2687; x_wconf 82' lang='lat' dir='ltr'><strong>quinatii</strong></span> 
     </span>
    </p>
   </div>
   <div class='ocr_carea' id='block_1_85' title="bbox 200 2699 986 2734">
    <p class='ocr_par' dir='ltr' id='par_1_85' title="bbox 200 2699 986 2734">
     <span class='ocr_line' id='line_1_85' title="bbox 200 2699 986 2734; baseline -0.001 -8"><span class='ocrx_word' id='word_1_621' title='bbox 200 2699 352 2732; x_wconf 85' lang='lat' dir='ltr'><strong>dierum,id</strong></span> <span class='ocrx_word' id='word_1_622' title='bbox 364 2704 416 2730; x_wconf 86' lang='lat' dir='ltr'><strong>est.</strong></span> <span class='ocrx_word' id='word_1_623' title='bbox 433 2699 540 2726; x_wconf 79' lang='lat' dir='ltr'><strong>decima</strong></span> <span class='ocrx_word' id='word_1_624' title='bbox 557 2699 668 2732; x_wconf 87' lang='lat' dir='ltr'><strong>mensis,</strong></span> <span class='ocrx_word' id='word_1_625' title='bbox 691 2699 814 2734; x_wconf 84' lang='lat' dir='ltr'><strong>principii</strong></span> <span class='ocrx_word' id='word_1_626' title='bbox 831 2699 912 2734; x_wconf 84' lang='lat' dir='ltr'><strong>hujus</strong></span> <span class='ocrx_word' id='word_1_627' title='bbox 935 2706 986 2725; x_wconf 74' lang='lat' dir='ltr'><strong>sa:-</strong></span> 
     </span>
    </p>
   </div>
   <div class='ocr_carea' id='block_1_86' title="bbox 200 2745 985 2780">
    <p class='ocr_par' dir='ltr' id='par_1_86' title="bbox 200 2745 985 2780">
     <span class='ocr_line' id='line_1_86' title="bbox 200 2745 985 2780; baseline -0.001 -9"><span class='ocrx_word' id='word_1_628' title='bbox 200 2746 253 2772; x_wconf 89' lang='lat' dir='ltr'><strong>euli</strong></span> <span class='ocrx_word' id='word_1_629' title='bbox 271 2745 384 2779; x_wconf 82' lang='lat' dir='ltr'><strong>ﬁguram</strong></span> <span class='ocrx_word' id='word_1_630' title='bbox 399 2745 563 2778; x_wconf 80' lang='lat' dir='ltr'><strong>continente,</strong></span> <span class='ocrx_word' id='word_1_631' title='bbox 578 2750 659 2780; x_wconf 87' lang='lat' dir='ltr'><strong>atque</strong></span> <span class='ocrx_word' id='word_1_632' title='bbox 672 2751 828 2772; x_wconf 79' lang='lat' dir='ltr'><strong>asservatus</strong></span> <span class='ocrx_word' id='word_1_633' title='bbox 847 2750 985 2779; x_wconf 85' lang='lat' dir='ltr'><strong>postremo</strong></span> 
     </span>
    </p>
   </div>
   <div class='ocr_carea' id='block_1_87' title="bbox 201 2784 982 2825">
    <p class='ocr_par' dir='ltr' id='par_1_87' title="bbox 201 2784 982 2825">
     <span class='ocr_line' id='line_1_87' title="bbox 201 2784 982 2825; baseline -0.001 -8"><span class='ocrx_word' id='word_1_634' title='bbox 201 2791 308 2818; x_wconf 82' lang='lat' dir='ltr'><strong>tandem</strong></span> <span class='ocrx_word' id='word_1_635' title='bbox 330 2795 462 2825; x_wconf 86' lang='lat' dir='ltr'><strong>tempore,</strong></span> <span class='ocrx_word' id='word_1_636' title='bbox 485 2791 536 2818; x_wconf 84' lang='lat' dir='ltr'><strong>hoc</strong></span> <span class='ocrx_word' id='word_1_637' title='bbox 550 2796 600 2822; x_wconf 88' lang='lat' dir='ltr'><strong>est,</strong></span> <span class='ocrx_word' id='word_1_638' title='bbox 618 2791 720 2818; x_wconf 80' lang='lat' dir='ltr'><strong>decima</strong></span> <span class='ocrx_word' id='word_1_639' title='bbox 746 2784 854 2825; x_wconf 73' lang='lat' dir='ltr'><strong>quarta,</strong></span> <span class='ocrx_word' id='word_1_640' title='bbox 873 2790 906 2817; x_wconf 89' lang='lat' dir='ltr'><strong>ad</strong></span> <span class='ocrx_word' id='word_1_641' title='bbox 935 2798 982 2816; x_wconf 84' lang='lat' dir='ltr'><strong>vc-</strong></span> 
     </span>
    </p>
   </div>
   <div class='ocr_carea' id='block_1_88' title="bbox 201 2828 986 2871">
    <p class='ocr_par' dir='ltr' id='par_1_88' title="bbox 201 2828 986 2871">
     <span class='ocr_line' id='line_1_88' title="bbox 201 2828 986 2871; baseline -0.001 -8"><span class='ocrx_word' id='word_1_642' title='bbox 201 2844 307 2870; x_wconf 85' lang='lat' dir='ltr'><strong>speram</strong></span> <span class='ocrx_word' id='word_1_643' title='bbox 320 2828 462 2863; x_wconf 75' lang='lat' dir='ltr'><strong>mactatur.</strong></span> <span class='ocrx_word' id='word_1_644' title='bbox 479 2837 519 2863; x_wconf 79' lang='lat' dir='ltr'><strong>Ad</strong></span> <span class='ocrx_word' id='word_1_645' title='bbox 540 2843 677 2871; x_wconf 82' lang='lat' dir='ltr'><strong>vesperam</strong></span> <span class='ocrx_word' id='word_1_646' title='bbox 706 2836 826 2871; x_wconf 90' lang='lat' dir='ltr'><strong>inquatu,</strong></span> <span class='ocrx_word' id='word_1_647' title='bbox 844 2841 873 2862; x_wconf 91' lang='lat' dir='ltr'><strong>ut</strong></span> <span class='ocrx_word' id='word_1_648' title='bbox 890 2843 986 2863; x_wconf 88' lang='lat' dir='ltr'><strong>rursus</strong></span> 
     </span>
    </p>
   </div>
   <div class='ocr_carea' id='block_1_89' title="bbox 240 2924 850 2960">
    <p class='ocr_par' dir='ltr' id='par_1_89' title="bbox 240 2924 850 2960">
     <span class='ocr_line' id='line_1_89' title="bbox 240 2924 850 2960; baseline -0.005 -6"><span class='ocrx_word' id='word_1_649' title='bbox 240 2926 260 2942; x_wconf 77' lang='grc'><strong>⁸³</strong></span> <span class='ocrx_word' id='word_1_650' title='bbox 271 2924 369 2954; x_wconf 75' lang='lat' dir='ltr'><strong>Jerctn.</strong></span> <span class='ocrx_word' id='word_1_651' title='bbox 390 2934 425 2957; x_wconf 84' lang='lat' dir='ltr'><strong>ut,</strong></span> <span class='ocrx_word' id='word_1_652' title='bbox 438 2926 483 2953; x_wconf 61' lang='lat' dir='ltr'><strong>Ql.</strong></span> <span class='ocrx_word' id='word_1_653' title='bbox 523 2926 543 2941; x_wconf 75' lang='lat'><strong><em>“</em></strong></span> <span class='ocrx_word' id='word_1_654' title='bbox 556 2924 650 2959; x_wconf 83' lang='lat' dir='ltr'><strong>Matth,</strong></span> <span class='ocrx_word' id='word_1_655' title='bbox 664 2934 710 2960; x_wconf 82' lang='lat' dir='ltr'><strong>xx,</strong></span> <span class='ocrx_word' id='word_1_656' title='bbox 728 2926 759 2952; x_wconf 78' lang='grc' dir='ltr'>ιι)</span> <span class='ocrx_word' id='word_1_657' title='bbox 775 2933 850 2959; x_wconf 85' lang='lat' dir='ltr'><strong>seqq.</strong></span> 
     </span>
    </p>
   </div>
   <div class='ocr_carea' id='block_1_90' title="bbox 891 2923 1155 2956">
    <p class='ocr_par' dir='ltr' id='par_1_90' title="bbox 891 2923 1155 2956">
     <span class='ocr_line' id='line_1_90' title="bbox 891 2923 1155 2956; baseline -0.008 -5"><span class='ocrx_word' id='word_1_658' title='bbox 891 2924 995 2951; x_wconf 81' lang='lat' dir='ltr'><strong>&quot;l‘sal.</strong></span> <span class='ocrx_word' id='word_1_659' title='bbox 1027 2931 1100 2956; x_wconf 74' lang='lat' dir='ltr'><strong>uxr,</strong></span> <span class='ocrx_word' id='word_1_660' title='bbox 1131 2923 1155 2948; x_wconf 88' lang='lat'><strong>7.</strong></span> 
     </span>
    </p>
   </div>
   <div class='ocr_carea' id='block_1_91' title="bbox 1040 1649 1825 1687">
    <p class='ocr_par' dir='ltr' id='par_1_91' title="bbox 1040 1649 1825 1687">
     <span class='ocr_line' id='line_1_91' title="bbox 1040 1649 1825 1687; baseline -0.008 -8"><span class='ocrx_word' id='word_1_661' title='bbox 1040 1652 1105 1687; x_wconf 86' lang='lat' dir='ltr'><strong>legis</strong></span> <span class='ocrx_word' id='word_1_662' title='bbox 1117 1652 1176 1680; x_wconf 82' lang='lat' dir='ltr'><strong>vice</strong></span> <span class='ocrx_word' id='word_1_663' title='bbox 1191 1651 1227 1679; x_wconf 91' lang='lat' dir='ltr'><strong>sit</strong></span> <span class='ocrx_word' id='word_1_664' title='bbox 1242 1651 1299 1678; x_wconf 64' lang='lat' dir='ltr'><strong>hinc</strong></span> <span class='ocrx_word' id='word_1_665' title='bbox 1312 1649 1603 1684; x_wconf 74' lang='lat' dir='ltr'><strong>czeremonia‘,‘jubens,</strong></span> <span class='ocrx_word' id='word_1_666' title='bbox 1615 1652 1646 1675; x_wconf 90' lang='lat' dir='ltr'><strong>ut</strong></span> <span class='ocrx_word' id='word_1_667' title='bbox 1662 1654 1743 1675; x_wconf 87' lang='lat' dir='ltr'><strong>omne</strong></span> <span class='ocrx_word' id='word_1_668' title='bbox 1758 1651 1825 1674; x_wconf 84' lang='lat' dir='ltr'><strong>tem-</strong></span> 
     </span>
    </p>
   </div>
   <div class='ocr_carea' id='block_1_92' title="bbox 1039 1694 1823 1732">
    <p class='ocr_par' dir='ltr' id='par_1_92' title="bbox 1039 1694 1823 1732">
     <span class='ocr_line' id='line_1_92' title="bbox 1039 1694 1823 1732; baseline -0.006 -8"><span class='ocrx_word' id='word_1_669' title='bbox 1039 1705 1101 1732; x_wconf 86' lang='lat' dir='ltr'><strong>pus,</strong></span> <span class='ocrx_word' id='word_1_670' title='bbox 1121 1697 1229 1731; x_wconf 86' lang='lat' dir='ltr'><strong>quodin</strong></span> <span class='ocrx_word' id='word_1_671' title='bbox 1251 1697 1322 1723; x_wconf 86' lang='lat' dir='ltr'><strong>diem</strong></span> <span class='ocrx_word' id='word_1_672' title='bbox 1341 1704 1373 1723; x_wconf 90' lang='lat' dir='ltr'><strong>ac</strong></span> <span class='ocrx_word' id='word_1_673' title='bbox 1390 1699 1495 1723; x_wconf 79' lang='lat' dir='ltr'><strong>noctein</strong></span> <span class='ocrx_word' id='word_1_674' title='bbox 1513 1695 1653 1727; x_wconf 87' lang='lat' dir='ltr'><strong>dividitur,</strong></span> <span class='ocrx_word' id='word_1_675' title='bbox 1669 1694 1746 1721; x_wconf 87' lang='lat' dir='ltr'><strong>nobis</strong></span> <span class='ocrx_word' id='word_1_676' title='bbox 1765 1700 1823 1727; x_wconf 88' lang='lat' dir='ltr'><strong>pcr-</strong></span> 
     </span>
    </p>
   </div>
   <div class='ocr_carea' id='block_1_93' title="bbox 1039 1739 1825 1778">
    <p class='ocr_par' dir='ltr' id='par_1_93' title="bbox 1039 1739 1825 1778">
     <span class='ocr_line' id='line_1_93' title="bbox 1039 1739 1825 1778; baseline -0.006 -8"><span class='ocrx_word' id='word_1_677' title='bbox 1039 1749 1121 1778; x_wconf 88' lang='lat' dir='ltr'><strong>petuo</strong></span> <span class='ocrx_word' id='word_1_678' title='bbox 1135 1744 1239 1770; x_wconf 87' lang='lat' dir='ltr'><strong>clarum</strong></span> <span class='ocrx_word' id='word_1_679' title='bbox 1255 1743 1364 1775; x_wconf 78' lang='lat' dir='ltr'><strong>sit‘,‘nec</strong></span> <span class='ocrx_word' id='word_1_680' title='bbox 1379 1742 1432 1768; x_wconf 92' lang='lat' dir='ltr'><strong>ulla</strong></span> <span class='ocrx_word' id='word_1_681' title='bbox 1447 1741 1598 1776; x_wconf 78' lang='lat' dir='ltr'><strong>caliginosa</strong></span> <span class='ocrx_word' id='word_1_682' title='bbox 1611 1748 1691 1775; x_wconf 86' lang='lat' dir='ltr'><strong>opera</strong></span> <span class='ocrx_word' id='word_1_683' title='bbox 1710 1739 1825 1766; x_wconf 77' lang='lat' dir='ltr'><strong>admista</strong></span> 
     </span>
    </p>
   </div>
   <div class='ocr_carea' id='block_1_94' title="bbox 1039 1787 1823 1819">
    <p class='ocr_par' dir='ltr' id='par_1_94' title="bbox 1039 1787 1823 1819">
     <span class='ocr_line' id='line_1_94' title="bbox 1039 1787 1823 1819; baseline -0.006 -4"><span class='ocrx_word' id='word_1_684' title='bbox 1039 1788 1148 1815; x_wconf 83' lang='lat' dir='ltr'><strong>habeat.</strong></span> <span class='ocrx_word' id='word_1_685' title='bbox 1166 1787 1265 1814; x_wconf 82' lang='lat' dir='ltr'><strong>Verum</strong></span> <span class='ocrx_word' id='word_1_686' title='bbox 1278 1787 1310 1814; x_wconf 87' lang='lat' dir='ltr'><strong>ad</strong></span> <span class='ocrx_word' id='word_1_687' title='bbox 1326 1787 1469 1813; x_wconf 86' lang='lat' dir='ltr'><strong>historiam</strong></span> <span class='ocrx_word' id='word_1_688' title='bbox 1490 1787 1643 1817; x_wconf 83' lang='lat' dir='ltr'><strong>redeuntes,</strong></span> <span class='ocrx_word' id='word_1_689' title='bbox 1659 1791 1823 1819; x_wconf 69' lang='lat' dir='ltr'><strong>quaeramus.</strong></span> 
     </span>
    </p>
   </div>
   <div class='ocr_carea' id='block_1_95' title="bbox 1039 1829 1824 1867">
    <p class='ocr_par' dir='ltr' id='par_1_95' title="bbox 1039 1829 1824 1867">
     <span class='ocr_line' id='line_1_95' title="bbox 1039 1829 1824 1867; baseline -0.008 -7"><span class='ocrx_word' id='word_1_690' title='bbox 1039 1833 1103 1867; x_wconf 93' lang='lat' dir='ltr'><strong>quid</strong></span> <span class='ocrx_word' id='word_1_691' title='bbox 1120 1840 1210 1860; x_wconf 65' lang='lat' dir='ltr'><strong>causa;</strong></span> <span class='ocrx_word' id='word_1_692' title='bbox 1224 1833 1258 1858; x_wconf 90' lang='lat' dir='ltr'><strong>sit</strong></span> <span class='ocrx_word' id='word_1_693' title='bbox 1271 1839 1322 1858; x_wconf 91' lang='lat' dir='ltr'><strong>cur</strong></span> <span class='ocrx_word' id='word_1_694' title='bbox 1335 1834 1424 1865; x_wconf 83' lang='lat' dir='ltr'><strong>agnus</strong></span> <span class='ocrx_word' id='word_1_695' title='bbox 1442 1832 1501 1857; x_wconf 84' lang='lat' dir='ltr'><strong>non&#39;</strong></span> <span class='ocrx_word' id='word_1_696' title='bbox 1512 1830 1593 1856; x_wconf 90' lang='lat' dir='ltr'><strong>modo</strong></span> <span class='ocrx_word' id='word_1_697' title='bbox 1616 1837 1648 1856; x_wconf 89' lang='lat' dir='ltr'><strong>ex</strong></span> <span class='ocrx_word' id='word_1_698' title='bbox 1664 1829 1751 1864; x_wconf 86' lang='lat' dir='ltr'><strong>agnis,</strong></span> <span class='ocrx_word' id='word_1_699' title='bbox 1778 1830 1824 1863; x_wconf 90' lang='lat' dir='ltr'><strong>qui</strong></span> 
     </span>
    </p>
   </div>
   <div class='ocr_carea' id='block_1_96' title="bbox 1039 1873 1821 1909">
    <p class='ocr_par' dir='ltr' id='par_1_96' title="bbox 1039 1873 1821 1909">
     <span class='ocr_line' id='line_1_96' title="bbox 1039 1873 1821 1909; baseline -0.008 -4"><span class='ocrx_word' id='word_1_700' title='bbox 1039 1878 1072 1905; x_wconf 86' lang='lat' dir='ltr'><strong>ad</strong></span> <span class='ocrx_word' id='word_1_701' title='bbox 1089 1878 1213 1904; x_wconf 84' lang='lat' dir='ltr'><strong>dextrum</strong></span> <span class='ocrx_word' id='word_1_702' title='bbox 1236 1877 1306 1903; x_wconf 88' lang='lat' dir='ltr'><strong>latus</strong></span> <span class='ocrx_word' id='word_1_703' title='bbox 1330 1879 1499 1906; x_wconf 86' lang='lat' dir='ltr'><strong>statuuntur,</strong></span> <span class='ocrx_word' id='word_1_704' title='bbox 1524 1874 1651 1909; x_wconf 79' lang='lat' dir='ltr'><strong>eligatur,</strong></span> <span class='ocrx_word' id='word_1_705' title='bbox 1672 1873 1719 1900; x_wconf 87' lang='lat' dir='ltr'><strong>sed</strong></span> <span class='ocrx_word' id='word_1_706' title='bbox 1736 1878 1763 1900; x_wconf 87' lang='lat' dir='ltr'><strong>et</strong></span> <span class='ocrx_word' id='word_1_707' title='bbox 1791 1881 1821 1900; x_wconf 76' lang='lat' dir='ltr'><strong>ex</strong></span> 
     </span>
    </p>
   </div>
   <div class='ocr_carea' id='block_1_97' title="bbox 1039 1919 1830 1956">
    <p class='ocr_par' dir='ltr' id='par_1_97' title="bbox 1039 1919 1830 1956">
     <span class='ocr_line' id='line_1_97' title="bbox 1039 1919 1830 1956; baseline -0.005 -7"><span class='ocrx_word' id='word_1_708' title='bbox 1039 1923 1136 1954; x_wconf 69' lang='lat' dir='ltr'><strong>batdis,</strong></span> <span class='ocrx_word' id='word_1_709' title='bbox 1151 1929 1219 1956; x_wconf 88' lang='lat' dir='ltr'><strong>quos</strong></span> <span class='ocrx_word' id='word_1_710' title='bbox 1241 1921 1322 1955; x_wconf 81' lang='lat' dir='ltr'><strong>iudex</strong></span> <span class='ocrx_word' id='word_1_711' title='bbox 1344 1919 1385 1947; x_wconf 79' lang='lat' dir='ltr'><strong>~ad</strong></span> <span class='ocrx_word' id='word_1_712' title='bbox 1401 1920 1538 1948; x_wconf 88' lang='lat' dir='ltr'><strong>sinistratn</strong></span> <span class='ocrx_word' id='word_1_713' title='bbox 1571 1920 1666 1950; x_wconf 87' lang='lat' dir='ltr'><strong>statuit</strong></span> <span class='ocrx_word' id='word_1_714' title='bbox 1682 1919 1713 1950; x_wconf 80' lang='lat'><strong>‘°,</strong></span> <span class='ocrx_word' id='word_1_715' title='bbox 1732 1923 1830 1953; x_wconf 61' lang='lat' dir='ltr'><strong>utpote</strong></span> 
     </span>
    </p>
   </div>
   <div class='ocr_carea' id='block_1_98' title="bbox 1039 1963 1823 1996">
    <p class='ocr_par' dir='ltr' id='par_1_98' title="bbox 1039 1963 1823 1996">
     <span class='ocr_line' id='line_1_98' title="bbox 1039 1963 1823 1996; baseline -0.005 -2"><span class='ocrx_word' id='word_1_716' title='bbox 1039 1967 1142 1995; x_wconf 88' lang='lat' dir='ltr'><strong>nullam</strong></span> <span class='ocrx_word' id='word_1_717' title='bbox 1157 1966 1429 1994; x_wconf 75' lang='lat' dir='ltr'><strong>dextram‘actiunem</strong></span> <span class='ocrx_word' id='word_1_718' title='bbox 1450 1965 1592 1992; x_wconf 84' lang='lat' dir='ltr'><strong>habentes.</strong></span> <span class='ocrx_word' id='word_1_719' title='bbox 1621 1963 1723 1991; x_wconf 86' lang='lat' dir='ltr'><strong>Statuit</strong></span> <span class='ocrx_word' id='word_1_720' title='bbox 1740 1965 1823 1996; x_wconf 85' lang='lat' dir='ltr'><strong>enim,</strong></span> 
     </span>
    </p>
   </div>
   <div class='ocr_carea' id='block_1_99' title="bbox 1038 2009 1823 2048">
    <p class='ocr_par' dir='ltr' id='par_1_99' title="bbox 1038 2009 1823 2048">
     <span class='ocr_line' id='line_1_99' title="bbox 1038 2009 1823 2048; baseline -0.005 -8"><span class='ocrx_word' id='word_1_721' title='bbox 1038 2013 1137 2048; x_wconf 88' lang='lat' dir='ltr'><strong>inquit,</strong></span> <span class='ocrx_word' id='word_1_722' title='bbox 1153 2020 1218 2040; x_wconf 86' lang='lat' dir='ltr'><strong>oves</strong></span> <span class='ocrx_word' id='word_1_723' title='bbox 1232 2020 1246 2040; x_wconf 75' lang='grc' dir='ltr'><strong>ιι</strong></span> <span class='ocrx_word' id='word_1_724' title='bbox 1256 2012 1370 2044; x_wconf 83' lang='lat' dir='ltr'><strong>dextris,</strong></span> <span class='ocrx_word' id='word_1_725' title='bbox 1384 2011 1476 2038; x_wconf 66' lang='lat' dir='ltr'><strong>haedus</strong></span> <span class='ocrx_word' id='word_1_726' title='bbox 1489 2014 1577 2038; x_wconf 82' lang='lat' dir='ltr'><strong>autem</strong></span> <span class='ocrx_word' id='word_1_727' title='bbox 1591 2017 1606 2036; x_wconf 89' lang='lat' dir='ltr'><strong>a</strong></span> <span class='ocrx_word' id='word_1_728' title='bbox 1621 2010 1749 2037; x_wconf 85' lang='lat' dir='ltr'><strong>sinistris.</strong></span> <span class='ocrx_word' id='word_1_729' title='bbox 1760 2009 1823 2037; x_wconf 28' lang='lat' dir='ltr'><strong>For.</strong></span> 
     </span>
    </p>
   </div>
   <div class='ocr_carea' id='block_1_100' title="bbox 1038 2056 1822 2093">
    <p class='ocr_par' dir='ltr' id='par_1_100' title="bbox 1038 2056 1822 2093">
     <span class='ocr_line' id='line_1_100' title="bbox 1038 2056 1822 2093; baseline -0.006 -6"><span class='ocrx_word' id='word_1_730' title='bbox 1038 2063 1111 2087; x_wconf 87' lang='lat' dir='ltr'><strong>tasse</strong></span> <span class='ocrx_word' id='word_1_731' title='bbox 1127 2059 1177 2086; x_wconf 90' lang='lat' dir='ltr'><strong>hoc</strong></span> <span class='ocrx_word' id='word_1_732' title='bbox 1193 2058 1254 2086; x_wconf 86' lang='lat' dir='ltr'><strong>ideo</strong></span> <span class='ocrx_word' id='word_1_733' title='bbox 1269 2059 1308 2091; x_wconf 88' lang='lat' dir='ltr'><strong>ﬁt,</strong></span> <span class='ocrx_word' id='word_1_734' title='bbox 1328 2058 1392 2093; x_wconf 87' lang='lat' dir='ltr'><strong>quia</strong></span> <span class='ocrx_word' id='word_1_735' title='bbox 1407 2057 1532 2085; x_wconf 84' lang='lat' dir='ltr'><strong>Christus</strong></span> <span class='ocrx_word' id='word_1_736' title='bbox 1547 2064 1595 2092; x_wconf 82' lang='lat' dir='ltr'><strong>pro</strong></span> <span class='ocrx_word' id='word_1_737' title='bbox 1610 2056 1747 2088; x_wconf 91' lang='lat' dir='ltr'><strong>omnibus,</strong></span> <span class='ocrx_word' id='word_1_738' title='bbox 1768 2059 1822 2082; x_wconf 77' lang='lat' dir='ltr'><strong>tam</strong></span> 
     </span>
    </p>
   </div>
   <div class='ocr_carea' id='block_1_101' title="bbox 1038 2101 1823 2139">
    <p class='ocr_par' dir='ltr' id='par_1_101' title="bbox 1038 2101 1823 2139">
     <span class='ocr_line' id='line_1_101' title="bbox 1038 2101 1823 2139; baseline -0.005 -8"><span class='ocrx_word' id='word_1_739' title='bbox 1038 2105 1119 2131; x_wconf 81' lang='lat' dir='ltr'><strong>ovibu</strong></span> <span class='ocrx_word' id='word_1_740' title='bbox 1129 2113 1153 2136; x_wconf 77' lang='grc' dir='ltr'><strong>ε,</strong></span> <span class='ocrx_word' id='word_1_741' title='bbox 1169 2111 1250 2139; x_wconf 86' lang='lat' dir='ltr'><strong>quam</strong></span> <span class='ocrx_word' id='word_1_742' title='bbox 1263 2103 1358 2136; x_wconf 76' lang='lat' dir='ltr'><strong>haedis,</strong></span> <span class='ocrx_word' id='word_1_743' title='bbox 1376 2107 1500 2132; x_wconf 80' lang='lat' dir='ltr'><strong>mortuus</strong></span> <span class='ocrx_word' id='word_1_744' title='bbox 1514 2106 1566 2135; x_wconf 85' lang='lat' dir='ltr'><strong>est,</strong></span> <span class='ocrx_word' id='word_1_745' title='bbox 1577 2109 1609 2129; x_wconf 87' lang='lat' dir='ltr'><strong>ac</strong></span> <span class='ocrx_word' id='word_1_746' title='bbox 1623 2109 1670 2136; x_wconf 93' lang='lat' dir='ltr'><strong>pro</strong></span> <span class='ocrx_word' id='word_1_747' title='bbox 1688 2101 1730 2129; x_wconf 86' lang='lat' dir='ltr'><strong>Itis</strong></span> <span class='ocrx_word' id='word_1_748' title='bbox 1744 2101 1823 2128; x_wconf 87' lang='lat' dir='ltr'><strong>etiam</strong></span> 
     </span>
    </p>
   </div>
   <div class='ocr_carea' id='block_1_102' title="bbox 1037 2146 1824 2184">
    <p class='ocr_par' dir='ltr' id='par_1_102' title="bbox 1037 2146 1824 2184">
     <span class='ocr_line' id='line_1_102' title="bbox 1037 2146 1824 2184; baseline -0.004 -8"><span class='ocrx_word' id='word_1_749' title='bbox 1037 2150 1223 2184; x_wconf 80' lang='lat' dir='ltr'><strong>patissimum,</strong></span> <span class='ocrx_word' id='word_1_750' title='bbox 1254 2152 1346 2183; x_wconf 88' lang='lat' dir='ltr'><strong>utpote</strong></span> <span class='ocrx_word' id='word_1_751' title='bbox 1366 2147 1414 2183; x_wconf 92' lang='lat' dir='ltr'><strong>qui</strong></span> <span class='ocrx_word' id='word_1_752' title='bbox 1433 2146 1530 2182; x_wconf 85' lang='lat' dir='ltr'><strong>majori</strong></span> <span class='ocrx_word' id='word_1_753' title='bbox 1547 2147 1732 2174; x_wconf 84' lang='lat' dir='ltr'><strong>misericordia</strong></span> <span class='ocrx_word' id='word_1_754' title='bbox 1756 2153 1824 2180; x_wconf 89' lang='lat' dir='ltr'><strong>opus</strong></span> 
     </span>
    </p>
   </div>
   <div class='ocr_carea' id='block_1_103' title="bbox 1037 2192 1824 2227">
    <p class='ocr_par' dir='ltr' id='par_1_103' title="bbox 1037 2192 1824 2227">
     <span class='ocr_line' id='line_1_103' title="bbox 1037 2192 1824 2227; baseline -0.006 -4"><span class='ocrx_word' id='word_1_755' title='bbox 1037 2195 1156 2223; x_wconf 81' lang='lat' dir='ltr'><strong>habeant</strong></span> <span class='ocrx_word' id='word_1_756' title='bbox 1178 2195 1307 2222; x_wconf 80' lang='lat' dir='ltr'><strong>Fortasse</strong></span> <span class='ocrx_word' id='word_1_757' title='bbox 1320 2193 1401 2221; x_wconf 87' lang='lat' dir='ltr'><strong>etiam</strong></span> <span class='ocrx_word' id='word_1_758' title='bbox 1420 2193 1484 2227; x_wconf 87' lang='lat' dir='ltr'><strong>quia</strong></span> <span class='ocrx_word' id='word_1_759' title='bbox 1495 2193 1619 2221; x_wconf 87' lang='lat' dir='ltr'><strong>Christus</strong></span> <span class='ocrx_word' id='word_1_760' title='bbox 1628 2200 1720 2219; x_wconf 85' lang='lat' dir='ltr'><strong>revera</strong></span> <span class='ocrx_word' id='word_1_761' title='bbox 1731 2192 1824 2227; x_wconf 87' lang='lat' dir='ltr'><strong>justus</strong></span> 
     </span>
    </p>
   </div>
   <div class='ocr_carea' id='block_1_104' title="bbox 1038 2237 1824 2273">
    <p class='ocr_par' dir='ltr' id='par_1_104' title="bbox 1038 2237 1824 2273">
     <span class='ocr_line' id='line_1_104' title="bbox 1038 2237 1824 2273; baseline -0.008 -4"><span class='ocrx_word' id='word_1_762' title='bbox 1038 2246 1152 2269; x_wconf 86' lang='lat' dir='ltr'><strong>mortem</strong></span> <span class='ocrx_word' id='word_1_763' title='bbox 1167 2241 1339 2273; x_wconf 88' lang='lat' dir='ltr'><strong>subiit,&#39;ideo</strong></span> <span class='ocrx_word' id='word_1_764' title='bbox 1360 2239 1394 2266; x_wconf 86' lang='lat' dir='ltr'><strong>ad</strong></span> <span class='ocrx_word' id='word_1_765' title='bbox 1408 2239 1466 2273; x_wconf 88' lang='lat' dir='ltr'><strong>ejus</strong></span> <span class='ocrx_word' id='word_1_766' title='bbox 1480 2238 1591 2272; x_wconf 85' lang='lat' dir='ltr'><strong>ﬁguram</strong></span> <span class='ocrx_word' id='word_1_767' title='bbox 1613 2245 1701 2273; x_wconf 87' lang='lat' dir='ltr'><strong>agnus</strong></span> <span class='ocrx_word' id='word_1_768' title='bbox 1725 2237 1824 2271; x_wconf 87' lang='lat' dir='ltr'><strong>accipi-</strong></span> 
     </span>
    </p>
   </div>
   <div class='ocr_carea' id='block_1_105' title="bbox 1001 2279 1824 2321">
    <p class='ocr_par' dir='ltr' id='par_1_105' title="bbox 1001 2279 1824 2321">
     <span class='ocr_line' id='line_1_105' title="bbox 1001 2279 1824 2321; baseline -0.009 -6"><span class='ocrx_word' id='word_1_769' title='bbox 1001 2279 1026 2308; x_wconf 68' lang='grc' dir='ltr'><strong>θ</strong></span> <span class='ocrx_word' id='word_1_770' title='bbox 1040 2291 1083 2314; x_wconf 87' lang='lat' dir='ltr'><strong>tur</strong></span> <span class='ocrx_word' id='word_1_771' title='bbox 1101 2296 1108 2315; x_wconf 93' lang='lat'><strong>:</strong></span> <span class='ocrx_word' id='word_1_772' title='bbox 1126 2287 1255 2321; x_wconf 89' lang='lat' dir='ltr'><strong>quoniam</strong></span> <span class='ocrx_word' id='word_1_773' title='bbox 1267 2290 1357 2312; x_wconf 89' lang='lat' dir='ltr'><strong>autem</strong></span> <span class='ocrx_word' id='word_1_774' title='bbox 1376 2283 1518 2311; x_wconf 91' lang='lat' dir='ltr'><strong>hominum</strong></span> <span class='ocrx_word' id='word_1_775' title='bbox 1534 2283 1661 2317; x_wconf 82' lang='lat' dir='ltr'><strong>opinione</strong></span> <span class='ocrx_word' id='word_1_776' title='bbox 1675 2287 1703 2309; x_wconf 92' lang='lat' dir='ltr'><strong>ut</strong></span> <span class='ocrx_word' id='word_1_777' title='bbox 1718 2282 1824 2309; x_wconf 83' lang='lat' dir='ltr'><strong>facino-</strong></span> 
     </span>
    </p>
   </div>
   <div class='ocr_carea' id='block_1_106' title="bbox 1038 2328 1822 2363">
    <p class='ocr_par' dir='ltr' id='par_1_106' title="bbox 1038 2328 1822 2363">
     <span class='ocr_line' id='line_1_106' title="bbox 1038 2328 1822 2363; baseline -0.009 -3"><span class='ocrx_word' id='word_1_778' title='bbox 1038 2340 1119 2360; x_wconf 86' lang='lat' dir='ltr'><strong>rosus</strong></span> <span class='ocrx_word' id='word_1_779' title='bbox 1127 2336 1259 2358; x_wconf 87' lang='lat' dir='ltr'><strong>mactatus</strong></span> <span class='ocrx_word' id='word_1_780' title='bbox 1272 2334 1324 2363; x_wconf 85' lang='lat' dir='ltr'><strong>est,</strong></span> <span class='ocrx_word' id='word_1_781' title='bbox 1334 2330 1436 2357; x_wconf 87' lang='lat' dir='ltr'><strong>idcirco</strong></span> <span class='ocrx_word' id='word_1_782' title='bbox 1451 2330 1545 2356; x_wconf 72' lang='lat' dir='ltr'><strong>litedus</strong></span> <span class='ocrx_word' id='word_1_783' title='bbox 1556 2334 1664 2363; x_wconf 62' lang='lat' dir='ltr'><strong>quoilue</strong></span> <span class='ocrx_word' id='word_1_784' title='bbox 1673 2328 1822 2362; x_wconf 84' lang='lat' dir='ltr'><strong>jugulatur.</strong></span> 
     </span>
    </p>
   </div>
   <div class='ocr_carea' id='block_1_107' title="bbox 1040 2373 1822 2407">
    <p class='ocr_par' dir='ltr' id='par_1_107' title="bbox 1040 2373 1822 2407">
     <span class='ocr_line' id='line_1_107' title="bbox 1040 2373 1822 2407; baseline -0.008 -3"><span class='ocrx_word' id='word_1_785' title='bbox 1040 2377 1246 2404; x_wconf 81' lang='lat' dir='ltr'><strong>lmmaculatttm</strong></span> <span class='ocrx_word' id='word_1_786' title='bbox 1261 2380 1350 2403; x_wconf 90' lang='lat' dir='ltr'><strong>autem</strong></span> <span class='ocrx_word' id='word_1_787' title='bbox 1375 2375 1537 2402; x_wconf 89' lang='lat' dir='ltr'><strong>sacriﬁcium</strong></span> <span class='ocrx_word' id='word_1_788' title='bbox 1554 2381 1638 2407; x_wconf 83' lang='lat' dir='ltr'><strong>agnus</strong></span> <span class='ocrx_word' id='word_1_789' title='bbox 1654 2373 1822 2406; x_wconf 71' lang='lat' dir='ltr'><strong>intelligitur,</strong></span> 
     </span>
    </p>
   </div>
   <div class='ocr_carea' id='block_1_108' title="bbox 1041 2417 1822 2458">
    <p class='ocr_par' dir='ltr' id='par_1_108' title="bbox 1041 2417 1822 2458">
     <span class='ocr_line' id='line_1_108' title="bbox 1041 2417 1822 2458; baseline -0.01 -7"><span class='ocrx_word' id='word_1_790' title='bbox 1041 2424 1110 2458; x_wconf 80' lang='lat' dir='ltr'><strong>legis</strong></span> <span class='ocrx_word' id='word_1_791' title='bbox 1141 2422 1298 2458; x_wconf 72' lang='lat' dir='ltr'><strong>praescripto</strong></span> <span class='ocrx_word' id='word_1_792' title='bbox 1317 2421 1350 2449; x_wconf 84' lang='lat' dir='ltr'><strong>ad</strong></span> <span class='ocrx_word' id='word_1_793' title='bbox 1375 2424 1509 2456; x_wconf 16' lang='lat' dir='ltr'><strong>perpetual</strong></span> <span class='ocrx_word' id='word_1_794' title='bbox 1532 2418 1665 2446; x_wconf 82' lang='lat' dir='ltr'><strong>sacriﬁcia</strong></span> <span class='ocrx_word' id='word_1_795' title='bbox 1693 2417 1822 2444; x_wconf 86' lang='lat' dir='ltr'><strong>dicatus:</strong></span> 
     </span>
    </p>
   </div>
   <div class='ocr_carea' id='block_1_109' title="bbox 1046 2462 1823 2502">
    <p class='ocr_par' dir='ltr' id='par_1_109' title="bbox 1046 2462 1823 2502">
     <span class='ocr_line' id='line_1_109' title="bbox 1046 2462 1823 2502; baseline -0.012 -6"><span class='ocrx_word' id='word_1_796' title='bbox 1046 2468 1141 2495; x_wconf 64' lang='lat' dir='ltr'><strong>hwtlus</strong></span> <span class='ocrx_word' id='word_1_797' title='bbox 1154 2475 1218 2495; x_wconf 83' lang='lat' dir='ltr'><strong>vero</strong></span> <span class='ocrx_word' id='word_1_798' title='bbox 1231 2474 1279 2502; x_wconf 91' lang='lat' dir='ltr'><strong>pro</strong></span> <span class='ocrx_word' id='word_1_799' title='bbox 1293 2465 1410 2501; x_wconf 85' lang='lat' dir='ltr'><strong>peccatis</strong></span> <span class='ocrx_word' id='word_1_800' title='bbox 1424 2465 1546 2492; x_wconf 79' lang='lat' dir='ltr'><strong>oﬂ‘ertur.</strong></span> <span class='ocrx_word' id='word_1_801' title='bbox 1558 2463 1623 2496; x_wconf 79' lang='lat' dir='ltr'><strong>Quae</strong></span> <span class='ocrx_word' id='word_1_802' title='bbox 1641 2463 1748 2496; x_wconf 77' lang='lat' dir='ltr'><strong>quidem</strong></span> <span class='ocrx_word' id='word_1_803' title='bbox 1769 2462 1823 2488; x_wconf 91' lang='lat' dir='ltr'><strong>dtto</strong></span> 
     </span>
    </p>
   </div>
   <div class='ocr_carea' id='block_1_110' title="bbox 1038 2509 1822 2548">
    <p class='ocr_par' dir='ltr' id='par_1_110' title="bbox 1038 2509 1822 2548">
     <span class='ocr_line' id='line_1_110' title="bbox 1038 2509 1822 2548; baseline -0.011 -6"><span class='ocrx_word' id='word_1_804' title='bbox 1038 2515 1064 2542; x_wconf 88' lang='lat' dir='ltr'><strong>itt</strong></span> <span class='ocrx_word' id='word_1_805' title='bbox 1078 2514 1188 2542; x_wconf 77' lang='lat' dir='ltr'><strong>Christo</strong></span> <span class='ocrx_word' id='word_1_806' title='bbox 1203 2512 1330 2548; x_wconf 86' lang='lat' dir='ltr'><strong>reperies.</strong></span> <span class='ocrx_word' id='word_1_807' title='bbox 1348 2511 1412 2538; x_wconf 89' lang='lat' dir='ltr'><strong>Erat</strong></span> <span class='ocrx_word' id='word_1_808' title='bbox 1427 2510 1499 2538; x_wconf 87' lang='lat' dir='ltr'><strong>enim</strong></span> <span class='ocrx_word' id='word_1_809' title='bbox 1516 2509 1597 2541; x_wconf 84' lang='lat' dir='ltr'><strong>idem,</strong></span> <span class='ocrx_word' id='word_1_810' title='bbox 1608 2512 1635 2535; x_wconf 93' lang='lat' dir='ltr'><strong>et</strong></span> <span class='ocrx_word' id='word_1_811' title='bbox 1650 2513 1679 2534; x_wconf 91' lang='lat' dir='ltr'><strong>ut</strong></span> <span class='ocrx_word' id='word_1_812' title='bbox 1689 2509 1822 2534; x_wconf 61' lang='lat' dir='ltr'><strong>immacu»</strong></span> 
     </span>
    </p>
   </div>
   <div class='ocr_carea' id='block_1_111' title="bbox 1038 2553 1821 2591">
    <p class='ocr_par' dir='ltr' id='par_1_111' title="bbox 1038 2553 1821 2591">
     <span class='ocr_line' id='line_1_111' title="bbox 1038 2553 1821 2591; baseline -0.011 -4"><span class='ocrx_word' id='word_1_813' title='bbox 1038 2560 1091 2587; x_wconf 84' lang='lat' dir='ltr'><strong>lata</strong></span> <span class='ocrx_word' id='word_1_814' title='bbox 1104 2559 1225 2591; x_wconf 84' lang='lat' dir='ltr'><strong>victima,</strong></span> <span class='ocrx_word' id='word_1_815' title='bbox 1239 2558 1366 2584; x_wconf 91' lang='lat' dir='ltr'><strong>nimirum</strong></span> <span class='ocrx_word' id='word_1_816' title='bbox 1379 2556 1411 2583; x_wconf 89' lang='lat' dir='ltr'><strong>ad</strong></span> <span class='ocrx_word' id='word_1_817' title='bbox 1423 2555 1535 2583; x_wconf 88' lang='lat' dir='ltr'><strong>odorem</strong></span> <span class='ocrx_word' id='word_1_818' title='bbox 1545 2553 1688 2581; x_wconf 70' lang='lat' dir='ltr'><strong>suavitatis</strong></span> <span class='ocrx_word' id='word_1_819' title='bbox 1701 2553 1821 2588; x_wconf 88' lang='lat' dir='ltr'><strong>seipsutn</strong></span> 
     </span>
    </p>
   </div>
   <div class='ocr_carea' id='block_1_112' title="bbox 1039 2599 1822 2635">
    <p class='ocr_par' dir='ltr' id='par_1_112' title="bbox 1039 2599 1822 2635">
     <span class='ocr_line' id='line_1_112' title="bbox 1039 2599 1822 2635; baseline -0.011 -2"><span class='ocrx_word' id='word_1_820' title='bbox 1039 2606 1109 2633; x_wconf 84' lang='lat' dir='ltr'><strong>Patri</strong></span> <span class='ocrx_word' id='word_1_821' title='bbox 1124 2604 1241 2632; x_wconf 76' lang='lat' dir='ltr'><strong>olferens</strong></span> <span class='ocrx_word' id='word_1_822' title='bbox 1257 2608 1304 2631; x_wconf 92' lang='lat' dir='ltr'><strong>:et</strong></span> <span class='ocrx_word' id='word_1_823' title='bbox 1321 2608 1349 2630; x_wconf 95' lang='lat' dir='ltr'><strong>ut</strong></span> <span class='ocrx_word' id='word_1_824' title='bbox 1361 2602 1467 2634; x_wconf 71' lang='lat' dir='ltr'><strong>haedus,</strong></span> <span class='ocrx_word' id='word_1_825' title='bbox 1482 2601 1547 2629; x_wconf 90' lang='lat' dir='ltr'><strong>dum</strong></span> <span class='ocrx_word' id='word_1_826' title='bbox 1569 2607 1618 2635; x_wconf 88' lang='lat' dir='ltr'><strong>pro</strong></span> <span class='ocrx_word' id='word_1_827' title='bbox 1635 2599 1753 2633; x_wconf 86' lang='lat' dir='ltr'><strong>peccatis</strong></span> <span class='ocrx_word' id='word_1_828' title='bbox 1770 2605 1822 2625; x_wconf 89' lang='lat' dir='ltr'><strong>no-</strong></span> 
     </span>
    </p>
   </div>
   <div class='ocr_carea' id='block_1_113' title="bbox 1037 2643 1820 2683">
    <p class='ocr_par' dir='ltr' id='par_1_113' title="bbox 1037 2643 1820 2683">
     <span class='ocr_line' id='line_1_113' title="bbox 1037 2643 1820 2683; baseline -0.014 -4"><span class='ocrx_word' id='word_1_829' title='bbox 1037 2652 1102 2679; x_wconf 79' lang='lat' dir='ltr'><strong>stris</strong></span> <span class='ocrx_word' id='word_1_830' title='bbox 1114 2654 1287 2678; x_wconf 82' lang='lat' dir='ltr'><strong>mactaretur.</strong></span> <span class='ocrx_word' id='word_1_831' title='bbox 1311 2649 1398 2683; x_wconf 84' lang='lat' dir='ltr'><strong>Atque</strong></span> <span class='ocrx_word' id='word_1_832' title='bbox 1409 2652 1439 2674; x_wconf 91' lang='lat' dir='ltr'><strong>ut</strong></span> <span class='ocrx_word' id='word_1_833' title='bbox 1458 2654 1514 2674; x_wconf 89' lang='lat' dir='ltr'><strong>rem</strong></span> <span class='ocrx_word' id='word_1_834' title='bbox 1527 2646 1554 2672; x_wconf 95' lang='lat' dir='ltr'><strong>in</strong></span> <span class='ocrx_word' id='word_1_835' title='bbox 1568 2653 1655 2680; x_wconf 86' lang='lat' dir='ltr'><strong>pauca</strong></span> <span class='ocrx_word' id='word_1_836' title='bbox 1670 2643 1820 2673; x_wconf 77' lang='lat' dir='ltr'><strong>conferam,</strong></span> 
     </span>
    </p>
   </div>
   <div class='ocr_carea' id='block_1_114' title="bbox 1037 2688 1820 2731">
    <p class='ocr_par' dir='ltr' id='par_1_114' title="bbox 1037 2688 1820 2731">
     <span class='ocr_line' id='line_1_114' title="bbox 1037 2688 1820 2731; baseline -0.013 -7"><span class='ocrx_word' id='word_1_837' title='bbox 1037 2698 1094 2725; x_wconf 86' lang='lat' dir='ltr'><strong>ovis</strong></span> <span class='ocrx_word' id='word_1_838' title='bbox 1109 2695 1231 2731; x_wconf 88' lang='lat' dir='ltr'><strong>quidem,</strong></span> <span class='ocrx_word' id='word_1_839' title='bbox 1260 2693 1410 2723; x_wconf 88' lang='lat' dir='ltr'><strong>secundum</strong></span> <span class='ocrx_word' id='word_1_840' title='bbox 1428 2692 1536 2723; x_wconf 83' lang='lat' dir='ltr'><strong>Isaiam,</strong></span> <span class='ocrx_word' id='word_1_841' title='bbox 1559 2691 1698 2718; x_wconf 86' lang='lat' dir='ltr'><strong>lenitatem</strong></span> <span class='ocrx_word' id='word_1_842' title='bbox 1719 2688 1820 2716; x_wconf 82' lang='lat' dir='ltr'><strong>Christi</strong></span> 
     </span>
    </p>
   </div>
   <div class='ocr_carea' id='block_1_115' title="bbox 1036 2734 1821 2777">
    <p class='ocr_par' dir='ltr' id='par_1_115' title="bbox 1036 2734 1821 2777">
     <span class='ocr_line' id='line_1_115' title="bbox 1036 2734 1821 2777; baseline -0.013 -7"><span class='ocrx_word' id='word_1_843' title='bbox 1036 2743 1160 2777; x_wconf 79' lang='lat' dir='ltr'><strong>designat</strong></span> <span class='ocrx_word' id='word_1_844' title='bbox 1180 2749 1187 2769; x_wconf 91' lang='lat'><strong>:</strong></span> <span class='ocrx_word' id='word_1_845' title='bbox 1207 2741 1303 2768; x_wconf 60' lang='lat' dir='ltr'><strong>haedus</strong></span> <span class='ocrx_word' id='word_1_846' title='bbox 1323 2745 1413 2766; x_wconf 88' lang='lat' dir='ltr'><strong>autem</strong></span> <span class='ocrx_word' id='word_1_847' title='bbox 1428 2737 1577 2765; x_wconf 87' lang='lat' dir='ltr'><strong>secundum</strong></span> <span class='ocrx_word' id='word_1_848' title='bbox 1603 2735 1687 2770; x_wconf 80' lang='lat' dir='ltr'><strong>legem</strong></span> <span class='ocrx_word' id='word_1_849' title='bbox 1715 2734 1821 2762; x_wconf 85' lang='lat' dir='ltr'><strong>sacriﬁ-</strong></span> 
     </span>
    </p>
   </div>
   <div class='ocr_carea' id='block_1_116' title="bbox 1037 2779 1820 2820">
    <p class='ocr_par' dir='ltr' id='par_1_116' title="bbox 1037 2779 1820 2820">
     <span class='ocr_line' id='line_1_116' title="bbox 1037 2779 1820 2820; baseline -0.011 -6"><span class='ocrx_word' id='word_1_850' title='bbox 1037 2788 1108 2814; x_wconf 90' lang='lat' dir='ltr'><strong>cittm</strong></span> <span class='ocrx_word' id='word_1_851' title='bbox 1123 2791 1164 2813; x_wconf 88' lang='lat' dir='ltr'><strong>est</strong></span> <span class='ocrx_word' id='word_1_852' title='bbox 1179 2793 1228 2820; x_wconf 91' lang='lat' dir='ltr'><strong>pro</strong></span> <span class='ocrx_word' id='word_1_853' title='bbox 1243 2789 1366 2819; x_wconf 87' lang='lat' dir='ltr'><strong>peccato.</strong></span> <span class='ocrx_word' id='word_1_854' title='bbox 1394 2782 1510 2810; x_wconf 81' lang='lat' dir='ltr'><strong>Proinde</strong></span> <span class='ocrx_word' id='word_1_855' title='bbox 1524 2781 1631 2812; x_wconf 78' lang='lat' dir='ltr'><strong>leniter,</strong></span> <span class='ocrx_word' id='word_1_856' title='bbox 1649 2780 1708 2807; x_wconf 87' lang='lat' dir='ltr'><strong>ovis</strong></span> <span class='ocrx_word' id='word_1_857' title='bbox 1723 2779 1820 2810; x_wconf 89' lang='lat' dir='ltr'><strong>instar,</strong></span> 
     </span>
    </p>
   </div>
   <div class='ocr_carea' id='block_1_117' title="bbox 1037 2825 1820 2866">
    <p class='ocr_par' dir='ltr' id='par_1_117' title="bbox 1037 2825 1820 2866">
     <span class='ocr_line' id='line_1_117' title="bbox 1037 2825 1820 2866; baseline -0.013 -6"><span class='ocrx_word' id='word_1_858' title='bbox 1037 2833 1070 2860; x_wconf 87' lang='lat' dir='ltr'><strong>ad</strong></span> <span class='ocrx_word' id='word_1_859' title='bbox 1087 2831 1247 2866; x_wconf 89' lang='lat' dir='ltr'><strong>supplicium</strong></span> <span class='ocrx_word' id='word_1_860' title='bbox 1267 2830 1375 2862; x_wconf 85' lang='lat' dir='ltr'><strong>ductus,</strong></span> <span class='ocrx_word' id='word_1_861' title='bbox 1389 2835 1437 2863; x_wconf 91' lang='lat' dir='ltr'><strong>pro</strong></span> <span class='ocrx_word' id='word_1_862' title='bbox 1455 2833 1564 2862; x_wconf 86' lang='lat' dir='ltr'><strong>peccato</strong></span> <span class='ocrx_word' id='word_1_863' title='bbox 1580 2826 1653 2854; x_wconf 85' lang='lat' dir='ltr'><strong>velut</strong></span> <span class='ocrx_word' id='word_1_864' title='bbox 1669 2825 1762 2853; x_wconf 87' lang='lat' dir='ltr'><strong>hircus</strong></span> <span class='ocrx_word' id='word_1_865' title='bbox 1777 2833 1820 2851; x_wconf 82' lang='lat' dir='ltr'><strong>sa—</strong></span> 
     </span>
    </p>
   </div>
   <div class='ocr_carea' id='block_1_118' title="bbox 1197 2918 1502 2953">
    <p class='ocr_par' dir='ltr' id='par_1_118' title="bbox 1197 2918 1502 2953">
     <span class='ocr_line' id='line_1_118' title="bbox 1197 2918 1502 2953; baseline -0.016 -4"><span class='ocrx_word' id='word_1_866' title='bbox 1197 2922 1217 2937; x_wconf 80' lang='lat'>”</span> <span class='ocrx_word' id='word_1_867' title='bbox 1246 2920 1340 2948; x_wconf 71' lang='lat' dir='ltr'><strong>Matth.</strong></span> <span class='ocrx_word' id='word_1_868' title='bbox 1369 2927 1430 2953; x_wconf 74' lang='lat' dir='ltr'><strong>xxv,</strong></span> <span class='ocrx_word' id='word_1_869' title='bbox 1458 2918 1502 2945; x_wconf 72' lang='grc'><strong>40.</strong></span> 
     </span>
    </p>
   </div>
  </div>
