2058 3159
235 219 303 249 1‘61

950 220 1138 250 ADDENDA.

1802 224 1876 254 136i»

233 277 374 303 criﬁcatus
391 280 442 307 est,
462 283 510 310 pro
532 275 673 302 hominum
693 274 781 303 salute
804 275 924 310 seipsum
947 275 1027 304 morti
1045 276 1067 304 A
1082 281 1208 308 vocatur,
1237 277 1309 310 quod
1323 269 1399 304 in‘ea
1418 277 1490 304 velut
1506 278 1532 304 in
1549 282 1638 310 nocte,
1656 282 1683 304 et
1703 277 1827 308 virtutes,
1849 285 1880 305 ct

233 329 382 354 esponens.
392 323 454 354 Aut,
464 321 485 348 si
494 321 591 352 mavis,
601 325 631 348 ut
642 321 736 348 haedus
747 321 773 347 in
781 321 834 348 alta
844 321 900 349 loca
911 323 1026 356 prosilit,

234 369 275 395 sic
289 367 565 394 Christusinccelum
584 367 718 399 ascendit,
744 372 824 402 teque
844 368 946 396 evehit.
961 368 1028 395 Pro-

235 419 294 448 pter
309 418 334 440 te
350 413 421 440 cuitu
434 417 562 440 mortuus
574 419 625 445 est,
644 418 673 440 ut
689 421 748 440 cum
764 413 822 448 ipso
835 415 921 442 vivas.
945 415 1029 447 Quid-

236 468 298 486 nam
318 464 407 487 autem
426 460 476 487 sibi
492 460 548 487 vult
566 460 620 492 lex,
636 460 707 495 quod
726 460 844 487 maxime
859 461 966 495 quidem
980 469 1029 496 per

236 506 358 540 singulas
377 507 475 534 domus
497 515 597 540 agnum
626 506 775 534 sacriﬁcari
788 507 875 541 jubet,
895 507 916 533 si
939 513 1029 535 autem

234 552 376 579 donnstici
394 552 470 587 pauci
485 553 582 579 sintae
600 560 742 587 pauperes.
760 553 842 579 simul
863 560 973 587 quoque
991 554 1029 579 vi-

236 598 314 625 cinos
330 598 526 632 adesse,atque
541 599 578 625 ita
600 606 632 626 ex
648 598 850 625 contributione
867 599 1031 626 sacriﬁcium

234 643 380 676 compleri?
393 643 526 676 Quoniam
536 644 717 679 pr:rstal:ilius
728 645 751 671 id
764 645 871 679 quidem
884 650 935 682 est,
945 650 974 672 ut
981 645 1031 672 sibi

235 689 353 723 quisque
362 689 394 716 ad
406 689 599 724 perfectionem
615 691 741 728 sufﬁciat,
753 694 833 726 atque
852 691 968 719 aliorum
983 700 1033 727 ope

235 738 262 760 rt
272 733 384 766 auxilio,
395 735 425 761 ad
436 735 562 762 virtutem
574 742 628 762 non
640 735 768 770 indigeat,
779 736 842 770 quin
852 737 952 771 potius,
961 738 1032 772 quod

236 779 385 814 Apostolus
398 781 435 807 ait
447 781 480 819 ¹⁷,
497 781 618 815 scipsum
636 781 761 808 exhibeat
778 782 831 809 Deo
848 783 964 810 hostiam
980 792 1032 811 non

237 825 397 857 inanimem,
428 826 517 860 qualis
545 831 586 853 est
612 827 667 858 illa,
684 835 743 862 qua:
760 835 808 862 per
823 828 900 856 bruta
918 829 956 861 ﬁt,
975 838 1035 864 quae

236 875 378 905 postquam
387 878 455 898 caesa
469 876 550 908 esset,
559 872 612 899 Deo
624 876 687 899 tunc
695 872 867 912 offerebatur,
880 882 972 901 verum
987 877 1034 902 ho.

238 915 319 942 stiam
335 916 481 948 viventem,
503 921 533 943 ut
550 921 692 955 martyres,
706 918 751 952 qui
765 919 869 953 seipsos
888 919 962 947 rivos
975 920 1030 947 Deo

239 960 398 992 oﬂcrebant,
425 968 457 987 ac
474 960 572 988 deinde
589 968 638 995 pro
658 969 690 988 eo
719 968 833 990 tnortcm
851 965 1025 998 oppetebant.

237 1004 328 1032 Talem
345 1005 460 1032 hostiam
477 1013 702 1041 unumquemque
725 1008 844 1042 seipsum
860 1009 915 1036 Deo
931 1009 1027 1037 offerre

237 1054 354 1088 oportet,
371 1056 397 1077 et
411 1058 528 1088 semper,
543 1057 568 1078 et
580 1059 628 1086 per
644 1060 687 1079 res
709 1060 804 1080 omnes
820 1055 978 1082 sacriﬁcari.
999 1055 1026 1082 ld

238 1101 329 1122 autem
349 1096 406 1129 ﬁet,
423 1097 445 1123 si
461 1097 581 1124 membra
599 1103 692 1124 nostra
708 1098 739 1125 ad
756 1099 858 1133 peccati
889 1105 1027 1135 perpetra-

237 1140 338 1167 tionem
350 1140 537 1175 opprimantus
553 1149 585 1168 ac
601 1143 807 1171 mortiﬁccmus.
821 1143 899 1176 Quod
922 1145 945 1172 si
965 1145 1027 1179 quis

237 1192 284 1218 per
304 1193 333 1212 se
348 1193 380 1213 ac
391 1186 476 1220 solus,
497 1187 532 1214 ob
557 1188 656 1216 utentis
674 1189 792 1223 inopiam
811 1194 839 1217 ct
854 1191 1027 1219 imbecillita-

238 1235 291 1257 tem
307 1231 480 1267 intelligendo
493 1233 593 1260 Christi
611 1235 739 1268 mysterio
755 1242 804 1268 par
818 1243 880 1263 esse
892 1243 1026 1276 nequeat,

239 1277 330 1304 socios
353 1282 433 1312 atque
456 1278 595 1312 adjutores
613 1279 665 1307 sibi
687 1281 813 1317 asrrisect,
831 1289 876 1308 eos
905 1283 1029 1310 videlicet

239 1323 385 1362 accipiens,
397 1325 442 1358 qui
458 1325 550 1351 cadent
566 1325 617 1352 ﬁ‘le
626 1326 729 1360 praditi
740 1333 812 1354 sunt.
825 1327 1026 1363 Nonnunquam

237 1369 310 1396 enim
341 1373 434 1397 mutua
454 1377 534 1404 opera
563 1371 596 1398 ad
627 1371 801 1399 sublimiores
827 1373 1028 1407 speculationcs

238 1415 416 1453 assurgitnus,
434 1417 525 1443 socios
546 1424 593 1444 eos
610 1422 791 1456 assumentes,
809 1419 855 1453 qui
884 1421 1027 1448 nobiscum

236 1461 336 1488 virtute
345 1469 423 1496 pares
439 1469 470 1489 ac
483 1463 563 1490 vieini
580 1468 653 1490 sunt.
671 1463 767 1491 Verum
779 1465 823 1492 hic
838 1466 934 1494 merito
948 1468 1025 1502 quis-

237 1507 309 1541 piam
327 1513 527 1546 percunctetur,
539 1510 673 1544 siquidem
691 1518 763 1538 unus
775 1516 816 1538 est
828 1511 964 1550 Christus,
980 1513 1025 1548 qui

237 1561 284 1587 per
300 1554 384 1589 legem
405 1561 432 1582 et
447 1557 604 1590 prophetas,
633 1562 715 1592 atque
738 1558 805 1585 adeo
826 1567 875 1593 per
889 1566 1027 1588 creaturas

1081 323 1145 350 vitia
1165 323 1190 349 in
1205 323 1324 350 obscuro
1345 323 1409 355 sint,
1428 328 1510 358 atque
1530 324 1611 350 etiam
1626 328 1745 358 ,proptcr
1759 324 1878 351 olTusam

1081 368 1107 394 in
1124 374 1154 394 ea
1172 367 1364 402 ignorantiam,
1378 373 1405 395 et
1419 376 1551 400 err0rem,
1577 376 1608 395 ac
1631 373 1785 406 peccatum,
1802 369 1880 403 quod

1081 414 1108 440 in
1123 421 1218 441 omnes
1232 413 1321 442 fusum
1343 421 1374 441 ac
1390 419 1567 449 propagatum
1589 420 1642 446 est,
1659 421 1809 449 mnncsque
1824 415 1880 441 im-

1082 460 1157 494 perio
1172 460 1278 494 premit.
1303 460 1444 493 Quomodo
1458 465 1548 487 autem
1560 460 1650 487 divina
1665 461 1710 487 illa
1726 468 1791 492 nox,
1820 469 1879 496 qua

1082 505 1191 532 Christo
1205 506 1374 533 moriendum
1391 511 1460 536 erat.
1476 505 1564 532 nootis
1579 505 1682 540 peccati
1700 505 1786 532 hostis
1803 511 1877 534 erat.

1083 552 1184 586 accipe.
1199 551 1434 584 Quemadmodum
1463 552 1489 578 in
1509 552 1600 578 lnlllltll
1617 552 1754 578 creatione
1783 552 1879 578 sensi-

1084 599 1129 624 bili
1147 599 1206 625 lucc
1222 598 1354 633 producta
1367 598 1498 625 discussa:
1515 602 1579 625 sunt
1596 597 1726 633 tenebrae,
1744 605 1802 631 quae
1817 597 1877 631 pri-

1084 645 1198 677 migcnaa
1211 645 1349 675 dicuntur,
1372 652 1425 670 non
1438 644 1508 678 quod
1524 644 1676 671 substantia
1699 644 1816 678 prmdittc
1840 651 1877 670 ac

1085 696 1182 717 creata:
1201 691 1266 721 sint,
1287 691 1332 718 sed
1360 690 1424 724 quia
1449 690 1518 717 emlo
1543 697 1573 716 ac
1590 694 1679 727 terra;
1700 690 1780 716 rebus
1808 690 1876 716 sub-

1087 737 1185 763 stantia
1214 737 1346 771 praeditis,
1366 736 1445 770 quasi
1473 735 1663 762 subsisterent.
1692 734 1784 770 Neque
1799 736 1875 762 enim

1088 783 1258 809 tenebrarum
1276 783 1328 809 ttlla
1339 787 1380 809 est
1393 782 1510 809 essentia
1524 786 1550 808 et
1569 781 1742 809 subsistentia
1758 789 1875 809 :verum

1086 836 1134 862 per
1151 828 1365 855 ohslructionem
1390 832 1472 862 atque
1499 827 1668 854 obstaculum
1688 826 1767 857 ﬁunt,
1791 831 1877 860 atque

1087 875 1234 902 accidentis
1249 874 1379 901 rationem
1396 873 1505 910 habent,
1522 881 1574 900 non
1590 873 1759 900 substantizr.
1776 872 1878 905 Quem-

1088 921 1233 947 admodum
1253 920 1333 954 igitur
1347 925 1407 954 post
1434 924 1553 946 creatam
1583 920 1668 946 lucem
1696 919 1876 953 tenebrasque

1082 967 1223 994 submotas
1252 971 1323 993 terra
1340 965 1425 992 viduli
1452 966 1544 1003 empit,
1567 969 1649 999 atque
1673 965 1873 991 elementorum

1080 1012 1146 1039 ordo
1160 1011 1305 1039 distinctus
1334 1015 1386 1048 est,
1403 1010 1550 1045 omniaque
1578 1009 1724 1036 informata
1743 1015 1819 1040 sunt,
1839 1017 1874 1036 ac

1082 1059 1182 1085 caelum
1213 1063 1339 1084 ornatum
1364 1065 1442 1084 suum
1476 1056 1590 1094 accepit,
1622 1060 1749 1090 terraque
1779 1056 1873 1083 itidem

1080 1111 1172 1133 suum.
1196 1107 1279 1137 atque
1299 1102 1331 1129 ad
1351 1101 1424 1129 hunc
1454 1102 1563 1128 modutn
1587 1101 1631 1128 illa
1655 1102 1730 1135 prius
1746 1101 1873 1128 informis

1080 1149 1191 1175 materia
1213 1148 1308 1176 formis
1342 1148 1472 1174 adornata
1494 1152 1536 1174 est
1560 1156 1568 1174 :
1595 1147 1634 1174 sic
1662 1146 1744 1174 etiam
1774 1147 1800 1173 in
1821 1148 1872 1173 bac

1079 1199 1252 1222 sacrosancta
1282 1198 1371 1230 nocte,
1400 1201 1453 1228 qua
1485 1193 1614 1220 Christus
1647 1193 1742 1220 salutis
1772 1199 1872 1220 nostra:

1080 1248 1164 1268 causa
1207 1244 1320 1267 mortem
1357 1239 1464 1274 excepit
1495 1246 1527 1266 ac
1555 1239 1678 1276 sustulit,
1713 1239 1867 1273 ignorantia

1079 1291 1106 1313 et
1135 1286 1237 1313 malitia
1276 1286 1302 1313 in
1333 1286 1412 1312 nobis
1449 1285 1564 1323 haerens,
1599 1292 1630 1312 ac
1659 1284 1749 1312 noctis
1787 1285 1870 1311 ratio-

1080 1341 1141 1361 nem
1168 1334 1280 1364 habens,
1310 1332 1447 1367 proﬂigata
1463 1337 1489 1359 ct
1500 1332 1631 1359 dissoluta
1656 1336 1697 1358 est
1713 1339 1720 1358 :
1738 1336 1821 1365 atque
1833 1331 1869 1358 ita

1080 1384 1191 1406 mutatze
1207 1382 1271 1406 sunt
1287 1386 1376 1405 rerum
1393 1378 1475 1408 vices.
1490 1382 1518 1404 ut
1533 1384 1582 1412 pro
1597 1378 1692 1404 utnbra
1706 1377 1805 1404 veritas
1820 1385 1869 1404 no-

1079 1425 1266 1457 bisilluxcrit,
1282 1432 1330 1459 pro
1350 1424 1502 1459 ignorantia
1522 1416 1651 1458 cognitio,
1671 1431 1720 1457 pro
1740 1423 1867 1450 incredu-

1080 1471 1154 1498 litate
1170 1470 1246 1502 ﬁdes,
1277 1478 1325 1505 pro
1345 1475 1453 1505 peccato
1468 1470 1585 1504 iustitia.
1606 1469 1699 1496 P01est
1725 1469 1769 1497 hic
1787 1469 1868 1497 etiam

1079 1524 1126 1551 per
1144 1516 1310 1551 primigenas
1326 1517 1451 1544 tenebras
1476 1517 1625 1551 primorum
1641 1521 1783 1550 parentum
1803 1523 1867 1550 pec-

1080 1567 1168 1589 eatum
1205 1562 1327 1597 intelligi,
1362 1570 1410 1598 per
1438 1563 1508 1598 quod
1533 1563 1624 1590 omnia
1655 1563 1810 1597 perturbata
1840 1567 1867 1590 et

238 1599 409 1633 praedicatur.
426 1601 471 1635 qui
489 1601 544 1632 ﬁet.
562 1607 591 1628 ut
616 1602 669 1634 lett,
686 1603 787 1630 Christi
816 1604 929 1638 ﬁguram
954 1605 1023 1632 Ct‘lc-
1038 1608 1060 1637 C
1076 1615 1169 1635 eversa
1185 1614 1257 1635 sunt.
1280 1607 1382 1635 Verum
1411 1608 1438 1636 in
1465 1608 1586 1640 Christo,
1610 1616 1674 1635 vero
1698 1609 1810 1645 lumine,
1829 1609 1869 1636 ha:

236 1644 329 1677 brans,
346 1653 394 1679 per
411 1646 506 1672 domos
525 1646 688 1674 familiarum
708 1649 861 1683 complures
877 1658 962 1685 agnos
978 1658 1024 1678 sa-

235 1688 471 1725 criﬁcarijuheat?
486 1692 524 1718 Ad
542 1699 621 1726 quem
641 1694 681 1721 sic
705 1696 875 1730 respOndeo:
892 1703 1028 1731 queritan—

235 1735 347 1762 modum
367 1737 553 1771 unuSquisque
563 1745 669 1770 eorum,
685 1740 731 1774 qui
747 1740 885 1769 Christum
898 1743 1028 1771 ﬁdccom-

237 1779 306 1810 pleri
332 1783 405 1810 sunt,
424 1787 473 1814 pro
487 1781 582 1808 \irium
607 1789 718 1810 suarum
749 1786 859 1813 modulo
870 1788 1028 1822 spiritaliter

234 1821 343 1852 Christo
354 1825 530 1861 crucifigitur,
548 1827 616 1856 alius
631 1829 759 1857 nimirum
785 1821 915 1866 quantum
939 1835 971 1862 ad
985 1843 1028 1862 ac-

238 1870 311 1896 tuale
323 1876 462 1905 peccatum
475 1872 731 1909 duntaxatjscipsum
745 1877 819 1904 cruci
832 1878 1027 1914 afﬁgcns,alius

234 1920 364 1949 quantum
374 1918 406 1943 ad
420 1918 492 1951 ipsas
504 1927 611 1953 quoque
619 1921 702 1948 animi
714 1923 944 1958 perturbationes,
956 1926 1025 1954 alius

234 1961 315 1988 etiam
334 1962 421 1996 quoad
437 1962 511 1998 ipsas
534 1964 678 1993 affectuum
706 1967 924 2004 imaginationes,
954 1972 1024 1999 alius

234 2006 350 2042 denique
365 2014 496 2042 quantum
512 2011 544 2037 ad
560 2011 631 2046 ipsas
647 2020 755 2048 quoque
764 2014 911 2043 aﬂ‘eetuutn
922 2018 1024 2052 cogitn—

234 2053 322 2080 tiones
336 2062 342 2080 :
362 2056 402 2081 sic
418 2057 605 2092 unusquisque
622 2063 744 2086 nostrum
756 2061 781 2087 in
795 2064 954 2096 congruenti
971 2064 1022 2092 sibi

233 2099 344 2127 virtutis
360 2101 443 2135 gradu
452 2105 534 2136 atque
544 2104 650 2136 ordine,
667 2105 744 2138 quasi
759 2106 784 2132 in
800 2107 881 2134 domo
904 2110 1022 2143 quadam

233 2152 331 2178 agnum
350 2146 483 2177 immolat,
506 2148 652 2182 carnisque
670 2149 757 2184 ipsius
779 2153 912 2188 particeps
934 2154 973 2185 ﬁt,
991 2163 1022 2182 ac

233 2189 350 2217 Domino
363 2190 425 2218 Jcsu
439 2193 472 2218 ad
489 2193 641 2221 satietatem
668 2195 801 2228 expletur.
828 2197 933 2225 Etenim
956 2208 1019 2235 pro-

232 2234 308 2267 1-rius
323 2235 537 2271 uniuscujusque
560 2244 645 2272 agnus
659 2238 775 2267 efﬁcitur
789 2240 868 2269 Jcsus
883 2234 1017 2278 Christus,

1081 1654 1183 1688 peccati
1202 1654 1320 1682 tenebrat
1340 1655 1435 1682 solutae
1459 1662 1626 1689 prorsuSque
1654 1655 1768 1681 sublatre
1787 1659 1863 1691 sunt,

1080 1707 1134 1727 non
1148 1705 1236 1728 autem
1249 1705 1434 1732 excesserunt,
1450 1705 1496 1727 aut
1507 1700 1560 1727 alio
1575 1705 1745 1727 recesserunt
1760 1709 1767 1726 :
1783 1705 1864 1735 atque

1079 1747 1171 1773 omnia
1183 1747 1354 1774 collustrat'it
1366 1747 1399 1785 is,
1415 1746 1460 1781 qui
1473 1746 1541 1773 dixit
1552 1751 1582 1773 ut
1596 1746 1629 1773 de
1642 1746 1760 1773 tenebris
1776 1746 1866 1773 lumen

1080 1793 1294 1826 splendesceret,
1313 1797 1395 1827 atque
1413 1800 1443 1819 ea
1457 1800 1517 1826 qua:
1528 1793 1604 1827 prius
1621 1792 1706 1819 forma
1725 1793 1865 1823 carebant,

1079 1838 1302 1871 informarcntur;
1321 1838 1377 1875 ille,
1408 1839 1530 1876 inquam,
1559 1846 1630 1866 verae
1648 1838 1863 1873 pulchritudinis

1079 1884 1208 1911 virtutum
1225 1884 1392 1911 architectus
1414 1889 1440 1911 et
1455 1883 1610 1921 fabricator,
1628 1885 1673 1919 qtti
1696 1892 1740 1911 res
1757 1890 1865 1912 nostras

1077 1929 1255 1956 immoderate
1286 1928 1401 1962 agitatas
1415 1935 1446 1955 ac
1461 1927 1620 1955 ﬁuctuantes
1639 1928 1764 1967 intuitus,
1779 1937 1810 1955 ex
1823 1929 1865 1955 in-

1076 1973 1209 2000 ordinatis
1225 1980 1273 2000 cas
1289 1973 1316 2000 in
1337 1973 1460 2001 ordinem
1480 1974 1602 2001 adduxit.
1615 1973 1672 2001 Lm:
1686 1975 1769 2012 enim,
1782 1979 1807 2001 et
1818 1983 1865 2001 or-

1076 2023 1166 2051 natus,
1179 2022 1206 2046 et
1220 2019 1297 2056 ordo,
1313 2019 1493 2054 cognitionem
1511 2024 1537 2046 ct
1550 2020 1675 2047 virtutem
1691 2020 1862 2056 significant:

1075 2064 1192 2091 tenebrze
1213 2068 1307 2090 contra
1330 2068 1356 2090 et
1371 2063 1508 2097 confusio,
1534 2072 1593 2099 qua:
1610 2065 1692 2091 vitam
1713 2066 1862 2092 humanam

1073 2109 1149 2143 prius
1164 2109 1335 2148 obsidebant,
1353 2109 1446 2137 vitium
1468 2114 1550 2144 atque
1578 2110 1765 2146 ignorantiam
1789 2111 1863 2138 desi-

1072 2159 1166 2189 gnaut.

1106 2200 1163 2228 Col.
1183 2201 1234 2229 645
1253 2202 1284 2229 Α.
1317 2201 1384 2229 Hinc
1407 2202 1555 2237 JEgyptum
1581 2203 1707 2238 fugimus,
1735 2205 1783 2230 ltOC
1809 2210 1859 2235 est.

1074 2247 1148 2273 triste
1167 2252 1220 2275 etc.
1236 2247 1369 2280 Posthac,
1388 2248 1488 2283 inquit,
1511 2253 1652 2284 peccatum
1689 2250 1762 2277 velut
1777 2249 1862 2286 JEgy-

232 2284 314 2312 atque
331 2284 415 2330 totus,
429 2286 456 2308 et
475 2283 535 2314 toti,
550 2288 577 2310 et
589 2285 715 2312 omnibus
732 2287 822 2314 omnia
836 2289 874 2315 ﬁt.
894 2289 944 2316 Per
955 2291 1020 2318 viei-
1036 2280 1062 2309 ι)
1075 2298 1149 2327 ptum
1167 2294 1311 2328 quamdam
1338 2280 1485 2330 fugimus,
1499 2280 1572 2330 quod
1590 2295 1698 2330 quidem
1721 2296 1798 2323 triste
1813 2280 1860 2323 €5-

232 2332 296 2351 num
313 2327 407 2358 etiam,
425 2328 470 2362 qui
489 2328 521 2354 ad
541 2329 602 2364 agni
620 2337 696 2358 esum
720 2333 880 2367 assumitur,
907 2336 1020 2370 gentiles

231 2371 379 2406 signiﬁcari
411 2380 537 2408 possunt.
562 2376 696 2408 Quoniam
723 2379 794 2406 enim
812 2379 896 2408 Judazi
913 2388 1021 2418 propter

230 2417 313 2444 animi
325 2425 509 2453 paupertatem
527 2423 685 2457 mysterium
704 2424 755 2451 hoc
769 2426 1020 2463 cortcipcrcncqui-

230 2468 329 2490 verunt
346 2472 353 2491 :
373 2464 474 2492 ideirco
489 2466 522 2493 ad
543 2467 667 2494 sacriﬁcii
684 2469 841 2497 societatem
859 2477 885 2498 ct
904 2480 1017 2500 consor-

231 2507 297 2535 tium
309 2509 409 2536 ethnici
431 2510 543 2545 insuper
557 2515 687 2548 assumpti
702 2520 777 2542 sunt.
805 2516 888 2543 Porro
905 2518 930 2543 in
948 2526 1018 2545 una-

231 2561 340 2588 quaque
353 2555 435 2582 domo
451 2556 588 2590 perfectus
602 2564 660 2586 erat
676 2567 775 2594 agnus,
791 2569 842 2589 nec
856 2563 882 2588 in
895 2563 1018 2591 diversas

230 2600 328 2628 domos
357 2601 536 2630 dividebatur.
567 2604 641 2632 Unus
663 2606 734 2633 enim
758 2611 838 2642 atqttc
863 2608 1019 2637 individuus

228 2645 354 2673 Christus
368 2651 416 2679 est,
433 2655 465 2674 ac
481 2648 547 2676 ﬁdes
564 2657 627 2676 una.

265 2692 324 2720 Col.
341 2693 392 2721 645
409 2695 440 2721 Α.
461 2695 530 2722 Hinc
544 2705 621 2724 sacra
637 2706 688 2724 nos:
699 2704 723 2725 et
738 2701 873 2734 prresenlis
887 2703 955 2735 uiue,
972 2703 1018 2730 hoc

228 2742 279 2769 cst,
297 2744 349 2765 ριν.
367 2739 509 2775 Deinceps,
531 2742 628 2777 inquit,
643 2749 724 2779 atque
747 2746 842 2773 ordine
862 2748 973 2783 mystica
991 2754 1017 2776 et

229 2787 255 2807 et
273 2789 446 2812 sacrosancta
463 2793 514 2812 nox
532 2787 650 2820 advenit,
672 2789 779 2816 inimica
801 2795 827 2817 ct
843 2792 928 2819 hostis
943 2798 1016 2822 tenes

228 2826 314 2856 hrosze
328 2829 408 2864 hujus
426 2832 496 2864 vitm,
526 2841 585 2867 qua‘
609 2843 659 2861 uox
689 2835 767 2862 etiam
782 2837 816 2864 ob
830 2846 888 2865 eam
904 2847 1012 2867 causam

265 2915 286 2931 ’7
305 2915 381 2944 llum.
401 2927 447 2949 λιι.
464 2920 479 2946 4

1075 2339 1193 2366 candum
1212 2344 1264 2371 est,
1281 2344 1311 2366 ut
1327 2340 1444 2368 tristitia:
1469 2348 1581 2368 causam
1599 2341 1726 2374 affet-ens,
1762 2343 1860 2369 acerbe

1075 2390 1165 2412 autem
1184 2393 1363 2420 persequens,
1378 2391 1407 2413 ut
1421 2387 1449 2413 in
1464 2386 1584 2414 hominis
1602 2387 1747 2420 perniciem
1760 2395 1858 2413 excur-

1075 2431 1167 2458 siones
1184 2431 1297 2459 faciens.
1316 2431 1478 2468 Quanquam
1497 2433 1580 2460 etiam
1593 2433 1694 2467 alioqui
1713 2433 1858 2468 Egyptus,

1071 2476 1094 2502 si
1115 2476 1316 2510 interpreteris,
1338 2480 1463 2506 tenebras
1476 2483 1557 2506 sonat
1575 2487 1582 2505 :
1597 2479 1639 2506 hac
1659 2483 1750 2505 autem
1766 2480 1858 2506 tristes

1071 2525 1145 2548 sunt.
1162 2521 1281 2556 (Egyptii
1301 2527 1391 2550 autem
1408 2524 1545 2552 lsraelitas
1563 2525 1809 2559 persequebantur,
1828 2529 1858 2551 ut

1071 2575 1119 2595 eos
1145 2569 1419 2603 comprehenderent.
1447 2570 1502 2598 Nec
1527 2579 1592 2598 vero
1620 2571 1738 2598 tristitia:
1758 2578 1858 2605 parens

1072 2618 1211 2648 peccatum
1228 2615 1315 2642 soluat
1336 2615 1466 2651 fugimus,
1483 2623 1576 2643 verum
1594 2617 1675 2643 etiam
1689 2616 1856 2650 caliginoso-

1071 2667 1131 2686 rutn
1147 2660 1301 2688 daemonum
1327 2661 1477 2696 principem
1497 2661 1607 2688 servilia
1633 2669 1725 2696 opera,
1755 2662 1857 2696 quibus

1070 2706 1176 2733 animtts
1188 2706 1361 2740 opprimitur;
1373 2708 1562 2742 imperantem,
1577 2715 1608 2734 ac
1621 2707 1756 2734 dzcntones
1771 2707 1855 2734 etiam

1069 2752 1143 2786 ipsos
1169 2761 1307 2788 nunquam
1325 2761 1380 2780 non
1407 2755 1552 2787 instantes,
1576 2758 1659 2790 atque
1685 2753 1718 2780 ad
1748 2753 1855 2787 peccati

1068 2805 1136 2832 opus
1156 2798 1224 2826 dure
1254 2800 1405 2834 acerbeque
1436 2800 1606 2834 impcllentes
1630 2804 1657 2827 ct
1676 2799 1852 2833 adurgentes,

1067 2847 1147 2878 atque
1165 2844 1257 2872 eadem
1281 2853 1363 2873 causa
1381 2853 1492 2880 opcrutn
1522 2845 1664 2881 prmfcctos
1691 2845 1851 2879 appellatus.
