2058 3159
222 199 233 230 1
254 201 295 231 .63

220 253 461 288 Quemadmodum
485 257 575 280 autem
607 246 734 281 Israelita:
761 253 793 280 ad
822 252 1010 287 promissionis

223 306 339 332 terram,
360 300 400 326 sic
413 307 461 326 nos
476 307 585 333 quoque
603 300 634 326 ad
647 307 795 334 supernum
809 299 940 325 mundum
956 298 1009 324 mi-

221 354 346 380 gramus.
362 345 449 380 Atque
465 350 494 373 ut
509 345 547 372 illi
571 345 627 372 luto
646 350 673 371 et
695 345 810 372 laterum
828 343 1009 374 confectione,

218 393 323 419 eodem
344 393 424 419 modo
441 399 491 419 nos
517 391 599 419 etiam
617 391 721 418 lubrica
738 395 764 417 ct
789 391 871 418 inﬁda
887 390 1012 425 corporis

223 438 309 470 hujus
339 438 528 472 compactione
556 437 705 464 liberamur
725 457 736 469 ,.
766 437 840 471 quod
877 444 909 464 cx
939 441 1010 463 terra

221 489 446 519 coagmentatum
480 490 543 516 est,
574 484 646 511 unde
676 491 702 511 ct
729 484 827 511 lateres
856 489 883 510 et
912 484 1008 510 lutum.

219 530 313 558 l’orro
338 538 483 565 compages
508 531 564 565 ipsa
580 530 722 564 corporis,
743 534 838 564 suapte
854 535 950 556 natura
977 529 1009 556 ad

219 577 404 605 otl‘ensioncm
429 581 456 603 et
483 580 624 610 peccatum
650 575 790 610 proclivis,
818 576 888 609 apud
911 575 1012 602 multos

224 622 352 648 lminines
365 626 446 656 atque
462 621 607 648 interiores
620 625 646 648 et
665 621 820 655 ignaviores
836 621 870 647 ad
889 621 1010 654 volupta-

211 668 320 701 ,tesila
350 667 428 694 facile
446 667 573 698 solvitur,
596 671 623 693 ct
638 666 770 693 effrenato
786 666 887 701 impetu
913 666 1009 697 fertur,

224 717 257 739 ιιι
269 721 302 739 ne
316 712 589 746 palearibusquidem
607 712 768 743 rationibus,
779 712 829 739 hoc
842 716 893 744 est,
906 712 1011 745 exiguis

218 763 253 784 ct
278 757 381 785 levibus
401 762 560 785 coerceatur
590 761 617 784 et
643 758 857 792 constringatur,
881 757 1011 791 quoniam

224 803 336 836 modum
360 803 459 830 lateres
486 803 594 838 paleis:
610 811 704 830 verum
722 803 770 829 luti
798 803 885 830 instar
912 803 945 829 ad
962 811 1010 829 vo-

223 849 342 882 luptates
359 849 463 876 laxetur
481 856 513 876 ac
535 848 716 883 diﬂ‘undatur.
742 847 848 874 Etenim
864 848 1009 875 convenie-

223 895 272 921 bat
291 902 351 927 nos,
371 895 464 923 densis
479 903 511 922 ac
531 895 626 923 solidis
646 899 672 922 et
688 895 879 930 spiritualibus
896 896 1010 922 rationi-

221 941 276 968 bus
289 946 474 974 constructos,
500 949 515 968 a
532 941 611 969 foedis
628 942 815 976 voluptatibus
830 947 941 976 propter
960 942 1004 969 Dei

220 994 344 1013 amorem
371 987 508 1021 restringi.
533 987 567 1014 At
583 995 655 1014 nunc
682 987 879 1021 improbissitui
905 988 1006 1022 quique

224 1039 259 1057 uc
278 1032 468 1059 subventancis
483 1032 590 1066 quidem
618 1036 643 1059 ct
669 1032 774 1060 levibus
793 1032 946 1060 rationibus
967 1038 1008 1060 tc-

225 1081 324 1104 nontur
341 1085 373 1105 ac
396 1078 578 1112 reperiuntur.
599 1083 628 1105 ιιι
654 1078 676 1106 si
704 1086 757 1105 non
775 1084 886 1113 propter
909 1079 1004 1110 Deum,

224 1123 319 1150 saltent
337 1124 370 1159 ad
387 1123 493 1151 laudem
519 1123 661 1151 hominum
678 1125 852 1152 emerendam
870 1133 883 1151 a
900 1125 1009 1160 ﬂagitiis

223 1169 390 1197 abstineant.

260 1213 324 1240 lbid.
347 1212 377 1239 B.
392 1213 462 1241 Hinc
481 1223 562 1250 agnus
576 1219 724 1247 mactatur,
752 1221 832 1250 atque
859 1217 939 1248 artic,
953 1221 1006 1244 ctc.

224 1257 292 1284 Cum
325 1258 488 1293 Iripartitam
513 1261 602 1287 anima
632 1265 725 1288 nostra
751 1262 885 1288 rationem
912 1262 1009 1291 habeat

221 1301 365 1335 (dividitur
395 1302 477 1337 enim)
504 1304 683 1336 rationalem,
717 1298 957 1339 concupiscibilcm
982 1312 1009 1334 ct

224 1346 400 1380 irascibilem,
429 1348 552 1382 postibus
589 1350 699 1384 quidem
717 1351 869 1385 comparari
893 1357 1008 1386 possunt

222 1392 262 1419 ira
277 1396 303 1418 et
318 1393 537 1427 c0ncupi$ccntia
551 1403 558 1426 ι
577 1395 663 1422 limini
685 1400 775 1423 autent
800 1397 969 1424 conciliatrix
982 1403 1009 1425 et

223 1438 361 1465 collectrix
376 1446 470 1466 carum
491 1440 560 1467 ratio
575 1441 683 1475 utrique
698 1443 856 1476 conjuncta,
877 1448 960 1478 atque
974 1444 1008 1471 ab

224 1488 339 1518 utraque
361 1489 524 1512 sustentata.
551 1486 592 1513 Ad
609 1486 796 1514 tortiludinem
822 1489 894 1516 cnim
914 1490 948 1517 ab
969 1491 1006 1517 ira

223 1529 405 1564 oblirmatur;
422 1532 455 1557 ad
471 1532 640 1559 consortium
655 1538 745 1560 autem
763 1535 863 1561 summi
879 1535 943 1562 boui
961 1544 1008 1570 per

700 197 863 228 NICETAS
882 197 922 226 IN
943 196 1054 226 OR.\T.
1076 196 1160 226 XLII
1181 196 1209 226 S.
1233 197 1348 228 GREG.

1776 200 1842 232 i'lC-ti

1027 255 1047 282 Α
1063 252 1113 278 hoc
1129 257 1180 283 cst,
1195 253 1294 279 Christi
1314 253 1455 288 sanguine.
1481 253 1640 289 obsignandi
1654 259 1727 286 sunt,
1750 263 1842 283 nonut

1062 297 1233 327 claudantur,
1247 305 1276 324 ac
1292 297 1358 325 nihil
1371 303 1462 332 agant,
1478 307 1572 326 verum
1594 305 1623 327 ut
1643 301 1843 335 insculpantur.

1064 347 1148 377 atque
1178 343 1335 378 hujusmodi
1361 344 1469 378 signum
1488 349 1514 371 et
1529 345 1697 380 excmplares
1714 351 1792 374 notas
1818 347 1844 374 in

1062 389 1162 423 scipsis
1187 389 1307 424 integras
1335 395 1455 418 sonent.
1475 390 1520 417 Vol
1537 391 1619 418 etiam
1643 396 1673 418 ut
1701 392 1845 420 hostilibus

1063 434 1148 469 copiis
1164 439 1295 462 terrorem
1326 435 1451 468 aﬂ‘crant,
1480 436 1713 471 quemadmodum
1738 438 1842 472 regium

1063 480 1172 515 signum
1190 481 1395 510 formidolosum
1412 490 1473 510 esse
1489 483 1567 510 solet.

1098 526 1165 553 Ibid.
1184 526 1252 554 "inc
1264 533 1406 562 pastrema,
1426 533 1451 556 et
1465 530 1674 563 persecutoribus
1687 531 1844 565 gravissima

1060 573 1151 608 plaga,
1173 579 1224 601 etc.
1257 574 1354 602 Decem
1369 574 1464 609 plagas
1484 576 1509 602 in
1540 575 1714 603 Hebraeorum
1729 576 1843 612 gratiam

1064 617 1194 645 Dominus
1206 617 1342 655 (Egyptiis
1367 620 1474 647 inﬂixit.
1489 620 1580 648 Prima
1600 621 1650 648 fuit
1666 622 1778 657 sanguis
1790 622 1843 653 ille,

1061 664 1106 697 qui
1134 671 1167 691 ex
1198 671 1330 699 aquarth
1356 666 1573 706 congregatione
1588 667 1784 701 hauriebatur;
1802 675 1845 696 sc-

1061 709 1147 736 cumla
1177 717 1260 744 ranae;
1291 711 1369 738 tertia
1388 703 1526 747 ciniphes;
1550 703 1647 748 quarta
1680 715 1843 750 cyuomyia;

1061 755 1154 790 quinta
1187 757 1392 791 quadrupedum
1429 758 1576 793 interitus;
1610 764 1687 787 sexta
1729 761 1843 793 vesicae;

1061 802 1176 836 septima
1192 803 1295 836 grando
1307 803 1427 831 triticum
1440 809 1601 838 conterens;
1626 811 1720 833 ottava
1735 806 1845 834 locusta:

1061 846 1156 873 viridia
1169 848 1261 875 omnia
1274 849 1454 883 populantes;
1471 858 1541 878 nona
1555 851 1705 885 palpabiles
1717 852 1843 884 tcncbrtr;

1061 893 1165 920 decima
1204 895 1432 929 primognitorum
1470 897 1623 931 oppressio.
1663 897 1751 932 Atque
1788 899 1845 925 lucc

1060 939 1137 974 plaga
1156 940 1251 967 ordine
1261 941 1370 976 quidem
1385 946 1519 976 postrema
1533 946 1602 974 erat,
1614 943 1738 978 supplicii
1753 948 1843 970 autem

1060 985 1191 1018 gravitate
1205 986 1404 1021 prima.l\'cque
1420 988 1492 1014 cuitu
1509 995 1568 1015 eam
1584 987 1705 1023 [Egyptii
1719 990 1843 1023 perferre

1060 1035 1215 1065 potuerunt,
1226 1032 1272 1059 sed
1283 1038 1345 1060 tunc
1362 1033 1492 1061 lsraelitis
1510 1034 1667 1062 discedendi
1681 1039 1840 1069 potestatem

1060 1075 1193 1104 fecerunt.
1214 1078 1315 1104 Eodem
1334 1079 1414 1105 modo
1427 1079 1597 1107 daemonibus
1607 1087 1726 1115 quoque,
1737 1080 1826 1107 anima
1837 1095 1844 1101 -

1060 1130 1120 1149 rum
1147 1127 1303 1151 nostrarum
1331 1125 1564 1159 persecutoribus,
1592 1125 1752 1160 gravissima
1787 1126 1844 1154 ha‘c

1059 1175 1139 1201 pmna
1167 1168 1284 1202 videtur,
1301 1169 1411 1205 quando
1435 1170 1462 1197 in
1483 1171 1574 1197 animo
1590 1170 1624 1197 ab
1639 1171 1715 1198 omni
1728 1175 1845 1198 ostenta-

1061 1214 1133 1241 tione
1149 1214 1237 1241 alieno
1249 1219 1331 1249 atque
1345 1216 1438 1242 humili
1452 1220 1480 1242 et
1493 1215 1609 1249 abiecto,
1624 1216 1703 1251 quasi
1718 1217 1745 1243 in
1762 1221 1842 1244 nocte

1059 1259 1187 1294 quadam,
1204 1259 1384 1294 primogenita
1401 1260 1515 1295 peccati,
1549 1261 1600 1287 hoc
1628 1265 1669 1288 cst
1682 1260 1768 1295 pritua
1786 1261 1842 1287 vitii

1060 1305 1135 1339 origo
1169 1301 1193 1331 cl
1226 1305 1412 1340 principiutn,
1451 1313 1465 1332 a
1499 1305 1579 1332 nobis
1605 1306 1841 1340 exstinguuntur:

1059 1349 1290 1384 quemadmodum
1305 1350 1331 1376 in
1348 1349 1494 1386 Evangelia
1504 1351 1630 1378 Christus
1650 1350 1763 1382 decet",
1780 1358 1841 1377 eum

1059 1396 1134 1429 jubet
1152 1403 1201 1422 nos
1225 1395 1374 1430 cupiditate
1403 1400 1487 1431 atque
1516 1397 1556 1423 ira
1582 1397 1747 1431 compressis
1761 1401 1843 1431 atque

1059 1441 1174 1469 sublatis
1190 1442 1322 1476 intrepido
1338 1442 1430 1469 animo
1444 1450 1516 1475 esse,
1534 1450 1584 1470 nec
1596 1443 1652 1478 jam
1672 1442 1711 1470 vel
1735 1443 1842 1470 adulte—

1063 1487 1094 1514 rii
1111 1488 1210 1520 scelus,
1224 1487 1266 1515 vel
1289 1488 1371 1515 caedis
1390 1488 1527 1522 piaculum
1543 1489 1743 1523 pertimescere.
1768 1488 1841 1515 Neu-

1061 1538 1131 1559 trum
1147 1533 1218 1560 enim
1237 1534 1333 1560 horum
1357 1542 1371 1561 a
1397 1534 1487 1568 seipso
1503 1535 1653 1561 consistere
1672 1541 1762 1568 posse,
1789 1534 1841 1561 nisi

1028 924 1048 951 Β

221 1575 479 1609 concupiscentiam
513 1577 682 1605 subvehitur.
711 1579 788 1606 Cmso
817 1579 900 1614 igitur
926 1588 1005 1614 agno,
1021 1591 1042 1619 ε
1059 1579 1159 1606 czedeui
1178 1580 1329 1612 iracundia,
1353 1579 1515 1607 adulterium
1532 1579 1752 1614 concupiscentia
1778 1587 1843 1614 pro-

224 1622 367 1649 domorum
388 1627 478 1657 postes
493 1624 579 1658 ipsius
597 1632 695 1651 cruore
712 1625 796 1652 imbui
813 1626 853 1652 lex
872 1627 1004 1662 praecipit.

222 1668 329 1700 Quibus
358 1669 506 1703 signiﬁcari
535 1677 649 1704 possunt
665 1671 736 1698 actio
753 1676 779 1697 et
800 1672 1004 1706 contemplatio.

223 1713 449 1748 Quandoquidem
469 1715 569 1749 duplex
587 1722 696 1750 quoque
717 1720 809 1743 nostra
834 1717 1004 1751 philosophia

224 1760 276 1787 est,
295 1757 383 1784 activa
411 1763 438 1785 ct
467 1759 646 1793 speculativo,
673 1759 730 1787 sive
749 1761 857 1789 habitus
874 1767 900 1788 et
917 1768 1004 1789 actus.

223 1803 424 1838 Philosophiam
452 1811 533 1838 porro
558 1809 678 1831 nostram
704 1813 763 1832 eam
783 1806 843 1834 vita:
871 1808 1005 1835 rationem

223 1856 300 1878 voco.
318 1857 377 1883 quae
389 1850 537 1876 secundum
555 1850 656 1877 Christi
670 1851 822 1878 doctrinam
842 1851 1004 1880 instituitur.

224 1895 255 1920 lit
266 1895 376 1928 quidem
396 1895 484 1922 activa
504 1895 676 1929 philosophia
696 1903 727 1922 ca
742 1897 794 1923 \ita
811 1900 862 1928 est,
881 1897 908 1924 in
924 1905 1004 1932 quam

222 1939 295 1966 nulla
323 1940 497 1974 reprehensio
517 1941 610 1967 cadit:
627 1940 794 1973 spcculativa
825 1945 914 1968 autem
928 1961 936 1973 ,
964 1947 1005 1969 est

224 1989 296 2011 recta
317 1984 448 2011 doctrina:
469 1985 530 2012 lidei
545 1984 692 2013 sententia.
708 1985 814 2013 Rursus
828 1986 936 2014 habitus
951 1994 1003 2019 est,

221 2028 351 2055 diuturna
375 2030 408 2056 ad
439 2030 565 2057 virtutem
582 2032 665 2058 animi
694 2032 814 2065 affectio,
835 2037 914 2066 atque
932 2032 1006 2066 ejus—

225 2074 308 2106 modi,
332 2079 362 2101 ut
373 2075 417 2101 vix
437 2076 526 2102 excuti
543 2077 627 2110 possit
643 2085 650 2104 :
667 2081 745 2105 actus
758 2083 860 2110 autem,
885 2078 942 2112 ipsa
964 2082 1006 2104 est

222 2120 303 2146 actio.
326 2119 385 2146 Jam
408 2128 473 2147 vero
495 2122 564 2149 ostia
592 2122 643 2150 hoc
671 2123 731 2150 loco
757 2123 884 2151 dicuntur
906 2123 1005 2150 mentis

220 2165 382 2199 agitationes
406 2171 432 2193 et
443 2167 583 2202 dogmata,
611 2169 775 2204 agitationes
789 2170 909 2204 quidem,
941 2178 1002 2197 cum

221 2218 299 2239 tuens
325 2211 426 2246 aliquid
443 2214 566 2247 exquirit
580 2222 612 2240 ac
635 2222 727 2241 secum
761 2219 860 2246 versat,
877 2216 1002 2250 dogmata

1060 1624 1161 1652 tulerit.
1179 1625 1312 1657 Quocirca
1341 1633 1403 1652 cum
1430 1625 1452 1652 is
1480 1626 1525 1660 qui
1545 1626 1658 1653 vitiosos
1687 1625 1758 1653 fctus
1775 1626 1841 1658 edit,

1059 1674 1122 1696 ante
1151 1669 1315 1697 adulterium
1348 1669 1619 1705 concupiscentiam,
1646 1675 1710 1698 ante
1741 1669 1842 1698 caedem

1059 1714 1226 1742 iracumliam
1245 1716 1343 1750 pariat,
1366 1716 1388 1743 si
1414 1716 1524 1750 quidem
1543 1716 1753 1751 primogenitum
1777 1723 1840 1742 sus-

1060 1759 1172 1792 tulerit,
1204 1760 1275 1786 haud
1295 1761 1377 1787 dubie
1407 1760 1491 1787 I'otum
1523 1769 1634 1795 quoque
1662 1762 1842 1796 primogenito

1057 1804 1247 1831 succedentem
1275 1805 1425 1832 sustulerit.
1456 1805 1507 1832 Sed
1533 1806 1674 1833 videamus
1697 1814 1757 1840 qua:
1788 1806 1842 1833 sint

1057 1849 1250 1883 cogitationum
1288 1850 1478 1884 primogenita,
1509 1856 1570 1884 qua:
1598 1850 1661 1877 item
1685 1850 1837 1880 actionum.

1058 1903 1131 1929 qum,
1148 1900 1176 1922 ut
1192 1895 1344 1929 pereuntia,
1372 1895 1448 1923 luctu
1468 1896 1643 1930 prosequitur
1654 1895 1798 1930 IEgyptus,
1814 1897 1840 1923 id

1057 1943 1109 1971 cst,
1135 1944 1287 1974 peccatum.
1308 1939 1415 1974 Turpes
1442 1946 1474 1967 ac
1501 1939 1580 1967 foeda:
1608 1939 1788 1974 cogitationes
1813 1939 1840 1966 in

1057 1985 1114 2012 ha-c
1130 1985 1185 2012 tria
1199 1984 1380 2012 dividuntur:
1399 1984 1425 2011 in
1446 1985 1639 2017 intentionem,
1661 1985 1687 2012 in
1711 1992 1842 2020 congres-

1057 2030 1174 2062 sionem,
1187 2037 1250 2065 qua:
1263 2033 1290 2057 et
1305 2030 1377 2057 lucta
1401 2030 1569 2062 nominatur,
1591 2034 1619 2057 et
1637 2030 1664 2057 in
1678 2030 1839 2057 consensio-

1057 2083 1129 2103 nem.
1147 2075 1218 2111 Ergo
1233 2075 1383 2110 primigena
1406 2075 1534 2110 cogitatio
1555 2075 1608 2102 dici
1629 2076 1727 2110 possit,
1750 2075 1837 2110 prima

1056 2127 1083 2148 ct
1107 2121 1248 2149 affectibus
1266 2121 1424 2156 perturbata
1442 2121 1574 2152 intentio,
1597 2125 1680 2156 atque
1694 2121 1835 2155 appetitio.

1054 2167 1199 2194 Actionum
1214 2171 1306 2194 autem
1318 2165 1509 2201 primogenita,
1525 2166 1630 2193 vitiosa:
1644 2166 1835 2193 ratiocinatio-

1055 2220 1104 2240 nes
1118 2216 1145 2240 et
1159 2212 1348 2247 cogitationes,
1365 2219 1379 2238 a
1397 2211 1497 2246 quibus
1513 2215 1652 2246 peccaturo
1675 2211 1752 2243 illud,
1766 2211 1838 2245 quod

220 2261 323 2289 autem,
338 2264 400 2284 cum
418 2258 529 2286 notitias
550 2260 683 2294 quasdam
697 2268 745 2295 per
760 2269 789 2289 se
806 2261 884 2288 ﬁdem
899 2261 998 2289 facie“.
1020 2257 1041 2284 D
1056 2257 1139 2284 animi
1163 2257 1322 2284 assensione
1349 2261 1490 2298 patramus
1507 2275 1515 2288 ,
1540 2256 1572 2283 ad
1601 2260 1692 2282 actum
1728 2255 1836 2282 tandem

220 2309 271 2335 tes,
284 2310 310 2331 ct
326 2309 398 2332 ratas
413 2306 560 2340 tit-masque
572 2306 726 2342 dogmatiee
742 2308 848 2335 retinet.
867 2307 1002 2342 Aperiun-

222 2355 265 2375 tur
289 2358 369 2384 porro
396 2351 554 2384 huiusmodi
581 2353 764 2386 agitationes,
790 2353 899 2386 quoties
926 2360 1003 2379 tuens

222 2397 343 2428 quaedam
366 2397 500 2424 invcucrit
517 2399 549 2425 ad
567 2398 628 2433 ejus
642 2399 825 2434 cognitionem
850 2400 1002 2433 perceptio—

223 2447 338 2473 nemque
347 2442 493 2473 venientia,
503 2450 590 2475 eaque
603 2448 749 2478 exceptura
758 2449 800 2470 est
817 2453 823 2470 :
841 2443 1004 2471 clauduntur

224 2488 328 2516 autem,
351 2492 413 2511 cum
429 2485 466 2517 id,
483 2487 555 2520 quod
573 2488 736 2523 exquiritur,
754 2489 839 2523 ipsius
853 2487 1006 2523 intelligen-

221 2530 286 2555 tiam
315 2534 434 2563 superat.
466 2531 694 2566 Quandoquidem
725 2533 1001 2567 eomprchcnsiontnu

220 2581 330 2608 quoque
347 2574 430 2600 animi
449 2576 543 2602 modus
570 2577 680 2610 quidam
695 2583 746 2605 est.
769 2578 836 2605 Nam
856 2583 883 2605 et
899 2578 999 2605 mentis

219 2619 476 2654 comprehensiones
494 2621 604 2647 modum
622 2630 701 2649 suum
722 2623 841 2655 habent,
872 2627 952 2656 atque
970 2631 1001 2650 ea

223 2664 338 2698 percipit
355 2671 440 2696 tuens,
471 2673 531 2699 quae
550 2666 599 2699 ipsi
632 2668 741 2700 assequi
765 2668 837 2694 licet.
863 2668 1000 2694 Interdum

220 2714 310 2735 autem
335 2716 424 2748 mens.
446 2715 540 2744 portas
564 2719 628 2738 suas
656 2712 787 2739 claudens
802 2733 808 2745 ,
840 2713 1002 2748 agitationes

219 2754 336 2788 repellit,
353 2759 380 2781 ct
393 2762 406 2781 a
424 2763 453 2781 sc
470 2757 605 2783 amolitur.
624 2757 750 2788 Proinde,
765 2763 791 2784 ct
810 2758 882 2784 aclio
897 2763 1000 2790 nostra,

217 2806 243 2826 et
257 2801 462 2834 contemplatio,
481 2807 506 2828 ct
524 2802 642 2833 habitus,
671 2808 696 2828 (ιι
712 2809 797 2835 actus,
821 2804 894 2838 regio
912 2804 1001 2838 signo,

254 2888 274 2902 "‘
294 2888 387 2915 Matth.
404 2897 428 2920 v,
451 2889 460 2915 Ι
481 2897 556 2923 seqq.

1053 2303 1233 2337 progreditur.
1251 2302 1414 2337 Huiusmodi
1443 2303 1526 2337 igitur
1547 2301 1625 2336 plaga
1652 2305 1734 2334 nocte
1756 2301 1836 2335 digna

1053 2352 1103 2374 est.
1120 2346 1213 2374 Noctis
1228 2346 1300 2374 enim
1316 2354 1347 2373 ac
1361 2346 1504 2373 dedecoris
1514 2347 1546 2372 let
1572 2345 1728 2379 ignominia:
1742 2351 1835 2378 opera,

1054 2392 1135 2427 digna
1164 2397 1229 2419 sunt
1254 2400 1313 2426 qua:
1332 2396 1411 2418 nocle
1435 2395 1518 2424 atque
1537 2389 1705 2416 obscuritate
1720 2393 1746 2416 ct
1767 2389 1837 2415 obli-

1054 2438 1134 2465 vione
1149 2437 1312 2465 obruantur.
1327 2436 1473 2463 Enimvero
1489 2435 1546 2462 haec
1563 2435 1740 2469 primogenita
1752 2434 1836 2462 Isaias

1062 2491 1154 2511 semen
1171 2482 1346 2509 Chaldaicum
1366 2481 1492 2515 appellat,
1510 2481 1591 2507 Deum
1607 2473 1739 2506 inducens
1749 2479 1836 2507 Israc-

1051 2531 1156 2558 liticutn
1182 2529 1311 2564 populum
1341 2528 1381 2556 sic
1418 2527 1603 2562 alloqucntem
1623 2535 1629 2552 :
1648 2526 1768 2560 Diligens
1798 2531 1833 2557 te,

1053 2577 1219 2604 voluntatem
1248 2578 1323 2600 tuam
1350 2573 1455 2608 explevi
1484 2580 1566 2607 super
1589 2571 1776 2607 Babylonem,
1805 2577 1833 2598 ut

1051 2622 1240 2650 Chaldaeorum
1272 2627 1363 2647 semen
1390 2619 1522 2646 tollerem.
1538 2618 1658 2651 Quorum
1689 2618 1833 2645 verborqu

1052 2668 1109 2695 haec
1134 2666 1269 2694 sententia
1281 2670 1321 2692 est
1339 2674 1346 2691 :
1363 2665 1509 2698 Cupiebas,
1528 2671 1544 2690 ο
1565 2663 1658 2695 lsracl,
1687 2663 1720 2690 de
1746 2663 1835 2689 medio

1053 2712 1108 2738 tolli
1137 2711 1313 2745 l'unditusquc
1330 2709 1414 2736 deleri
1442 2708 1584 2735 Chaldzeos
1606 2712 1632 2734 et
1659 2706 1833 2741 Babylonios,

1051 2756 1099 2791 qui
1112 2761 1137 2783 te
1151 2756 1220 2782 bello
1234 2754 1411 2782 lacessebant.
1423 2754 1509 2787 Atque
1523 2755 1559 2779 lla
1576 2751 1637 2779 feci.
1649 2751 1829 2784 Quamobrem

1053 2802 1075 2828 si
1096 2802 1146 2836 ipsi
1163 2809 1271 2836 qttoqttc
1290 2800 1478 2828 confusionem
1504 2807 1563 2826 cam
1590 2806 1641 2832 qua
1672 2798 1832 2832 premimur,
