2058 3159
238 164 305 195 1367

942 163 1132 193 ADDENDA.

1791 162 1862 195 i368

236 220 350 247 idenim
374 219 493 254 Babylon
511 219 657 253 signiﬁcat,
676 226 691 245 a
707 218 785 245 nobis
807 217 907 244 aulcrri
928 218 1022 257 cupie-
1038 221 1060 248 Λ
1075 226 1168 244 verum
1202 225 1302 252 agnum
1321 217 1463 246 avertitur.
1481 218 1576 253 Neque
1603 217 1675 246 enim
1705 217 1865 252 ingressum

238 266 335 297 rimus,
352 265 521 291 inveniemus
535 263 618 290 Deum
640 263 772 290 voluntati
794 267 895 290 nostra:
910 263 1022 290 satisfa-

236 312 364 343 cientem,
379 318 411 338 ac
426 316 517 344 turpes
528 314 554 336 et
565 309 686 344 impuras
698 309 888 344 cogitationes,
901 309 1022 336 nondum

237 358 353 389 adultas,
376 355 422 384 sed
446 360 554 382 teneras
580 354 669 382 adhuc
687 354 856 389 seminisque
886 354 1021 382 rationem

237 404 370 430 habentes
389 399 625 429 eitterniiuantcm.
646 401 729 428 David
759 405 849 428 autem
867 401 1023 437 huiusmodi

237 448 337 483 peccati
355 447 488 483 principia
498 452 526 475 et
537 448 642 476 radices
659 447 785 483 parvulos
801 447 1024 483 Babyloniosvo-
1045 474 1048 479 ,

235 499 288 524 rat,
306 493 400 520 dicens
411 502 418 520 :
429 492 500 520 Filia
509 492 655 528 Babylonis
675 493 781 525 misera,
793 491 884 519 beatus
895 493 1023 528 (μάγεινὶ-

235 541 293 566 lutet
305 539 351 565 tibi
362 538 562 565 retributionem
579 543 756 574 tuam,'quam
775 539 921 565 retribuiati
938 539 1021 566 nobis.

237 585 345 618 Beatus,
353 585 399 620 qui
407 585 539 614 tenebit.el
547 584 640 611 allidet
647 584 770 619 parvulos
778 589 836 611 tuos
844 585 878 610 ad
887 585 1022 618 petram".

232 631 370 664 Quoniam
385 631 545 666 cnimjuxta
565 631 725 658 historicum
746 637 855 658 sensum
872 630 1023 665 Babylonii,

231 677 344 705 'Judznos
364 679 436 705 bello
461 677 600 713 aggressi,
618 677 776 712 captivitate
789 684 836 705 eos
854 672 1023 712 presserunt,

235 733 267 752 ac
285 723 449 760 Babylonem
468 725 651 756 abduxerunt,
665 724 823 759 multosque
839 723 1023 751 lsraelitarum

237 770 366 805 puerulos
381 770 440 797 solo
455 770 547 798 allisos
559 771 768 798 obtruncarunt.
781 769 916 804 Propheta
930 770 1024 797 beatos

236 821 285 840 eos
303 812 472 848 pronuntiat,
489 813 538 848 qui
556 813 834 841 eadem'crudelitatis
851 814 975 848 exempla
995 813 1022 840 iu

233 859 402 895 Babylonios
420 859 500 887 edere
513 862 655 894 "poterunt.
673 858 754 886 Juxta
768 858 957 894 ‘ail‘cgoricum
974 866 1022 887 au-

237 909 290 932 tem
312 913 434 938 sensum,
452 904 583 940 'Babylon
599 903 728 932 confusio‘
745 909 803 932 est.

234 951 391 984 iniquitas,
421 957 502 985 quam
535 951 653 985 quidem"
674 951 757 978 etiam
789 950 918 978 miseram
945 955 1023 978 vocat

236 995 382 1029 Propheta,
403 998 496 1030 utpote
513 996 586 1030 quod
608 1004 661 1023 non
672 1009 674 1011 >
686 996 731 1028 'sit,
748 996 799 1023 uel:
814 996 958 1028 subsistat,
974 996 1022 1024 sud

234 1040 342 1068 iucuiia
361 1044 458 1069 nostra
472 1049 505 1069 ex
533 1042 619 1070 nihilo
633 1043 767 1070 contietur
781 1047 863 1077 atque
880 1043 1022 1075 subsistat,

237 1095 268 1114 ac
283 1090 378 1116 rursus
393 1095 442 1122 per
456 1088 583 1116 virtutem
599 1092 720 1116 nostram
732 1093 759 1116 et
767 1094 840 1116 recte
851 1088 922 1116 facta
938 1089 1024 1116 inter-

235 1138 291 1166 eat,
309 1137 390 1167 atiuc
405 1134 431 1161 in
448 1134 562 1162 nihilum
582 1134 686 1161 redeat;
711 1134 756 1162 'A'd
783 1134 854 1162 hanc
880 1133 968 1169 igitur
983 1136 1024 1163 sic

236 1179 357 1214 loquitur
369 1178 502 1214 Propheta
519 1179 635 1207 :Beatus
650 1179 694 1208 ille
714 1178 822 1207 futurus
837 1180 940 1215 est,qui
949 1181 1025 1207 remL

235 1223 295 1249 buet
320 1223 375 1250 tibi"
388 1224 588 1250 retriblttionem
607 1229 691 1256 tuum,
704 1226 784 1259 quam
804 1224 953 1252 retribuisli
969 1226 1023 1252 tio-

235 1268 316 1295 bis“.
341 1267 412 1301 Quid
426 1274 516 1296 autem
538 1270 686 1297 dedimus?
707 1270 876 1298 voluntatem
887 1275 1022 1303 nostram,

235 1313 290 1340 hoc
312 1318 364 1345 est,
389 1313 565 1341 libertatem‘:
581 1322 631 1341 nec
644 1315 717 1342 enim
740 1322 839 1342 servus
855 1315 1022 1342 voluntatem

235 1358 328 1385 habet.
344 1358 413 1391 Quid
439 1366 522 1393 porro
552 1359 727 1394 recepimus?
755 1364 907 1394 peccatum.
934 1360 1024 1393 Quare

239 1403 308 1430 illud
321 1404 487 1431 reddendum
508 1408 560 1431 est.
581 1403 705 1431 Reddere
731 1409 834 1436 autem,
861 1403 928 1432 nihil
950 1404 1022 1432 aliud

235 1453 287 1480 est,
302 1457 382 1484 quam
407 1449 433 1476 in
459 1454 596 1484 posterum
611 1450 677 1477 il‘ud
693 1458 747 1477 non
759 1450 912 1478 admittere.
926 1450 1023 1478 Beatus

235 1494 330 1525 etiam.
347 1495 439 1530 inquit
461 1496 520 1527 ille,
536 1496 582 1530 qui
610 1503 709 1527 pravas
727 1496 907 1532 cogitationes
931 1497 1022 1523 adhuc

844 885 1022 940 hiatu;
1040 885 1061 911 Β

1077 262 1316 291 exterminatdrem
1335 264 1437 290 arte'et
1454 263 1569 291 consilio
1592 262 1753 298 expellimus
1776 265 1864 298 atque

1069 308 1263 342 exturbamus,
1281 308 1340 342 sed,
1358 317 1391 336 ne
1408 310 1463 336 ullo
1480 309 1560 336 modo
1578 310 1605 336 in
1626 310 1732 337 animos
1749 315 1863 337 nostros

1067 355 1190 389 'irrepat,
1208 362 1337 383 cavemus
1350 359 1432 390 atque
1450 352 1635 390 providemus.
1646 354 1648 358 '
1659 350 1757 382 cautio
1770 357 1866 382 autem

1076 399 1134 427 hinc
1152 399 1180 426 in
1207 400 1339 427 unctione
1358 404 1384 428 et
1414 399 1611 435 obtignatione‘
1631 400 1769 427 censistit.
1788 394 1868 428 lianc

1074 445 1147 472 enim
1166 445 1192 473 in
1218 446 1298 474 nobis
1327 446 1521 473 exterminator
1540 446 1692 481 reperiens,
1721 449 1868 474 reveretur

1075 493 1156 525 atque
1168 491 1322 519 extimescit
1343 496 1371 519 et
1384 491 1496 525 recedit,
1509 499 1542 519 ac
1557 490 1632 519 mors
1649 493 1721 519 ultra
1741 493 1866 527 prosilit.

1075 538 1210 570 Quoniam
1226 539 1316 565 autem
1341 538 1442 573 duplex‘
1454 539 1536 566 mor’ti
1562 539 1596 565 ‘ad
1615 545 1664 565 nos
1681 539 1772 566 aditus
1787 543 1866 573 patet

1076 585 1134 618 (aut
1154 585 1227 611 enim
1255 584 1361 619 iudicio
1389 591 1421 611 ac
1447 584 1554 612 ratiune
1579 591 1736 619 peccamus,
1755 588 1785 611 ut
1798 592 1865 611 cum

1075 638 1124 658 nec
1140 639 1205 658 sana
1222 638 1271 658 nec
1297 632 1372 658 recta
1398 627 1613 662 ratiocinamur,
1643 631 1690 657 aut
1717 630 1864 657 aﬁcctibus

1075 675 1184 711 impulsi
1201 675 1328 708 labimur,
1339 676 1375 703 'ut
1392 674 1458 703 cum
1472 680 1573 703 temere
1591 670 1744 703 irascimur
1761 680 1787 702 et
1796 683 1865 702 con-

1075 721 1409 757 cupiscimusi‘obfeam
1441 729 1553 749 causam
1584 722 1727 756 sanguinis
1753 729 1866 757 quoque

1075 766 1171 801 duplex
1188 771 1233 794 'est
1259 766 1432 802 signum.“Et
1447 765 1518 793 ratio
1535 767 1658 802 quidem,
1675 771 1768 802 utpote
1788 766 1867 801 priu-

1075 812 1242 847 ct-ps,quasi
1270 811 1398 848 Superius
1427 812 1511 839 limen
1538 812 1866 845 est':ati‘ectus"autem,

1077 858 1149 885 velut
1161 858 1257 893 pos‘tis,
1274 858 1409 893 superiori
1427 858 1515 885 limini
1535 858 1691 893 subjicitur.

1109 903 1168 930 Coll.
1185 903 1238 930 645
1254 903 1286 930 C.
1306 903 1377 930 Hinc
1392 904 1550 938 fermentum
1564 908 1661 938 septem
1680 903 1783 930 dierum
1801 911 1866 936 spa-

1075 950 1123 981 tio,
1141 954 1195 977 etc.
1205 949 1352 983 Scriptum
1365 953 1407 977 est
1418 949 1445 976 in'
1464 949 1554 976 Exodo
1562 950 1580 976 “:
1594 949 1701 984 Septem
1709 949 1800 978 diebus
1811 949 1866 984 fer-

1074 999 1190 1022 mentum
1207 1002 1258 1022 uon
1272 995 1417 1022 invenietur
1425 996 1452 1022 in
1467 991 1588 1022 domibus
1600 990 1694 1022 vestris‘
1705 996 1742 1022 ²¹.’
1759 994 1862 1022 Verum

1075 1041 1128 1068 hoc
1142 1039 1175 1067 ad
1187 1039 1296 1068 Judteos
1310 1041 1474 1075 pertinebat.
1484 1036 1532 1068 ‘At
1551 1041 1629 1068 n’obis
1640 1038 1738 1068 vitium
1756 1042 1862 1075 septem

1073 1085 1169 1112 diebus
1194 1085 1411 1113 submevehdum
1438 1086 1571 1117 cst,'hoc
1599 1088 1736 1120 est’,‘p'e'r
1749 1083 1860 1112 omnem

1073 1133 1157 1168 hujus
1176 1133 1238 1162 vitae
1259 1134 1467 1162 bebdomadem.
1483 1134 1541 1169 (2i)
1557 1127 1792 1161 Numerusfenim
1820 1140 1863 1160 seu

1075 1185 1147 1213 ptem
1166 1179 1272 1206 dierum
1291 1179 1392 1207 ﬂuxum
1410 1180 1462 1207 hoc
1488 1184 1597 1214 tempus
1615 1179 1763 1215 significat,
1783 1179 1859 1213 quod

1075 1232 1122 1259 per
1151 1225 1336 1252 hebdomadas
1357 1224 1529 1252 revoliritur.‘
1545 1223 1633 1259 Ktqu‘e
1657 1224 1711 1251 bic’
1728 1231 1863 1251 numerus

1074 1270 1206 1305 mysticus
1225 1270 1334 1305 quidem
1350 1269 1402 1301 est,
1415 1274 1509 1305 utpote
1527 1271 1612 1305 vii-go,
1630 1269 1662 1297 ac
1677 1269 1860 1305 virginitatem

1075 1317 1216 1351 Vitamque
1234 1317 1399 1352 angelicam
1428 1312 1575 1350 designans
1596 1312 1712 1352 '(siiius'
1726 1316 1802 1343 enim
1818 1315 1862 1342 hic

1079 1360 1234 1394 nurnerus,
1264 1362 1301 1389 ‘ut
1317 1361 1498 1389 larii’hmctici
1531 1360 1647 1393 decent",
1673 1358 1707 1388 ex
1730 1362 1864 1389 ‘omuibus

1080 1407 1215 1440 numeris,
1234 1407 1280 1442 qui
1297 1407 1410 1434 denario
1427 1406 1622 1440 includuntur,
1639 1414 1688 1434 nec
1698 1402 1794 1443 gignit,
1812 1411 1863 1434 hcc

1074 1453 1204 1488 gignitur,
1221 1457 1303 1487 atque
1321 1453 1403 1480 etiam
1429 1451 1464 1480 ut
1486 1449 1693 1488 qti'a'teinarium
1717 1457 1750 1480 ‘et
1774 1454 1863 1480 terua-

1075 1500 1192 1526 rium'iu
1219 1507 1248 1526 sc
1262 1498 1416 1526 continens.
1434 1493 1563 1532 Quatuor
1580 1494 1652 1526 enim
1671 1496 1746 1526 iiimt‘
1766 1498 1860 1526 mundi

236 1546 342 1566 teneras
359 1546 386 1567 et
401 1541 587 1575 imperfectas,
604 1545 752 1576 antequam
769 1542 795 1568 in
811 1542 912 1576 ‘ipsius
931 1543 1023 1576 perni-
1037 1551 1058 1580 ο
1074 1545 1209 1572 elementa
1223 1549 1250 1571 et
1265 1544 1386 1571 Trinitas
1402 1545 1497 1571 horum
1515 1543 1684 1572 fabricatrix.
1706 1544 1858 1571 Consocia-

235 1585 303 1611 ciem
321 1587 491 1613 *nutriantur
506 1591 539 1614 et
553 1587 722 1619 adolescant,
751 1587 864 1619 tenebit,
891 1591 972 1621 atque
993 1587 1020 1613 in

235 1634 395 1664 potestatem
414 1632 538 1658 redactas
565 1632 712 1665 interimet,
736 1632 866 1658 nimirum
883 1633 916 1659 ad
942 1632 1021 1660 Chri-

235 1679 307 1701 stum
333 1675 460 1709 ejttsque-
477 1676 608 1703 auxilium
639 1676 834 1712 confugiendo.
863 1677 924 1711 lp'se
947 1675 1020 1704 enim

235 1724 310 1754 pura
326 1723 377 1752 cst,
396 1727 443 1754 per
461 1727 542 1755 quam
567 1721 647 1749 malae
661 1722 840 1755 cogitationes
865 1723 1019 1749 solvuntur.

237 1765 260 1792 is
274 1770 357 1799 porro
373 1765 511 1792 nascentia
528 1773 559 1793 ex
576 1767 791 1802 cogitationibus
805 1772 887 1803 atque
903 1769 1021 1796 actioni-

236 1810 286 1836 bus
301 1815 410 1844 p'cccata
422 1810 455 1837 ad
471 1810 610 1838 Christum
629 1812 729 1845 allidit,
745 1813 791 1847 qui
814 1821 846 1840 ea
864 1813 1020 1841 conﬁtetur.

234 1855 414 1890 Ac'quisquis
427 1858 703 1893 perversatdogmata,
720 1866 782 1893 qua:
798 1859 918 1886 animum
936 1859 1021 1892 illius,

233 1908 256 1927 at
266 1906 325 1935 quo
332 1901 533 1934 admittuntur;
543 1904 752 1938 perturbatione
763 1904 902 1939 alliciunt,"
912 1906 999 1933 verita
1009 1912 1018 1926 ‘-

233 1946 269 1974 tis
285 1947 409 1974 doctrina
425 1949 567 1982 cbncutit»,
586 1951 668 1984 atque
682 1950 709 1976 in
729 1950 839 1978 Christo
863 1952 973 1985 perimit
993 1957 1020 1979 et

233 1993 395 2029 ettstiuguit,‘
415 2000 466 2022 nec
491 2002 522 2022 ea
554 1996 677 2023 crescere
702 2001 726 2023 et
756 1997 912 2024 adolescere
944 1998 1020 2030 sinit,

232 2041 327 2065 verum
340 2039 460 2066 confusae
473 2047 505 2066 ac
521 2041 685 2073 perturbatae
703 2043 802 2069 mentis
817 2041 902 2069 fetum
912 2042 1021 2078 'sapien-

234 2084 270 2111 tia
296 2089 485 2119 suavsuperat,
516 2092 548 2112 ac
575 2086 672 2113 deinde
703 2087 735 2113 ad
760 2086 901 2115 Christum
930 2095 1021 2116 veram

232 2130 453 2163 petram‘allidit,
469 2131 513 2158 hic
534 2136 575 2158 est
591 2130 802 2168 qui‘Babylonis'
824 2141 924 2168 pueros
938 2139 1022 2169 petra:

233 2177 329 2203 allidit.
343 2177 396 2204 Sed
407 2178 439 2203 ad
451 2176 631 2212 primogenita
644 2177 1020 2210 rursuS'ot‘atio'coui'ei’cnda

231 2226 282 2254 est,
290 2222 391 2257 quibus
401 2222 578 2256 pcreumibus‘
591 2221 709 2251 clamore
723 2228 807 2260 atque
823 2226 933 2261 eiulatu'
946 2228 1018 2254 'om-
1036 2218 1058 2246 θ

233 2267 277 2294 nia
295 2267 366 2301 apud
382 2267 525 2303 JEgypIios
539 2268 695 2302 personant;
720 2268 827 2307 Lugent
843 2272 914 2299 enim
936 2279 1018 2308 atque

231 2313 413 2347 ingemiscuut
427 2314 587 2347 daemones,"
605 2320 667 2343 cum
681 2316 793 2346 iitiosas
827 2318 1016 2353 cogitationes,

231 2357 390 2393 priusquam
409 2360 558 2392 creverint,
587 2361 614 2388 in
639 2362 716 2390 nobis
734 2364 871 2398 exstingui
888 2370 1015 2397 cernunt,

230 2404 387 2439 animique"
408 2406 629 2440 perturbationes
663 2409 753 2436 adhuc
782 2414 907 2437 recentes
936 2412 1014 2439 evelli

230 2453 311 2484 atque
330 2451 549 2486 exscindi.‘Ergo
568 2453 718 2488 [Egyptiaci
733 2455 835 2489 peccati
846 2455 928 2488 lctus,
941 2451 1018 2484 ante;

230 2495 351 2528 quam'in
374 2496 447 2522 ‘malo
465 2497 659 2530 maturescunt,
675 2505 809 2527 necantur
829 2510 835 2528 :
856 2501 1013 2529 Israeliticae

232 2545 322 2567 autem
337 2547 369 2567 ac
384 2541 477 2575 proba:
496 2544 675 2578 cogitationes
690 2546 832 2580 sanguinis
858 2546 1015 2581 profusione

231 2586 408 2620 muniuntur,
439 2593 469 2615 ut
497 2589 584 2617 virtus
602 2591 635 2617 ad
666 2592 1014 2628 maturitatcmpcrveniat.

230 2631 319 2666 Atque
336 2632 392 2660 illic
409 2634 518 2666 quidem
537 2635 642 2669 primus
666 2638 771 2671 peccati
794 2638 912 2672 impetus
937 2639 1013 2666 fran-

231 2678 304 2711 gitur
323 2687 330 2705 :
348 2678 394 2705 hic
423 2683 513 2707 autem
535 2682 640 2715 primus
666 2683 768 2716 peccati
796 2685 937 2719 ingressus
967 2693 1016 2720 per

267 2757 287 2774 "
312 2757 383 2784 Psal.
413 2765 522 2792 cxxxvt,
539 2760 565 2788 8.
592 2760 618 2787 9.
634 2759 657 2775 ’°
674 2760 737 2788 ibid.
751 2762 778 2788 8.
808 2763 828 2778 ²¹
844 2763 929 2791 Exod.
949 2771 996 2797 xu,
1012 2763 1044 2791 i9

267 2825 321 2864 ρι’)
337 2825 404 2852 Vide
419 2827 530 2861 August.
549 2828 594 2855 lib.
613 2836 642 2860 ll,
665 2836 723 2863 cap.
738 2830 782 2861 5i,
801 2830 837 2857 De
851 2831 923 2858 civit.
948 2832 1006 2863 Dei,

231 2858 274 2885 ubi
291 2861 327 2885 ait
342 2858 522 2890 scptcuarimu
542 2858 819 2897 numerurm-quia.“
835 2871 890 2893 toto
907 2858 1010 2898 impare

1074 1593 1118 1617 tus
1134 1595 1224 1618 autem
1255 1591 1359 1618 mundo
1376 1590 1477 1618 dicitur
1506 1595 1532 1617 et
1549 1597 1727 1622 concurrens,
1753 1588 1779 1616 id
1808 1594 1862 1622 est,

1073 1643 1166 1663 comes
1176 1637 1205 1663 'et
1215 1640 1366 1663 assectator
1383 1636 1478 1670 ipsius,
1493 1642 1549 1663 tum
1565 1637 1629 1671 quia
1641 1635 1741 1670 septem
1755 1636 1862 1663 dierum

1072 1684 1163 1718 spatio
1181 1683 1301 1710 mundus
1332 1683 1459 1709 omnibus
1486 1682 1543 1709 suis
1568 1682 1691 1709 humeris
1718 1682 1862 1709 absolutus

1073 1733 1125 1762 est,
1142 1733 1199 1756 tum
1222 1728 1285 1762 quia
1307 1727 1421 1762 expletis
1445 1732 1549 1761 septem
1578 1735 1713 1754 annorum
1739 1724 1864 1754 millibus

1073 1774 1168 1801 mundi
1187 1774 1248 1801 linis
1265 1773 1375 1800 iuturus
1390 1779 1441 1800 cst.
1460 1772 1603 1806 Quoniam
1623 1778 1713 1799 autem
1733 1772 1860 1799 fermenti

1073 1818 1316 1854 proprietates,‘si
1337 1817 1447 1852 quidem
1473 1818 1568 1846 vitium
1597 1821 1766 1852 spectemus,
1796 1823 1861 1844 sunt

1074 1865 1207 1892 vetustas
1226 1868 1253 1891 et
1280 1863 1415 1891 acidltas:
1432 1864 1473 1891 sin
1501 1869 1593 1891 autem
1620 1863 1750 1891 viitutem
1781 1864 1860 1891 nobis

1073 1910 1270 1946 proponamus,
1285 1908 1363 1945 panis
1371 1910 1509 1938 confectio
1519 1914 1546 1937 et
1560 1910 1601 1937 vis
1619 1909 1707 1938 vitalis
1724 1909 1860 1945 (calefacit

1073 1957 1146 1983 enim
1168 1954 1346 1987 fermentum,
1367 1963 1399 1983 ae
1415 1955 1531 1982 farinam
1550 1955 1683 1988 sublevat,
1701 1961 1783 1990 atque
1808 1956 1860 1983 hoc

1072 2001 1156 2028 vitam
1175 1998 1402 2036 fovere'vitletur)
1417 2008 1424 2027 :
1439 2000 1474 2027 ob
1488 2000 1547 2027 cam
1563 2007 1675 2028 causam
1690 1999 1860 2034 submoveri,

1073 2049 1155 2080 atque
1184 2045 1247 2079 ejlci
1277 2043 1408 2071 malitiam
1435 2044 1491 2077 ait,
1510 2051 1571 2079 quae
1596 2044 1711 2071 vitiosas
1731 2043 1859 2071 icrmenti

1073 2091 1254 2126 proprietates
1271 2089 1353 2116 habet
1368 2098 1376 2116 :
1395 2096 1449 2116 non
1463 2089 1526 2116 item
1541 2089 1679 2121 virtutem,
1698 2089 1743 2116 cui
1763 2089 1861 2116 melio-

1073 2144 1117 2164 res
1145 2136 1283 2164 iermenti‘
1301 2135 1481 2171 proprietates
1499 2136 1592 2163 ihsunt
1608 2144 1615 2163 :
1631 2135 1674 2162 cui
1705 2135 1786 2163 etiam
1816 2143 1860 2163 re-

1073 2191 1155 2219 gnum
1191 2183 1324 2211 cmlorum
1352 2180 1608 2217 compa’raturﬁD‘e
1639 2178 1738 2210 vitioso
1768 2187 1858 2209 autem

1074 2229 1206 2257 fermento
1222 2229 1249 2256 in
1266 2228 1412 2264 Evangelia
1425 2228 1527 2255 dicitur
1544 2238 1550 2256 :
1570 2227 1660 2256 Videte
1682 2233 1706 2255 et
1728 2228 1859 2255 attendite

1072 2285 1088 2303 α
1103 2276 1229 2310 fermento
1247 2274 1402 2302 Scribarum
1424 2279 1448 2303 et
1459 2271 1660 2302 Pharisaeorum
1671 2272 1706 2307 η,
1727 2274 1780 2301 hoc
1805 2279 1857 2304 cst,

1072 2330 1087 2349 a
1103 2321 1227 2349 doctrina
1243 2341 1251 2354 ,
1272 2329 1354 2356 quam
1374 2320 1495 2356 inopiam
1517 2319 1674 2355 Tbeolugus
1700 2318 1776 2351 dicit,
1793 2319 1857 2352 quia

1071 2366 1428 2402 plebem‘deliortabantur,
1458 2374 1491 2394 ne
1517 2367 1545 2394 in
1568 2364 1856 2395 Christumcrcderet,

1071 2418 1104 2439 ac
1119 2420 1167 2446 per
1180 2410 1242 2439 Filii
1257 2415 1441 2447 contemptum
1455 2413 1562 2440 Patrem
1583 2419 1693 2447 quoque
1707 2410 1857 2445 ignominia

1070 2458 1215 2485 notabant.
1322 2460 1325 2469 ¹
1374 2456 1377 2457 ⁷

1102 2503 1161 2540 Col.
1191 2503 1243 2530 643
1269 2504 1299 2531 (Σ.
1328 2504 1411 2539 Atque
1437 2504 1478 2532 illi
1503 2504 1607 2539 quidem
1635 2503 1742 2538 lugeant
1766 2509 1776 2528 :
1800 2505 1856 2528 etc.

1070 2548 1224 2582 Daemones,
1240 2550 1337 2585 inquit,
1362 2548 1483 2585 lugeant,
1503 2550 1560 2577 suis
1576 2543 1858 2583 t'ideliCet"primoge-

1069 2596 1134 2624 nitis
1157 2592 1256 2624 erbati.
1274 2596 1330 2624 Nos
1345 2601 1457 2630 autem,”
1475 2593 1604 2624 unctione
1616 2596 1731 2630 “signati,
1754 2601 1856 2628 agnum

1070 2642 1256 2670 comedemus'.
1281 2644 1319 2670 Ac
1354 2643 1451 2670 merito
1487 2639 1645 2670 unctionem
1677 2640 1857 2668 'manducatio

1071 2680 1205 2722 sequitur.
1223 2681 1290 2716 Nam
1309 2696 1358 2715 nos
1376 2693 1690 2724 quoque,'posteaquam
1709 2681 1856 2714 Dominum

1099 2766 1121 2782 "
1140 2766 1234 2794 Matth.
1249 2775 1304 2800 xvr,
1319 2767 1346 2794 6.

1063 2835 1184 2862 ternario
1210 2840 1237 2862 et
1257 2840 1316 2875 toto
1340 2842 1403 2870 pare
1417 2837 1596 2876 quaternarii)
1618 2834 1771 2867 coniicitur,
1791 2835 1854 2862 ideo

1064 2876 1134 2901 saepe
1151 2877 1198 2897 DI'O
1218 2878 1345 2898 universo
1364 2879 1463 2903 RCClpl.
