2058 3159
260 203 325 236 1371

966 211 1156 244 ADDENDA.

1822 214 1895 245 1373

260 261 371 288 tualiter
387 263 487 289 comesi
509 264 596 290 locttm
618 263 774 292 inducatur.
791 265 879 293 Dirini
896 267 969 294 enim
985 268 1046 302 agni
1064 269 1084 296 Λ
1100 272 1200 302 apertae
1223 271 1305 303 atque
1332 268 1358 295 in
1384 269 1467 296 oculis
1491 270 1583 304 positae
1599 277 1606 296 :
1628 270 1773 303 Quouirea,
1790 270 1892 304 inquit.

258 314 290 333 ac
305 307 384 335 Verbi
400 309 546 336 secundum
562 310 695 345 cujusque
710 312 824 340 membri
839 314 1047 347 conceptionem

259 354 448 388 unusquisque
474 362 522 389 pro
542 355 640 384 virium
662 365 793 391 suarum,
823 364 905 395 atque
925 361 1047 393 ordinis,

260 398 407 432 gratiaeque
433 399 551 432 Spiritus
570 401 602 428 ad
628 411 658 430 se
675 405 847 438 pertinentis,
872 407 987 434 rationis
1004 407 1049 435 lict

258 445 402 478 particeps.
426 445 504 472 Verbi
534 448 622 481 gratia
635 469 642 480 ,
665 455 746 485 caput
767 451 812 478 ille
832 453 982 487 percipiet,
1002 455 1047 487 qui

258 497 289 515 ex
310 490 469 524 improbatis
489 493 631 528 principiis
647 496 739 528 lidcm,
756 498 915 533 theologica:
932 500 1047 528 rationis

256 535 410 562 doc'rinam
435 545 549 572 prorsus
575 541 687 568 missam
710 543 866 576 facientem,
884 552 1048 574 consecutus

258 579 350 608 ftlt‘til.
371 583 457 611 Aures
483 590 573 613 autem
586 606 592 618 ,
620 588 665 621 qui
692 596 833 618 sermones
853 592 961 620 divinos
980 595 1048 622 scite

257 627 367 661 accipit,
381 633 406 656 et
421 637 467 663 per
481 638 528 658 eos
541 632 573 659 ad
589 638 704 662 mortem
721 643 807 670 usque
822 637 876 664 Det)
891 639 1045 672 subjicitur.

257 671 376 707 Oculos,
406 676 452 710 qui
479 685 522 704 res
549 684 656 707 creatas
683 683 840 716 spiritaliter
867 686 1044 719 considerat,

256 724 338 754 atque
368 729 463 750 omnes
498 724 629 754 doctrinae
658 735 777 762 sensus,
810 735 864 758 tant
895 732 1046 766 litterales.

256 773 337 800 quam
366 769 542 804 allegoricos,
569 774 643 801 omni
670 775 835 805 offendicula
865 785 993 808 vacantes
1012 782 1046 808 ad

257 811 342 838 solam
370 812 415 840 Dei
444 815 558 849 gloriam
585 818 612 845 in
641 827 723 847 unum
750 822 863 857 colligit.
893 823 952 850 Jam
983 833 1046 853 vero

257 858 374 890 pectoris
402 861 537 896 particeps
561 863 605 896 lit,
632 866 677 899 qui
704 874 750 894 cor
779 875 858 894 suum
888 869 1046 906 theologicis

257 904 492 936 speculationibus
512 916 542 936 ao
559 909 691 939 doctrinis
716 913 846 948 implevit.
871 904 1047 945 Manuutvau-

258 954 323 981 tem,
341 951 386 984 qui
410 953 513 981 nullum
536 963 604 989 opus
621 965 653 984 ex
671 959 713 986 his
730 968 790 994 qua:
807 961 899 990 divino
917 963 1045 991 mandato

257 996 408 1030 proscripta
430 1005 503 1032 sunt,
529 1001 624 1037 ignave
640 1012 672 1031 ac
688 1006 857 1040 negligenter
874 1010 1043 1044 exsequitur,

257 1047 349 1068 verum
368 1047 449 1072 totam
464 1053 524 1073 eam
543 1049 596 1075 vim
614 1050 724 1084 animze,
738 1059 799 1086 quae
816 1053 845 1081 in
860 1055 968 1082 actione
984 1065 1045 1083 ver-

257 1091 342 1120 satur,
368 1089 401 1115 ad
427 1090 579 1120 divinarum
604 1094 694 1129 legum
715 1098 896 1132 expletionem
922 1106 1042 1134 paratam

256 1136 337 1164 atque
362 1134 495 1164 intensam
516 1139 608 1167 habet.
632 1142 691 1169 Alvi
715 1151 806 1178 porro,
832 1145 877 1180 qui
898 1146 1042 1181 genitalem

256 1178 354 1206 animae
370 1186 474 1214 partem
495 1190 624 1220 perpetuo
641 1189 836 1217 scatu‘rientcnt
858 1192 949 1224 habet,
965 1194 1045 1228 spiri-

257 1224 429 1274 tualibusque
450 1233 728 1267 contemplationibus
755 1237 921 1271 amuentem,
943 1224 1044 1274 quique

255 1270 449 1318 ardentissimo
479 1280 560 1310 atque
594 1278 750 1314 inexplebili
780 1283 924 1318 omnisque
951 1270 1042 1314 Vitiosi

255 1314 367 1342 allectus
385 1320 488 1352 experti
515 1321 646 1350 Dominici
674 1333 838 1360 congressus
862 1328 1000 1357 desiderio
1017 1335 1044 1358 et

255 1367 348 1411 amore
364 1369 506 1398 correptus
531 1371 582 1395 est.
606 1369 639 1396 At
661 1378 725 1398 vero
752 1372 880 1400 intestina
902 1375 968 1407 edit,
996 1376 1042 1411 qui

254 1406 423 1436 abstrusiore
441 1411 540 1440 mentis
555 1416 755 1449 conquisitione
772 1419 904 1452 profunda
919 1406 965 1448 Dei
982 1406 1042 1456 per-

254 1457 402 1486 scrutatur,
425 1461 507 1492 atque
528 1461 636 1488 arcanis
662 1465 800 1497 mysteriis
826 1466 899 1494 velut
921 1468 1042 1503 ingurgi-

254 1503 337 1526 tatur.
353 1500 438 1529 Crura
455 1511 557 1536 autem.
575 1508 620 1542 qui
639 1510 790 1549 rationem,
806 1512 830 1538 ei
846 1513 943 1541 anima:
960 1515 1040 1549 parti,

253 1553 314 1579 qum
337 1547 478 1577 allectibus
503 1551 632 1586 agitatur,
658 1546 860 1584 incumbentem
888 1559 983 1592 habet,
1009 1568 1041 1588 ac

1063 938 1083 964 Β

254 1590 334 1618 veluti
350 1594 489 1627 superiore
504 1595 561 1623 loco
579 1599 705 1631 positam,
720 1609 822 1635 easque
838 1603 934 1630 anima:
950 1610 1041 1638 partes
1057 1613 1076 1640 ε

254 1636 280 1662 in
299 1639 399 1672 quibus
417 1642 636 1674 perturbationes
655 1645 800 1679 exsistunt,
817 1647 930 1682 imperio
946 1636 1041 1678 tenen-

254 1686 319 1715 tem,
340 1684 442 1718 quique
457 1693 565 1713 omnem
589 1695 714 1717 crassum
731 1696 756 1718 ct
773 1697 910 1721 terrenum
936 1700 1039 1724 tnotutn

253 1730 286 1755 ab
306 1737 335 1756 ea
360 1731 461 1758 evellit.
481 1732 602 1762 Geuihus
625 1743 689 1764 vero
713 1739 845 1772 pascitur,
871 1741 917 1774 qui
941 1743 974 1770 ad
997 1744 1041 1778 ja—

253 1779 356 1808 centes,
380 1780 407 1803 et
425 1777 532 1806 inlirma
557 1780 607 1808 lide
629 1783 767 1816 prmditos,
792 1777 1041 1817 commiserationis

252 1821 348 1849 aliectu
369 1822 402 1850 de
425 1824 559 1854 industria
584 1835 614 1854 se
637 1828 765 1864 demittit,
781 1838 813 1858 ac
830 1831 910 1860 Verbi
934 1835 967 1861 ad
991 1843 1041 1863 nos

252 1867 430 1901 dejectionem
447 1871 602 1900 aemulatur.
620 1873 763 1903 Postremo
785 1877 859 1905 tibiis
880 1883 906 1905 et
925 1879 1041 1914 pedibus

251 1913 381 1944 vescitur,
406 1916 451 1949 qui
476 1916 503 1943 in
527 1917 578 1945 lide
601 1924 629 1946 et
655 1918 754 1949 virtute
781 1927 862 1957 atqtte
887 1913 1040 1962 cognitione

252 1959 320 1999 lixos
336 1964 363 1986 et
382 1960 535 1990 immobiles
555 1964 654 1991 anima!
668 1973 778 2000 gressus
801 1968 893 1996 habet.
910 1959 949 1996 Ad
968 1959 1039 1998 hunc

251 2005 362 2033 modum
382 2006 427 2034 ille
444 2007 537 2042 Agnus
554 2010 601 2037 Dei
620 2011 654 2038 ab
675 2013 805 2040 omnilnts
820 2014 863 2041 edi
887 2022 919 2042 ac
937 2016 1038 2050 percipi

251 2056 351 2096 potest,
368 2060 470 2087 eosque
489 2062 504 2081 a
524 2056 624 2090 quibus
647 2058 808 2092 percipitur,
823 2059 942 2094 Spiritus
957 2069 1039 2096 opera

251 2095 277 2122 in
304 2104 365 2124 sese.
388 2102 564 2127 transmutat.
589 2100 721 2129 Czeterutn
750 2103 800 2131 hoc
826 2095 980 2132 observato
997 2107 1039 2134 tli-

251 2149 333 2175 gnum
351 2148 403 2176 est,
419 2145 492 2177 quod
514 2145 669 2181 Thcologus
687 2152 790 2181 uoster,
812 2151 834 2177 si
854 2151 964 2184 quando
979 2160 1039 2179 rer-

251 2187 314 2213 bum
340 2189 449 2223 aliquod
483 2190 647 2225 obscurius,
681 2201 763 2228 quatit
790 2200 818 2221 ut
843 2204 856 2222 a
882 2197 1038 2226 rudioribus

254 2233 367 2269 intelligi
384 2240 475 2268 queat,
490 2237 626 2271 extulerit,
642 2238 706 2266 illud
720 2241 812 2268 statim
830 2250 877 2275 per
892 2243 1036 2273 dilucidius

1101 322 1154 341 non
1178 314 1258 341 modo
1284 315 1309 342 id
1333 320 1460 342 excutere
1484 316 1632 346 debemus.
1658 317 1730 351 quod
1759 324 1892 344 carneum

1100 363 1152 390 est,
1178 359 1203 386 id
1229 365 1282 391 est,
1302 360 1440 388 intellectu
1469 361 1571 393 facile;
1607 370 1700 389 verum
1726 363 1842 397 insuper
1866 367 1893 389 et

1100 406 1191 432 abdita
1211 407 1320 439 mentis,
1346 407 1396 434 hoc
1419 412 1472 437 est,
1492 408 1604 441 mystica
1631 409 1674 435 illa
1702 409 1891 443 pervestigare

1099 452 1237 485 Convenit,
1256 460 1315 484 qua‘
1334 460 1410 479 mens
1433 458 1525 480 nostra
1550 462 1563 480 a
1589 453 1774 481 crassioribus
1802 453 1893 480 homi~

1099 497 1181 524 nibus
1197 497 1307 525 interim
1323 499 1520 526 abscondedat.

1134 543 1285 571 Possumus
1307 544 1388 571 etiam
1415 544 1532 572 fortasse
1548 545 1580 572 ad
1606 545 1679 573 hunc
1703 546 1813 572 modum
1834 546 1891 573 her

1098 597 1245 624 exponere.
1266 589 1494 625 Quandoquidem
1511 591 1628 626 duplicis
1647 597 1750 619 natura
1763 593 1891 620 Christus

1098 640 1150 667 est,
1165 635 1292 662 nimirum
1308 636 1378 663 Deus
1392 637 1474 664 simul
1487 643 1513 663 cl
1528 637 1621 669 homo.
1639 638 1792 665 faciendum
1808 639 1890 666 nobis

1097 686 1150 714 est,
1166 681 1264 716 inquit,
1279 685 1308 709 ut
1322 689 1376 708 non
1391 682 1472 709 modo
1485 683 1662 717 conspicuam
1678 683 1765 718 ipsius
1777 691 1888 711 carnem

1098 727 1266 760 intueamur,
1279 729 1325 755 sed
1337 733 1362 755 et
1375 728 1475 756 mentis
1486 729 1588 759 abdita.
1601 729 1653 757 hoc
1664 735 1715 762 est,
1726 730 1888 761 divinitatis,

1098 775 1282 808 speeulemur.
1299 775 1337 801 Ac
1353 782 1386 802 ne
1407 779 1488 809 caput
1505 779 1532 803 et.
1548 775 1630 809 pedes
1648 777 1684 810 (id
1701 781 1752 806 est,
1769 781 1796 803 et
1810 776 1886 810 ejus-

1098 819 1169 846 modi
1192 820 1226 847 de
1252 824 1370 854 ungeute
1397 820 1538 848 divinitate
1564 821 1763 856 cogitationes,
1785 829 1847 856 qum
1871 830 1885 848 a

1098 865 1153 892 Deo
1167 873 1221 892 non
1236 866 1411 897 abhorreant,
1427 871 1453 894 et
1467 875 1563 894 rursus
1579 867 1712 902 ejusmodi
1727 868 1760 894 de
1775 868 1887 894 inuncta

1099 910 1273 941 humanitate
1293 911 1504 944 meditationes,
1536 920 1597 946 quze
1632 913 1758 939 hnmame
1783 918 1888 940 natura:

1098 957 1270 989 conveniant,
1292 958 1408 984 intactos
1431 958 1627 991 relinquamus.
1652 959 1679 985 id
1704 963 1794 986 autem
1813 967 1889 986 asse-

1099 1010 1225 1037 quemur,
1249 998 1270 1030 si
1296 1003 1448 1036 Christum,
1470 1011 1484 1030 a
1501 1004 1588 1038 capite
1605 1005 1714 1039 quidem
1735 1005 1817 1032 Deum
1838 1013 1887 1032 stn-

1098 1048 1165 1075 culis
1181 1049 1308 1076 omnibus
1320 1049 1504 1084 antiquiorem
1519 1057 1730 1083 cognoscamus,
1744 1058 1759 1077 a
1775 1050 1888 1084 pedibus

1099 1101 1164 1120 vero
1183 1094 1332 1127 hominem,
1356 1095 1502 1129 postremis
1526 1096 1695 1130 temporibus
1717 1095 1830 1127 factum,
1854 1098 1889 1123 ab

1098 1140 1235 1167 intestinis
1251 1140 1378 1172 denique,
1395 1141 1458 1175 quia
1476 1141 1566 1167 divina
1585 1141 1704 1176 potentia
1719 1149 1801 1168 carne
1818 1147 1887 1168 tecta

1098 1189 1179 1219 atque
1207 1185 1340 1213 absconsa
1364 1185 1425 1212 fuit.
1446 1185 1494 1212 Vel
1518 1186 1600 1213 etiam
1621 1185 1736 1213 fortasse
1760 1187 1785 1213 id
1803 1192 1887 1221 caput

1096 1231 1309 1259 existimandum
1327 1236 1379 1263 est,
1401 1232 1530 1259 nimirqu
1556 1233 1638 1264 scire,
1666 1233 1738 1267 quod
1758 1233 1888 1266 Verbum,

1099 1281 1191 1312 utpote
1217 1277 1299 1309 Deus,
1325 1278 1351 1304 in
1378 1278 1525 1313 principio,
1553 1278 1604 1306 hoc
1628 1283 1681 1310 est,
1707 1279 1733 1305 in
1759 1278 1837 1305 Patre
1861 1283 1889 1305 cl

1097 1331 1159 1350 cuin
1182 1323 1285 1358 Spiritu
1301 1329 1369 1351 erat.
1393 1324 1479 1352 Pedes
1499 1329 1601 1357 autent,
1619 1325 1686 1352 illud
1709 1325 1886 1360 persuasissi—

1097 1377 1171 1396 mum
1196 1369 1305 1402 habere,
1330 1369 1401 1404 quod
1429 1369 1498 1397 Deus
1527 1370 1606 1397 etiam
1633 1371 1779 1403 exsistens,
1800 1371 1885 1405 judc!

1096 1423 1193 1442 rursus
1208 1416 1240 1443 ad
1256 1423 1307 1443 nos
1323 1416 1463 1443 rediturus
1477 1421 1528 1447 est.
1545 1419 1672 1444 humana:
1688 1417 1885 1452 dispensationi

1096 1467 1178 1496 atque
1211 1461 1402 1496 gubernationi
1440 1462 1520 1489 ﬁnem
1555 1463 1746 1497 impositurus.
1779 1463 1806 1489 In
1834 1464 1888 1489 line

1096 1508 1168 1534 enim
1195 1512 1276 1541 atque
1298 1512 1422 1534 extremo
1449 1508 1531 1535 totius
1558 1509 1681 1542 corporis
1707 1509 1788 1543 pedes
1810 1514 1885 1536 sunt.

1096 1552 1226 1579 Intestina
1243 1559 1395 1586 postremo,
1417 1553 1576 1581 abscondita
1594 1555 1638 1581 illa
1653 1560 1680 1581 et
1695 1555 1776 1582 rcluti
1798 1556 1886 1582 media

1095 1602 1123 1624 et
1147 1597 1276 1624 intestina
1303 1599 1483 1627 humanitatis
1508 1605 1657 1635 assumpta:
1684 1601 1806 1628 doctrina
1829 1611 1836 1628 :
1858 1607 1887 1627 ut

1094 1643 1158 1670 hinc
1186 1645 1268 1671 trium
1294 1650 1444 1680 temporum
1473 1647 1662 1682 complexione
1688 1648 1885 1681 sempiternum

1092 1689 1232 1716 Christum
1254 1698 1315 1718 esse
1337 1691 1533 1726 intelligamus,
1558 1701 1590 1719 ac
1615 1701 1661 1727 per
1678 1697 1759 1728 caput
1774 1694 1885 1728 quidem

1093 1737 1119 1762 in
1138 1736 1215 1764 nobis
1238 1737 1404 1769 declaretur,
1425 1738 1498 1772 quod
1522 1743 1591 1771 erat,
1619 1746 1667 1772 per
1685 1740 1766 1773 pedes
1790 1745 1883 1766 autent

1092 1781 1165 1816 quod
1183 1781 1245 1815 erit,
1263 1789 1312 1816 per
1333 1783 1464 1810 intestina
1488 1784 1607 1819 denique
1622 1785 1694 1818 quod
1710 1792 1818 1819 semper
1831 1791 1882 1812 est.

1092 1827 1131 1854 De
1147 1835 1202 1862 quo
1216 1827 1336 1855 Joannes
1351 1836 1462 1863 quoque
1480 1830 1546 1857 mihi
1564 1830 1672 1858 locutus
1687 1831 1805 1862 ridetur.
1821 1840 1884 1859 cun.

1091 1874 1159 1900 dixit
1174 1882 1181 1900 :
1197 1873 1249 1906 Qui
1270 1879 1320 1906 est,
1336 1875 1381 1909 qui
1404 1879 1471 1907 erat,
1488 1877 1533 1910 qui
1554 1881 1678 1904 venturus
1696 1882 1735 1903 est
1753 1877 1785 1907 “.
1805 1878 1881 1911 prin-

1091 1921 1194 1955 cipium
1210 1921 1336 1949 videlicet
1358 1929 1390 1950 ac
1407 1923 1527 1950 medium
1545 1928 1572 1951 et
1586 1924 1666 1950 linem
1692 1925 1774 1951 simul
1800 1932 1877 1951 com-

1092 1967 1228 2002 plectcns.

1126 2013 1254 2042 PSELLUS.
1277 2014 1496 2050 Quandoquidem
1519 2016 1583 2042 milii
1606 2024 1708 2050 quoque
1731 2023 1789 2052 post
1816 2018 1881 2046 Grc-

1089 2059 1191 2092 garium
1206 2058 1323 2086 ltistoria'
1338 2059 1416 2093 hujus
1431 2061 1599 2091 enarrandw,
1614 2069 1645 2087 ac
1658 2062 1816 2088 decernendi
1831 2072 1881 2097 quo

1089 2110 1166 2138 pacto
1202 2104 1314 2132 Verbum
1341 2106 1470 2132 edendum
1495 2108 1549 2139 sit,
1582 2113 1697 2141 potestas
1725 2109 1798 2142 facta
1824 2115 1881 2142 est,

1089 2150 1265 2184 subtiliorem,
1284 2159 1363 2185 quant
1379 2152 1433 2184 ipse
1449 2152 1552 2187 fecerit,
1567 2153 1721 2180 divisionem
1737 2155 1881 2189 proferam,

1089 2195 1230 2230 sigillatth
1248 2197 1424 2224 membrorum
1440 2199 1502 2232 agni
1519 2199 1674 2225 mentionem
1695 2199 1806 2232 faciens,
1823 2209 1882 2227 cor-

1088 2242 1209 2276 porisque
1235 2242 1389 2277 ﬁgmentum
1417 2247 1441 2270 et
1471 2245 1633 2271 creationem
1658 2245 1691 2271 ad
1714 2246 1880 2280 apiritualem

250 2279 324 2306 aliud
338 2281 499 2308 vocabulum
514 2282 686 2318 interpretari
701 2286 788 2313 solet:
804 2290 1033 2322 quemadmodum
1051 2289 1072 2316 D
1086 2288 1291 2322 speculationem
1313 2290 1488 2324 transferens.
1510 2290 1595 2324 Caput
1619 2291 1700 2325 igitur
1718 2292 1833 2325 priorem
1853 2293 1881 2318 in

250 2324 293 2351 hic
309 2333 418 2360 quoque
440 2327 515 2356 facit.
537 2329 642 2357 Etenim
668 2339 730 2358 cum
753 2333 882 2362 dixisset:
899 2335 1034 2371 Quidquid

249 2378 394 2404 carneum,
420 2373 544 2408 adjunin
563 2374 617 2402 :Et
641 2378 832 2412 esculentum,
861 2381 1033 2414 perspicuum

249 2417 351 2445 faciens
367 2426 397 2446 se
414 2426 542 2447 carnetun
562 2421 731 2450 esculentum
752 2424 905 2452 nominare.
926 2425 1032 2454 Rursus

248 2472 309 2491 cutn
322 2465 444 2493 dixisset:
458 2465 494 2493 Ex
509 2466 656 2500 intestinis,
668 2470 792 2504 protinus
804 2471 906 2505 liquido
915 2473 1033 2499 ostemlit

248 2518 277 2537 se
296 2518 328 2537 eo
348 2511 456 2539 nomine
479 2514 585 2541 occulta
607 2518 634 2541 et
657 2517 795 2543 recondita
821 2525 929 2545 vocare.
954 2518 1031 2551 Quod

247 2561 336 2584 autem
354 2565 402 2592 per
419 2566 548 2586 carneum
567 2565 594 2587 et
609 2561 701 2588 abdita
723 2562 843 2590 indicare
864 2563 920 2590 vult
941 2563 1031 2591 Theo-

247 2599 335 2636 logus,
350 2602 433 2634 lntnc,
447 2609 477 2631 ut
491 2605 599 2638 opinor,
617 2613 725 2633 sensum
742 2607 833 2634 habet.
850 2607 1033 2640 Quemadmo-

248 2646 311 2673 dum
332 2647 393 2682 agni
415 2649 518 2676 \iscera
546 2650 672 2678 interitus
695 2652 909 2684 absconduntur,
936 2661 1032 2681 earnes

247 2698 337 2720 autem
356 2694 382 2720 in
398 2695 525 2722 exteriori
551 2701 627 2730 parte
651 2703 737 2725 sunt:
759 2699 798 2725 sic,
815 2699 895 2725 etiam
920 2699 946 2726 in
972 2700 1032 2727 lidei

247 2744 347 2766 nostra:
361 2744 387 2766 cl
404 2741 534 2768 doctrina:
553 2743 699 2777 dogmatis,
716 2744 768 2771 alia
788 2745 872 2780 magis
891 2753 990 2772 arcana
1006 2751 1033 2773 et.

248 2785 372 2812 abstrusa
391 2793 465 2818 sunt,
490 2787 541 2814 alia
563 2789 649 2823 magis
667 2790 745 2815 obvia
762 2796 787 2816 ct
803 2791 956 2825 perspicua,
978 2800 1030 2818 non

248 2835 326 2856 secus
350 2835 431 2864 atque
453 2831 507 2859 illic
527 2833 631 2860 \‘lSCt‘l‘ﬂ
648 2835 753 2861 occulta
769 2841 842 2868 sunt,
858 2844 953 2864 t-at'nt's
968 2845 1031 2863 \‘(‘l't|

285 2917 304 2932 “
327 2918 409 2950 Apoc.
426 2927 449 2950 ι,
472 2919 498 2946 4.

1088 2343 1156 2370 agno
1171 2335 1256 2362 locum
1271 2335 1358 2368 habet,
1373 2345 1433 2363 cum
1447 2338 1502 2364 suis
1516 2337 1648 2372 partibus.
1668 2337 1768 2364 Deinde
1782 2339 1878 2365 collum

1087 2379 1211 2406 vertebris
1234 2380 1408 2415 interscptum
1431 2388 1504 2408 recta
1523 2383 1689 2415 protensione
1713 2383 1738 2408 in
1757 2383 1878 2410 humeros

1085 2426 1204 2458 desinit,
1231 2435 1248 2453 a
1277 2427 1370 2460 quibus
1399 2428 1543 2455 anteriores
1570 2431 1647 2460 pedes
1677 2429 1878 2464 fabricationem

1084 2471 1170 2498 sot'ti'i
1186 2477 1257 2498 sunt.
1284 2471 1344 2499 Post
1360 2473 1405 2500 Itas
1422 2475 1447 2500 in
1462 2475 1592 2507 superiori
1607 2475 1711 2508 quidem
1726 2480 1801 2508 parte
1817 2475 1877 2501 dor-

1086 2524 1143 2542 sunt
1163 2524 1194 2542 ac
1211 2517 1283 2543 dorsi
1307 2518 1383 2551 spina
1404 2519 1576 2550 distenditur,
1600 2520 1628 2545 in
1652 2519 1773 2553 inferiori
1790 2525 1878 2546 autem

1086 2564 1182 2588 contria
1199 2571 1342 2590 concavum
1357 2565 1467 2598 e/ﬁctum
1483 2572 1532 2592 est.
1552 2565 1704 2600 Sequuntur
1719 2566 1877 2599 posteriore:

1086 2608 1162 2642 pedes
1178 2609 1205 2634 in
1220 2610 1333 2635 caudam
1349 2610 1508 2637 desinentes.
1529 2610 1605 2637 Inter
1619 2611 1667 2637 Ita:
1684 2616 1774 2637 autem
1789 2615 1875 2644 partes

1087 2653 1225 2680 sublimius
1247 2659 1286 2681 est
1308 2660 1400 2688 caput,
1417 2657 1466 2687 vel,
1492 2661 1520 2682 ut
1545 2657 1632 2690 aptius
1657 2656 1762 2690 loquar,
1787 2664 1878 2690 prore-

1086 2701 1153 2727 t‘litts
1177 2709 1208 2727 ac
1227 2703 1430 2736 prominentius.
1453 2701 1525 2729 Nam
1550 2703 1635 2729 altunt
1658 2708 1682 2729 et
1707 2703 1829 2734 sublime,
1846 2705 1880 2729 de

1087 2747 1198 2774 hominis
1217 2749 1378 2782 formatione
1396 2750 1540 2783 pm’dirari
1558 2749 1713 2776 Aristoteles
1728 2749 1756 2774 in
1772 2748 1819 2774 lib.
1839 2748 1877 2774 ()c

1086 2793 1204 2825 pultibus
1234 2795 1390 2821 animalium
1420 2797 1525 2832 asserit.
1562 2795 1642 2822 Pedes
1673 2803 1731 2821 vero
1764 2794 1875 2827 inferias

1087 2846 1117 2864 ac
1141 2838 1210 2865 riri'a
1234 2844 1330 2866 terram
1350 2849 1466 2874 gressum
1492 2841 1585 2874 figunt.
1610 2839 1769 2874 Ilnjusmodi
1792 2839 1877 2872 igitur
