2058 3159
166 208 232 240 1.17::

636 209 797 239 NICETAS
818 210 857 239 IN
878 210 990 240 ORAT.
1011 211 1093 240 XLII
1114 211 1144 242 S.
1167 212 1281 242 GREG.

1720 210 1784 240 rm

164 271 265 298 divinus
292 277 391 304 quoque
418 277 498 304 agnus
526 274 585 301 est,
620 277 651 296 tu:
677 269 761 303 capite
789 273 813 294 et
842 269 949 302 pedibus
965 271 986 298 Λ
1001 278 1060 304 qua!
1078 271 1131 298 illis
1156 272 1322 305 aperiuntur,
1349 269 1469 304 supernis
1497 268 1624 295 thesauris
1653 267 1709 294 sine
1731 267 1786 293 ulla

164 322 299 347 constans,
323 315 350 341 id
375 319 432 346 est,
457 315 595 342 divinitate
619 319 643 341 et
668 314 850 346 humanitate,
875 323 950 349 quem

163 363 261 395 partint
286 361 342 387 sola
369 361 528 395 cogitatione
555 361 692 392 dividens,
717 360 817 394 partim
842 361 949 391 unicus,

164 411 241 440 alque
255 407 402 440 comedens,
422 406 456 432 ad
472 407 568 432 animm
583 406 772 439 susceptionem
789 411 848 438 apte
865 409 951 431 trans-

164 452 247 478 mitte.
266 451 403 485 Susceptio
426 456 513 478 autem
531 452 640 482 anima'.
663 451 699 478 vis
713 455 750 477 est
768 450 950 485 spiritualium

164 497 374 532 speeulationunt
401 498 562 531 susceptrix,
587 505 646 532 quae
669 496 774 531 quidem
801 496 950 523 doctrinam

164 543 249 570 divisa
266 543 372 577 facilem
387 544 529 578 accipiens,
543 544 702 577 spiritusque
716 545 816 578 fervore
829 543 950 570 concale-

163 588 273 622 faciens,
298 593 375 623 atque
395 589 522 621 altcrans,
545 597 601 616 eam
625 589 658 615 ad
680 589 824 616 coctionem
845 588 950 622 digerit,

163 635 190 661 in
215 643 344 668 suamque
372 635 512 662 essentiam
541 635 718 669 transfundit.
751 634 846 662 Vettea:
870 632 958 669 igitur’

161 681 247 707 diuini
269 681 354 708 nostri
377 682 482 715 capitis,
510 681 557 708 hoc
572 686 622 712 est,
643 681 727 708 divini
755 680 842 712 Verbi,
870 681 951 707 Pater

161 731 220 758 est,
255 735 270 752 a
304 734 356 761 quo
382 727 535 761 incorporeo
562 731 640 761 atque
668 726 846 761 inexplicabili
874 726 950 752 modo

163 771 269 805 genitus
285 775 335 798 est.
350 771 467 798 Proinde
487 772 610 798 verticem
625 772 705 798 etiam
719 771 794 798 edere
816 771 950 803 debemus,

163 817 212 844 hoc
229 821 280 850 est,
297 817 442 852 intelligere
455 826 620 853 nequaquam
630 818 798 853 productioni
814 825 952 851 corporum

163 863 234 889 hanc
250 864 443 897 generationem
463 863 574 890 similem
597 872 664 890 esse.
685 863 754 891 Item
768 863 837 898 quod
859 871 891 890 ea:
905 862 952 888 illo

164 908 272 942 quidem
288 908 397 935 Verbum
413 913 463 939 est,
485 909 530 936 sed
549 917 598 935 non
614 914 674 943 post
697 909 784 936 illum.
806 909 951 938 Postremo,

164 953 235 987 qttod
256 958 384 988 quantum
408 953 443 980 ad
461 962 571 980 causam
592 953 672 981 Pater
698 953 769 980 Filio
795 954 880 988 major
903 957 952 979 est.

165 998 299 1030 Quoniam
315 1002 401 1024 autent
422 999 505 1025 crines
521 999 599 1025 etiam
622 999 740 1025 verticem
762 999 951 1033 oircumtegunt

165 1042 226 1076 (hoc
255 1047 304 1075 est,
332 1043 417 1076 caligo
437 1042 485 1069 illa
514 1051 529 1069 a
554 1041 730 1075 speculatione
755 1048 869 1070 remota.
896 1050 953 1077 qua?

166 1092 305 1121 paternam
321 1088 498 1115 substantiam
515 1087 622 1122 obtegit)
639 1087 685 1114 hos
701 1096 801 1122 quoque
825 1095 953 1123 quantunt

166 1141 206 1160 res
221 1133 347 1166 postulat,
366 1133 480 1160 diuidere
493 1142 595 1160 necesse
607 1133 744 1165 habemus,
760 1139 837 1169 atqtte
852 1135 890 1161 ita
902 1136 953 1162 vim

166 1178 264 1204 anima-
282 1178 389 1212 injicere
413 1178 447 1205 ad
464 1186 497 1205 ea
525 1179 690 1213 attingenda,
713 1187 772 1213 qute
786 1185 810 1206 et
836 1189 955 1208 sermone

167 1224 305 1258 superiora
321 1229 392 1254 sunt,
417 1229 441 1250 et
462 1225 630 1259 cogitatione.
654 1223 717 1251 Jant
741 1225 846 1252 divinas
873 1227 955 1253 etiam

168 1277 246 1296 aures
271 1270 333 1304 agni
357 1270 439 1296 divini
461 1271 639 1303 comedamus,
658 1279 758 1305 nempe,
781 1272 956 1305 spiritualiter

168 1315 317 1346 audientes,
340 1315 410 1349 quod
433 1315 588 1342 incarnatus
613 1317 659 1348 sit,
673 1316 742 1350 quod
760 1316 871 1343 Verbum
893 1325 955 1344 cara

167 1360 269 1395 factum
286 1362 330 1387 sit.
351 1360 442 1394 Neque
453 1361 521 1387 enim
537 1361 648 1388 Verbum
667 1362 693 1388 in
708 1370 811 1388 carnem
826 1367 956 1389 nttttatum

167 1413 234 1436 esse,
252 1413 297 1431 nec
325 1406 506 1439 incorporeum
532 1407 615 1439 ipsius
639 1407 780 1433 essentiam
802 1407 828 1433 in
851 1415 956 1434 carnem

168 1451 330 1478 concrevisse
344 1451 532 1485 pra'dicamus,
550 1460 638 1478 verum
653 1452 679 1478 id
693 1452 799 1487 quidem
817 1453 953 1485 mansisse,

167 1495 238 1530 quod
260 1501 326 1526 erat,
345 1496 371 1522 id
396 1501 495 1527 autent,
513 1496 582 1530 quod
607 1504 658 1523 tton
682 1501 749 1527 erat.
772 1495 955 1531 assumpsisse.

170 1541 269 1569 Oculos
288 1542 395 1576 insuper
411 1542 589 1574 comedamns,
609 1542 790 1577 spiritualiter
811 1547 955 1574 cernentes,

169 1597 216 1616 nec
231 1597 317 1616 rerum
337 1598 440 1622 earum,
457 1598 514 1623 qua!
532 1593 579 1616 sub
594 1595 727 1624 aspectum
740 1591 848 1622 cadunt,
863 1599 956 1624 corpo-
968 1610 991 1642 ε

169 1635 241 1661 ribus
257 1635 403 1669 intersepti,
419 1643 508 1662 verum
525 1635 697 1662 intellectuali
712 1635 788 1662 modo
808 1635 834 1662 in
851 1635 955 1662 divinas

169 1680 377 1708 illuminationes
390 1686 566 1715 penetrantes.
582 1680 623 1708 Ne
635 1681 836 1715 superciliorum
850 1682 956 1715 quidem

169 1730 271 1766 partem
298 1727 427 1754 intactam
451 1726 833 1761 relinquamus,perspicaccm
855 1727 956 1754 scilicet

169 1771 266 1797 animm
279 1772 329 1798 vim
341 1774 498 1806 obtegentes,
521 1780 551 1798 ne
565 1779 676 1806 superne
695 1772 818 1799 alicunde
841 1772 915 1799 salsa
931 1776 956 1798 et

171 1824 264 1843 amara
286 1817 428 1850 spirituum
453 1825 588 1844 ocrearum
618 1818 702 1851 ﬂuuio
721 1818 822 1852 infusa.
852 1818 956 1844 oculum

171 1864 256 1897 ipsum
288 1862 378 1889 la'dat.
410 1863 479 1895 Quid
505 1864 584 1889 vero?
607 1871 656 1890 non
683 1864 763 1889 etiant
783 1870 859 1888 nares
886 1863 956 1894 ipsas

172 1909 340 1942 attingemus,
368 1908 493 1934 nimirum
508 1908 625 1934 divinum
651 1912 814 1942 unguentum
838 1906 958 1932 redolen-

173 1959 219 1989 tes_,
233 1962 283 1988 quo
299 1954 354 1988 ipse
367 1962 468 1988 quoque
482 1954 610 1980 Dominus
626 1957 687 1979 ante
701 1954 847 1986 passionem
864 1956 956 1979 unctus

172 2002 228 2027 est?
244 2000 333 2027 Bonus
349 2001 416 2026 enim
432 2001 497 2027 odor
520 2000 669 2034 spiritualis
686 2007 777 2026 sumus
794 1999 874 2033 juxta
888 1998 957 2032 Apo-

173 2046 314 2073 stolum“.
339 2046 430 2072 Omnis
450 2046 533 2080 igitur
556 2045 765 2078 speculationum
790 2045 892 2078 paritas
912 2052 959 2078 per

172 2092 346 2119 attrit/tentem
365 2093 459 2118 aninue
481 2092 648 2126 facultatem.
672 2092 747 2126 quasi
770 2099 815 2124 per
830 2091 957 2124 quasdam

174 2145 261 2170 nares,
284 2138 357 2164 nobis
378 2137 524 2164 haurienda
547 2142 584 2164 est
601 2146 610 2164 :
624 2137 751 2172 quidquid
773 2141 860 2163 autem
881 2137 909 2162 itt
926 2136 957 2163 iis

174 2184 292 2211 nebulosi
320 2188 345 2210 et
376 2183 516 2216 caliginosi
544 2188 603 2216 est,
638 2184 704 2218 [oris
732 2182 956 2217 relinquendum,

174 2238 301 2264 naresque
317 2229 492 2261 continenda',
505 2237 536 2255 ne
552 2230 699 2255 crassitiem
720 2230 787 2255 hanc
804 2228 957 2255 nebulosam

1001 318 1206 354 perscrutatione
1240 317 1427 351 relinqttattms.
1468 314 1508 341 Ne
1538 314 1646 340 cervicis
1681 312 1784 347 quidem

1001 369 1119 398 expertes
1139 364 1232 396 sintus,
1250 363 1366 390 divinant
1383 362 1509 388 nimirum
1521 360 1617 394 jugum
1632 359 1763 385 trahentes
1777 365 1788 385 :

1001 410 1104 437 divinos
1131 411 1237 444 insuper
1267 409 1388 435 humeros
1412 407 1594 441 accipiamus,
1624 404 1787 430 orationibus

1002 455 1120 481 videlicet
1135 455 1168 480 iis
1183 455 1301 480 animum
1318 453 1483 486 adjicientes.
1500 459 1557 485 qute
1572 450 1605 477 ad
1620 449 1788 484 perferendos

1003 501 1127 528 aduersos
1143 508 1220 527 catus
1243 500 1393 526 hortantur.
1411 497 1611 524 (lat-radendum
1636 495 1709 521 nobis
1723 502 1787 528 quo-

1002 555 1051 582 que
1065 554 1103 574 est
1118 547 1317 580 cartilagineum
1335 546 1401 572 illud
1418 545 1534 573 arteriw,
1550 550 1607 577 qua
1622 542 1655 568 ad
1670 541 1789 567 anterio-

1002 600 1057 619 rem
1085 597 1188 626 portent
1219 592 1291 621 sita.
1328 590 1471 616 anhelitum
1510 589 1590 615 ducit.
1621 587 1684 614 Ilatc
1711 593 1788 621 porro

1002 638 1166 672 spiritualent
1191 645 1328 664 ascensum
1355 637 1501 671 significat.
1526 642 1570 669 per
1587 641 1660 668 quem
1686 631 1789 658 intelle-

1004 684 1091 711 ctilem
1108 691 1194 710 aerent
1217 683 1369 710 haurientes
1385 681 1516 716 penetrale
1538 681 1633 707 anima:
1648 678 1788 713 per/lamus

1004 737 1036 756 ac
1048 729 1127 756 veluti
1145 729 1373 762 circumfer-emus.
1403 727 1474 759 Quin
1494 731 1576 752 totum
1599 725 1678 751 etiam
1699 727 1788 757 peetus

1003 779 1027 801 et
1049 774 1182 801 thoracem
1210 773 1363 801 ett-edamus.
1385 771 1455 798 Nam
1483 771 1538 796 ha-c
1552 778 1615 804 pars
1640 777 1685 795 cor
1710 767 1789 794 vitale

1003 821 1168 856 potissimum
1182 819 1356 852 circumtegit,
1375 818 1423 843 huc
1438 821 1487 848 est,
1508 823 1609 842 onmem
1625 813 1789 848 spiritualem

1003 865 1220 900 speculationem,
1241 872 1300 898 qua:
1313 863 1416 898 quidem
1432 863 1470 888 vel
1488 863 1602 887 maxime
1624 858 1789 893 spiritualent

1004 911 1089 937 cibum
1107 909 1273 943 excalefacit,
1299 913 1376 942 atque
1400 907 1435 933 ad
1454 906 1597 940 ﬂuxionem
1623 905 1687 930 mire
1706 903 1791 929 lubri-

1004 966 1062 984 cam
1085 961 1110 984 et
1135 955 1254 981 mobilem
1276 955 1413 983 immutat.
1437 953 1566 986 talemque
1592 950 1688 981 reddit,
1714 953 1740 974 ut
1763 949 1790 973 itt

1004 1003 1106 1029 divinos
1119 1001 1236 1032 canales.
1249 1008 1295 1034 per
1305 1007 1369 1034 quos
1385 998 1499 1033 Spiritus
1513 996 1632 1030 irrigatio
1645 995 1679 1020 ad
1695 993 1791 1020 animle

1004 1053 1091 1083 partes
1108 1047 1311 1076 transmittitur,
1325 1044 1399 1079 facili
1411 1044 1493 1070 ductu
1509 1042 1615 1076 inﬂuat.
1631 1039 1671 1066 Ne
1685 1038 1789 1064 intesti—

1005 1095 1045 1121 nis
1059 1094 1163 1129 quidem
1177 1092 1242 1123 ipsis
1257 1098 1408 1125 parcamus,
1423 1097 1510 1116 verum
1524 1095 1568 1113 eor
1584 1088 1667 1120 ipsum
1676 1084 1790 1119 primum

1004 1139 1124 1170 edamus,
1150 1137 1277 1164 nimirum
1296 1139 1402 1170 propter
1425 1140 1484 1160 eum
1508 1132 1553 1166 qui
1575 1129 1672 1157 salutis
1695 1133 1791 1154 nostra?

1005 1193 1087 1212 causa
1103 1183 1219 1217 seipsum
1233 1181 1337 1214 dejecit,
1354 1187 1400 1206 car
1414 1183 1544 1208 nostrum,
1559 1174 1645 1211 quoad
1659 1174 1715 1208 ejus
1734 1172 1791 1207 ﬁeri

1005 1230 1119 1265 poterit,
1149 1231 1310 1255 conterentes
1341 1229 1366 1252 et
1388 1224 1556 1259 dejicientes,
1590 1228 1620 1247 ac
1647 1219 1791 1253 principem

1006 1278 1103 1305 animis
1116 1279 1217 1308 partem
1231 1275 1428 1306 perpurgantes,
1445 1277 1490 1296 nec
1504 1277 1548 1295 eas
1563 1265 1790 1293 ratiocinationes.

1005 1330 1062 1356 quae
1080 1329 1096 1347 α
1114 1325 1185 1346 terra
1206 1320 1232 1345 in
1251 1323 1341 1352 pectus
1356 1315 1502 1342 ascendunt
1525 1313 1702 1339 admittentes.
1719 1309 1791 1340 Quo-

1006 1369 1074 1394 niam
1100 1370 1186 1392 autem
1214 1373 1259 1391 cor
1277 1363 1311 1390 ad
1337 1364 1414 1390 vitam
1441 1361 1547 1387 minime
1568 1357 1660 1391 su/ﬁcit
1674 1375 1682 1388 ,
1701 1358 1792 1387 utpote

1006 1411 1148 1440 immodico
1164 1411 1222 1446 igne
1238 1409 1400 1439 redundans,
1418 1407 1470 1433 ttisi
1487 1414 1502 1432 a
1519 1405 1642 1438 pulmone
1655 1401 1790 1436 per/ietur.

1006 1460 1051 1494 qui
1075 1444 1182 1493 quidem
1211 1463 1305 1489 corpus
1338 1453 1415 1480 molle
1440 1457 1518 1486 atque
1545 1444 1792 1494 absumptuAfacile

1006 1511 1100 1538 suap:e
1127 1507 1224 1529 natura
1247 1505 1296 1534 est,
1317 1499 1466 1534 pulmonem
1488 1503 1588 1531 quoque
1612 1491 1792 1519 comedatnus,

1007 1550 1055 1576 hoc
1074 1553 1114 1576 est
1138 1549 1255 1574 rationes
1281 1546 1399 1572 animum
1426 1547 1543 1570 nostram
1561 1541 1689 1573 integram
1716 1540 1792 1570 atque

1008 1596 1187 1627 incorruptam
1219 1595 1415 1619 conservantes.
1447 1589 1568 1616 Ventrem
1594 1586 1674 1613 etiam
1707 1583 1792 1616 ipsum

1010 1645 1088 1676 atque
1104 1639 1230 1666 intestina
1249 1637 1425 1668 accipiamus,
1441 1633 1586 1668 simplicem
1600 1632 1687 1665 ipsum
1701 1632 1792 1655 custo—

1010 1673 1121 1717 dientes,
1138 1693 1183 1712 nec
1203 1685 1321 1710 ciborum
1340 1680 1512 1708 multitudine
1531 1680 1687 1711 prementes,
1704 1683 1719 1700 a
1733 1673 1794 1707 qui-

1011 1734 1058 1759 bus
1067 1739 1147 1766 vapor
1158 1731 1317 1765 [uliginosus
1330 1729 1357 1755 in
1373 1727 1505 1754 cerebrum
1515 1724 1645 1754 ascendit,
1660 1721 1794 1755 ipsiusque

1011 1777 1189 1803 membranam
1205 1778 1271 1800 tetra
1283 1772 1395 1806 caligine
1409 1771 1508 1804 implet,
1525 1774 1602 1802 atque
1615 1767 1647 1793 ab
1661 1774 1690 1792 ea
1703 1771 1795 1790 rursus

1007 1809 1115 1855 oppleta
1135 1821 1318 1845 intercutanea
1338 1820 1449 1849 mettum
1469 1818 1587 1840 nostram
1609 1809 1794 1843 tumefaciunt,

1010 1867 1127 1901 ﬂatuque
1150 1863 1315 1893 discindunt,
1341 1869 1372 1887 ac
1397 1858 1544 1894 prtesertim
1569 1860 1674 1891 propter
1697 1860 1794 1880 ca’cum

1012 1912 1176 1941 intestinum,
1202 1910 1250 1935 hoc
1273 1911 1324 1938 est,
1341 1912 1490 1941 perversam
1516 1902 1712 1937 cogitationem,
1738 1906 1797 1933 qua:

1012 1957 1072 1982 hinc
1086 1955 1269 1989 impuritatem
1279 1956 1303 1978 et
1316 1949 1515 1978 immunditiam
1529 1946 1638 1980 excipit,
1652 1945 1797 1977 animmque

1012 2003 1135 2030 vitiosam
1151 1999 1331 2027 habitudinem
1349 1996 1437 2030 a/Tert.
1454 1994 1514 2021 Jam
1527 1994 1607 2026 hepar
1623 1997 1723 2025 quoque
1737 1996 1796 2015 cum

1012 2049 1086 2076 simis
1101 2056 1131 2074 ac
1147 2046 1229 2082 gibbis
1245 2046 1365 2075 edamus,
1381 2049 1450 2069 nunc
1463 2048 1540 2074 super
1558 2038 1613 2065 alta
1631 2042 1654 2064 et
1671 2035 1796 2062 sublimia

1012 2094 1187 2129 cupiditatem
1203 2091 1382 2120 extendentes,
1400 2095 1469 2114 nunc
1483 2086 1517 2112 ad
1532 2093 1573 2117 ea,
1591 2091 1649 2119 qua:
1663 2081 1797 2116 inferioris

1012 2126 1170 2176 cognitionis
1194 2142 1266 2168 sunt,
1292 2135 1341 2162 hoc
1367 2138 1417 2166 est,
1444 2132 1478 2159 ad
1495 2132 1596 2166 primas
1619 2135 1643 2156 et
1668 2126 1797 2155 secundas

1011 2191 1134 2213 naturas.
1153 2183 1256 2210 Lienem
1276 2183 1382 2214 insuper
1396 2179 1497 2206 modice
1511 2185 1541 2203 ac
1564 2176 1658 2202 leniter
1674 2177 1795 2200 attrecte-

1014 2239 1082 2262 mus,
1102 2231 1154 2257 vim
1173 2237 1242 2261 eam,
1257 2235 1316 2262 qua:
1339 2234 1355 2252 a
1383 2225 1486 2252 ratione
1508 2230 1601 2249 aversa
1629 2224 1678 2251 est,
1697 2226 1796 2253 expur—

174 2277 322 2303 attrahant.
347 2275 386 2302 Ne
403 2276 444 2302 ori
468 2276 573 2310 quidem
599 2283 751 2311 pareamus,
768 2275 836 2309 quod
852 2275 955 2310 quidem
975 2285 997 2313 υ
1012 2282 1112 2312 gantt's,
1128 2276 1154 2302 in
1169 2283 1220 2309 qua
1240 2273 1384 2300 sceleratus
1399 2271 1514 2300 damon,
1534 2267 1603 2294 velut
1620 2271 1676 2292 ater
1688 2264 1796 2298 quidam

174 2327 211 2349 cst
230 2322 287 2356 fons
308 2323 353 2349 ille
377 2323 435 2349 vine
459 2328 483 2348 et
511 2322 734 2356 immortalitatis,
751 2323 785 2349 ad
813 2329 889 2355 quem
913 2321 958 2355 qui

176 2368 249 2394 labra
270 2368 425 2399 admoverit,
441 2368 543 2394 divinos
561 2367 653 2395 latices
674 2368 776 2398 hauriet
792 2375 800 2394 :
816 2375 905 2394 verum
924 2365 957 2392 ad

176 2414 281 2440 laticem
298 2414 371 2440 illum
386 2423 549 2450 nequaquam
567 2415 706 2442 temerario
720 2415 816 2449 impetu
830 2412 958 2448 prosilia—

178 2467 245 2489 mus,
274 2460 318 2485 sed
342 2460 413 2486 labia
436 2462 508 2495 prius
535 2461 739 2494 distinguamus.
766 2464 794 2486 ut
826 2460 864 2486 sic
891 2456 959 2493 fonti

176 2504 348 2538 perspicuitas
381 2514 430 2532 sua
459 2511 569 2534 constet.
606 2506 682 2539 Quod
715 2514 773 2533 vero
805 2505 839 2531 ad
869 2504 960 2530 dentes

177 2550 280 2578 attinet.
297 2558 354 2576 eam
376 2551 505 2577 rationent
525 2553 655 2583 ineamus,
679 2558 706 2579 ut
723 2561 766 2579 eos
780 2552 885 2586 quidem
899 2559 961 2577 con-

177 2596 318 2628 spicentur.
344 2596 449 2622 minime
477 2601 565 2623 tamen
590 2599 797 2632 confringamus.
827 2597 970 2630 Quoniam,

179 2646 264 2666 autem
285 2639 343 2674 fieri
364 2648 414 2666 non
437 2645 532 2674 potest,
558 2645 586 2667 ut
614 2642 721 2668 Patren:
749 2643 787 2669 ita
811 2642 961 2668 dividamus

179 2690 256 2718 atque
268 2685 455 2719 intelligamus,
472 2686 691 2720 quemadmodum
705 2687 808 2714 divinus
823 2688 864 2713 hic
880 2695 961 2720 agnus

179 2730 287 2764 (idcirco
305 2731 373 2757 enim
386 2732 412 2757 in
425 2731 536 2757 obscura
549 2740 650 2766 quoque
663 2733 721 2759 sede
734 2733 824 2759 dentes
839 2733 962 2759 collocati

179 2779 260 2806 sunt.
295 2780 406 2810 utraque
438 2776 557 2803 videlicet
588 2777 658 2803 mala
687 2782 709 2803 et
739 2778 819 2804 labiis
854 2777 960 2811 obtecti)

179 2821 340 2855 operintenta
367 2821 471 2855 quidem
495 2829 574 2856 parce
597 2823 778 2857 attingamus.
812 2831 841 2849 ea
872 2829 958 2850 autem

216 2910 238 2924 “
254 2908 274 2936 ll
289 2910 352 2938 Cor.
373 2918 400 2943 tt,
422 2911 461 2938 πεί

1011 2309 1116 2354 humor,
1135 2320 1242 2351 insidet,
1258 2323 1335 2352 atque
1348 2315 1457 2343 occultis
1470 2320 1494 2341 et
1509 2313 1640 2348 pestiferis
1655 2309 1796 2337 seminibus

1011 2365 1139 2399 inspersis
1155 2365 1252 2391 animle
1266 2364 1411 2397 puritatent
1429 2360 1524 2394 inﬁcit.
1543 2358 1681 2384 Postremo
1697 2360 1798 2390 partem

1011 2413 1091 2439 etiam
1107 2411 1219 2436 rationis
1236 2413 1365 2443 expertem
1382 2408 1422 2432 ita
1440 2405 1623 2433 instituamus,
1640 2407 1668 2428 ut
1685 2401 1798 2428 rationis

1012 2456 1148 2492 prteceptis
1165 2458 1268 2489 pareat.
1288 2452 1330 2479 Ita
1349 2452 1393 2486 ﬁet
1413 2456 1440 2477 ut
1460 2459 1490 2476 ne
1503 2449 1558 2483 ipse
1575 2448 1678 2483 quidem
1696 2455 1712 2473 ιι
1726 2446 1798 2473 nobis

1015 2504 1129 2530 intactus
1157 2501 1333 2534 relinquatur.
1363 2497 1446 2531 Atque
1475 2497 1549 2528 hinc,
1582 2500 1710 2528 quantum
1739 2493 1798 2525 ﬁeri

1009 2548 1116 2583 poterit,
1132 2547 1268 2576 esitantes,
1294 2544 1409 2570 animam
1435 2545 1554 2568 nostram
1581 2539 1696 2566 alamus.
1723 2537 1797 2564 Illud

1009 2602 1069 2621 vero
1086 2593 1241 2622 cavendum,
1258 2598 1289 2617 ne
1303 2590 1330 2616 in
1347 2597 1407 2615 ossa
1420 2588 1510 2614 dentes
1525 2586 1689 2619 injicianms.
1708 2583 1799 2618 Neque

1012 2641 1078 2668 enim
1095 2647 1126 2666 ea
1143 2639 1199 2665 sine
1218 2645 1321 2663 summa
1335 2634 1489 2669 difﬁcultate
1504 2632 1599 2665 conﬁci
1615 2635 1734 2665 possunt,
1753 2638 1798 2656 nec

1011 2687 1039 2712 in
1057 2685 1211 2711 alimentum
1223 2682 1411 2708 admittuntur.
1428 2679 1502 2711 Quod
1517 2683 1603 2704 tamen
1616 2685 1667 2703 non
1682 2677 1796 2710 ipsorum

1012 2737 1126 2760 naturai,
1140 2730 1184 2756 sed
1201 2733 1297 2755 nostra:
1312 2726 1465 2760 inﬁrmitati
1482 2724 1650 2751 tribuendum
1665 2727 1713 2749 est.
1730 2722 1798 2748 Ossa

1011 2784 1089 2810 porro
1120 2775 1207 2806 Verbi,
1233 2781 1332 2799 arcana
1357 2771 1404 2798 illa
1428 2770 1576 2797 divinitatis
1600 2768 1722 2795 doctrina
1748 2772 1798 2798 est,

1012 2829 1087 2857 atque
1104 2825 1245 2855 assumpta:
1266 2817 1441 2846 humanitatis
1462 2815 1587 2848 consilia,
1602 2815 1640 2841 ita
1660 2821 1759 2840 arcana
1773 2817 1797 2839 et
