2058 3159
187 200 261 232 1385

658 196 829 226 NICETAS
851 194 892 224 IN
914 193 1026 223 ORAT.
1048 191 1129 221 XLII
1151 192 1181 221 S.
1203 191 1316 220 GllEG.

1747 191 1815 222 1386

188 259 215 285 in
236 265 347 285 numero
369 265 400 285 ca
414 263 522 292 quoque
542 256 667 291 ponenda
692 261 766 287 sunt,
781 261 841 288 quae
855 260 933 280 usunt
949 259 980 278 ac
995 256 1017 281 Α
1034 255 1137 284 patrem
1158 248 1269 281 amavit,
1283 255 1315 275 ac
1331 247 1428 292 deinde
1446 255 1492 280 per
1507 247 1642 274 actionem
1658 252 1684 274 et
1699 253 1819 274 contem-

187 305 377 332 uecessitatem
392 305 538 330 excedunt.
554 302 698 337 Supcrllua
710 302 783 329 ettim
799 297 863 327 sunt
878 306 979 334 paupe-

190 358 263 377 rutn.
280 350 348 383 Quin
361 357 407 383 per
418 349 558 383 Algyptias
570 349 650 374 etiam
660 355 724 381 opes
738 346 848 373 moralis
861 349 887 371 et
898 349 980 370 natu-

189 396 267 427 ralis,
280 399 306 421 et
324 403 359 422 ea
371 403 430 429 qua:
447 395 473 420 iit
487 393 646 420 disserendo
659 397 795 422 versatur,
809 390 980 425 philosophia

186 442 324 476 designari
351 446 448 476 potest,
476 445 556 474 alque
581 446 674 466 clunes
693 438 745 465 illa;
767 436 927 472 disciplinae,
953 436 980 461 in

185 495 302 522 quarum
318 488 438 514 studium
460 485 626 513 incumbunt
641 484 688 518 qui
714 483 749 510 ab
764 482 884 510 Ecclesia
900 481 981 508 alietti

186 538 259 559 sunt.
274 533 326 560 Eos
336 533 426 567 igitur,
436 533 481 567 qui
493 532 606 558 liberam
617 531 699 557 vitam
710 537 757 564 per
769 529 896 554 virtutem
914 534 982 553 con-

186 586 336 611 sectantur,
360 585 485 607 externas
506 587 615 613 quoque
633 577 837 610 doctrina-opes
848 575 898 602 sibi
908 581 982 601 com-

186 634 282 661 parare
290 627 365 659 jubet
373 626 535 659 Tlteologus,
545 629 625 658 atque
633 624 666 650 ab
674 622 842 657 alienigenis,
851 625 981 655 quantum

185 673 217 699 ad
230 673 310 699 linem
326 673 433 703 attinet,
446 672 530 698 muttti
541 671 782 703 nomitteaceeptas
791 667 941 703 possidere,
954 672 982 692 ttt

187 718 215 744 in
242 723 364 751 tempore
392 716 557 751 profuturas,
584 722 683 750 nempe
710 721 772 740 cuin
790 720 836 740 res
854 713 892 738 ita
919 717 982 738 nata

187 763 271 790 fuerit
283 782 291 794 ,
312 767 341 789 ut
360 758 546 797 spiritualibus
563 762 638 788 hisce
655 760 752 795 opibtts
776 758 904 787 Ecclesiae
920 765 983 784 arca

186 809 346 835 exernanda
376 809 422 836 sit.
447 808 506 835 Jant
531 815 595 835 vero
621 815 669 842 per
695 811 750 833 tres
774 805 834 832 illas
860 804 983 831 civitates

187 853 298 887 Pltiton,
330 854 494 882 Bltamesses
517 859 542 881 et
557 854 610 886 0n,
637 861 706 887 (λιιι-δ
728 851 832 878 Ilebrtei
848 849 983 876 Pharaoni

187 900 360 927 attliﬁcarunt
373 920 382 934 ,
401 900 527 927 nonnulli
544 905 599 928 tres
620 900 669 926 Itas
683 899 861 934 cogitationes
877 896 982 931 signiti-

1032 296 1177 330 platiottettt
1192 295 1300 322 Christo
1312 286 1457 329 adjunctus
1471 313 1478 326 ,
1493 294 1625 321 ntuttdum
1639 300 1748 328 propter
1759 295 1821 322 vita:

1031 341 1256 368 consuetudinem
1281 348 1342 368 cuin
1367 340 1476 367 Christo
1493 340 1585 366 initam
1602 341 1730 374 abjurare
1744 341 1821 373 velit,

1032 387 1077 414 ille
1097 387 1181 421 patris
1193 387 1265 413 idola
1285 387 1432 421 surripiat,
1447 386 1474 412 id
1493 390 1544 418 est,
1565 392 1655 420 turpes
1672 392 1698 413 et
1714 394 1822 414 crassas

1033 441 1123 460 rerum
1151 433 1277 468 species,
1305 440 1372 467 quas
1398 432 1517 460 mundus
1542 432 1645 466 objicit,
1673 433 1707 459 ab
1731 433 1822 459 anima

1031 479 1160 513 expellat,
1176 487 1208 506 ae
1224 479 1341 513 primum
1357 478 1466 513 quidem
1484 478 1590 505 virtutis
1607 478 1765 506 fet-undilali
1776 486 1822 506 eas

1032 526 1136 560 iujiciat
1167 525 1399 561 (quandoquidem
1428 529 1455 552 et
1471 524 1571 552 Rachel
1592 526 1664 552 sella:
1690 525 1734 553 cui
1754 525 1823 553 iusi-

1034 571 1123 602 tlebat,
1134 571 1204 598 idola
1215 571 1380 604 suppOsuit),
1391 575 1534 604 pestquam
1543 574 1632 596 autem
1644 578 1677 596 ex
1692 570 1823 597 diuturno

1034 617 1126 644 labore
1135 617 1161 643 itt
1173 617 1384 651 comprimendis
1394 616 1535 643 allectibus
1544 616 1685 648 exhausto,
1698 617 1730 643 ad
1738 617 1822 643 animi

1034 662 1258 697 trauquillitatetn
1273 681 1280 694 ,
1299 666 1347 688 aut
1372 662 1554 696 cognitionem
1572 662 1737 696 pervenerit,
1766 667 1822 689 tttttt

1033 709 1144 736 dentom
1181 709 1295 736 vitiosas
1321 708 1532 743 impressiones,
1564 710 1614 736 hoc
1639 714 1691 740 est,
1721 711 1824 744 cogita-

1035 756 1122 781 tiones
1138 761 1253 789 prorsus
1266 754 1364 780 evellat
1383 761 1416 780 ac
1428 754 1461 780 de
1484 753 1572 780 medio
1589 754 1675 781 tollat.
1689 754 1824 782 Laborem

1034 805 1125 828 autem
1145 801 1197 828 hoc
1211 801 1271 827 loco
1287 800 1408 827 studium
1424 799 1489 826 illud
1508 806 1590 834 atque
1604 807 1712 834 operam
1734 808 1824 833 Vocat,

1035 855 1095 882 qua:
1109 847 1136 874 itt
1149 846 1293 874 abolendis
1304 846 1394 873 carttis
1410 845 1551 872 adfectibus
1562 846 1720 880 suscipitur,
1737 854 1825 880 quatt-

1035 894 1182 929 doquitlem
1202 893 1259 926 ipsa
1277 900 1385 927 quoque
1402 892 1515 924 Rachel,
1540 891 1668 919 Sichimis
1692 894 1718 919 in
1735 893 1825 920 Bethel

183 946 454 978 eariexistimarunt,
466 947 595 973 nimirum
608 946 740 978 libidinis,
765 945 884 971 avaritiae
902 948 984 978 atque
1000 935 1022 962 Β
1037 945 1208 975 perrectum.
1226 938 1312 972 pall'iS
1326 937 1398 964 id013
1417 937 1443 963 ίιι
1458 942 1556 964 Verrall!
1574 937 1687 964 άϋῖοάὶι-
1704 937 1825 965 Sicltimu

192 991 352 1019 ambitionis
375 1001 384 1020 ι
406 999 442 1018 ex
456 993 557 1026 quibus
579 995 718 1026 peccatum
739 997 820 1017 omne
840 989 982 1016 conﬂatur.

191 1035 295 1062 Ilarunt
306 1037 444 1064 civitatum
459 1037 588 1064 memoria
599 1037 749 1063 eversionis
760 1043 814 1062 ttou
827 1035 854 1061 in
866 1035 984 1061 abscon-

191 1082 250 1109 dito
272 1087 354 1117 atque
378 1083 488 1110 occulto
503 1082 594 1109 futura
610 1087 664 1114 est,
683 1081 731 1108 sed
750 1088 812 1108 cum
830 1081 918 1108 sonitu
933 1100 940 1111 ,
957 1079 983 1105 id

193 1133 248 1160 est,
263 1129 437 1162 exaudibilis,
453 1136 485 1156 ac
510 1135 621 1163 quaquo
640 1128 759 1163 gentium
781 1126 983 1161 pervagabitur.

228 1175 287 1202 Col.
305 1176 354 1202 651
375 1176 404 1202 Β.
430 1175 460 1202 Si
475 1175 569 1202 [lac/tet
586 1176 706 1209 quwdam
725 1182 752 1200 es
764 1193 772 1205 ,
787 1177 840 1200 etc.
855 1172 955 1199 Ilachel
969 1180 984 1198 a

195 1228 272 1257 patre
299 1228 351 1247 suo
380 1220 472 1246 Laban
496 1219 652 1251 discedens,
680 1219 751 1245 idola
778 1218 864 1252 ipsius
894 1218 984 1244 Iurata

190 1273 232 1295 est
243 1268 276 1294 ⁷³.
293 1268 361 1294 Cant
377 1274 469 1293 autem
493 1267 584 1293 Laban
604 1265 737 1300 fugientes
762 1269 919 1299 persecutus
930 1283 938 1296 ,
953 1271 984 1290 ac

190 1313 268 1340 Liam
293 1317 320 1340 et
347 1311 431 1339 Iacob
457 1315 484 1338 et
507 1311 683 1346 pedissequas
712 1314 867 1340 scrutatus,
896 1309 984 1343 ipsam

190 1366 314 1392 quoque,
327 1366 387 1392 quae
405 1365 436 1384 ea
460 1358 487 1384 iu
504 1362 654 1384 stramenta
673 1356 769 1382 cameli
797 1356 941 1389 injecerat,
958 1359 986 1381 et

190 1409 273 1436 super
296 1409 328 1429 ea
344 1402 465 1429 sedebat.
483 1401 600 1428 scrutari
620 1405 748 1434 pararet,
766 1400 834 1426 dixit
860 1398 982 1426 Ilachel:

192 1447 235 1474 Ne
246 1447 351 1473 moleste
371 1446 578 1481 feras,domine,
605 1453 654 1470 non
667 1445 986 1479 possunttt‘biassurgere,

192 1494 319 1528 quoniam
335 1494 417 1528 juxta
431 1492 646 1519 consuetudinem
664 1491 803 1517 mulierum
821 1496 859 1517 est
874 1491 937 1517 mihi
949 1492 985 1518 7‘.

192 1540 348 1575 Tlteologus
378 1546 468 1567 autem
501 1539 578 1566 Liam
608 1543 638 1565 ut
668 1537 732 1565 furti
755 1530 893 1565 consciam
921 1546 984 1565 cum

1036 992 1118 1019 porro
1150 985 1324 1011 Hebr'xorum
1341 983 1431 1017 lingua
1450 986 1587 1009 humerum
1608 988 1688 1009 sonat
1705 984 1770 1018 (qua
1785 986 1825 1010 (ii-

1035 1030 1126 1056 ctione
1137 1030 1213 1056 labor
1224 1029 1267 1056 ille
1282 1028 1450 1063 designatur,
1467 1029 1513 1062 qui
1528 1028 1555 1054 Ill
1566 1028 1709 1055 domandis
1722 1030 1825 1056 atl‘ceti-
1853 1028 1858 1035 ’

1035 1076 1087 1102 hus
1102 1077 1257 1102 exantlatttr
1271 1082 1277 1100 :
1297 1075 1424 1101 humerus
1438 1074 1521 1107 cttittt,
1535 1073 1703 1101 fortitudinis
1713 1081 1739 1101 et
1751 1075 1826 1102 labo-

1036 1125 1073 1150 ris
1084 1127 1124 1150 csl
1145 1121 1321 1155 symbolum),
1336 1121 1429 1148 Bethel
1439 1121 1545 1146 domum
1559 1120 1623 1153 Dei;
1639 1122 1708 1148 Deus
1716 1122 1788 1148 enim
1799 1130 1826 1148 tu

1037 1169 1234 1203 tranquillitate
1246 1173 1273 1195 et
1290 1168 1426 1195 vacuitate
1442 1169 1476 1195 ab
1492 1168 1646 1201 allectibus,
1663 1177 1695 1196 ae
1710 1170 1825 1197 scientia

1036 1215 1151 1243 habitat.
1168 1214 1267 1242 Verum
1283 1215 1318 1241 ita
1332 1215 1467 1249 quispiaut
1484 1222 1592 1242 crassas
1609 1221 1634 1242 et
1653 1218 1826 1250 pet-turbatas

1037 1263 1117 1297 hujus
1130 1261 1540 1295 saeculicoqitationessurripit,
1556 1270 1611 1289 tton
1625 1263 1697 1289 utiis
1710 1263 1826 1295 fruatur,

1036 1308 1084 1335 sed
1103 1312 1132 1334 ut
1161 1315 1208 1334 cas
1235 1307 1330 1341 perdat
1357 1314 1389 1333 ac
1417 1307 1516 1337 deleat.
1542 1308 1774 1342 quemadmodum
1801 1315 1828 1336 et

1036 1353 1139 1380 Rachel
1154 1353 1237 1387 p-III‘Is
1251 1353 1322 1380 idola
1336 1354 1423 1379 l'urata
1437 1357 1490 1385 est,
1504 1361 1557 1379 non
1572 1359 1600 1379 ut
1612 1362 1644 1380 ea
1655 1354 1769 1386 coleret,
1780 1355 1827 1382 sed

1037 1403 1067 1425 ut
1083 1398 1110 1424 in
1127 1403 1208 1430 terra,
1223 1399 1293 1425 velut
1317 1398 1436 1424 obscena
1462 1403 1489 1424 et
1514 1398 1639 1432 pudenda
1661 1403 1743 1433 atque
1761 1399 1827 1426 oblt-

1037 1444 1118 1471 vione
1139 1444 1240 1478 digna,
1270 1444 1434 1471 occultaret.
1461 1444 1576 1478 Sapiens
1601 1446 1680 1471 etiam
1699 1445 1829 1472 lsraelitis

1037 1490 1091 1517 dici
1116 1491 1222 1524 possit,
1242 1490 1287 1525 qui
1311 1498 1421 1517 omnem
1449 1492 1641 1526 cogitationem
1663 1491 1772 1519 Christo
1801 1494 1827 1519 in

1037 1538 1222 1571 captivitatem
1235 1537 1332 1571 redigit
1344 1545 1375 1564 ac
1387 1538 1529 1572 profanam
1542 1539 1734 1569 eruditionem.
1750 1548 1802 1574 qua
1811 1540 1828 1566 -i

193 1586 314 1613 Rachele
339 1585 491 1613 collocavit.
514 1584 667 1612 Verisimile
694 1584 766 1611 enim
783 1588 825 1611 est
844 1591 903 1611 eam
920 1584 984 1611 furti
1000 1600 1021 1628 ε
1037 1583 1198 1617 pratclarum
1222 1583 1358 1617 quoddam
1377 1584 1505 1610 viaticum
1517 1604 1525 1616 ,
1541 1592 1633 1612 secum
1650 1585 1737 1617 elIert,
1753 1594 1829 1612 caun-

192 1631 296 1659 sororis
306 1635 442 1665 expertem
454 1635 534 1665 atqtte
547 1630 669 1664 ignaram
680 1637 734 1656 tton
746 1628 841 1662 fuisse,
854 1628 880 1655 id
894 1635 985 1656 tamen

194 1682 294 1705 tectum
317 1677 456 1704 habuisse.
476 1676 560 1703 Porro
587 1676 636 1703 Lia
653 1676 774 1703 Hebratis
800 1675 916 1702 laborem
941 1680 987 1702 aut

199 1724 363 1750 laborantem
378 1728 466 1756 sonat,
479 1730 511 1750 ac
521 1723 634 1757 proinde
646 1721 679 1749 ad
693 1721 828 1748 actionem
841 1722 985 1757 accipitur,

196 1769 324 1804 priorque
348 1777 409 1796 cum
425 1768 511 1796 Iacob
536 1768 712 1795 matrimonio
729 1768 863 1804 jungitur.
883 1769 986 1796 Rachel

195 1821 285 1843 autent
311 1816 381 1842 idem
397 1820 440 1843 est
466 1816 537 1850 quod
565 1823 673 1850 pascens
686 1836 693 1848 ,
714 1820 761 1842 aut
780 1824 838 1850 qua:
855 1817 984 1850 pascitur,

196 1870 228 1889 ac
257 1863 504 1896 contemplationem
527 1862 667 1896 designat;
702 1867 783 1896 atque
809 1861 880 1888 hanc
901 1861 986 1889 Iacob

196 1912 258 1941 post
278 1907 353 1934 Liam
369 1908 395 1934 in
413 1914 523 1934 uxorem
540 1908 649 1942 accipit.
672 1907 750 1934 Actio
768 1907 840 1932 enim
859 1912 985 1933 contem-

196 1954 323 1987 plationis
356 1959 398 1980 cst
436 1954 651 1981 lundamentum.
683 1953 785 1991 Rachel
814 1953 895 1987 igitur
923 1958 984 1985 cst,

197 1998 287 2024 omnis
300 1998 390 2024 anima
415 1998 651 2032 contemplationis
677 1999 812 2030 studiosa,
841 2006 901 2032 quae
928 1999 985 2031 lege

197 2042 265 2075 Dei,
296 2043 365 2069 velut
395 2050 485 2077 agna,
504 2043 643 2076 pascitur,
671 2048 698 2070 et
736 2043 887 2069 secuttdutn
920 2042 986 2076 legis

196 2089 295 2115 divinat
315 2089 501 2123 prascriptum
528 2096 591 2115 suos
614 2093 704 2116 motus
729 2089 806 2122 regit,
840 2088 985 2122 carnisque

196 2135 373 2170 cogitationes
398 2141 424 2162 et
440 2135 552 2162 allectus
580 2135 689 2162 virtutis
717 2135 897 2169 procreatiuni
927 2135 984 2169 pri-

198 2189 272 2208 mum
289 2181 410 2215 subjirit,
433 2187 515 2216 atque
545 2182 582 2208 ita
607 2186 668 2215 post
683 2181 822 2208 introitum
839 2181 872 2208 ad
891 2181 984 2215 cogni-

198 2227 297 2254 tionem
327 2227 437 2254 oniuiuo
466 2227 565 2255 abolet.
592 2227 639 2254 Lia
675 2235 737 2253 vet-0
769 2227 859 2253 anima
894 2227 985 2254 omnis

198 2273 335 2300 actionem
354 2274 534 2307 amplectens,
547 2281 608 2307 qua:
623 2273 731 2300 virtutis
744 2280 827 2300 causa
845 2273 984 2299 laboribus

197 2319 330 2352 premitur
341 2338 348 2350 ,
364 2326 446 2353 quam
461 2337 468 2351 ,
486 2318 612 2352 quisquis
628 2318 661 2345 ad
686 2318 784 2345 divina:
807 2318 983 2352 philosophia:

197 2363 316 2391 studium
339 2365 461 2391 animum
483 2364 594 2399 adjicit,
610 2364 724 2398 pritnam
748 2364 804 2391 fere
821 2364 871 2391 sibi
887 2369 985 2391 contu-

198 2408 334 2436 bernalem
347 2410 466 2437 asciscit.
477 2409 511 2436 At
532 2417 578 2444 per
591 2410 738 2444 sapientem
747 2409 895 2437 lsraelitam
907 2410 986 2435 nobis

197 2461 275 2481 mens
295 2455 516 2489 contemplationi
534 2456 624 2483 dedita
647 2455 783 2483 ittdicatur
796 2475 803 2488 ,
818 2463 877 2490 qua!
892 2455 984 2482 saeculi

199 2500 280 2534 hujus
304 2500 481 2535 cogitationes
495 2506 575 2536 atque
588 2502 759 2529 inventiones
775 2502 808 2528 ad
822 2501 985 2536 cognitionis

198 2550 298 2572 terram
317 2547 478 2578 transvehit,
494 2554 548 2573 non
564 2554 644 2574 secus
658 2551 741 2581 atque
761 2545 890 2574 Israelita:
904 2554 984 2573 aurea

197 2597 224 2618 et
234 2597 360 2625 argentea
368 2591 557 2626 {Egyptiorum
571 2600 631 2619 vasa
644 2592 856 2626 Hierosolymam
869 2597 986 2618 transtu-

198 2638 299 2666 lerunt.
315 2637 464 2664 Jerusalem
482 2645 564 2670 vero,
580 2639 603 2665 si
618 2639 678 2673 quis
695 2639 896 2673 interpretetur,
912 2639 985 2673 pacis

198 2684 322 2711 uisionem
335 2703 343 2715 ,
358 2688 405 2711 aut
425 2684 518 2718 gratia
532 2684 656 2718 spiritum
668 2684 812 2719 signiﬁcat.
827 2685 919 2712 Laban
934 2685 985 2711 ita-

198 2737 251 2764 que
266 2731 384 2758 mundus
399 2730 444 2757 hic
458 2731 600 2757 commode
616 2731 671 2757 dici
686 2735 787 2765 queat,
802 2731 874 2759 idola
895 2736 985 2758 autem

198 2777 257 2811 ejus
280 2776 359 2804 findat
384 2781 412 2803 et
434 2777 596 2810 perturbata:
615 2777 796 2812 cogitationes
807 2785 839 2804 ac
873 2781 987 2804 terrena:

198 2831 290 2850 rerum
311 2823 453 2857 imagines.
483 2822 572 2856 Quare
597 2823 619 2851 si
636 2823 698 2858 quis
714 2824 785 2852 hunc
801 2825 931 2851 mundum
959 2830 984 2851 ut

233 2904 257 2920 ⁷³
271 2903 338 2931 Gen.
357 2910 432 2935 xxxi,
452 2903 494 2930 19,
533 2903 556 2918 ⁷⁸
574 2901 641 2930 Ibid.
660 2903 703 2930 55.

320 2953 455 2982 Parum.
473 2953 530 2982 tiu.
548 2952 697 2982 CXXV”.

1039 1637 1093 1664 que
1120 1629 1153 1655 ad
1180 1629 1388 1656 aediﬁcationem
1423 1630 1552 1657 Ecclesiae
1575 1631 1621 1657 Dei
1658 1632 1827 1662 transvehit.

1039 1677 1243 1711 maximumque
1269 1676 1378 1704 diabolo
1394 1677 1515 1704 dolorem
1526 1685 1560 1704 ex
1584 1685 1617 1704 eo
1636 1678 1730 1711 inurit,
1755 1680 1827 1713 qttod

1037 1727 1164 1750 externas
1183 1723 1341 1757 disciplinas
1354 1739 1363 1755 ς
1386 1723 1487 1757 quibus
1507 1723 1684 1758 alienigeme,
1703 1725 1754 1751 huc
1774 1731 1826 1758 est,

1037 1776 1052 1795 ο
1068 1773 1140 1796 recta
1155 1768 1207 1795 ﬁde
1219 1769 1308 1795 aversi
1323 1769 1458 1800 homines,
1471 1769 1585 1796 utiriﬁce
1597 1770 1757 1802 gloriantur,
1771 1771 1829 1804 ipse

1039 1815 1093 1841 Deo
1122 1815 1310 1846 consecrarit,
1339 1814 1543 1848 Ecclesiamque
1570 1815 1716 1847 decorarit,
1746 1823 1828 1851 atque

1038 1860 1127 1893 ipsum
1144 1860 1254 1886 malitite
1270 1860 1402 1886 artiﬁcent
1425 1864 1484 1886 arte
1499 1860 1632 1887 deluserit
1643 1881 1651 1892 ,
1668 1862 1767 1896 quippe
1781 1863 1827 1897 qui

1039 1905 1066 1930 in
1079 1904 1220 1939 gentilium
1236 1906 1336 1931 studiis
1349 1911 1375 1931 et
1388 1905 1540 1939 disciplinis
1555 1913 1654 1941 magno
1666 1915 1726 1933 cum
1738 1908 1830 1935 labore

1038 1956 1173 1982 Versatus,
1192 1959 1251 1977 euut
1271 1950 1373 1977 idcirco
1399 1951 1534 1985 intpurunt
1551 1953 1626 1979 IIIUlll
1651 1953 1776 1987 spiritum
1801 1955 1827 1981 itt

1037 2004 1096 2023 eam
1114 1997 1271 2031 opinionem
1289 1997 1458 2031 adduxisset,
1484 2004 1514 2025 ut
1528 2006 1575 2033 per
1590 2006 1637 2026 eas
1655 2001 1742 2034 ipsunt
1758 2001 1830 2034 jmis

1037 2042 1080 2068 sui
1104 2042 1286 2076 mancipiique
1312 2042 1413 2069 factum
1427 2049 1488 2069 esse
1510 2043 1694 2076 existimaret,
1714 2052 1768 2071 non
1787 2050 1828 2071 ta-

1038 2094 1098 2113 men
1123 2087 1157 2114 ah
1181 2087 1214 2113 iis
1237 2087 1392 2114 detrimenti
1413 2087 1562 2122 quidquam
1584 2089 1740 2123 acceperit,
1759 2098 1825 2124 quin

1037 2133 1128 2166 potius
1153 2132 1311 2168 bujusmodi
1345 2133 1521 2166 eruditione,
1554 2138 1683 2169 tanquam
1713 2137 1827 2164 materia

1036 2179 1163 2213 quadam,
1178 2179 1211 2206 ad
1228 2179 1346 2213 optimas
1361 2186 1405 2206 res
1419 2186 1484 2206 usus
1497 2179 1543 2211 sit,
1559 2181 1724 2215 tyrannique
1735 2181 1828 2209 stultis

1037 2227 1101 2253 tiam
1118 2232 1198 2261 atque
1215 2227 1310 2254 inanes
1327 2233 1391 2261 spes
1407 2226 1566 2261 prodiderit,
1579 2227 1625 2261 qui
1641 2227 1767 2255 homines
1783 2237 1830 2255 ar-

1003 2271 1023 2297 D
1040 2273 1111 2300 tibus
1135 2273 1220 2307 ipsius
1241 2281 1273 2299 ac
1299 2273 1404 2300 tecltnis
1429 2272 1585 2307 superiores
1602 2277 1630 2300 et
1653 2274 1830 2302 sublitniores

1039 2319 1170 2345 servitute
1191 2326 1374 2353 oppressurus
1390 2318 1441 2345 sibi
1461 2318 1614 2345 videbatur.
1632 2317 1752 2346 Possunt
1772 2320 1830 2346 lure

1038 2365 1122 2392 etiam
1132 2364 1166 2391 de
1179 2364 1282 2391 divitiis
1294 2365 1320 2391 itt
1334 2372 1445 2391 sensum
1459 2365 1619 2392 cadentibus
1634 2365 1744 2398 exponi.
1759 2364 1826 2392 Nam

1040 2410 1088 2445 qui
1104 2418 1136 2436 ex
1151 2408 1279 2444 Egypto.
1300 2410 1323 2436 id
1340 2414 1392 2441 est,
1408 2418 1440 2436 ex
1460 2410 1510 2436 hoc
1525 2410 1626 2437 mundo
1641 2410 1750 2437 divitias
1763 2417 1827 2437 suas

1039 2465 1086 2490 per
1104 2463 1201 2483 manus
1217 2463 1364 2490 pauperum
1388 2456 1422 2482 ad
1440 2460 1540 2482 terram
1556 2455 1757 2490 promissionis.
1777 2456 1829 2483 ltoc

1038 2508 1078 2530 est
1107 2503 1135 2529 in
1149 2504 1248 2529 malum
1260 2522 1268 2533 ,
1298 2502 1498 2532 transvexerit,
1517 2502 1539 2529 is
1566 2502 1659 2536 procul
1678 2502 1761 2529 dubio
1779 2511 1825 2529 sa-

1040 2550 1117 2584 piens
1127 2549 1252 2577 Israelita
1265 2554 1306 2576 est
1321 2558 1327 2576 :
1343 2556 1375 2575 ac
1386 2549 1512 2576 diabolus
1523 2550 1708 2581 excruciatur,
1722 2549 1829 2579 videns,

1041 2595 1086 2622 ubi
1101 2595 1247 2622 thesaurus
1259 2593 1385 2622 conditus
1400 2599 1453 2626 est,
1467 2594 1522 2621 illic
1538 2602 1648 2629 quoque
1664 2599 1691 2621 et
1707 2602 1754 2621 cor
1769 2595 1828 2628 ejus

1039 2649 1108 2672 esse.
1122 2641 1169 2675 qui
1187 2640 1318 2668 condidit.

1071 2687 1131 2715 Col.
1156 2687 1205 2714 651
1235 2687 1266 2714 ι).
1296 2687 1354 2714 Hoc
1377 2687 1400 2714 si
1421 2687 1524 2722 feceris,
1540 2693 1617 2721 utqtzc
1646 2687 1684 2712 ita
1699 2694 1730 2713 ex
1745 2686 1827 2720 Αἰθυί

1035 2738 1090 2768 pta,
1119 2739 1173 2760 etc.
1201 2732 1319 2760 Historia
1343 2733 1377 2760 de
1404 2734 1498 2764 lluvm,
1516 2737 1541 2760 et
1568 2732 1636 2764 sole,
1655 2740 1686 2758 ac
1713 2732 1827 2762 lutm,et

1037 2780 1134 2812 muris,
1144 2779 1170 2806 iit
1183 2779 1252 2806 libro
1267 2777 1345 2806 Iosue
1358 2779 1513 2806 continetur
1528 2786 1535 2806 :
1550 2779 1662 2812 reliqua:
1680 2778 1706 2804 in
1722 2777 1827 2804 Exodo.

1039 2825 1178 2860 Scriptum
1208 2831 1248 2853 est
1275 2827 1347 2853 enim
1363 2825 1445 2860 quod,
1477 2833 1539 2853 cum
1560 2824 1644 2851 Judaei
1661 2831 1693 2851 ex
1710 2823 1828 2858 {Egypto

1606 2950 1643 2983 4a
