  <div class='ocr_page' id='page_1' title='image "/cluster/home/n/w/nwhite01/storage/ocr_20150623/127/njp.32101077773040/821.png"; bbox 0 0 2058 3159; ppageno 0'>
   <div class='ocr_carea' id='block_1_1' title="bbox 237 191 304 224">
    <p class='ocr_par' dir='ltr' id='par_1_1' title="bbox 237 191 304 224">
     <span class='ocr_line' id='line_1_1' title="bbox 237 191 304 224; baseline 0 0"><span class='ocrx_word' id='word_1_1' title='bbox 237 191 304 224; x_wconf 83' lang='grc'><strong>1387</strong></span> 
     </span>
    </p>
   </div>
   <div class='ocr_carea' id='block_1_2' title="bbox 955 187 1144 218">
    <p class='ocr_par' dir='ltr' id='par_1_2' title="bbox 955 187 1144 218">
     <span class='ocr_line' id='line_1_2' title="bbox 955 187 1144 218; baseline 0.005 -2"><span class='ocrx_word' id='word_1_2' title='bbox 955 187 1144 218; x_wconf 73' lang='lat' dir='ltr'><strong>ADDENDA.</strong></span> 
     </span>
    </p>
   </div>
   <div class='ocr_carea' id='block_1_3' title="bbox 1795 189 1866 221">
    <p class='ocr_par' dir='ltr' id='par_1_3' title="bbox 1795 189 1866 221">
     <span class='ocr_line' id='line_1_3' title="bbox 1795 189 1866 221; baseline 0.014 -1"><span class='ocrx_word' id='word_1_3' title='bbox 1795 189 1866 221; x_wconf 79' lang='grc'><strong>1388</strong></span> 
     </span>
    </p>
   </div>
   <div class='ocr_carea' id='block_1_4' title="bbox 236 243 1864 286">
    <p class='ocr_par' dir='ltr' id='par_1_4' title="bbox 236 243 1864 286">
     <span class='ocr_line' id='line_1_4' title="bbox 236 243 1864 286; baseline 0.001 -14"><span class='ocrx_word' id='word_1_4' title='bbox 236 250 340 286; x_wconf 57' lang='lat' dir='ltr'><strong>egressi</strong></span> <span class='ocrx_word' id='word_1_5' title='bbox 370 249 496 280; x_wconf 77' lang='lat' dir='ltr'><strong>fuissent,</strong></span> <span class='ocrx_word' id='word_1_6' title='bbox 516 247 586 274; x_wconf 85' lang='lat' dir='ltr'><strong>Deus</strong></span> <span class='ocrx_word' id='word_1_7' title='bbox 615 252 661 273; x_wconf 85' lang='lat' dir='ltr'><strong>eos</strong></span> <span class='ocrx_word' id='word_1_8' title='bbox 690 245 877 280; x_wconf 69' lang='lat' dir='ltr'><strong>prtecedchat,</strong></span> <span class='ocrx_word' id='word_1_9' title='bbox 904 245 1022 271; x_wconf 89' lang='lat' dir='ltr'><strong>interdiu</strong></span> <span class='ocrx_word' id='word_1_10' title='bbox 1039 249 1061 276; x_wconf 77' lang='grc' dir='ltr'>Α</span> <span class='ocrx_word' id='word_1_11' title='bbox 1076 245 1158 279; x_wconf 82' lang='lat' dir='ltr'><strong>hujus</strong></span> <span class='ocrx_word' id='word_1_12' title='bbox 1175 244 1236 271; x_wconf 66' lang='lat' dir='ltr'><strong>vitae</strong></span> <span class='ocrx_word' id='word_1_13' title='bbox 1250 245 1350 278; x_wconf 86' lang='lat' dir='ltr'><strong>spatio,</strong></span> <span class='ocrx_word' id='word_1_14' title='bbox 1363 251 1425 270; x_wconf 82' lang='lat' dir='ltr'><strong>cum</strong></span> <span class='ocrx_word' id='word_1_15' title='bbox 1447 243 1473 270; x_wconf 91' lang='lat' dir='ltr'><strong>in</strong></span> <span class='ocrx_word' id='word_1_16' title='bbox 1489 244 1580 279; x_wconf 85' lang='lat' dir='ltr'><strong>scipso</strong></span> <span class='ocrx_word' id='word_1_17' title='bbox 1598 252 1771 280; x_wconf 79' lang='lat' dir='ltr'><strong>nequaquam</strong></span> <span class='ocrx_word' id='word_1_18' title='bbox 1786 254 1864 274; x_wconf 78' lang='lat' dir='ltr'><strong>occi-</strong></span> 
     </span>
    </p>
   </div>
   <div class='ocr_carea' id='block_1_5' title="bbox 238 291 1025 332">
    <p class='ocr_par' dir='ltr' id='par_1_5' title="bbox 238 291 1025 332">
     <span class='ocr_line' id='line_1_5' title="bbox 238 291 1025 332; baseline -0.008 -8"><span class='ocrx_word' id='word_1_19' title='bbox 238 297 348 332; x_wconf 82' lang='lat' dir='ltr'><strong>quidem</strong></span> <span class='ocrx_word' id='word_1_20' title='bbox 359 296 386 323; x_wconf 89' lang='lat' dir='ltr'><strong>in</strong></span> <span class='ocrx_word' id='word_1_21' title='bbox 401 295 528 322; x_wconf 92' lang='lat' dir='ltr'><strong>colttmna</strong></span> <span class='ocrx_word' id='word_1_22' title='bbox 540 291 621 319; x_wconf 87' lang='lat' dir='ltr'><strong>nobis</strong></span> <span class='ocrx_word' id='word_1_23' title='bbox 631 292 700 318; x_wconf 87' lang='lat' dir='ltr'><strong>viam</strong></span> <span class='ocrx_word' id='word_1_24' title='bbox 719 291 785 325; x_wconf 83' lang='lat' dir='ltr'><strong>ipsis</strong></span> <span class='ocrx_word' id='word_1_25' title='bbox 795 295 1025 323; x_wconf 86' lang='lat' dir='ltr'><strong>commonstrans,</strong></span> 
     </span>
    </p>
   </div>
   <div class='ocr_carea' id='block_1_6' title="bbox 243 335 1026 370">
    <p class='ocr_par' dir='ltr' id='par_1_6' title="bbox 243 335 1026 370">
     <span class='ocr_line' id='line_1_6' title="bbox 243 335 1026 370; baseline -0.01 -1"><span class='ocrx_word' id='word_1_26' title='bbox 243 346 326 369; x_wconf 90' lang='lat' dir='ltr'><strong>noctu</strong></span> <span class='ocrx_word' id='word_1_27' title='bbox 344 344 433 367; x_wconf 90' lang='lat' dir='ltr'><strong>autent</strong></span> <span class='ocrx_word' id='word_1_28' title='bbox 449 338 476 364; x_wconf 89' lang='lat' dir='ltr'><strong>itt</strong></span> <span class='ocrx_word' id='word_1_29' title='bbox 490 337 615 364; x_wconf 91' lang='lat' dir='ltr'><strong>columna</strong></span> <span class='ocrx_word' id='word_1_30' title='bbox 625 336 696 370; x_wconf 77' lang='lat' dir='ltr'><strong>ignis</strong></span> <span class='ocrx_word' id='word_1_31' title='bbox 707 344 713 362; x_wconf 85' lang='lat'><strong>:</strong></span> <span class='ocrx_word' id='word_1_32' title='bbox 725 342 776 362; x_wconf 87' lang='lat' dir='ltr'><strong>nec</strong></span> <span class='ocrx_word' id='word_1_33' title='bbox 784 335 887 362; x_wconf 89' lang='lat' dir='ltr'><strong>destitit</strong></span> <span class='ocrx_word' id='word_1_34' title='bbox 898 335 1026 362; x_wconf 80' lang='lat' dir='ltr'><strong>columna</strong></span> 
     </span>
    </p>
   </div>
   <div class='ocr_carea' id='block_1_7' title="bbox 238 381 1028 416">
    <p class='ocr_par' dir='ltr' id='par_1_7' title="bbox 238 381 1028 416">
     <span class='ocr_line' id='line_1_7' title="bbox 238 381 1028 416; baseline -0.009 -2"><span class='ocrx_word' id='word_1_35' title='bbox 238 386 319 414; x_wconf 79' lang='lat' dir='ltr'><strong>nubis</strong></span> <span class='ocrx_word' id='word_1_36' title='bbox 327 385 353 411; x_wconf 91' lang='lat' dir='ltr'><strong>in</strong></span> <span class='ocrx_word' id='word_1_37' title='bbox 361 384 413 415; x_wconf 89' lang='lat' dir='ltr'><strong>die,</strong></span> <span class='ocrx_word' id='word_1_38' title='bbox 423 390 471 410; x_wconf 89' lang='lat' dir='ltr'><strong>nec</strong></span> <span class='ocrx_word' id='word_1_39' title='bbox 481 381 608 410; x_wconf 79' lang='lat' dir='ltr'><strong>columna</strong></span> <span class='ocrx_word' id='word_1_40' title='bbox 619 381 689 416; x_wconf 75' lang='lat' dir='ltr'><strong>ignis</strong></span> <span class='ocrx_word' id='word_1_41' title='bbox 697 381 722 407; x_wconf 92' lang='lat' dir='ltr'><strong>in</strong></span> <span class='ocrx_word' id='word_1_42' title='bbox 731 385 809 408; x_wconf 90' lang='lat' dir='ltr'><strong>nocte</strong></span> <span class='ocrx_word' id='word_1_43' title='bbox 817 381 887 416; x_wconf 86' lang='lat' dir='ltr'><strong>plebi</strong></span> <span class='ocrx_word' id='word_1_44' title='bbox 894 381 1028 407; x_wconf 70' lang='lat' dir='ltr'><strong>universae</strong></span> 
     </span>
    </p>
   </div>
   <div class='ocr_carea' id='block_1_8' title="bbox 214 426 1026 466">
    <p class='ocr_par' dir='ltr' id='par_1_8' title="bbox 214 426 1026 466">
     <span class='ocr_line' id='line_1_8' title="bbox 214 426 1026 466; baseline -0.009 -7"><span class='ocrx_word' id='word_1_45' title='bbox 214 434 221 439; x_wconf 78' lang='lat'><strong>&quot;</strong></span> <span class='ocrx_word' id='word_1_46' title='bbox 239 431 397 466; x_wconf 66' lang='lat' dir='ltr'><strong>praelucere;</strong></span> <span class='ocrx_word' id='word_1_47' title='bbox 418 429 555 456; x_wconf 89' lang='lat' dir='ltr'><strong>desertunt</strong></span> <span class='ocrx_word' id='word_1_48' title='bbox 571 431 663 454; x_wconf 82' lang='lat' dir='ltr'><strong>autem</strong></span> <span class='ocrx_word' id='word_1_49' title='bbox 680 431 739 454; x_wconf 86' lang='lat' dir='ltr'><strong>erat</strong></span> <span class='ocrx_word' id='word_1_50' title='bbox 762 426 788 453; x_wconf 88' lang='lat' dir='ltr'><strong>iu</strong></span> <span class='ocrx_word' id='word_1_51' title='bbox 804 426 939 453; x_wconf 78' lang='lat' dir='ltr'><strong>Attathom</strong></span> <span class='ocrx_word' id='word_1_52' title='bbox 954 426 1026 453; x_wconf 84' lang='lat' dir='ltr'><strong>haud</strong></span> 
     </span>
    </p>
   </div>
   <div class='ocr_carea' id='block_1_9' title="bbox 240 471 1028 512">
    <p class='ocr_par' dir='ltr' id='par_1_9' title="bbox 240 471 1028 512">
     <span class='ocr_line' id='line_1_9' title="bbox 240 471 1028 512; baseline -0.008 -8"><span class='ocrx_word' id='word_1_53' title='bbox 240 478 318 512; x_wconf 73' lang='lat' dir='ltr'><strong>longe</strong></span> <span class='ocrx_word' id='word_1_54' title='bbox 339 476 374 503; x_wconf 84' lang='lat' dir='ltr'><strong>ab</strong></span> <span class='ocrx_word' id='word_1_55' title='bbox 391 474 521 509; x_wconf 66' lang='lat' dir='ltr'><strong>Egypto,</strong></span> <span class='ocrx_word' id='word_1_56' title='bbox 539 481 586 508; x_wconf 86' lang='lat' dir='ltr'><strong>per</strong></span> <span class='ocrx_word' id='word_1_57' title='bbox 607 473 679 507; x_wconf 90' lang='lat' dir='ltr'><strong>quod</strong></span> <span class='ocrx_word' id='word_1_58' title='bbox 704 471 861 499; x_wconf 74' lang='lat' dir='ltr'><strong>Iudaeorum</strong></span> <span class='ocrx_word' id='word_1_59' title='bbox 876 472 961 506; x_wconf 72' lang='lat' dir='ltr'><strong>copia:</strong></span> <span class='ocrx_word' id='word_1_60' title='bbox 976 472 1028 499; x_wconf 97' lang='lat' dir='ltr'><strong>iter</strong></span> 
     </span>
    </p>
   </div>
   <div class='ocr_carea' id='block_1_10' title="bbox 239 517 1027 554">
    <p class='ocr_par' dir='ltr' id='par_1_10' title="bbox 239 517 1027 554">
     <span class='ocr_line' id='line_1_10' title="bbox 239 517 1027 554; baseline -0.008 -5"><span class='ocrx_word' id='word_1_61' title='bbox 239 522 372 550; x_wconf 77' lang='lat' dir='ltr'><strong>fecerunt.</strong></span> <span class='ocrx_word' id='word_1_62' title='bbox 385 521 521 547; x_wconf 86' lang='lat' dir='ltr'><strong>Anathom</strong></span> <span class='ocrx_word' id='word_1_63' title='bbox 539 523 629 554; x_wconf 81' lang='lat' dir='ltr'><strong>autem</strong></span> <span class='ocrx_word' id='word_1_64' title='bbox 654 522 747 545; x_wconf 89' lang='lat' dir='ltr'><strong>nostra</strong></span> <span class='ocrx_word' id='word_1_65' title='bbox 765 517 858 552; x_wconf 73' lang='lat' dir='ltr'><strong>lingua</strong></span> <span class='ocrx_word' id='word_1_66' title='bbox 873 525 1027 552; x_wconf 73' lang='lat' dir='ltr'><strong>responsant</strong></span> 
     </span>
    </p>
   </div>
   <div class='ocr_carea' id='block_1_11' title="bbox 208 557 1026 602">
    <p class='ocr_par' dir='ltr' id='par_1_11' title="bbox 208 557 1026 602">
     <span class='ocr_line' id='line_1_11' title="bbox 208 557 1026 602; baseline -0.006 -7"><span class='ocrx_word' id='word_1_67' title='bbox 208 572 215 581; x_wconf 88' lang='lat'><strong>&#39;</strong></span> <span class='ocrx_word' id='word_1_68' title='bbox 238 568 382 602; x_wconf 77' lang='lat' dir='ltr'><strong>signiﬁcat.</strong></span> <span class='ocrx_word' id='word_1_69' title='bbox 399 565 484 594; x_wconf 69' lang='lat' dir='ltr'><strong>’llda‘i</strong></span> <span class='ocrx_word' id='word_1_70' title='bbox 505 565 577 592; x_wconf 89' lang='lat' dir='ltr'><strong>cnitn</strong></span> <span class='ocrx_word' id='word_1_71' title='bbox 600 565 637 591; x_wconf 87' lang='lat' dir='ltr'><strong>ita</strong></span> <span class='ocrx_word' id='word_1_72' title='bbox 658 565 809 598; x_wconf 84' lang='lat' dir='ltr'><strong>propinqua</strong></span> <span class='ocrx_word' id='word_1_73' title='bbox 827 563 944 599; x_wconf 60' lang='lat' dir='ltr'><strong>{Egypto</strong></span> <span class='ocrx_word' id='word_1_74' title='bbox 976 557 1026 590; x_wconf 64' lang='lat' dir='ltr'><strong>&#39;ca-</strong></span> 
     </span>
    </p>
   </div>
   <div class='ocr_carea' id='block_1_12' title="bbox 242 610 1028 645">
    <p class='ocr_par' dir='ltr' id='par_1_12' title="bbox 242 610 1028 645">
     <span class='ocr_line' id='line_1_12' title="bbox 242 610 1028 645; baseline -0.006 -5"><span class='ocrx_word' id='word_1_75' title='bbox 242 619 299 641; x_wconf 84' lang='lat' dir='ltr'><strong>stra</strong></span> <span class='ocrx_word' id='word_1_76' title='bbox 330 613 497 642; x_wconf 85' lang='lat' dir='ltr'><strong>habuerunt,</strong></span> <span class='ocrx_word' id='word_1_77' title='bbox 515 615 544 637; x_wconf 93' lang='lat' dir='ltr'><strong>nt</strong></span> <span class='ocrx_word' id='word_1_78' title='bbox 557 610 679 645; x_wconf 90' lang='lat' dir='ltr'><strong>ipsorunt</strong></span> <span class='ocrx_word' id='word_1_79' title='bbox 699 616 808 644; x_wconf 90' lang='lat' dir='ltr'><strong>quoque</strong></span> <span class='ocrx_word' id='word_1_80' title='bbox 829 616 909 636; x_wconf 86' lang='lat' dir='ltr'><strong>voces</strong></span> <span class='ocrx_word' id='word_1_81' title='bbox 932 616 1028 644; x_wconf 86' lang='lat' dir='ltr'><strong>prope-</strong></span> 
     </span>
    </p>
   </div>
   <div class='ocr_carea' id='block_1_13' title="bbox 240 654 1026 690">
    <p class='ocr_par' dir='ltr' id='par_1_13' title="bbox 240 654 1026 690">
     <span class='ocr_line' id='line_1_13' title="bbox 240 654 1026 690; baseline -0.008 -4"><span class='ocrx_word' id='word_1_82' title='bbox 240 661 351 686; x_wconf 88' lang='lat' dir='ltr'><strong>modum</strong></span> <span class='ocrx_word' id='word_1_83' title='bbox 366 657 503 688; x_wconf 86' lang='lat' dir='ltr'><strong>exandiri,</strong></span> <span class='ocrx_word' id='word_1_84' title='bbox 518 661 600 690; x_wconf 86' lang='lat' dir='ltr'><strong>atque</strong></span> <span class='ocrx_word' id='word_1_85' title='bbox 617 663 631 682; x_wconf 90' lang='lat' dir='ltr'><strong>e</strong></span> <span class='ocrx_word' id='word_1_86' title='bbox 648 655 802 689; x_wconf 89' lang='lat' dir='ltr'><strong>propinqtto</strong></span> <span class='ocrx_word' id='word_1_87' title='bbox 825 661 954 689; x_wconf 76' lang='lat' dir='ltr'><strong>responsa</strong></span> <span class='ocrx_word' id='word_1_88' title='bbox 967 654 1026 681; x_wconf 84' lang='lat' dir='ltr'><strong>dari</strong></span> 
     </span>
    </p>
   </div>
   <div class='ocr_carea' id='block_1_14' title="bbox 240 699 1027 740">
    <p class='ocr_par' dir='ltr' id='par_1_14' title="bbox 240 699 1027 740">
     <span class='ocr_line' id='line_1_14' title="bbox 240 699 1027 740; baseline -0.006 -10"><span class='ocrx_word' id='word_1_89' title='bbox 240 708 361 740; x_wconf 81' lang='lat' dir='ltr'><strong>possent.</strong></span> <span class='ocrx_word' id='word_1_90' title='bbox 373 703 478 729; x_wconf 72' lang='lat' dir='ltr'><strong>Rursus</strong></span> <span class='ocrx_word' id='word_1_91' title='bbox 491 708 589 736; x_wconf 85' lang='lat' dir='ltr'><strong>aquam</strong></span> <span class='ocrx_word' id='word_1_92' title='bbox 599 700 692 727; x_wconf 91' lang='lat' dir='ltr'><strong>divisit</strong></span> <span class='ocrx_word' id='word_1_93' title='bbox 705 699 835 726; x_wconf 87' lang='lat' dir='ltr'><strong>Dominus</strong></span> <span class='ocrx_word' id='word_1_94' title='bbox 851 709 856 726; x_wconf 94' lang='lat'><strong>:</strong></span> <span class='ocrx_word' id='word_1_95' title='bbox 871 704 898 726; x_wconf 88' lang='lat' dir='ltr'><strong>et</strong></span> <span class='ocrx_word' id='word_1_96' title='bbox 912 700 1027 734; x_wconf 76' lang='lat' dir='ltr'><strong>ingressi</strong></span> 
     </span>
    </p>
   </div>
   <div class='ocr_carea' id='block_1_15' title="bbox 241 743 1027 781">
    <p class='ocr_par' dir='ltr' id='par_1_15' title="bbox 241 743 1027 781">
     <span class='ocr_line' id='line_1_15' title="bbox 241 743 1027 781; baseline -0.005 -5"><span class='ocrx_word' id='word_1_97' title='bbox 241 755 305 777; x_wconf 89' lang='lat' dir='ltr'><strong>suttt</strong></span> <span class='ocrx_word' id='word_1_98' title='bbox 322 748 369 775; x_wconf 88' lang='lat' dir='ltr'><strong>lilii</strong></span> <span class='ocrx_word' id='word_1_99' title='bbox 396 747 479 775; x_wconf 86' lang='lat' dir='ltr'><strong>Israel</strong></span> <span class='ocrx_word' id='word_1_100' title='bbox 495 753 544 781; x_wconf 87' lang='lat' dir='ltr'><strong>per</strong></span> <span class='ocrx_word' id='word_1_101' title='bbox 561 745 682 773; x_wconf 87' lang='lat' dir='ltr'><strong>medium</strong></span> <span class='ocrx_word' id='word_1_102' title='bbox 694 745 778 772; x_wconf 84' lang='lat' dir='ltr'><strong>maris</strong></span> <span class='ocrx_word' id='word_1_103' title='bbox 796 744 881 771; x_wconf 81' lang='lat' dir='ltr'><strong>Rubri</strong></span> <span class='ocrx_word' id='word_1_104' title='bbox 898 753 904 772; x_wconf 94' lang='lat'>:</span> <span class='ocrx_word' id='word_1_105' title='bbox 920 743 1027 772; x_wconf 82' lang='lat' dir='ltr'><strong>Pharao</strong></span> 
     </span>
    </p>
   </div>
   <div class='ocr_carea' id='block_1_16' title="bbox 241 789 1050 827">
    <p class='ocr_par' dir='ltr' id='par_1_16' title="bbox 241 789 1050 827">
     <span class='ocr_line' id='line_1_16' title="bbox 241 789 1050 827; baseline -0.005 -6"><span class='ocrx_word' id='word_1_106' title='bbox 241 800 330 822; x_wconf 86' lang='lat' dir='ltr'><strong>autem</strong></span> <span class='ocrx_word' id='word_1_107' title='bbox 346 793 464 821; x_wconf 88' lang='lat' dir='ltr'><strong>reversis</strong></span> <span class='ocrx_word' id='word_1_108' title='bbox 479 792 558 827; x_wconf 84' lang='lat' dir='ltr'><strong>aquis</strong></span> <span class='ocrx_word' id='word_1_109' title='bbox 572 799 633 818; x_wconf 92' lang='lat' dir='ltr'><strong>cum</strong></span> <span class='ocrx_word' id='word_1_110' title='bbox 649 795 704 818; x_wconf 92' lang='lat' dir='ltr'><strong>toto</strong></span> <span class='ocrx_word' id='word_1_111' title='bbox 726 798 777 817; x_wconf 90' lang='lat' dir='ltr'><strong>stto</strong></span> <span class='ocrx_word' id='word_1_112' title='bbox 800 791 923 817; x_wconf 86' lang='lat' dir='ltr'><strong>exercitu</strong></span> <span class='ocrx_word' id='word_1_113' title='bbox 943 791 1027 818; x_wconf 88' lang='lat' dir='ltr'><strong>obru-</strong></span> <span class='ocrx_word' id='word_1_114' title='bbox 1046 789 1050 797; x_wconf 90' lang='lat'>&#39;</span> 
     </span>
    </p>
   </div>
   <div class='ocr_carea' id='block_1_17' title="bbox 242 836 1027 873">
    <p class='ocr_par' dir='ltr' id='par_1_17' title="bbox 242 836 1027 873">
     <span class='ocr_line' id='line_1_17' title="bbox 242 836 1027 873; baseline -0.005 -6"><span class='ocrx_word' id='word_1_115' title='bbox 242 845 286 867; x_wconf 89' lang='lat' dir='ltr'><strong>tus</strong></span> <span class='ocrx_word' id='word_1_116' title='bbox 303 845 355 867; x_wconf 84' lang='lat' dir='ltr'><strong>est.</strong></span> <span class='ocrx_word' id='word_1_117' title='bbox 373 838 503 873; x_wconf 75' lang='lat' dir='ltr'><strong>Sequitur</strong></span> <span class='ocrx_word' id='word_1_118' title='bbox 525 836 639 864; x_wconf 84' lang='lat' dir='ltr'><strong>historia</strong></span> <span class='ocrx_word' id='word_1_119' title='bbox 655 836 688 863; x_wconf 90' lang='lat' dir='ltr'><strong>de</strong></span> <span class='ocrx_word' id='word_1_120' title='bbox 703 844 820 868; x_wconf 84' lang='lat' dir='ltr'><strong>manna,</strong></span> <span class='ocrx_word' id='word_1_121' title='bbox 831 840 859 863; x_wconf 90' lang='lat' dir='ltr'><strong>et</strong></span> <span class='ocrx_word' id='word_1_122' title='bbox 875 841 950 870; x_wconf 82' lang='lat' dir='ltr'><strong>petra</strong></span> <span class='ocrx_word' id='word_1_123' title='bbox 966 843 1027 870; x_wconf 87' lang='lat' dir='ltr'><strong>per-</strong></span> 
     </span>
    </p>
   </div>
   <div class='ocr_carea' id='block_1_18' title="bbox 242 882 1027 918">
    <p class='ocr_par' dir='ltr' id='par_1_18' title="bbox 242 882 1027 918">
     <span class='ocr_line' id='line_1_18' title="bbox 242 882 1027 918; baseline -0.006 -5"><span class='ocrx_word' id='word_1_124' title='bbox 242 894 334 917; x_wconf 87' lang='lat' dir='ltr'><strong>cussa,</strong></span> <span class='ocrx_word' id='word_1_125' title='bbox 350 890 377 912; x_wconf 89' lang='lat' dir='ltr'><strong>et</strong></span> <span class='ocrx_word' id='word_1_126' title='bbox 397 886 431 912; x_wconf 83' lang='lat' dir='ltr'><strong>de</strong></span> <span class='ocrx_word' id='word_1_127' title='bbox 450 891 512 918; x_wconf 76' lang='lat' dir='ltr'><strong>rege</strong></span> <span class='ocrx_word' id='word_1_128' title='bbox 536 883 760 915; x_wconf 83' lang='lat' dir='ltr'><strong>Amalecitarum,</strong></span> <span class='ocrx_word' id='word_1_129' title='bbox 777 883 825 917; x_wconf 89' lang='lat' dir='ltr'><strong>qui</strong></span> <span class='ocrx_word' id='word_1_130' title='bbox 846 883 910 909; x_wconf 90' lang='lat' dir='ltr'><strong>dttm</strong></span> <span class='ocrx_word' id='word_1_131' title='bbox 927 882 1027 909; x_wconf 84' lang='lat' dir='ltr'><strong>transi-</strong></span> 
     </span>
    </p>
   </div>
   <div class='ocr_carea' id='block_1_19' title="bbox 243 923 1065 964">
    <p class='ocr_par' dir='ltr' id='par_1_19' title="bbox 243 923 1065 964">
     <span class='ocr_line' id='line_1_19' title="bbox 243 923 1065 964; baseline -0.004 -7"><span class='ocrx_word' id='word_1_132' title='bbox 243 936 297 957; x_wconf 89' lang='lat' dir='ltr'><strong>tum</strong></span> <span class='ocrx_word' id='word_1_133' title='bbox 326 930 446 957; x_wconf 64' lang='lat' dir='ltr'><strong>Hebraeis</strong></span> <span class='ocrx_word' id='word_1_134' title='bbox 465 928 630 964; x_wconf 68' lang='lat' dir='ltr'><strong>praecludere</strong></span> <span class='ocrx_word' id='word_1_135' title='bbox 657 928 763 960; x_wconf 84' lang='lat' dir='ltr'><strong>nititur,</strong></span> <span class='ocrx_word' id='word_1_136' title='bbox 781 928 857 955; x_wconf 83' lang='lat' dir='ltr'><strong>fusus</strong></span> <span class='ocrx_word' id='word_1_137' title='bbox 880 935 912 955; x_wconf 89' lang='lat' dir='ltr'><strong>ac</strong></span> <span class='ocrx_word' id='word_1_138' title='bbox 937 928 1028 963; x_wconf 80' lang='lat' dir='ltr'><strong>proﬂi-</strong></span> <span class='ocrx_word' id='word_1_139' title='bbox 1043 923 1065 952; x_wconf 81' lang='grc' dir='ltr'><strong><em>Β</em></strong></span> 
     </span>
    </p>
   </div>
   <div class='ocr_carea' id='block_1_20' title="bbox 244 974 1029 1010">
    <p class='ocr_par' dir='ltr' id='par_1_20' title="bbox 244 974 1029 1010">
     <span class='ocr_line' id='line_1_20' title="bbox 244 974 1029 1010; baseline -0.003 -7"><span class='ocrx_word' id='word_1_140' title='bbox 244 982 324 1010; x_wconf 61' lang='lat' dir='ltr'><strong>satus</strong></span> <span class='ocrx_word' id='word_1_141' title='bbox 344 981 395 1007; x_wconf 85' lang='lat' dir='ltr'><strong>est,</strong></span> <span class='ocrx_word' id='word_1_142' title='bbox 413 975 496 1003; x_wconf 87' lang='lat' dir='ltr'><strong>Josue</strong></span> <span class='ocrx_word' id='word_1_143' title='bbox 511 975 621 1010; x_wconf 84' lang='lat' dir='ltr'><strong>quidem</strong></span> <span class='ocrx_word' id='word_1_144' title='bbox 639 976 788 1002; x_wconf 77' lang='lat' dir='ltr'><strong>exercitum</strong></span> <span class='ocrx_word' id='word_1_145' title='bbox 805 975 930 1006; x_wconf 81' lang='lat' dir='ltr'><strong>ducente,</strong></span> <span class='ocrx_word' id='word_1_146' title='bbox 953 974 1029 1001; x_wconf 86' lang='lat' dir='ltr'><strong>Mose</strong></span> 
     </span>
    </p>
   </div>
   <div class='ocr_carea' id='block_1_21' title="bbox 246 1020 1030 1057">
    <p class='ocr_par' dir='ltr' id='par_1_21' title="bbox 246 1020 1030 1057">
     <span class='ocr_line' id='line_1_21' title="bbox 246 1020 1030 1057; baseline -0.004 -7"><span class='ocrx_word' id='word_1_147' title='bbox 246 1029 336 1050; x_wconf 89' lang='lat' dir='ltr'><strong>autetn</strong></span> <span class='ocrx_word' id='word_1_148' title='bbox 363 1030 458 1057; x_wconf 83' lang='lat' dir='ltr'><strong>preces</strong></span> <span class='ocrx_word' id='word_1_149' title='bbox 485 1023 616 1049; x_wconf 76' lang='lat' dir='ltr'><strong>fundente</strong></span> <span class='ocrx_word' id='word_1_150' title='bbox 633 1029 665 1048; x_wconf 91' lang='lat' dir='ltr'><strong>ac</strong></span> <span class='ocrx_word' id='word_1_151' title='bbox 682 1029 731 1056; x_wconf 87' lang='lat' dir='ltr'><strong>per</strong></span> <span class='ocrx_word' id='word_1_152' title='bbox 750 1028 880 1049; x_wconf 87' lang='lat' dir='ltr'><strong>manuttm</strong></span> <span class='ocrx_word' id='word_1_153' title='bbox 893 1020 1030 1048; x_wconf 77' lang='lat' dir='ltr'><strong>extensio-</strong></span> 
     </span>
    </p>
   </div>
   <div class='ocr_carea' id='block_1_22' title="bbox 245 1067 1030 1103">
    <p class='ocr_par' dir='ltr' id='par_1_22' title="bbox 245 1067 1030 1103">
     <span class='ocr_line' id='line_1_22' title="bbox 245 1067 1030 1103; baseline -0.003 -7"><span class='ocrx_word' id='word_1_154' title='bbox 245 1077 318 1098; x_wconf 87' lang='lat' dir='ltr'><strong>ttctn.</strong></span> <span class='ocrx_word' id='word_1_155' title='bbox 333 1077 402 1103; x_wconf 88' lang='lat' dir='ltr'><strong>quas</strong></span> <span class='ocrx_word' id='word_1_156' title='bbox 412 1067 502 1095; x_wconf 86' lang='lat' dir='ltr'><strong>Hurct</strong></span> <span class='ocrx_word' id='word_1_157' title='bbox 515 1069 606 1095; x_wconf 80' lang='lat' dir='ltr'><strong>Aaron</strong></span> <span class='ocrx_word' id='word_1_158' title='bbox 621 1068 748 1102; x_wconf 90' lang='lat' dir='ltr'><strong>utrittque</strong></span> <span class='ocrx_word' id='word_1_159' title='bbox 761 1067 1030 1100; x_wconf 73' lang='lat' dir='ltr'><strong>suﬂulciebant,cru~</strong></span> 
     </span>
    </p>
   </div>
   <div class='ocr_carea' id='block_1_23' title="bbox 245 1112 1029 1149">
    <p class='ocr_par' dir='ltr' id='par_1_23' title="bbox 245 1112 1029 1149">
     <span class='ocr_line' id='line_1_23' title="bbox 245 1112 1029 1149; baseline -0.003 -8"><span class='ocrx_word' id='word_1_160' title='bbox 245 1122 303 1141; x_wconf 85' lang='lat' dir='ltr'><strong>tcnt</strong></span> <span class='ocrx_word' id='word_1_161' title='bbox 317 1116 458 1149; x_wconf 58' lang='lat' dir='ltr'><strong>ligurantc.</strong></span> <span class='ocrx_word' id='word_1_162' title='bbox 471 1115 506 1141; x_wconf 87' lang='lat' dir='ltr'><strong>De</strong></span> <span class='ocrx_word' id='word_1_163' title='bbox 519 1114 599 1140; x_wconf 88' lang='lat' dir='ltr'><strong>[luvio</strong></span> <span class='ocrx_word' id='word_1_164' title='bbox 608 1113 724 1141; x_wconf 84' lang='lat' dir='ltr'><strong>Jordane</strong></span> <span class='ocrx_word' id='word_1_165' title='bbox 739 1114 821 1141; x_wconf 81' lang='lat' dir='ltr'><strong>habes</strong></span> <span class='ocrx_word' id='word_1_166' title='bbox 829 1113 910 1140; x_wconf 81' lang='lat' dir='ltr'><strong>Josue</strong></span> <span class='ocrx_word' id='word_1_167' title='bbox 924 1112 1029 1148; x_wconf 72' lang='lat' dir='ltr'><strong>ttt;(22)</strong></span> 
     </span>
    </p>
   </div>
   <div class='ocr_carea' id='block_1_24' title="bbox 244 1159 1030 1194">
    <p class='ocr_par' dir='ltr' id='par_1_24' title="bbox 244 1159 1030 1194">
     <span class='ocr_line' id='line_1_24' title="bbox 244 1159 1030 1194; baseline -0.005 -5"><span class='ocrx_word' id='word_1_168' title='bbox 244 1163 278 1189; x_wconf 87' lang='lat' dir='ltr'><strong>de</strong></span> <span class='ocrx_word' id='word_1_169' title='bbox 308 1162 394 1189; x_wconf 86' lang='lat' dir='ltr'><strong>muris</strong></span> <span class='ocrx_word' id='word_1_170' title='bbox 423 1161 499 1188; x_wconf 87' lang='lat' dir='ltr'><strong>urbis</strong></span> <span class='ocrx_word' id='word_1_171' title='bbox 526 1159 644 1191; x_wconf 81' lang='lat' dir='ltr'><strong>Jericlto,</strong></span> <span class='ocrx_word' id='word_1_172' title='bbox 661 1168 722 1194; x_wconf 77' lang='lat' dir='ltr'><strong>cap.</strong></span> <span class='ocrx_word' id='word_1_173' title='bbox 734 1167 778 1191; x_wconf 84' lang='lat' dir='ltr'><strong>vt;</strong></span> <span class='ocrx_word' id='word_1_174' title='bbox 799 1160 832 1186; x_wconf 84' lang='lat' dir='ltr'><strong>de</strong></span> <span class='ocrx_word' id='word_1_175' title='bbox 859 1167 939 1186; x_wconf 86' lang='lat' dir='ltr'><strong>cursu</strong></span> <span class='ocrx_word' id='word_1_176' title='bbox 964 1159 1030 1186; x_wconf 85' lang='lat' dir='ltr'><strong>solis</strong></span> 
     </span>
    </p>
   </div>
   <div class='ocr_carea' id='block_1_25' title="bbox 242 1196 1029 1240">
    <p class='ocr_par' dir='ltr' id='par_1_25' title="bbox 242 1196 1029 1240">
     <span class='ocr_line' id='line_1_25' title="bbox 242 1196 1029 1240; baseline -0.003 -6"><span class='ocrx_word' id='word_1_177' title='bbox 242 1214 275 1234; x_wconf 83' lang='lat' dir='ltr'><strong>ac</strong></span> <span class='ocrx_word' id='word_1_178' title='bbox 298 1208 370 1234; x_wconf 71' lang='lat' dir='ltr'><strong>lunae</strong></span> <span class='ocrx_word' id='word_1_179' title='bbox 396 1207 524 1239; x_wconf 89' lang='lat' dir='ltr'><strong>inltibito,</strong></span> <span class='ocrx_word' id='word_1_180' title='bbox 542 1196 603 1240; x_wconf 69' lang='lat' dir='ltr'><strong>cap.</strong></span> <span class='ocrx_word' id='word_1_181' title='bbox 626 1213 653 1232; x_wconf 74' lang='grc' dir='ltr'><strong>ι.</strong></span> <span class='ocrx_word' id='word_1_182' title='bbox 683 1205 742 1232; x_wconf 75' lang='lat' dir='ltr'><strong>Jam</strong></span> <span class='ocrx_word' id='word_1_183' title='bbox 760 1205 981 1232; x_wconf 78' lang='lat' dir='ltr'><strong>decrabmnibus</strong></span> <span class='ocrx_word' id='word_1_184' title='bbox 993 1205 1029 1232; x_wconf 82' lang='lat' dir='ltr'><strong>ita</strong></span> 
     </span>
    </p>
   </div>
   <div class='ocr_carea' id='block_1_26' title="bbox 243 1250 1029 1286">
    <p class='ocr_par' dir='ltr' id='par_1_26' title="bbox 243 1250 1029 1286">
     <span class='ocr_line' id='line_1_26' title="bbox 243 1250 1029 1286; baseline -0.005 -7"><span class='ocrx_word' id='word_1_185' title='bbox 243 1253 374 1286; x_wconf 82' lang='lat' dir='ltr'><strong>scriptum</strong></span> <span class='ocrx_word' id='word_1_186' title='bbox 394 1253 506 1279; x_wconf 87' lang='lat' dir='ltr'><strong>habetur</strong></span> <span class='ocrx_word' id='word_1_187' title='bbox 520 1252 604 1278; x_wconf 85' lang='lat' dir='ltr'><strong>Exod.</strong></span> <span class='ocrx_word' id='word_1_188' title='bbox 621 1258 698 1282; x_wconf 74' lang='lat' dir='ltr'><strong>XXIII,</strong></span> <span class='ocrx_word' id='word_1_189' title='bbox 709 1250 760 1277; x_wconf 69' lang='lat'><strong>28:</strong></span> <span class='ocrx_word' id='word_1_190' title='bbox 773 1250 876 1277; x_wconf 80' lang='lat' dir='ltr'><strong>Mittunt</strong></span> <span class='ocrx_word' id='word_1_191' title='bbox 888 1251 1029 1276; x_wconf 70' lang='lat' dir='ltr'><strong>crabrone;</strong></span> 
     </span>
    </p>
   </div>
   <div class='ocr_carea' id='block_1_27' title="bbox 243 1295 1029 1330">
    <p class='ocr_par' dir='ltr' id='par_1_27' title="bbox 243 1295 1029 1330">
     <span class='ocr_line' id='line_1_27' title="bbox 243 1295 1029 1330; baseline -0.003 -6"><span class='ocrx_word' id='word_1_192' title='bbox 243 1302 302 1324; x_wconf 76' lang='lat' dir='ltr'><strong>ante</strong></span> <span class='ocrx_word' id='word_1_193' title='bbox 314 1305 348 1329; x_wconf 87' lang='lat' dir='ltr'><strong>te,</strong></span> <span class='ocrx_word' id='word_1_194' title='bbox 359 1303 410 1324; x_wconf 86' lang='lat' dir='ltr'><strong>etc.</strong></span> <span class='ocrx_word' id='word_1_195' title='bbox 421 1297 452 1323; x_wconf 85' lang='lat' dir='ltr'><strong>Et</strong></span> <span class='ocrx_word' id='word_1_196' title='bbox 463 1297 489 1324; x_wconf 87' lang='lat' dir='ltr'><strong>itt</strong></span> <span class='ocrx_word' id='word_1_197' title='bbox 500 1297 568 1324; x_wconf 85' lang='lat' dir='ltr'><strong>libro</strong></span> <span class='ocrx_word' id='word_1_198' title='bbox 579 1297 722 1330; x_wconf 80' lang='lat' dir='ltr'><strong>Sapientia:</strong></span> <span class='ocrx_word' id='word_1_199' title='bbox 733 1305 739 1322; x_wconf 90' lang='lat'>:</span> <span class='ocrx_word' id='word_1_200' title='bbox 749 1295 844 1322; x_wconf 73' lang='lat' dir='ltr'><strong>Misisti</strong></span> <span class='ocrx_word' id='word_1_201' title='bbox 854 1303 1029 1329; x_wconf 71' lang='lat' dir='ltr'><strong>prarcursaret</strong></span> 
     </span>
    </p>
   </div>
   <div class='ocr_carea' id='block_1_28' title="bbox 243 1343 1028 1377">
    <p class='ocr_par' dir='ltr' id='par_1_28' title="bbox 243 1343 1028 1377">
     <span class='ocr_line' id='line_1_28' title="bbox 243 1343 1028 1377; baseline -0.001 -6"><span class='ocrx_word' id='word_1_202' title='bbox 243 1345 374 1371; x_wconf 68' lang='lat' dir='ltr'><strong>exercitus</strong></span> <span class='ocrx_word' id='word_1_203' title='bbox 392 1346 429 1372; x_wconf 81' lang='lat' dir='ltr'><strong>tui</strong></span> <span class='ocrx_word' id='word_1_204' title='bbox 444 1345 595 1376; x_wconf 81' lang='lat' dir='ltr'><strong>crabrones,</strong></span> <span class='ocrx_word' id='word_1_205' title='bbox 614 1349 641 1370; x_wconf 85' lang='lat' dir='ltr'><strong>ut</strong></span> <span class='ocrx_word' id='word_1_206' title='bbox 667 1344 760 1377; x_wconf 78' lang='lat' dir='ltr'><strong>impios</strong></span> <span class='ocrx_word' id='word_1_207' title='bbox 787 1343 917 1377; x_wconf 74' lang='lat' dir='ltr'><strong>paulatim</strong></span> <span class='ocrx_word' id='word_1_208' title='bbox 940 1348 1028 1370; x_wconf 65' lang='lat' dir='ltr'><strong>exter-</strong></span> 
     </span>
    </p>
   </div>
   <div class='ocr_carea' id='block_1_29' title="bbox 244 1387 1029 1424">
    <p class='ocr_par' dir='ltr' id='par_1_29' title="bbox 244 1387 1029 1424">
     <span class='ocr_line' id='line_1_29' title="bbox 244 1387 1029 1424; baseline -0.001 -8"><span class='ocrx_word' id='word_1_209' title='bbox 244 1391 376 1417; x_wconf 80' lang='lat' dir='ltr'><strong>minarent</strong></span> <span class='ocrx_word' id='word_1_210' title='bbox 400 1390 433 1417; x_wconf 74' lang='grc'><strong>⁷⁵.</strong></span> <span class='ocrx_word' id='word_1_211' title='bbox 452 1391 505 1417; x_wconf 78' lang='lat' dir='ltr'><strong>Sed</strong></span> <span class='ocrx_word' id='word_1_212' title='bbox 531 1390 587 1424; x_wconf 84' lang='lat' dir='ltr'><strong>jam</strong></span> <span class='ocrx_word' id='word_1_213' title='bbox 604 1397 699 1416; x_wconf 84' lang='lat' dir='ltr'><strong>omnes</strong></span> <span class='ocrx_word' id='word_1_214' title='bbox 717 1390 765 1415; x_wconf 86' lang='lat' dir='ltr'><strong>has</strong></span> <span class='ocrx_word' id='word_1_215' title='bbox 782 1387 912 1415; x_wconf 80' lang='lat' dir='ltr'><strong>historias</strong></span> <span class='ocrx_word' id='word_1_216' title='bbox 927 1390 1029 1423; x_wconf 80' lang='lat' dir='ltr'><strong>allego-</strong></span> 
     </span>
    </p>
   </div>
   <div class='ocr_carea' id='block_1_30' title="bbox 243 1435 1029 1471">
    <p class='ocr_par' dir='ltr' id='par_1_30' title="bbox 243 1435 1029 1471">
     <span class='ocr_line' id='line_1_30' title="bbox 243 1435 1029 1471; baseline -0.003 -7"><span class='ocrx_word' id='word_1_217' title='bbox 243 1437 299 1464; x_wconf 77' lang='lat' dir='ltr'><strong>rice</strong></span> <span class='ocrx_word' id='word_1_218' title='bbox 321 1442 502 1471; x_wconf 82' lang='lat' dir='ltr'><strong>exponamus.</strong></span> <span class='ocrx_word' id='word_1_219' title='bbox 529 1435 664 1463; x_wconf 83' lang='lat' dir='ltr'><strong>Columna</strong></span> <span class='ocrx_word' id='word_1_220' title='bbox 683 1435 764 1470; x_wconf 77' lang='lat' dir='ltr'><strong>igitur</strong></span> <span class='ocrx_word' id='word_1_221' title='bbox 781 1435 875 1467; x_wconf 86' lang='lat' dir='ltr'><strong>nubis,</strong></span> <span class='ocrx_word' id='word_1_222' title='bbox 891 1439 921 1462; x_wconf 86' lang='lat' dir='ltr'><strong>ut</strong></span> <span class='ocrx_word' id='word_1_223' title='bbox 944 1435 1029 1462; x_wconf 83' lang='lat' dir='ltr'><strong>Paulo</strong></span> 
     </span>
    </p>
   </div>
   <div class='ocr_carea' id='block_1_31' title="bbox 242 1480 1029 1517">
    <p class='ocr_par' dir='ltr' id='par_1_31' title="bbox 242 1480 1029 1517">
     <span class='ocr_line' id='line_1_31' title="bbox 242 1480 1029 1517; baseline -0.005 -7"><span class='ocrx_word' id='word_1_224' title='bbox 242 1490 352 1517; x_wconf 79' lang='lat' dir='ltr'><strong>qucque</strong></span> <span class='ocrx_word' id='word_1_225' title='bbox 363 1482 495 1517; x_wconf 80' lang='lat' dir='ltr'><strong>placet&quot;,</strong></span> <span class='ocrx_word' id='word_1_226' title='bbox 509 1481 627 1516; x_wconf 86' lang='lat' dir='ltr'><strong>Spiritus</strong></span> <span class='ocrx_word' id='word_1_227' title='bbox 643 1487 756 1508; x_wconf 86' lang='lat' dir='ltr'><strong>sanctus</strong></span> <span class='ocrx_word' id='word_1_228' title='bbox 773 1485 825 1513; x_wconf 88' lang='lat' dir='ltr'><strong>est,</strong></span> <span class='ocrx_word' id='word_1_229' title='bbox 840 1480 887 1515; x_wconf 90' lang='lat' dir='ltr'><strong>qui</strong></span> <span class='ocrx_word' id='word_1_230' title='bbox 904 1480 1029 1507; x_wconf 82' lang='lat' dir='ltr'><strong>homines</strong></span> 
     </span>
    </p>
   </div>
   <div class='ocr_carea' id='block_1_32' title="bbox 243 1526 1029 1560">
    <p class='ocr_par' dir='ltr' id='par_1_32' title="bbox 243 1526 1029 1560">
     <span class='ocr_line' id='line_1_32' title="bbox 243 1526 1029 1560; baseline -0.004 -5"><span class='ocrx_word' id='word_1_231' title='bbox 243 1529 270 1555; x_wconf 89' lang='lat' dir='ltr'><strong>itt</strong></span> <span class='ocrx_word' id='word_1_232' title='bbox 288 1529 403 1556; x_wconf 83' lang='lat' dir='ltr'><strong>turbidis</strong></span> <span class='ocrx_word' id='word_1_233' title='bbox 415 1528 499 1555; x_wconf 88' lang='lat' dir='ltr'><strong>animi</strong></span> <span class='ocrx_word' id='word_1_234' title='bbox 514 1527 634 1554; x_wconf 86' lang='lat' dir='ltr'><strong>motibus</strong></span> <span class='ocrx_word' id='word_1_235' title='bbox 644 1526 858 1560; x_wconf 84' lang='lat' dir='ltr'><strong>comprimendis</strong></span> <span class='ocrx_word' id='word_1_236' title='bbox 872 1526 1029 1553; x_wconf 80' lang='lat' dir='ltr'><strong>laborantes</strong></span> 
     </span>
    </p>
   </div>
   <div class='ocr_carea' id='block_1_33' title="bbox 243 1572 1027 1608">
    <p class='ocr_par' dir='ltr' id='par_1_33' title="bbox 243 1572 1027 1608">
     <span class='ocr_line' id='line_1_33' title="bbox 243 1572 1027 1608; baseline -0.005 -7"><span class='ocrx_word' id='word_1_237' title='bbox 243 1575 380 1601; x_wconf 89' lang='lat' dir='ltr'><strong>inutnhrat</strong></span> <span class='ocrx_word' id='word_1_238' title='bbox 405 1582 436 1601; x_wconf 88' lang='lat' dir='ltr'><strong>ac</strong></span> <span class='ocrx_word' id='word_1_239' title='bbox 457 1573 610 1608; x_wconf 79' lang='lat' dir='ltr'><strong>refrigerat,</strong></span> <span class='ocrx_word' id='word_1_240' title='bbox 627 1580 660 1599; x_wconf 87' lang='lat' dir='ltr'><strong>ac</strong></span> <span class='ocrx_word' id='word_1_241' title='bbox 674 1573 742 1599; x_wconf 80' lang='lat' dir='ltr'><strong>solis</strong></span> <span class='ocrx_word' id='word_1_242' title='bbox 757 1573 784 1598; x_wconf 89' lang='lat' dir='ltr'><strong>itt</strong></span> <span class='ocrx_word' id='word_1_243' title='bbox 799 1572 897 1598; x_wconf 88' lang='lat' dir='ltr'><strong>malam</strong></span> <span class='ocrx_word' id='word_1_244' title='bbox 923 1575 1027 1606; x_wconf 86' lang='lat' dir='ltr'><strong>partem</strong></span> 
     </span>
    </p>
   </div>
   <div class='ocr_carea' id='block_1_34' title="bbox 242 1612 1029 1655">
    <p class='ocr_par' dir='ltr' id='par_1_34' title="bbox 242 1612 1029 1655">
     <span class='ocr_line' id='line_1_34' title="bbox 242 1612 1029 1655; baseline -0.004 -8"><span class='ocrx_word' id='word_1_245' title='bbox 242 1620 347 1655; x_wconf 78' lang='lat' dir='ltr'><strong>accepti</strong></span> <span class='ocrx_word' id='word_1_246' title='bbox 361 1625 457 1646; x_wconf 85' lang='lat' dir='ltr'><strong>aestum</strong></span> <span class='ocrx_word' id='word_1_247' title='bbox 478 1624 559 1653; x_wconf 88' lang='lat' dir='ltr'><strong>atque</strong></span> <span class='ocrx_word' id='word_1_248' title='bbox 578 1619 704 1644; x_wconf 87' lang='lat' dir='ltr'><strong>ardorem</strong></span> <span class='ocrx_word' id='word_1_249' title='bbox 718 1625 733 1643; x_wconf 88' lang='lat' dir='ltr'><strong>a</strong></span> <span class='ocrx_word' id='word_1_250' title='bbox 750 1612 834 1644; x_wconf 83' lang='lat' dir='ltr'><strong>nobis</strong></span> <span class='ocrx_word' id='word_1_251' title='bbox 844 1621 929 1648; x_wconf 81' lang='lat' dir='ltr'><strong>arcet,</strong></span> <span class='ocrx_word' id='word_1_252' title='bbox 944 1624 959 1643; x_wconf 88' lang='lat' dir='ltr'><strong>a</strong></span> <span class='ocrx_word' id='word_1_253' title='bbox 974 1624 1029 1651; x_wconf 91' lang='lat' dir='ltr'><strong>quo</strong></span> 
     </span>
    </p>
   </div>
   <div class='ocr_carea' id='block_1_35' title="bbox 242 1662 1030 1699">
    <p class='ocr_par' dir='ltr' id='par_1_35' title="bbox 242 1662 1030 1699">
     <span class='ocr_line' id='line_1_35' title="bbox 242 1662 1030 1699; baseline -0.004 -6"><span class='ocrx_word' id='word_1_254' title='bbox 242 1666 323 1693; x_wconf 88' lang='lat' dir='ltr'><strong>etiam</strong></span> <span class='ocrx_word' id='word_1_255' title='bbox 348 1665 453 1692; x_wconf 87' lang='lat' dir='ltr'><strong>setnina</strong></span> <span class='ocrx_word' id='word_1_256' title='bbox 467 1665 513 1691; x_wconf 89' lang='lat' dir='ltr'><strong>illa</strong></span> <span class='ocrx_word' id='word_1_257' title='bbox 530 1664 616 1699; x_wconf 90' lang='lat' dir='ltr'><strong>pelris</strong></span> <span class='ocrx_word' id='word_1_258' title='bbox 640 1663 766 1689; x_wconf 88' lang='lat' dir='ltr'><strong>mandata</strong></span> <span class='ocrx_word' id='word_1_259' title='bbox 789 1662 975 1689; x_wconf 83' lang='lat' dir='ltr'><strong>exsiccantur.</strong></span> <span class='ocrx_word' id='word_1_260' title='bbox 990 1663 1030 1690; x_wconf 82' lang='lat' dir='ltr'><strong>De</strong></span> 
     </span>
    </p>
   </div>
   <div class='ocr_carea' id='block_1_36' title="bbox 242 1706 1030 1745">
    <p class='ocr_par' dir='ltr' id='par_1_36' title="bbox 242 1706 1030 1745">
     <span class='ocr_line' id='line_1_36' title="bbox 242 1706 1030 1745; baseline -0.005 -7"><span class='ocrx_word' id='word_1_261' title='bbox 242 1719 298 1745; x_wconf 92' lang='lat' dir='ltr'><strong>quo</strong></span> <span class='ocrx_word' id='word_1_262' title='bbox 313 1711 340 1737; x_wconf 92' lang='lat' dir='ltr'><strong>in</strong></span> <span class='ocrx_word' id='word_1_263' title='bbox 360 1709 477 1738; x_wconf 73' lang='lat' dir='ltr'><strong>Psalmis</strong></span> <span class='ocrx_word' id='word_1_264' title='bbox 492 1716 602 1744; x_wconf 88' lang='lat' dir='ltr'><strong>quoque</strong></span> <span class='ocrx_word' id='word_1_265' title='bbox 623 1708 722 1736; x_wconf 92' lang='lat' dir='ltr'><strong>dicitur</strong></span> <span class='ocrx_word' id='word_1_266' title='bbox 741 1717 748 1735; x_wconf 90' lang='lat'>:</span> <span class='ocrx_word' id='word_1_267' title='bbox 765 1706 819 1734; x_wconf 88' lang='lat' dir='ltr'><strong>Per</strong></span> <span class='ocrx_word' id='word_1_268' title='bbox 840 1707 910 1734; x_wconf 81' lang='lat' dir='ltr'><strong>diem</strong></span> <span class='ocrx_word' id='word_1_269' title='bbox 925 1707 964 1734; x_wconf 75' lang='lat' dir='ltr'><strong>sol</strong></span> <span class='ocrx_word' id='word_1_270' title='bbox 979 1716 1030 1734; x_wconf 75' lang='lat' dir='ltr'><strong>non</strong></span> 
     </span>
    </p>
   </div>
   <div class='ocr_carea' id='block_1_37' title="bbox 242 1752 1030 1790">
    <p class='ocr_par' dir='ltr' id='par_1_37' title="bbox 242 1752 1030 1790">
     <span class='ocr_line' id='line_1_37' title="bbox 242 1752 1030 1790; baseline -0.004 -8"><span class='ocrx_word' id='word_1_271' title='bbox 242 1760 300 1783; x_wconf 84' lang='lat' dir='ltr'><strong>uret</strong></span> <span class='ocrx_word' id='word_1_272' title='bbox 314 1760 349 1789; x_wconf 86' lang='lat' dir='ltr'><strong>te,</strong></span> <span class='ocrx_word' id='word_1_273' title='bbox 363 1762 443 1790; x_wconf 82' lang='lat' dir='ltr'><strong>neque</strong></span> <span class='ocrx_word' id='word_1_274' title='bbox 467 1754 531 1782; x_wconf 81' lang='lat' dir='ltr'><strong>luna</strong></span> <span class='ocrx_word' id='word_1_275' title='bbox 555 1762 602 1789; x_wconf 82' lang='lat' dir='ltr'><strong>per</strong></span> <span class='ocrx_word' id='word_1_276' title='bbox 627 1753 769 1780; x_wconf 75' lang='lat' dir='ltr'><strong>nectent”.</strong></span> <span class='ocrx_word' id='word_1_277' title='bbox 797 1752 930 1780; x_wconf 84' lang='lat' dir='ltr'><strong>Columna</strong></span> <span class='ocrx_word' id='word_1_278' title='bbox 960 1753 1030 1788; x_wconf 74' lang='lat' dir='ltr'><strong>ignis</strong></span> 
     </span>
    </p>
   </div>
   <div class='ocr_carea' id='block_1_38' title="bbox 242 1799 1029 1836">
    <p class='ocr_par' dir='ltr' id='par_1_38' title="bbox 242 1799 1029 1836">
     <span class='ocr_line' id='line_1_38' title="bbox 242 1799 1029 1836; baseline -0.003 -7"><span class='ocrx_word' id='word_1_279' title='bbox 242 1809 350 1834; x_wconf 78' lang='lat' dir='ltr'><strong>rursus,</strong></span> <span class='ocrx_word' id='word_1_280' title='bbox 369 1801 410 1828; x_wconf 84' lang='lat' dir='ltr'><strong>vel</strong></span> <span class='ocrx_word' id='word_1_281' title='bbox 426 1800 547 1836; x_wconf 82' lang='lat' dir='ltr'><strong>Spiritus</strong></span> <span class='ocrx_word' id='word_1_282' title='bbox 565 1804 676 1827; x_wconf 83' lang='lat' dir='ltr'><strong>sanctus</strong></span> <span class='ocrx_word' id='word_1_283' title='bbox 699 1805 751 1831; x_wconf 84' lang='lat' dir='ltr'><strong>est,</strong></span> <span class='ocrx_word' id='word_1_284' title='bbox 769 1799 816 1834; x_wconf 84' lang='lat' dir='ltr'><strong>qui</strong></span> <span class='ocrx_word' id='word_1_285' title='bbox 834 1800 866 1825; x_wconf 88' lang='lat' dir='ltr'><strong>ad</strong></span> <span class='ocrx_word' id='word_1_286' title='bbox 889 1800 1029 1834; x_wconf 81' lang='lat' dir='ltr'><strong>apostolos</strong></span> 
     </span>
    </p>
   </div>
   <div class='ocr_carea' id='block_1_39' title="bbox 242 1844 1029 1882">
    <p class='ocr_par' dir='ltr' id='par_1_39' title="bbox 242 1844 1029 1882">
     <span class='ocr_line' id='line_1_39' title="bbox 242 1844 1029 1882; baseline 0 -9"><span class='ocrx_word' id='word_1_287' title='bbox 242 1847 269 1873; x_wconf 91' lang='lat' dir='ltr'><strong>itt</strong></span> <span class='ocrx_word' id='word_1_288' title='bbox 289 1847 359 1882; x_wconf 79' lang='lat' dir='ltr'><strong>ignis</strong></span> <span class='ocrx_word' id='word_1_289' title='bbox 377 1847 466 1873; x_wconf 75' lang='lat' dir='ltr'><strong>forma</strong></span> <span class='ocrx_word' id='word_1_290' title='bbox 484 1845 643 1878; x_wconf 68' lang='lat' dir='ltr'><strong>accessit“,</strong></span> <span class='ocrx_word' id='word_1_291' title='bbox 660 1845 701 1871; x_wconf 84' lang='lat' dir='ltr'><strong>vel</strong></span> <span class='ocrx_word' id='word_1_292' title='bbox 720 1846 803 1871; x_wconf 78' lang='lat' dir='ltr'><strong>etiam</strong></span> <span class='ocrx_word' id='word_1_293' title='bbox 816 1845 873 1878; x_wconf 88' lang='lat' dir='ltr'><strong>ipse</strong></span> <span class='ocrx_word' id='word_1_294' title='bbox 890 1844 1029 1879; x_wconf 86' lang='lat' dir='ltr'><strong>Christus,</strong></span> 
     </span>
    </p>
   </div>
   <div class='ocr_carea' id='block_1_40' title="bbox 242 1890 1028 1927">
    <p class='ocr_par' dir='ltr' id='par_1_40' title="bbox 242 1890 1028 1927">
     <span class='ocr_line' id='line_1_40' title="bbox 242 1890 1028 1927; baseline -0.001 -8"><span class='ocrx_word' id='word_1_295' title='bbox 242 1893 289 1927; x_wconf 89' lang='lat' dir='ltr'><strong>qui</strong></span> <span class='ocrx_word' id='word_1_296' title='bbox 297 1893 424 1919; x_wconf 88' lang='lat' dir='ltr'><strong>colutnna</strong></span> <span class='ocrx_word' id='word_1_297' title='bbox 434 1892 543 1927; x_wconf 89' lang='lat' dir='ltr'><strong>quidem</strong></span> <span class='ocrx_word' id='word_1_298' title='bbox 557 1892 591 1918; x_wconf 94' lang='lat' dir='ltr'><strong>ob</strong></span> <span class='ocrx_word' id='word_1_299' title='bbox 606 1890 767 1926; x_wconf 85' lang='lat' dir='ltr'><strong>tripartitatn</strong></span> <span class='ocrx_word' id='word_1_300' title='bbox 784 1891 908 1925; x_wconf 85' lang='lat' dir='ltr'><strong>corporis</strong></span> <span class='ocrx_word' id='word_1_301' title='bbox 922 1891 1028 1918; x_wconf 88' lang='lat' dir='ltr'><strong>dimen-</strong></span> 
     </span>
    </p>
   </div>
   <div class='ocr_carea' id='block_1_41' title="bbox 242 1936 1027 1972">
    <p class='ocr_par' dir='ltr' id='par_1_41' title="bbox 242 1936 1027 1972">
     <span class='ocr_line' id='line_1_41' title="bbox 242 1936 1027 1972; baseline -0.003 -7"><span class='ocrx_word' id='word_1_302' title='bbox 242 1938 348 1965; x_wconf 90' lang='lat' dir='ltr'><strong>sionetn</strong></span> <span class='ocrx_word' id='word_1_303' title='bbox 362 1938 462 1965; x_wconf 89' lang='lat' dir='ltr'><strong>dicitur</strong></span> <span class='ocrx_word' id='word_1_304' title='bbox 479 1946 487 1964; x_wconf 88' lang='lat'><strong>:</strong></span> <span class='ocrx_word' id='word_1_305' title='bbox 502 1938 573 1972; x_wconf 76' lang='lat' dir='ltr'><strong>ignis</strong></span> <span class='ocrx_word' id='word_1_306' title='bbox 587 1943 692 1968; x_wconf 83' lang='lat' dir='ltr'><strong>autent,</strong></span> <span class='ocrx_word' id='word_1_307' title='bbox 706 1941 815 1970; x_wconf 79' lang='lat' dir='ltr'><strong>propter</strong></span> <span class='ocrx_word' id='word_1_308' title='bbox 837 1936 1008 1963; x_wconf 87' lang='lat' dir='ltr'><strong>divinitatem</strong></span> <span class='ocrx_word' id='word_1_309' title='bbox 1020 1945 1027 1964; x_wconf 87' lang='lat'><strong>:</strong></span> 
     </span>
    </p>
   </div>
   <div class='ocr_carea' id='block_1_42' title="bbox 241 1981 1030 2018">
    <p class='ocr_par' dir='ltr' id='par_1_42' title="bbox 241 1981 1030 2018">
     <span class='ocr_line' id='line_1_42' title="bbox 241 1981 1030 2018; baseline -0.004 -6"><span class='ocrx_word' id='word_1_310' title='bbox 241 1984 313 2011; x_wconf 82' lang='lat' dir='ltr'><strong>Deus</strong></span> <span class='ocrx_word' id='word_1_311' title='bbox 331 1985 403 2012; x_wconf 84' lang='lat' dir='ltr'><strong>enim</strong></span> <span class='ocrx_word' id='word_1_312' title='bbox 426 1988 515 2011; x_wconf 76' lang='lat' dir='ltr'><strong>noster</strong></span> <span class='ocrx_word' id='word_1_313' title='bbox 538 1983 605 2018; x_wconf 74' lang='lat' dir='ltr'><strong>ignis</strong></span> <span class='ocrx_word' id='word_1_314' title='bbox 621 1990 776 2010; x_wconf 77' lang='lat' dir='ltr'><strong>consumens</strong></span> <span class='ocrx_word' id='word_1_315' title='bbox 790 1988 829 2009; x_wconf 79' lang='lat' dir='ltr'><strong>est</strong></span> <span class='ocrx_word' id='word_1_316' title='bbox 846 1983 880 2010; x_wconf 76' lang='grc'><strong>⁷³.</strong></span> <span class='ocrx_word' id='word_1_317' title='bbox 897 1981 963 2010; x_wconf 72' lang='lat' dir='ltr'><strong>Haec</strong></span> <span class='ocrx_word' id='word_1_318' title='bbox 979 1983 1030 2010; x_wconf 91' lang='lat' dir='ltr'><strong>ita-</strong></span> 
     </span>
    </p>
   </div>
   <div class='ocr_carea' id='block_1_43' title="bbox 242 2029 1028 2066">
    <p class='ocr_par' dir='ltr' id='par_1_43' title="bbox 242 2029 1028 2066">
     <span class='ocr_line' id='line_1_43' title="bbox 242 2029 1028 2066; baseline -0.004 -8"><span class='ocrx_word' id='word_1_319' title='bbox 242 2039 296 2066; x_wconf 91' lang='lat' dir='ltr'><strong>quc</strong></span> <span class='ocrx_word' id='word_1_320' title='bbox 323 2031 394 2066; x_wconf 74' lang='lat' dir='ltr'><strong>ignis</strong></span> <span class='ocrx_word' id='word_1_321' title='bbox 418 2031 545 2057; x_wconf 78' lang='lat' dir='ltr'><strong>columna</strong></span> <span class='ocrx_word' id='word_1_322' title='bbox 570 2030 597 2056; x_wconf 93' lang='lat' dir='ltr'><strong>in</strong></span> <span class='ocrx_word' id='word_1_323' title='bbox 619 2029 722 2056; x_wconf 83' lang='lat' dir='ltr'><strong>erroris</strong></span> <span class='ocrx_word' id='word_1_324' title='bbox 751 2033 832 2056; x_wconf 86' lang='lat' dir='ltr'><strong>nocte</strong></span> <span class='ocrx_word' id='word_1_325' title='bbox 847 2034 976 2063; x_wconf 76' lang='lat' dir='ltr'><strong>vagantes</strong></span> <span class='ocrx_word' id='word_1_326' title='bbox 995 2029 1028 2055; x_wconf 89' lang='lat' dir='ltr'><strong>ad</strong></span> 
     </span>
    </p>
   </div>
   <div class='ocr_carea' id='block_1_44' title="bbox 241 2073 1027 2109">
    <p class='ocr_par' dir='ltr' id='par_1_44' title="bbox 241 2073 1027 2109">
     <span class='ocr_line' id='line_1_44' title="bbox 241 2073 1027 2109; baseline -0.001 -6"><span class='ocrx_word' id='word_1_327' title='bbox 241 2077 382 2104; x_wconf 87' lang='lat' dir='ltr'><strong>verilatent</strong></span> <span class='ocrx_word' id='word_1_328' title='bbox 394 2076 470 2103; x_wconf 89' lang='lat' dir='ltr'><strong>ducit</strong></span> <span class='ocrx_word' id='word_1_329' title='bbox 485 2075 606 2102; x_wconf 72' lang='lat' dir='ltr'><strong>scientiae</strong></span> <span class='ocrx_word' id='word_1_330' title='bbox 618 2075 747 2101; x_wconf 90' lang='lat' dir='ltr'><strong>nimirum</strong></span> <span class='ocrx_word' id='word_1_331' title='bbox 760 2073 849 2101; x_wconf 82' lang='lat' dir='ltr'><strong>Iacent</strong></span> <span class='ocrx_word' id='word_1_332' title='bbox 868 2076 1027 2109; x_wconf 69' lang='lat' dir='ltr'><strong>prmlerens.</strong></span> 
     </span>
    </p>
   </div>
   <div class='ocr_carea' id='block_1_45' title="bbox 241 2120 1029 2155">
    <p class='ocr_par' dir='ltr' id='par_1_45' title="bbox 241 2120 1029 2155">
     <span class='ocr_line' id='line_1_45' title="bbox 241 2120 1029 2155; baseline 0 -7"><span class='ocrx_word' id='word_1_333' title='bbox 241 2122 384 2149; x_wconf 83' lang='lat' dir='ltr'><strong>Desertum</strong></span> <span class='ocrx_word' id='word_1_334' title='bbox 410 2127 500 2148; x_wconf 85' lang='lat' dir='ltr'><strong>autem</strong></span> <span class='ocrx_word' id='word_1_335' title='bbox 530 2121 678 2148; x_wconf 86' lang='lat' dir='ltr'><strong>mitescens</strong></span> <span class='ocrx_word' id='word_1_336' title='bbox 695 2120 787 2147; x_wconf 84' lang='lat' dir='ltr'><strong>anima</strong></span> <span class='ocrx_word' id='word_1_337' title='bbox 798 2125 850 2153; x_wconf 90' lang='lat' dir='ltr'><strong>est,</strong></span> <span class='ocrx_word' id='word_1_338' title='bbox 876 2129 937 2155; x_wconf 67' lang='lat' dir='ltr'><strong>quae</strong></span> <span class='ocrx_word' id='word_1_339' title='bbox 952 2122 1029 2155; x_wconf 88' lang='lat' dir='ltr'><strong>prius</strong></span> 
     </span>
    </p>
   </div>
   <div class='ocr_carea' id='block_1_46' title="bbox 242 2165 1028 2202">
    <p class='ocr_par' dir='ltr' id='par_1_46' title="bbox 242 2165 1028 2202">
     <span class='ocr_line' id='line_1_46' title="bbox 242 2165 1028 2202; baseline -0.003 -8"><span class='ocrx_word' id='word_1_340' title='bbox 242 2167 352 2202; x_wconf 87' lang='lat' dir='ltr'><strong>quidem</strong></span> <span class='ocrx_word' id='word_1_341' title='bbox 386 2166 519 2193; x_wconf 84' lang='lat' dir='ltr'><strong>silvestris</strong></span> <span class='ocrx_word' id='word_1_342' title='bbox 551 2170 607 2192; x_wconf 83' lang='lat' dir='ltr'><strong>erat</strong></span> <span class='ocrx_word' id='word_1_343' title='bbox 631 2170 712 2199; x_wconf 86' lang='lat' dir='ltr'><strong>atque</strong></span> <span class='ocrx_word' id='word_1_344' title='bbox 730 2165 813 2198; x_wconf 86' lang='lat' dir='ltr'><strong>invia,</strong></span> <span class='ocrx_word' id='word_1_345' title='bbox 830 2173 881 2192; x_wconf 87' lang='lat' dir='ltr'><strong>ttec</strong></span> <span class='ocrx_word' id='word_1_346' title='bbox 909 2165 1028 2193; x_wconf 82' lang='lat' dir='ltr'><strong>fructum</strong></span> 
     </span>
    </p>
   </div>
   <div class='ocr_carea' id='block_1_47' title="bbox 243 2208 1028 2247">
    <p class='ocr_par' dir='ltr' id='par_1_47' title="bbox 243 2208 1028 2247">
     <span class='ocr_line' id='line_1_47' title="bbox 243 2208 1028 2247; baseline 0 -8"><span class='ocrx_word' id='word_1_347' title='bbox 243 2208 327 2239; x_wconf 87' lang='lat' dir='ltr'><strong>ullum</strong></span> <span class='ocrx_word' id='word_1_348' title='bbox 354 2212 432 2247; x_wconf 88' lang='lat' dir='ltr'><strong>probi</strong></span> <span class='ocrx_word' id='word_1_349' title='bbox 452 2211 573 2238; x_wconf 86' lang='lat' dir='ltr'><strong>alimenti</strong></span> <span class='ocrx_word' id='word_1_350' title='bbox 589 2211 703 2243; x_wconf 79' lang='lat' dir='ltr'><strong>ferebat,</strong></span> <span class='ocrx_word' id='word_1_351' title='bbox 729 2216 822 2245; x_wconf 84' lang='lat' dir='ltr'><strong>postea</strong></span> <span class='ocrx_word' id='word_1_352' title='bbox 848 2219 911 2238; x_wconf 90' lang='lat' dir='ltr'><strong>vero</strong></span> <span class='ocrx_word' id='word_1_353' title='bbox 930 2213 1028 2247; x_wconf 85' lang='lat' dir='ltr'><strong>spiritu</strong></span> 
     </span>
    </p>
   </div>
   <div class='ocr_carea' id='block_1_48' title="bbox 1076 290 1865 326">
    <p class='ocr_par' dir='ltr' id='par_1_48' title="bbox 1076 290 1865 326">
     <span class='ocr_line' id='line_1_48' title="bbox 1076 290 1865 326; baseline 0.003 -8"><span class='ocrx_word' id='word_1_354' title='bbox 1076 291 1184 318; x_wconf 82' lang='lat' dir='ltr'><strong>dentem</strong></span> <span class='ocrx_word' id='word_1_355' title='bbox 1199 291 1308 323; x_wconf 69' lang='lat' dir='ltr'><strong>retinet,</strong></span> <span class='ocrx_word' id='word_1_356' title='bbox 1329 297 1378 317; x_wconf 88' lang='lat' dir='ltr'><strong>nec</strong></span> <span class='ocrx_word' id='word_1_357' title='bbox 1394 290 1452 317; x_wconf 88' lang='lat' dir='ltr'><strong>vitii</strong></span> <span class='ocrx_word' id='word_1_358' title='bbox 1469 296 1549 326; x_wconf 87' lang='lat' dir='ltr'><strong>atque</strong></span> <span class='ocrx_word' id='word_1_359' title='bbox 1572 291 1735 326; x_wconf 67' lang='lat' dir='ltr'><strong>ignorantia:</strong></span> <span class='ocrx_word' id='word_1_360' title='bbox 1750 300 1865 326; x_wconf 67' lang='lat' dir='ltr'><strong>vespere</strong></span> 
     </span>
    </p>
   </div>
   <div class='ocr_carea' id='block_1_49' title="bbox 1077 336 1865 371">
    <p class='ocr_par' dir='ltr' id='par_1_49' title="bbox 1077 336 1865 371">
     <span class='ocr_line' id='line_1_49' title="bbox 1077 336 1865 371; baseline 0.004 -8"><span class='ocrx_word' id='word_1_361' title='bbox 1077 336 1328 371; x_wconf 84' lang='lat' dir='ltr'><strong>circumscriptum,</strong></span> <span class='ocrx_word' id='word_1_362' title='bbox 1342 336 1503 370; x_wconf 86' lang='lat' dir='ltr'><strong>ntimpuros</strong></span> <span class='ocrx_word' id='word_1_363' title='bbox 1517 342 1544 364; x_wconf 87' lang='lat' dir='ltr'><strong>et</strong></span> <span class='ocrx_word' id='word_1_364' title='bbox 1560 337 1708 365; x_wconf 84' lang='lat' dir='ltr'><strong>sceleratos</strong></span> <span class='ocrx_word' id='word_1_365' title='bbox 1724 338 1865 366; x_wconf 80' lang='lat' dir='ltr'><strong>daemones</strong></span> 
     </span>
    </p>
   </div>
   <div class='ocr_carea' id='block_1_50' title="bbox 1077 379 1864 418">
    <p class='ocr_par' dir='ltr' id='par_1_50' title="bbox 1077 379 1864 418">
     <span class='ocr_line' id='line_1_50' title="bbox 1077 379 1864 418; baseline 0.005 -12"><span class='ocrx_word' id='word_1_366' title='bbox 1077 379 1208 415; x_wconf 88' lang='lat' dir='ltr'><strong>intpetunt</strong></span> <span class='ocrx_word' id='word_1_367' title='bbox 1233 381 1260 407; x_wconf 86' lang='lat' dir='ltr'><strong>in</strong></span> <span class='ocrx_word' id='word_1_368' title='bbox 1284 388 1313 408; x_wconf 87' lang='lat' dir='ltr'><strong>se</strong></span> <span class='ocrx_word' id='word_1_369' title='bbox 1336 380 1467 409; x_wconf 80' lang='lat' dir='ltr'><strong>facientes</strong></span> <span class='ocrx_word' id='word_1_370' title='bbox 1488 381 1608 416; x_wconf 81' lang='lat' dir='ltr'><strong>legitime</strong></span> <span class='ocrx_word' id='word_1_371' title='bbox 1627 382 1761 418; x_wconf 77' lang='lat' dir='ltr'><strong>frangere,</strong></span> <span class='ocrx_word' id='word_1_372' title='bbox 1781 388 1864 418; x_wconf 90' lang='lat' dir='ltr'><strong>atque</strong></span> 
     </span>
    </p>
   </div>
   <div class='ocr_carea' id='block_1_51' title="bbox 1078 426 1866 463">
    <p class='ocr_par' dir='ltr' id='par_1_51' title="bbox 1078 426 1866 463">
     <span class='ocr_line' id='line_1_51' title="bbox 1078 426 1866 463; baseline 0.004 -10"><span class='ocrx_word' id='word_1_373' title='bbox 1078 426 1105 453; x_wconf 90' lang='lat' dir='ltr'><strong>in</strong></span> <span class='ocrx_word' id='word_1_374' title='bbox 1137 426 1228 463; x_wconf 68' lang='lat' dir='ltr'><strong>[ngam</strong></span> <span class='ocrx_word' id='word_1_375' title='bbox 1262 432 1424 454; x_wconf 79' lang='lat' dir='ltr'><strong>convertere</strong></span> <span class='ocrx_word' id='word_1_376' title='bbox 1464 432 1556 462; x_wconf 83' lang='lat' dir='ltr'><strong>queat.</strong></span> <span class='ocrx_word' id='word_1_377' title='bbox 1586 427 1662 454; x_wconf 86' lang='lat' dir='ltr'><strong>Luna</strong></span> <span class='ocrx_word' id='word_1_378' title='bbox 1702 437 1763 463; x_wconf 68' lang='lat' dir='ltr'><strong>qua:</strong></span> <span class='ocrx_word' id='word_1_379' title='bbox 1798 430 1866 456; x_wconf 85' lang='lat' dir='ltr'><strong>reti-</strong></span> 
     </span>
    </p>
   </div>
   <div class='ocr_carea' id='block_1_52' title="bbox 1077 471 1865 508">
    <p class='ocr_par' dir='ltr' id='par_1_52' title="bbox 1077 471 1865 508">
     <span class='ocr_line' id='line_1_52' title="bbox 1077 471 1865 508; baseline 0.004 -10"><span class='ocrx_word' id='word_1_380' title='bbox 1077 477 1173 504; x_wconf 81' lang='lat' dir='ltr'><strong>netur,</strong></span> <span class='ocrx_word' id='word_1_381' title='bbox 1207 471 1345 499; x_wconf 88' lang='lat' dir='ltr'><strong>mutabilis</strong></span> <span class='ocrx_word' id='word_1_382' title='bbox 1383 476 1476 499; x_wconf 90' lang='lat' dir='ltr'><strong>nostra</strong></span> <span class='ocrx_word' id='word_1_383' title='bbox 1511 478 1607 500; x_wconf 84' lang='lat' dir='ltr'><strong>natura</strong></span> <span class='ocrx_word' id='word_1_384' title='bbox 1642 477 1702 504; x_wconf 81' lang='lat' dir='ltr'><strong>est.</strong></span> <span class='ocrx_word' id='word_1_385' title='bbox 1739 481 1799 508; x_wconf 66' lang='lat' dir='ltr'><strong>quae</strong></span> <span class='ocrx_word' id='word_1_386' title='bbox 1835 475 1865 501; x_wconf 91' lang='lat' dir='ltr'><strong>in</strong></span> 
     </span>
    </p>
   </div>
   <div class='ocr_carea' id='block_1_53' title="bbox 1077 517 1863 554">
    <p class='ocr_par' dir='ltr' id='par_1_53' title="bbox 1077 517 1863 554">
     <span class='ocr_line' id='line_1_53' title="bbox 1077 517 1863 554; baseline 0.003 -9"><span class='ocrx_word' id='word_1_387' title='bbox 1077 518 1180 545; x_wconf 90' lang='lat' dir='ltr'><strong>sanctis</strong></span> <span class='ocrx_word' id='word_1_388' title='bbox 1198 517 1265 545; x_wconf 87' lang='lat' dir='ltr'><strong>viris</strong></span> <span class='ocrx_word' id='word_1_389' title='bbox 1278 518 1330 545; x_wconf 75' lang='lat' dir='ltr'><strong>fixa</strong></span> <span class='ocrx_word' id='word_1_390' title='bbox 1348 519 1498 545; x_wconf 88' lang='lat' dir='ltr'><strong>etimntota</strong></span> <span class='ocrx_word' id='word_1_391' title='bbox 1514 523 1663 553; x_wconf 80' lang='lat' dir='ltr'><strong>permanet,</strong></span> <span class='ocrx_word' id='word_1_392' title='bbox 1682 525 1792 554; x_wconf 84' lang='lat' dir='ltr'><strong>propter</strong></span> <span class='ocrx_word' id='word_1_393' title='bbox 1807 521 1863 547; x_wconf 82' lang='lat' dir='ltr'><strong>vir-</strong></span> 
     </span>
    </p>
   </div>
   <div class='ocr_carea' id='block_1_54' title="bbox 1077 563 1866 594">
    <p class='ocr_par' dir='ltr' id='par_1_54' title="bbox 1077 563 1866 594">
     <span class='ocr_line' id='line_1_54' title="bbox 1077 563 1866 594; baseline 0.003 -3"><span class='ocrx_word' id='word_1_394' title='bbox 1077 565 1144 592; x_wconf 89' lang='lat' dir='ltr'><strong>tutis</strong></span> <span class='ocrx_word' id='word_1_395' title='bbox 1163 563 1284 592; x_wconf 88' lang='lat' dir='ltr'><strong>hahitum</strong></span> <span class='ocrx_word' id='word_1_396' title='bbox 1301 565 1482 592; x_wconf 85' lang='lat' dir='ltr'><strong>mutationem</strong></span> <span class='ocrx_word' id='word_1_397' title='bbox 1494 572 1548 592; x_wconf 91' lang='lat' dir='ltr'><strong>non</strong></span> <span class='ocrx_word' id='word_1_398' title='bbox 1568 565 1770 592; x_wconf 89' lang='lat' dir='ltr'><strong>adntittentem.</strong></span> <span class='ocrx_word' id='word_1_399' title='bbox 1792 565 1866 594; x_wconf 80' lang='lat' dir='ltr'><strong>Muri</strong></span> 
     </span>
    </p>
   </div>
   <div class='ocr_carea' id='block_1_55' title="bbox 1076 610 1866 646">
    <p class='ocr_par' dir='ltr' id='par_1_55' title="bbox 1076 610 1866 646">
     <span class='ocr_line' id='line_1_55' title="bbox 1076 610 1866 646; baseline 0.003 -9"><span class='ocrx_word' id='word_1_400' title='bbox 1076 611 1124 645; x_wconf 89' lang='lat' dir='ltr'><strong>qui</strong></span> <span class='ocrx_word' id='word_1_401' title='bbox 1134 610 1312 645; x_wconf 83' lang='lat' dir='ltr'><strong>dejiciuntur,</strong></span> <span class='ocrx_word' id='word_1_402' title='bbox 1326 611 1437 637; x_wconf 66' lang='lat' dir='ltr'><strong>malitiae</strong></span> <span class='ocrx_word' id='word_1_403' title='bbox 1452 610 1578 645; x_wconf 60' lang='lat' dir='ltr'><strong>praesidia</strong></span> <span class='ocrx_word' id='word_1_404' title='bbox 1589 614 1665 644; x_wconf 85' lang='lat' dir='ltr'><strong>sunt,</strong></span> <span class='ocrx_word' id='word_1_405' title='bbox 1679 615 1761 646; x_wconf 90' lang='lat' dir='ltr'><strong>atque</strong></span> <span class='ocrx_word' id='word_1_406' title='bbox 1774 612 1866 639; x_wconf 85' lang='lat' dir='ltr'><strong>omnis</strong></span> 
     </span>
    </p>
   </div>
   <div class='ocr_carea' id='block_1_56' title="bbox 1077 655 1865 690">
    <p class='ocr_par' dir='ltr' id='par_1_56' title="bbox 1077 655 1865 690">
     <span class='ocr_line' id='line_1_56' title="bbox 1077 655 1865 690; baseline 0.003 -8"><span class='ocrx_word' id='word_1_407' title='bbox 1077 655 1202 687; x_wconf 90' lang='lat' dir='ltr'><strong>altitudo,</strong></span> <span class='ocrx_word' id='word_1_408' title='bbox 1220 662 1281 690; x_wconf 73' lang='lat' dir='ltr'><strong>quae</strong></span> <span class='ocrx_word' id='word_1_409' title='bbox 1295 655 1425 683; x_wconf 86' lang='lat' dir='ltr'><strong>adversus</strong></span> <span class='ocrx_word' id='word_1_410' title='bbox 1442 655 1525 682; x_wconf 87' lang='lat' dir='ltr'><strong>Deum</strong></span> <span class='ocrx_word' id='word_1_411' title='bbox 1543 655 1693 683; x_wconf 79' lang='lat' dir='ltr'><strong>extollitur.</strong></span> <span class='ocrx_word' id='word_1_412' title='bbox 1709 656 1865 684; x_wconf 84' lang='lat' dir='ltr'><strong>Crabrones</strong></span> 
     </span>
    </p>
   </div>
   <div class='ocr_carea' id='block_1_57' title="bbox 1078 702 1865 737">
    <p class='ocr_par' dir='ltr' id='par_1_57' title="bbox 1078 702 1865 737">
     <span class='ocr_line' id='line_1_57' title="bbox 1078 702 1865 737; baseline 0.003 -9"><span class='ocrx_word' id='word_1_413' title='bbox 1078 707 1288 736; x_wconf 75' lang='lat' dir='ltr'><strong>praecurrentes,</strong></span> <span class='ocrx_word' id='word_1_414' title='bbox 1302 702 1401 729; x_wconf 65' lang='lat' dir='ltr'><strong>divinae</strong></span> <span class='ocrx_word' id='word_1_415' title='bbox 1413 702 1536 737; x_wconf 67' lang='lat' dir='ltr'><strong>quaedam</strong></span> <span class='ocrx_word' id='word_1_416' title='bbox 1553 702 1680 735; x_wconf 65' lang='lat' dir='ltr'><strong>potentiae</strong></span> <span class='ocrx_word' id='word_1_417' title='bbox 1694 706 1771 735; x_wconf 88' lang='lat' dir='ltr'><strong>sunt,</strong></span> <span class='ocrx_word' id='word_1_418' title='bbox 1785 703 1865 730; x_wconf 84' lang='lat' dir='ltr'><strong>nobis</strong></span> 
     </span>
    </p>
   </div>
   <div class='ocr_carea' id='block_1_58' title="bbox 1078 748 1866 784">
    <p class='ocr_par' dir='ltr' id='par_1_58' title="bbox 1078 748 1866 784">
     <span class='ocr_line' id='line_1_58' title="bbox 1078 748 1866 784; baseline 0.003 -9"><span class='ocrx_word' id='word_1_419' title='bbox 1078 754 1279 780; x_wconf 86' lang='lat' dir='ltr'><strong>suecurrentes,</strong></span> <span class='ocrx_word' id='word_1_420' title='bbox 1306 754 1388 784; x_wconf 90' lang='lat' dir='ltr'><strong>atque</strong></span> <span class='ocrx_word' id='word_1_421' title='bbox 1414 749 1442 776; x_wconf 91' lang='lat' dir='ltr'><strong>in</strong></span> <span class='ocrx_word' id='word_1_422' title='bbox 1467 749 1606 776; x_wconf 55' lang='lat' dir='ltr'><strong>dtemones</strong></span> <span class='ocrx_word' id='word_1_423' title='bbox 1633 748 1727 777; x_wconf 86' lang='lat' dir='ltr'><strong>hostes</strong></span> <span class='ocrx_word' id='word_1_424' title='bbox 1754 754 1866 777; x_wconf 82' lang='lat' dir='ltr'><strong>nostros</strong></span> 
     </span>
    </p>
   </div>
   <div class='ocr_carea' id='block_1_59' title="bbox 1078 795 1865 830">
    <p class='ocr_par' dir='ltr' id='par_1_59' title="bbox 1078 795 1865 830">
     <span class='ocr_line' id='line_1_59' title="bbox 1078 795 1865 830; baseline 0 -8"><span class='ocrx_word' id='word_1_425' title='bbox 1078 795 1260 822; x_wconf 82' lang='lat' dir='ltr'><strong>incursantes.</strong></span> <span class='ocrx_word' id='word_1_426' title='bbox 1275 795 1314 823; x_wconf 82' lang='lat' dir='ltr'><strong>Ac</strong></span> <span class='ocrx_word' id='word_1_427' title='bbox 1337 803 1371 822; x_wconf 83' lang='lat' dir='ltr'><strong>nc</strong></span> <span class='ocrx_word' id='word_1_428' title='bbox 1393 795 1500 830; x_wconf 77' lang='lat' dir='ltr'><strong>longius</strong></span> <span class='ocrx_word' id='word_1_429' title='bbox 1523 803 1677 822; x_wconf 83' lang='lat' dir='ltr'><strong>sermonem</strong></span> <span class='ocrx_word' id='word_1_430' title='bbox 1694 796 1865 830; x_wconf 86' lang='lat' dir='ltr'><strong>protrahant,</strong></span> 
     </span>
    </p>
   </div>
   <div class='ocr_carea' id='block_1_60' title="bbox 1079 840 1868 876">
    <p class='ocr_par' dir='ltr' id='par_1_60' title="bbox 1079 840 1868 876">
     <span class='ocr_line' id='line_1_60' title="bbox 1079 840 1868 876; baseline 0 -9"><span class='ocrx_word' id='word_1_431' title='bbox 1079 847 1133 867; x_wconf 89' lang='lat' dir='ltr'><strong>non</strong></span> <span class='ocrx_word' id='word_1_432' title='bbox 1150 847 1182 868; x_wconf 86' lang='lat' dir='ltr'><strong>ea</strong></span> <span class='ocrx_word' id='word_1_433' title='bbox 1194 842 1291 873; x_wconf 83' lang='lat' dir='ltr'><strong>solum,</strong></span> <span class='ocrx_word' id='word_1_434' title='bbox 1303 848 1364 875; x_wconf 75' lang='lat' dir='ltr'><strong>qua:</strong></span> <span class='ocrx_word' id='word_1_435' title='bbox 1376 840 1596 871; x_wconf 81' lang='lat' dir='ltr'><strong>commemoravi.</strong></span> <span class='ocrx_word' id='word_1_436' title='bbox 1612 848 1645 868; x_wconf 85' lang='lat' dir='ltr'><strong>ex</strong></span> <span class='ocrx_word' id='word_1_437' title='bbox 1659 841 1776 876; x_wconf 66' lang='lat' dir='ltr'><strong>Egypto</strong></span> <span class='ocrx_word' id='word_1_438' title='bbox 1788 849 1868 876; x_wconf 79' lang='lat' dir='ltr'><strong>egre-</strong></span> 
     </span>
    </p>
   </div>
   <div class='ocr_carea' id='block_1_61' title="bbox 1079 886 1866 921">
    <p class='ocr_par' dir='ltr' id='par_1_61' title="bbox 1079 886 1866 921">
     <span class='ocr_line' id='line_1_61' title="bbox 1079 886 1866 921; baseline -0.001 -8"><span class='ocrx_word' id='word_1_439' title='bbox 1079 886 1168 919; x_wconf 90' lang='lat' dir='ltr'><strong>diens,</strong></span> <span class='ocrx_word' id='word_1_440' title='bbox 1185 886 1278 913; x_wconf 88' lang='lat' dir='ltr'><strong>divino</strong></span> <span class='ocrx_word' id='word_1_441' title='bbox 1291 886 1424 913; x_wconf 77' lang='lat' dir='ltr'><strong>beneﬁcio</strong></span> <span class='ocrx_word' id='word_1_442' title='bbox 1442 887 1628 921; x_wconf 84' lang='lat' dir='ltr'><strong>consequeris,</strong></span> <span class='ocrx_word' id='word_1_443' title='bbox 1640 887 1686 914; x_wconf 88' lang='lat' dir='ltr'><strong>sed</strong></span> <span class='ocrx_word' id='word_1_444' title='bbox 1701 887 1783 914; x_wconf 84' lang='lat' dir='ltr'><strong>etiam</strong></span> <span class='ocrx_word' id='word_1_445' title='bbox 1800 887 1866 918; x_wconf 82' lang='lat' dir='ltr'><strong>alia,</strong></span> 
     </span>
    </p>
   </div>
   <div class='ocr_carea' id='block_1_62' title="bbox 1079 932 1867 968">
    <p class='ocr_par' dir='ltr' id='par_1_62' title="bbox 1079 932 1867 968">
     <span class='ocr_line' id='line_1_62' title="bbox 1079 932 1867 968; baseline -0.001 -9"><span class='ocrx_word' id='word_1_446' title='bbox 1079 940 1140 968; x_wconf 80' lang='lat' dir='ltr'><strong>quae</strong></span> <span class='ocrx_word' id='word_1_447' title='bbox 1154 933 1283 966; x_wconf 74' lang='lat' dir='ltr'><strong>posthaec,</strong></span> <span class='ocrx_word' id='word_1_448' title='bbox 1308 932 1333 959; x_wconf 93' lang='lat' dir='ltr'><strong>id</strong></span> <span class='ocrx_word' id='word_1_449' title='bbox 1350 937 1393 959; x_wconf 86' lang='lat' dir='ltr'><strong>est</strong></span> <span class='ocrx_word' id='word_1_450' title='bbox 1408 932 1548 966; x_wconf 78' lang='lat' dir='ltr'><strong>deinceps,</strong></span> <span class='ocrx_word' id='word_1_451' title='bbox 1562 932 1683 959; x_wconf 80' lang='lat' dir='ltr'><strong>historiae</strong></span> <span class='ocrx_word' id='word_1_452' title='bbox 1700 940 1784 959; x_wconf 68' lang='lat' dir='ltr'><strong>sacrm</strong></span> <span class='ocrx_word' id='word_1_453' title='bbox 1798 940 1867 967; x_wconf 84' lang='lat' dir='ltr'><strong>pro-</strong></span> 
     </span>
    </p>
   </div>
   <div class='ocr_carea' id='block_1_63' title="bbox 1080 977 1866 1006">
    <p class='ocr_par' dir='ltr' id='par_1_63' title="bbox 1080 977 1866 1006">
     <span class='ocr_line' id='line_1_63' title="bbox 1080 977 1866 1006; baseline -0.003 0"><span class='ocrx_word' id='word_1_454' title='bbox 1080 978 1136 1006; x_wconf 88' lang='lat' dir='ltr'><strong>dita</strong></span> <span class='ocrx_word' id='word_1_455' title='bbox 1147 982 1211 1005; x_wconf 88' lang='lat' dir='ltr'><strong>sunt</strong></span> <span class='ocrx_word' id='word_1_456' title='bbox 1226 986 1233 1004; x_wconf 87' lang='lat'><strong>:</strong></span> <span class='ocrx_word' id='word_1_457' title='bbox 1249 981 1276 1005; x_wconf 91' lang='lat' dir='ltr'><strong>et</strong></span> <span class='ocrx_word' id='word_1_458' title='bbox 1289 985 1350 1004; x_wconf 85' lang='lat' dir='ltr'><strong>cum</strong></span> <span class='ocrx_word' id='word_1_459' title='bbox 1367 977 1420 1004; x_wconf 86' lang='lat' dir='ltr'><strong>his.</strong></span> <span class='ocrx_word' id='word_1_460' title='bbox 1441 977 1501 1005; x_wconf 88' lang='lat' dir='ltr'><strong>Uno</strong></span> <span class='ocrx_word' id='word_1_461' title='bbox 1515 979 1588 1004; x_wconf 88' lang='lat' dir='ltr'><strong>enim</strong></span> <span class='ocrx_word' id='word_1_462' title='bbox 1602 978 1724 1005; x_wconf 80' lang='lat' dir='ltr'><strong>historia:</strong></span> <span class='ocrx_word' id='word_1_463' title='bbox 1735 983 1866 1005; x_wconf 80' lang='lat' dir='ltr'><strong>contextu</strong></span> 
     </span>
    </p>
   </div>
   <div class='ocr_carea' id='block_1_64' title="bbox 1080 1024 1440 1053">
    <p class='ocr_par' dir='ltr' id='par_1_64' title="bbox 1080 1024 1440 1053">
     <span class='ocr_line' id='line_1_64' title="bbox 1080 1024 1440 1053; baseline -0.008 0"><span class='ocrx_word' id='word_1_464' title='bbox 1080 1025 1138 1053; x_wconf 64' lang='lat' dir='ltr'><strong>haec</strong></span> <span class='ocrx_word' id='word_1_465' title='bbox 1154 1028 1181 1052; x_wconf 90' lang='lat' dir='ltr'><strong>et</strong></span> <span class='ocrx_word' id='word_1_466' title='bbox 1195 1024 1240 1051; x_wconf 88' lang='lat' dir='ltr'><strong>illa</strong></span> <span class='ocrx_word' id='word_1_467' title='bbox 1255 1024 1440 1051; x_wconf 91' lang='lat' dir='ltr'><strong>continentur.</strong></span> 
     </span>
    </p>
   </div>
   <div class='ocr_carea' id='block_1_65' title="bbox 1114 1069 1867 1103">
    <p class='ocr_par' dir='ltr' id='par_1_65' title="bbox 1114 1069 1867 1103">
     <span class='ocr_line' id='line_1_65' title="bbox 1114 1069 1867 1103; baseline -0.004 -5"><span class='ocrx_word' id='word_1_468' title='bbox 1114 1070 1173 1098; x_wconf 88' lang='lat' dir='ltr'><strong>Coi.</strong></span> <span class='ocrx_word' id='word_1_469' title='bbox 1189 1069 1238 1096; x_wconf 79' lang='grc'><strong>651</strong></span> <span class='ocrx_word' id='word_1_470' title='bbox 1265 1069 1296 1096; x_wconf 86' lang='lat' dir='ltr'><strong>D.</strong></span> <span class='ocrx_word' id='word_1_471' title='bbox 1313 1071 1352 1096; x_wconf 83' lang='lat' dir='ltr'><strong>Ac</strong></span> <span class='ocrx_word' id='word_1_472' title='bbox 1376 1069 1429 1096; x_wconf 77' lang='lat' dir='ltr'><strong>tale</strong></span> <span class='ocrx_word' id='word_1_473' title='bbox 1447 1075 1485 1096; x_wconf 73' lang='lat' dir='ltr'><strong>est</strong></span> <span class='ocrx_word' id='word_1_474' title='bbox 1500 1069 1606 1103; x_wconf 78' lang='lat' dir='ltr'><strong>festum,</strong></span> <span class='ocrx_word' id='word_1_475' title='bbox 1624 1073 1677 1096; x_wconf 84' lang='lat' dir='ltr'><strong>etc.</strong></span> <span class='ocrx_word' id='word_1_476' title='bbox 1691 1069 1867 1102; x_wconf 72' lang='lat' dir='ltr'><strong>Huiusmodi,</strong></span> 
     </span>
    </p>
   </div>
   <div class='ocr_carea' id='block_1_66' title="bbox 1081 1114 1866 1150">
    <p class='ocr_par' dir='ltr' id='par_1_66' title="bbox 1081 1114 1866 1150">
     <span class='ocr_line' id='line_1_66' title="bbox 1081 1114 1866 1150; baseline -0.003 -7"><span class='ocrx_word' id='word_1_477' title='bbox 1081 1116 1180 1150; x_wconf 84' lang='lat' dir='ltr'><strong>inquit,</strong></span> <span class='ocrx_word' id='word_1_478' title='bbox 1201 1114 1300 1143; x_wconf 77' lang='lat' dir='ltr'><strong>festum</strong></span> <span class='ocrx_word' id='word_1_479' title='bbox 1326 1115 1462 1146; x_wconf 86' lang='lat' dir='ltr'><strong>celebras,</strong></span> <span class='ocrx_word' id='word_1_480' title='bbox 1491 1122 1544 1142; x_wconf 91' lang='lat' dir='ltr'><strong>non</strong></span> <span class='ocrx_word' id='word_1_481' title='bbox 1573 1115 1724 1142; x_wconf 82' lang='lat' dir='ltr'><strong>secundum</strong></span> <span class='ocrx_word' id='word_1_482' title='bbox 1753 1121 1866 1149; x_wconf 87' lang='lat' dir='ltr'><strong>corpus.</strong></span> 
     </span>
    </p>
   </div>
   <div class='ocr_carea' id='block_1_67' title="bbox 1081 1161 1867 1195">
    <p class='ocr_par' dir='ltr' id='par_1_67' title="bbox 1081 1161 1867 1195">
     <span class='ocr_line' id='line_1_67' title="bbox 1081 1161 1867 1195; baseline -0.001 -7"><span class='ocrx_word' id='word_1_483' title='bbox 1081 1161 1132 1188; x_wconf 89' lang='lat' dir='ltr'><strong>hoc</strong></span> <span class='ocrx_word' id='word_1_484' title='bbox 1155 1165 1197 1189; x_wconf 86' lang='lat' dir='ltr'><strong>est</strong></span> <span class='ocrx_word' id='word_1_485' title='bbox 1227 1161 1307 1188; x_wconf 72' lang='lat' dir='ltr'><strong>[cedis</strong></span> <span class='ocrx_word' id='word_1_486' title='bbox 1324 1161 1510 1195; x_wconf 82' lang='lat' dir='ltr'><strong>voluptatibus</strong></span> <span class='ocrx_word' id='word_1_487' title='bbox 1528 1161 1682 1195; x_wconf 80' lang='lat' dir='ltr'><strong>indulgens,</strong></span> <span class='ocrx_word' id='word_1_488' title='bbox 1693 1166 1724 1187; x_wconf 88' lang='lat' dir='ltr'><strong>ut</strong></span> <span class='ocrx_word' id='word_1_489' title='bbox 1740 1161 1867 1194; x_wconf 80' lang='lat' dir='ltr'><strong>gentiles,</strong></span> 
     </span>
    </p>
   </div>
   <div class='ocr_carea' id='block_1_68' title="bbox 1081 1205 1866 1241">
    <p class='ocr_par' dir='ltr' id='par_1_68' title="bbox 1081 1205 1866 1241">
     <span class='ocr_line' id='line_1_68' title="bbox 1081 1205 1866 1241; baseline -0.003 -7"><span class='ocrx_word' id='word_1_490' title='bbox 1081 1215 1131 1234; x_wconf 88' lang='lat' dir='ltr'><strong>nec</strong></span> <span class='ocrx_word' id='word_1_491' title='bbox 1161 1207 1311 1234; x_wconf 87' lang='lat' dir='ltr'><strong>secundum</strong></span> <span class='ocrx_word' id='word_1_492' title='bbox 1335 1207 1451 1234; x_wconf 84' lang='lat' dir='ltr'><strong>litteram</strong></span> <span class='ocrx_word' id='word_1_493' title='bbox 1477 1212 1503 1233; x_wconf 93' lang='lat' dir='ltr'><strong>et</strong></span> <span class='ocrx_word' id='word_1_494' title='bbox 1522 1206 1694 1241; x_wconf 83' lang='lat' dir='ltr'><strong>simpliciter,</strong></span> <span class='ocrx_word' id='word_1_495' title='bbox 1710 1205 1837 1233; x_wconf 65' lang='lat' dir='ltr'><strong>utJudaai</strong></span> <span class='ocrx_word' id='word_1_496' title='bbox 1859 1215 1866 1233; x_wconf 93' lang='lat'>:</span> 
     </span>
    </p>
   </div>
   <div class='ocr_carea' id='block_1_69' title="bbox 1081 1251 1868 1288">
    <p class='ocr_par' dir='ltr' id='par_1_69' title="bbox 1081 1251 1868 1288">
     <span class='ocr_line' id='line_1_69' title="bbox 1081 1251 1868 1288; baseline 0 -9"><span class='ocrx_word' id='word_1_497' title='bbox 1081 1253 1128 1279; x_wconf 83' lang='lat' dir='ltr'><strong>sed</strong></span> <span class='ocrx_word' id='word_1_498' title='bbox 1156 1253 1306 1288; x_wconf 79' lang='lat' dir='ltr'><strong>perfectum</strong></span> <span class='ocrx_word' id='word_1_499' title='bbox 1326 1259 1359 1278; x_wconf 87' lang='lat' dir='ltr'><strong>ac</strong></span> <span class='ocrx_word' id='word_1_500' title='bbox 1376 1252 1519 1286; x_wconf 28' lang='lat' dir='ltr'><strong>spiritua‘le</strong></span> <span class='ocrx_word' id='word_1_501' title='bbox 1533 1253 1642 1286; x_wconf 86' lang='lat' dir='ltr'><strong>Deoque</strong></span> <span class='ocrx_word' id='word_1_502' title='bbox 1658 1257 1777 1286; x_wconf 76' lang='lat' dir='ltr'><strong>gratum.</strong></span> <span class='ocrx_word' id='word_1_503' title='bbox 1794 1251 1868 1279; x_wconf 85' lang='lat' dir='ltr'><strong>Talis</strong></span> 
     </span>
    </p>
   </div>
   <div class='ocr_carea' id='block_1_70' title="bbox 1082 1297 1867 1332">
    <p class='ocr_par' dir='ltr' id='par_1_70' title="bbox 1082 1297 1867 1332">
     <span class='ocr_line' id='line_1_70' title="bbox 1082 1297 1867 1332; baseline 0 -7"><span class='ocrx_word' id='word_1_504' title='bbox 1082 1298 1130 1325; x_wconf 87' lang='lat' dir='ltr'><strong>tibi</strong></span> <span class='ocrx_word' id='word_1_505' title='bbox 1155 1305 1248 1325; x_wconf 85' lang='lat' dir='ltr'><strong>mensa</strong></span> <span class='ocrx_word' id='word_1_506' title='bbox 1279 1297 1440 1332; x_wconf 87' lang='lat' dir='ltr'><strong>proponitur</strong></span> <span class='ocrx_word' id='word_1_507' title='bbox 1464 1298 1577 1332; x_wconf 87' lang='lat' dir='ltr'><strong>antiqua</strong></span> <span class='ocrx_word' id='word_1_508' title='bbox 1602 1301 1630 1324; x_wconf 86' lang='lat' dir='ltr'><strong>et</strong></span> <span class='ocrx_word' id='word_1_509' title='bbox 1654 1297 1730 1324; x_wconf 86' lang='lat' dir='ltr'><strong>varia</strong></span> <span class='ocrx_word' id='word_1_510' title='bbox 1753 1298 1867 1325; x_wconf 82' lang='lat' dir='ltr'><strong>historia</strong></span> 
     </span>
    </p>
   </div>
   <div class='ocr_carea' id='block_1_71' title="bbox 1081 1342 1865 1377">
    <p class='ocr_par' dir='ltr' id='par_1_71' title="bbox 1081 1342 1865 1377">
     <span class='ocr_line' id='line_1_71' title="bbox 1081 1342 1865 1377; baseline 0 -6"><span class='ocrx_word' id='word_1_511' title='bbox 1081 1343 1193 1376; x_wconf 82' lang='lat' dir='ltr'><strong>referta,</strong></span> <span class='ocrx_word' id='word_1_512' title='bbox 1222 1349 1395 1377; x_wconf 81' lang='lat' dir='ltr'><strong>mentemque</strong></span> <span class='ocrx_word' id='word_1_513' title='bbox 1417 1343 1568 1372; x_wconf 84' lang='lat' dir='ltr'><strong>obiectans.</strong></span> <span class='ocrx_word' id='word_1_514' title='bbox 1587 1342 1652 1370; x_wconf 86' lang='lat' dir='ltr'><strong>Tale</strong></span> <span class='ocrx_word' id='word_1_515' title='bbox 1669 1344 1789 1371; x_wconf 89' lang='lat' dir='ltr'><strong>comedis</strong></span> <span class='ocrx_word' id='word_1_516' title='bbox 1820 1348 1865 1371; x_wconf 87' lang='lat' dir='ltr'><strong>tua</strong></span> 
     </span>
    </p>
   </div>
   <div class='ocr_carea' id='block_1_72' title="bbox 1080 1388 1867 1424">
    <p class='ocr_par' dir='ltr' id='par_1_72' title="bbox 1080 1388 1867 1424">
     <span class='ocr_line' id='line_1_72' title="bbox 1080 1388 1867 1424; baseline -0.001 -8"><span class='ocrx_word' id='word_1_517' title='bbox 1080 1396 1165 1417; x_wconf 83' lang='lat' dir='ltr'><strong>causa</strong></span> <span class='ocrx_word' id='word_1_518' title='bbox 1181 1389 1368 1424; x_wconf 83' lang='lat' dir='ltr'><strong>dispensatum</strong></span> <span class='ocrx_word' id='word_1_519' title='bbox 1383 1388 1485 1416; x_wconf 88' lang='lat' dir='ltr'><strong>Christi</strong></span> <span class='ocrx_word' id='word_1_520' title='bbox 1510 1389 1617 1421; x_wconf 85' lang='lat' dir='ltr'><strong>Natale,</strong></span> <span class='ocrx_word' id='word_1_521' title='bbox 1634 1390 1687 1416; x_wconf 89' lang='lat' dir='ltr'><strong>tale</strong></span> <span class='ocrx_word' id='word_1_522' title='bbox 1714 1390 1784 1416; x_wconf 82' lang='lat' dir='ltr'><strong>enim</strong></span> <span class='ocrx_word' id='word_1_523' title='bbox 1807 1391 1867 1423; x_wconf 80' lang='lat' dir='ltr'><strong>epi-</strong></span> 
     </span>
    </p>
   </div>
   <div class='ocr_carea' id='block_1_73' title="bbox 1081 1433 1865 1470">
    <p class='ocr_par' dir='ltr' id='par_1_73' title="bbox 1081 1433 1865 1470">
     <span class='ocr_line' id='line_1_73' title="bbox 1081 1433 1865 1470; baseline -0.001 -8"><span class='ocrx_word' id='word_1_524' title='bbox 1081 1434 1217 1469; x_wconf 85' lang='lat' dir='ltr'><strong>taphium.</strong></span> <span class='ocrx_word' id='word_1_525' title='bbox 1245 1433 1311 1461; x_wconf 83' lang='lat' dir='ltr'><strong>Tale</strong></span> <span class='ocrx_word' id='word_1_526' title='bbox 1331 1441 1346 1461; x_wconf 86' lang='lat' dir='ltr'><strong>a</strong></span> <span class='ocrx_word' id='word_1_527' title='bbox 1372 1439 1397 1461; x_wconf 93' lang='lat' dir='ltr'><strong>te</strong></span> <span class='ocrx_word' id='word_1_528' title='bbox 1413 1434 1579 1469; x_wconf 77' lang='lat' dir='ltr'><strong>intelligatur</strong></span> <span class='ocrx_word' id='word_1_529' title='bbox 1602 1434 1743 1462; x_wconf 80' lang='lat' dir='ltr'><strong>Paschalis</strong></span> <span class='ocrx_word' id='word_1_530' title='bbox 1761 1440 1865 1470; x_wconf 80' lang='lat' dir='ltr'><strong>myste-</strong></span> 
     </span>
    </p>
   </div>
   <div class='ocr_carea' id='block_1_74' title="bbox 1081 1479 1867 1514">
    <p class='ocr_par' dir='ltr' id='par_1_74' title="bbox 1081 1479 1867 1514">
     <span class='ocr_line' id='line_1_74' title="bbox 1081 1479 1867 1514; baseline -0.001 -7"><span class='ocrx_word' id='word_1_531' title='bbox 1081 1480 1164 1513; x_wconf 85' lang='lat' dir='ltr'><strong>rium,</strong></span> <span class='ocrx_word' id='word_1_532' title='bbox 1181 1479 1262 1514; x_wconf 88' lang='lat' dir='ltr'><strong>quale</strong></span> <span class='ocrx_word' id='word_1_533' title='bbox 1280 1480 1370 1506; x_wconf 90' lang='lat' dir='ltr'><strong>oratio</strong></span> <span class='ocrx_word' id='word_1_534' title='bbox 1386 1483 1479 1507; x_wconf 81' lang='lat' dir='ltr'><strong>ttostra</strong></span> <span class='ocrx_word' id='word_1_535' title='bbox 1495 1479 1530 1506; x_wconf 93' lang='lat' dir='ltr'><strong>ob</strong></span> <span class='ocrx_word' id='word_1_536' title='bbox 1549 1479 1643 1507; x_wconf 90' lang='lat' dir='ltr'><strong>oculos</strong></span> <span class='ocrx_word' id='word_1_537' title='bbox 1663 1480 1766 1514; x_wconf 87' lang='lat' dir='ltr'><strong>posuit,</strong></span> <span class='ocrx_word' id='word_1_538' title='bbox 1783 1481 1867 1506; x_wconf 81' lang='lat' dir='ltr'><strong>nimi—</strong></span> 
     </span>
    </p>
   </div>
   <div class='ocr_carea' id='block_1_75' title="bbox 1080 1525 1868 1561">
    <p class='ocr_par' dir='ltr' id='par_1_75' title="bbox 1080 1525 1868 1561">
     <span class='ocr_line' id='line_1_75' title="bbox 1080 1525 1868 1561; baseline -0.001 -8"><span class='ocrx_word' id='word_1_539' title='bbox 1080 1534 1142 1553; x_wconf 90' lang='lat' dir='ltr'><strong>rum</strong></span> <span class='ocrx_word' id='word_1_540' title='bbox 1171 1525 1245 1561; x_wconf 89' lang='lat' dir='ltr'><strong>quod</strong></span> <span class='ocrx_word' id='word_1_541' title='bbox 1267 1530 1296 1553; x_wconf 91' lang='lat' dir='ltr'><strong>et</strong></span> <span class='ocrx_word' id='word_1_542' title='bbox 1308 1533 1395 1561; x_wconf 75' lang='lat' dir='ltr'><strong>agnus</strong></span> <span class='ocrx_word' id='word_1_543' title='bbox 1412 1529 1454 1553; x_wconf 86' lang='lat' dir='ltr'><strong>est</strong></span> <span class='ocrx_word' id='word_1_544' title='bbox 1468 1525 1607 1558; x_wconf 89' lang='lat' dir='ltr'><strong>Chrlstus,</strong></span> <span class='ocrx_word' id='word_1_545' title='bbox 1623 1529 1654 1552; x_wconf 91' lang='lat' dir='ltr'><strong>ut</strong></span> <span class='ocrx_word' id='word_1_546' title='bbox 1674 1525 1823 1558; x_wconf 83' lang='lat' dir='ltr'><strong>innocens;</strong></span> <span class='ocrx_word' id='word_1_547' title='bbox 1839 1530 1868 1553; x_wconf 83' lang='lat' dir='ltr'><strong>ct</strong></span> 
     </span>
    </p>
   </div>
   <div class='ocr_carea' id='block_1_76' title="bbox 1043 1571 1868 1618">
    <p class='ocr_par' dir='ltr' id='par_1_76' title="bbox 1043 1571 1868 1618">
     <span class='ocr_line' id='line_1_76' title="bbox 1043 1571 1868 1618; baseline -0.001 -19"><span class='ocrx_word' id='word_1_548' title='bbox 1043 1588 1065 1618; x_wconf 68' lang='grc' dir='ltr'>α</span> <span class='ocrx_word' id='word_1_549' title='bbox 1083 1572 1186 1604; x_wconf 87' lang='lat' dir='ltr'><strong>hircus,</strong></span> <span class='ocrx_word' id='word_1_550' title='bbox 1203 1577 1233 1599; x_wconf 93' lang='lat' dir='ltr'><strong>ut</strong></span> <span class='ocrx_word' id='word_1_551' title='bbox 1248 1576 1358 1607; x_wconf 85' lang='lat' dir='ltr'><strong>propter</strong></span> <span class='ocrx_word' id='word_1_552' title='bbox 1374 1576 1484 1607; x_wconf 90' lang='lat' dir='ltr'><strong>peccata</strong></span> <span class='ocrx_word' id='word_1_553' title='bbox 1500 1575 1594 1599; x_wconf 84' lang='lat' dir='ltr'><strong>nostra</strong></span> <span class='ocrx_word' id='word_1_554' title='bbox 1615 1572 1750 1605; x_wconf 85' lang='lat' dir='ltr'><strong>traditus;</strong></span> <span class='ocrx_word' id='word_1_555' title='bbox 1769 1571 1868 1599; x_wconf 88' lang='lat' dir='ltr'><strong>deinde</strong></span> 
     </span>
    </p>
   </div>
   <div class='ocr_carea' id='block_1_77' title="bbox 1081 1617 1869 1654">
    <p class='ocr_par' dir='ltr' id='par_1_77' title="bbox 1081 1617 1869 1654">
     <span class='ocr_line' id='line_1_77' title="bbox 1081 1617 1869 1654; baseline 0 -9"><span class='ocrx_word' id='word_1_556' title='bbox 1081 1618 1154 1654; x_wconf 76' lang='lat' dir='ltr'><strong>quod</strong></span> <span class='ocrx_word' id='word_1_557' title='bbox 1170 1618 1197 1645; x_wconf 90' lang='lat' dir='ltr'><strong>itt</strong></span> <span class='ocrx_word' id='word_1_558' title='bbox 1215 1619 1359 1653; x_wconf 65' lang='lat' dir='ltr'><strong>praesentia</strong></span> <span class='ocrx_word' id='word_1_559' title='bbox 1386 1617 1490 1645; x_wconf 85' lang='lat' dir='ltr'><strong>Christi</strong></span> <span class='ocrx_word' id='word_1_560' title='bbox 1506 1617 1665 1653; x_wconf 85' lang='lat' dir='ltr'><strong>mysterium</strong></span> <span class='ocrx_word' id='word_1_561' title='bbox 1691 1618 1822 1653; x_wconf 83' lang='lat' dir='ltr'><strong>positum,</strong></span> <span class='ocrx_word' id='word_1_562' title='bbox 1836 1625 1869 1645; x_wconf 82' lang='lat' dir='ltr'><strong>ac</strong></span> 
     </span>
    </p>
   </div>
   <div class='ocr_carea' id='block_1_78' title="bbox 1079 1664 1868 1699">
    <p class='ocr_par' dir='ltr' id='par_1_78' title="bbox 1079 1664 1868 1699">
     <span class='ocr_line' id='line_1_78' title="bbox 1079 1664 1868 1699; baseline -0.001 -8"><span class='ocrx_word' id='word_1_563' title='bbox 1079 1664 1154 1692; x_wconf 90' lang='lat' dir='ltr'><strong>velut</strong></span> <span class='ocrx_word' id='word_1_564' title='bbox 1180 1664 1388 1699; x_wconf 59' lang='lat' dir='ltr'><strong>prasignatum,</strong></span> <span class='ocrx_word' id='word_1_565' title='bbox 1406 1669 1489 1698; x_wconf 86' lang='lat' dir='ltr'><strong>atque</strong></span> <span class='ocrx_word' id='word_1_566' title='bbox 1517 1667 1581 1690; x_wconf 90' lang='lat' dir='ltr'><strong>ante</strong></span> <span class='ocrx_word' id='word_1_567' title='bbox 1608 1664 1707 1692; x_wconf 64' lang='lat' dir='ltr'><strong>saecula</strong></span> <span class='ocrx_word' id='word_1_568' title='bbox 1729 1665 1868 1692; x_wconf 85' lang='lat' dir='ltr'><strong>decretum</strong></span> 
     </span>
    </p>
   </div>
   <div class='ocr_carea' id='block_1_79' title="bbox 1080 1709 1869 1745">
    <p class='ocr_par' dir='ltr' id='par_1_79' title="bbox 1080 1709 1869 1745">
     <span class='ocr_line' id='line_1_79' title="bbox 1080 1709 1869 1745; baseline -0.001 -7"><span class='ocrx_word' id='word_1_569' title='bbox 1080 1714 1164 1738; x_wconf 83' lang='lat' dir='ltr'><strong>esset.</strong></span> <span class='ocrx_word' id='word_1_570' title='bbox 1185 1709 1254 1737; x_wconf 91' lang='lat' dir='ltr'><strong>Tum</strong></span> <span class='ocrx_word' id='word_1_571' title='bbox 1274 1710 1348 1744; x_wconf 86' lang='lat' dir='ltr'><strong>quod</strong></span> <span class='ocrx_word' id='word_1_572' title='bbox 1380 1710 1483 1737; x_wconf 90' lang='lat' dir='ltr'><strong>idcirco</strong></span> <span class='ocrx_word' id='word_1_573' title='bbox 1510 1710 1615 1738; x_wconf 89' lang='lat' dir='ltr'><strong>decima</strong></span> <span class='ocrx_word' id='word_1_574' title='bbox 1633 1709 1677 1737; x_wconf 92' lang='lat' dir='ltr'><strong>die</strong></span> <span class='ocrx_word' id='word_1_575' title='bbox 1690 1717 1777 1745; x_wconf 77' lang='lat' dir='ltr'><strong>agnus</strong></span> <span class='ocrx_word' id='word_1_576' title='bbox 1790 1717 1869 1737; x_wconf 83' lang='lat' dir='ltr'><strong>acce-</strong></span> 
     </span>
    </p>
   </div>
   <div class='ocr_carea' id='block_1_80' title="bbox 1080 1755 1868 1791">
    <p class='ocr_par' dir='ltr' id='par_1_80' title="bbox 1080 1755 1868 1791">
     <span class='ocr_line' id='line_1_80' title="bbox 1080 1755 1868 1791; baseline 0 -9"><span class='ocrx_word' id='word_1_577' title='bbox 1080 1762 1153 1791; x_wconf 84' lang='lat' dir='ltr'><strong>ptus,</strong></span> <span class='ocrx_word' id='word_1_578' title='bbox 1167 1761 1247 1790; x_wconf 87' lang='lat' dir='ltr'><strong>atque</strong></span> <span class='ocrx_word' id='word_1_579' title='bbox 1262 1755 1336 1790; x_wconf 92' lang='lat' dir='ltr'><strong>quod</strong></span> <span class='ocrx_word' id='word_1_580' title='bbox 1350 1755 1384 1782; x_wconf 86' lang='lat' dir='ltr'><strong>ad</strong></span> <span class='ocrx_word' id='word_1_581' title='bbox 1405 1763 1547 1790; x_wconf 83' lang='lat' dir='ltr'><strong>vesperam</strong></span> <span class='ocrx_word' id='word_1_582' title='bbox 1565 1760 1698 1783; x_wconf 89' lang='lat' dir='ltr'><strong>mactatus</strong></span> <span class='ocrx_word' id='word_1_583' title='bbox 1711 1763 1772 1783; x_wconf 83' lang='lat' dir='ltr'><strong>esse</strong></span> <span class='ocrx_word' id='word_1_584' title='bbox 1792 1757 1868 1783; x_wconf 87' lang='lat' dir='ltr'><strong>dica-</strong></span> 
     </span>
    </p>
   </div>
   <div class='ocr_carea' id='block_1_81' title="bbox 1081 1801 1866 1836">
    <p class='ocr_par' dir='ltr' id='par_1_81' title="bbox 1081 1801 1866 1836">
     <span class='ocr_line' id='line_1_81' title="bbox 1081 1801 1866 1836; baseline -0.001 -8"><span class='ocrx_word' id='word_1_585' title='bbox 1081 1806 1134 1833; x_wconf 85' lang='lat' dir='ltr'><strong>tur,</strong></span> <span class='ocrx_word' id='word_1_586' title='bbox 1153 1802 1216 1836; x_wconf 85' lang='lat' dir='ltr'><strong>quia</strong></span> <span class='ocrx_word' id='word_1_587' title='bbox 1232 1801 1258 1828; x_wconf 92' lang='lat' dir='ltr'><strong>in</strong></span> <span class='ocrx_word' id='word_1_588' title='bbox 1275 1801 1329 1828; x_wconf 86' lang='lat' dir='ltr'><strong>line</strong></span> <span class='ocrx_word' id='word_1_589' title='bbox 1340 1802 1503 1828; x_wconf 73' lang='lat' dir='ltr'><strong>saeculorum</strong></span> <span class='ocrx_word' id='word_1_590' title='bbox 1519 1801 1628 1828; x_wconf 84' lang='lat' dir='ltr'><strong>Christo</strong></span> <span class='ocrx_word' id='word_1_591' title='bbox 1643 1809 1718 1829; x_wconf 92' lang='lat' dir='ltr'><strong>mors</strong></span> <span class='ocrx_word' id='word_1_592' title='bbox 1733 1801 1866 1836; x_wconf 79' lang='lat' dir='ltr'><strong>contigit:</strong></span> 
     </span>
    </p>
   </div>
   <div class='ocr_carea' id='block_1_82' title="bbox 1080 1847 1867 1882">
    <p class='ocr_par' dir='ltr' id='par_1_82' title="bbox 1080 1847 1867 1882">
     <span class='ocr_line' id='line_1_82' title="bbox 1080 1847 1867 1882; baseline -0.001 -8"><span class='ocrx_word' id='word_1_593' title='bbox 1080 1847 1210 1882; x_wconf 84' lang='lat' dir='ltr'><strong>quodque</strong></span> <span class='ocrx_word' id='word_1_594' title='bbox 1237 1847 1300 1874; x_wconf 90' lang='lat' dir='ltr'><strong>ideo</strong></span> <span class='ocrx_word' id='word_1_595' title='bbox 1314 1852 1394 1874; x_wconf 90' lang='lat' dir='ltr'><strong>nocte</strong></span> <span class='ocrx_word' id='word_1_596' title='bbox 1411 1854 1464 1874; x_wconf 90' lang='lat' dir='ltr'><strong>una</strong></span> <span class='ocrx_word' id='word_1_597' title='bbox 1481 1854 1577 1874; x_wconf 77' lang='lat' dir='ltr'><strong>carnes</strong></span> <span class='ocrx_word' id='word_1_598' title='bbox 1590 1847 1780 1878; x_wconf 82' lang='lat' dir='ltr'><strong>absumantnr,</strong></span> <span class='ocrx_word' id='word_1_599' title='bbox 1802 1848 1867 1881; x_wconf 87' lang='lat' dir='ltr'><strong>quia</strong></span> 
     </span>
    </p>
   </div>
   <div class='ocr_carea' id='block_1_83' title="bbox 1080 1892 1866 1927">
    <p class='ocr_par' dir='ltr' id='par_1_83' title="bbox 1080 1892 1866 1927">
     <span class='ocr_line' id='line_1_83' title="bbox 1080 1892 1866 1927; baseline -0.003 -7"><span class='ocrx_word' id='word_1_600' title='bbox 1080 1894 1177 1920; x_wconf 91' lang='lat' dir='ltr'><strong>mortis</strong></span> <span class='ocrx_word' id='word_1_601' title='bbox 1200 1892 1301 1920; x_wconf 85' lang='lat' dir='ltr'><strong>Christi</strong></span> <span class='ocrx_word' id='word_1_602' title='bbox 1319 1897 1425 1927; x_wconf 90' lang='lat' dir='ltr'><strong>tempus</strong></span> <span class='ocrx_word' id='word_1_603' title='bbox 1444 1893 1556 1920; x_wconf 90' lang='lat' dir='ltr'><strong>unicum</strong></span> <span class='ocrx_word' id='word_1_604' title='bbox 1574 1897 1626 1924; x_wconf 89' lang='lat' dir='ltr'><strong>est,</strong></span> <span class='ocrx_word' id='word_1_605' title='bbox 1644 1900 1677 1919; x_wconf 90' lang='lat' dir='ltr'><strong>ac</strong></span> <span class='ocrx_word' id='word_1_606' title='bbox 1690 1892 1772 1920; x_wconf 86' lang='lat' dir='ltr'><strong>semel</strong></span> <span class='ocrx_word' id='word_1_607' title='bbox 1790 1900 1866 1918; x_wconf 93' lang='lat' dir='ltr'><strong>mor-</strong></span> 
     </span>
    </p>
   </div>
   <div class='ocr_carea' id='block_1_84' title="bbox 1080 1937 1868 1972">
    <p class='ocr_par' dir='ltr' id='par_1_84' title="bbox 1080 1937 1868 1972">
     <span class='ocr_line' id='line_1_84' title="bbox 1080 1937 1868 1972; baseline -0.003 -6"><span class='ocrx_word' id='word_1_608' title='bbox 1080 1943 1156 1970; x_wconf 89' lang='lat' dir='ltr'><strong>tuus,</strong></span> <span class='ocrx_word' id='word_1_609' title='bbox 1175 1947 1229 1966; x_wconf 89' lang='lat' dir='ltr'><strong>non</strong></span> <span class='ocrx_word' id='word_1_610' title='bbox 1248 1939 1316 1965; x_wconf 85' lang='lat' dir='ltr'><strong>ultra</strong></span> <span class='ocrx_word' id='word_1_611' title='bbox 1338 1939 1464 1966; x_wconf 88' lang='lat' dir='ltr'><strong>ntoritur.</strong></span> <span class='ocrx_word' id='word_1_612' title='bbox 1481 1938 1547 1965; x_wconf 89' lang='lat' dir='ltr'><strong>Itetn</strong></span> <span class='ocrx_word' id='word_1_613' title='bbox 1565 1938 1638 1972; x_wconf 91' lang='lat' dir='ltr'><strong>quod</strong></span> <span class='ocrx_word' id='word_1_614' title='bbox 1654 1945 1712 1970; x_wconf 86' lang='lat' dir='ltr'><strong>eos,</strong></span> <span class='ocrx_word' id='word_1_615' title='bbox 1731 1938 1777 1972; x_wconf 90' lang='lat' dir='ltr'><strong>qui</strong></span> <span class='ocrx_word' id='word_1_616' title='bbox 1803 1937 1868 1971; x_wconf 65' lang='lat' dir='ltr'><strong>agni</strong></span> 
     </span>
    </p>
   </div>
   <div class='ocr_carea' id='block_1_85' title="bbox 1079 1984 1868 2020">
    <p class='ocr_par' dir='ltr' id='par_1_85' title="bbox 1079 1984 1868 2020">
     <span class='ocr_line' id='line_1_85' title="bbox 1079 1984 1868 2020; baseline -0.003 -8"><span class='ocrx_word' id='word_1_617' title='bbox 1079 1985 1226 2020; x_wconf 86' lang='lat' dir='ltr'><strong>participes</strong></span> <span class='ocrx_word' id='word_1_618' title='bbox 1253 1985 1331 2016; x_wconf 90' lang='lat' dir='ltr'><strong>liunt,</strong></span> <span class='ocrx_word' id='word_1_619' title='bbox 1355 1984 1391 2011; x_wconf 90' lang='lat' dir='ltr'><strong>ab</strong></span> <span class='ocrx_word' id='word_1_620' title='bbox 1406 1984 1479 2012; x_wconf 91' lang='lat' dir='ltr'><strong>omni</strong></span> <span class='ocrx_word' id='word_1_621' title='bbox 1508 1985 1575 2011; x_wconf 88' lang='lat' dir='ltr'><strong>vitio</strong></span> <span class='ocrx_word' id='word_1_622' title='bbox 1591 1989 1619 2011; x_wconf 88' lang='lat' dir='ltr'><strong>et</strong></span> <span class='ocrx_word' id='word_1_623' title='bbox 1636 1984 1700 2011; x_wconf 92' lang='lat' dir='ltr'><strong>dolo</strong></span> <span class='ocrx_word' id='word_1_624' title='bbox 1716 1985 1790 2011; x_wconf 85' lang='lat' dir='ltr'><strong>velut</strong></span> <span class='ocrx_word' id='word_1_625' title='bbox 1812 1984 1868 2010; x_wconf 70' lang='grc' dir='ltr'><strong>[αι-</strong></span> 
     </span>
    </p>
   </div>
   <div class='ocr_carea' id='block_1_86' title="bbox 1080 2030 1868 2064">
    <p class='ocr_par' dir='ltr' id='par_1_86' title="bbox 1080 2030 1868 2064">
     <span class='ocr_line' id='line_1_86' title="bbox 1080 2030 1868 2064; baseline -0.001 -7"><span class='ocrx_word' id='word_1_626' title='bbox 1080 2035 1172 2057; x_wconf 85' lang='lat' dir='ltr'><strong>mento</strong></span> <span class='ocrx_word' id='word_1_627' title='bbox 1196 2030 1312 2064; x_wconf 86' lang='lat' dir='ltr'><strong>quodam</strong></span> <span class='ocrx_word' id='word_1_628' title='bbox 1325 2030 1431 2057; x_wconf 85' lang='lat' dir='ltr'><strong>alienos</strong></span> <span class='ocrx_word' id='word_1_629' title='bbox 1455 2037 1527 2062; x_wconf 75' lang='lat' dir='ltr'><strong>esse,</strong></span> <span class='ocrx_word' id='word_1_630' title='bbox 1549 2037 1582 2057; x_wconf 85' lang='lat' dir='ltr'><strong>ac</strong></span> <span class='ocrx_word' id='word_1_631' title='bbox 1597 2037 1645 2064; x_wconf 89' lang='lat' dir='ltr'><strong>pro</strong></span> <span class='ocrx_word' id='word_1_632' title='bbox 1659 2030 1758 2057; x_wconf 85' lang='lat' dir='ltr'><strong>Christi</strong></span> <span class='ocrx_word' id='word_1_633' title='bbox 1775 2037 1868 2056; x_wconf 89' lang='lat' dir='ltr'><strong>amore</strong></span> 
     </span>
    </p>
   </div>
   <div class='ocr_carea' id='block_1_87' title="bbox 1080 2074 1869 2109">
    <p class='ocr_par' dir='ltr' id='par_1_87' title="bbox 1080 2074 1869 2109">
     <span class='ocr_line' id='line_1_87' title="bbox 1080 2074 1869 2109; baseline -0.001 -7"><span class='ocrx_word' id='word_1_634' title='bbox 1080 2076 1256 2103; x_wconf 83' lang='lat' dir='ltr'><strong>alllictionum</strong></span> <span class='ocrx_word' id='word_1_635' title='bbox 1284 2075 1447 2103; x_wconf 85' lang='lat' dir='ltr'><strong>acerbitates</strong></span> <span class='ocrx_word' id='word_1_636' title='bbox 1474 2080 1503 2102; x_wconf 87' lang='lat' dir='ltr'><strong>et</strong></span> <span class='ocrx_word' id='word_1_637' title='bbox 1530 2075 1729 2102; x_wconf 86' lang='lat' dir='ltr'><strong>atnaritudines</strong></span> <span class='ocrx_word' id='word_1_638' title='bbox 1746 2074 1869 2109; x_wconf 80' lang='lat' dir='ltr'><strong>perferre</strong></span> 
     </span>
    </p>
   </div>
   <div class='ocr_carea' id='block_1_88' title="bbox 1080 2121 1868 2156">
    <p class='ocr_par' dir='ltr' id='par_1_88' title="bbox 1080 2121 1868 2156">
     <span class='ocr_line' id='line_1_88' title="bbox 1080 2121 1868 2156; baseline -0.001 -8"><span class='ocrx_word' id='word_1_639' title='bbox 1080 2127 1202 2156; x_wconf 90' lang='lat' dir='ltr'><strong>oportet,</strong></span> <span class='ocrx_word' id='word_1_640' title='bbox 1225 2127 1252 2149; x_wconf 88' lang='lat' dir='ltr'><strong>et</strong></span> <span class='ocrx_word' id='word_1_641' title='bbox 1279 2121 1422 2156; x_wconf 89' lang='lat' dir='ltr'><strong>expeditos</strong></span> <span class='ocrx_word' id='word_1_642' title='bbox 1446 2129 1506 2148; x_wconf 84' lang='lat' dir='ltr'><strong>esse</strong></span> <span class='ocrx_word' id='word_1_643' title='bbox 1533 2125 1615 2155; x_wconf 81' lang='lat' dir='ltr'><strong>atque</strong></span> <span class='ocrx_word' id='word_1_644' title='bbox 1650 2121 1820 2153; x_wconf 83' lang='lat' dir='ltr'><strong>succinctos,</strong></span> <span class='ocrx_word' id='word_1_645' title='bbox 1836 2128 1868 2148; x_wconf 90' lang='lat' dir='ltr'><strong>ac</strong></span> 
     </span>
    </p>
   </div>
   <div class='ocr_carea' id='block_1_89' title="bbox 1081 2167 1867 2202">
    <p class='ocr_par' dir='ltr' id='par_1_89' title="bbox 1081 2167 1867 2202">
     <span class='ocr_line' id='line_1_89' title="bbox 1081 2167 1867 2202; baseline 0 -9"><span class='ocrx_word' id='word_1_646' title='bbox 1081 2167 1205 2194; x_wconf 90' lang='lat' dir='ltr'><strong>morienti</strong></span> <span class='ocrx_word' id='word_1_647' title='bbox 1232 2167 1345 2194; x_wconf 88' lang='lat' dir='ltr'><strong>Christo</strong></span> <span class='ocrx_word' id='word_1_648' title='bbox 1363 2167 1435 2194; x_wconf 91' lang='lat' dir='ltr'><strong>velut</strong></span> <span class='ocrx_word' id='word_1_649' title='bbox 1465 2167 1579 2194; x_wconf 86' lang='lat' dir='ltr'><strong>comites</strong></span> <span class='ocrx_word' id='word_1_650' title='bbox 1603 2174 1633 2194; x_wconf 90' lang='lat' dir='ltr'><strong>se</strong></span> <span class='ocrx_word' id='word_1_651' title='bbox 1656 2167 1815 2202; x_wconf 69' lang='lat' dir='ltr'><strong>adjungere,</strong></span> <span class='ocrx_word' id='word_1_652' title='bbox 1839 2172 1867 2193; x_wconf 86' lang='lat' dir='ltr'><strong>et</strong></span> 
     </span>
    </p>
   </div>
   <div class='ocr_carea' id='block_1_90' title="bbox 1080 2213 1868 2248">
    <p class='ocr_par' dir='ltr' id='par_1_90' title="bbox 1080 2213 1868 2248">
     <span class='ocr_line' id='line_1_90' title="bbox 1080 2213 1868 2248; baseline 0 -8"><span class='ocrx_word' id='word_1_653' title='bbox 1080 2220 1142 2240; x_wconf 91' lang='lat' dir='ltr'><strong>cum</strong></span> <span class='ocrx_word' id='word_1_654' title='bbox 1153 2221 1185 2240; x_wconf 87' lang='lat' dir='ltr'><strong>eo</strong></span> <span class='ocrx_word' id='word_1_655' title='bbox 1197 2221 1229 2241; x_wconf 86' lang='lat' dir='ltr'><strong>ex</strong></span> <span class='ocrx_word' id='word_1_656' title='bbox 1243 2214 1294 2240; x_wconf 85' lang='lat' dir='ltr'><strong>hac</strong></span> <span class='ocrx_word' id='word_1_657' title='bbox 1311 2214 1366 2240; x_wconf 90' lang='lat' dir='ltr'><strong>vita</strong></span> <span class='ocrx_word' id='word_1_658' title='bbox 1380 2213 1579 2248; x_wconf 84' lang='lat' dir='ltr'><strong>tnundanisque</strong></span> <span class='ocrx_word' id='word_1_659' title='bbox 1592 2214 1709 2247; x_wconf 71' lang='lat' dir='ltr'><strong>negotiis</strong></span> <span class='ocrx_word' id='word_1_660' title='bbox 1724 2213 1868 2246; x_wconf 84' lang='lat' dir='ltr'><strong>excedere,</strong></span> 
     </span>
    </p>
   </div>
   <div class='ocr_carea' id='block_1_91' title="bbox 243 2255 1866 2293">
    <p class='ocr_par' dir='ltr' id='par_1_91' title="bbox 243 2255 1866 2293">
     <span class='ocr_line' id='line_1_91' title="bbox 243 2255 1866 2293; baseline -0.001 -8"><span class='ocrx_word' id='word_1_661' title='bbox 243 2258 366 2286; x_wconf 87' lang='lat' dir='ltr'><strong>lenitatis</strong></span> <span class='ocrx_word' id='word_1_662' title='bbox 393 2257 591 2289; x_wconf 83' lang='lat' dir='ltr'><strong>mansuefacta,</strong></span> <span class='ocrx_word' id='word_1_663' title='bbox 614 2265 646 2284; x_wconf 84' lang='lat' dir='ltr'><strong>ac</strong></span> <span class='ocrx_word' id='word_1_664' title='bbox 671 2265 719 2292; x_wconf 88' lang='lat' dir='ltr'><strong>per</strong></span> <span class='ocrx_word' id='word_1_665' title='bbox 737 2258 858 2284; x_wconf 85' lang='lat' dir='ltr'><strong>divinum</strong></span> <span class='ocrx_word' id='word_1_666' title='bbox 888 2265 1028 2286; x_wconf 81' lang='lat' dir='ltr'><strong>accessum</strong></span> <span class='ocrx_word' id='word_1_667' title='bbox 1046 2255 1068 2284; x_wconf 86' lang='grc'><strong>1)</strong></span> <span class='ocrx_word' id='word_1_668' title='bbox 1082 2262 1163 2292; x_wconf 88' lang='lat' dir='ltr'><strong>atque</strong></span> <span class='ocrx_word' id='word_1_669' title='bbox 1184 2266 1272 2292; x_wconf 88' lang='lat' dir='ltr'><strong>usque</strong></span> <span class='ocrx_word' id='word_1_670' title='bbox 1287 2257 1320 2285; x_wconf 84' lang='lat' dir='ltr'><strong>ad</strong></span> <span class='ocrx_word' id='word_1_671' title='bbox 1333 2264 1468 2293; x_wconf 85' lang='lat' dir='ltr'><strong>posteram</strong></span> <span class='ocrx_word' id='word_1_672' title='bbox 1494 2265 1621 2285; x_wconf 85' lang='lat' dir='ltr'><strong>auroram</strong></span> <span class='ocrx_word' id='word_1_673' title='bbox 1645 2257 1720 2284; x_wconf 88' lang='lat' dir='ltr'><strong>domi</strong></span> <span class='ocrx_word' id='word_1_674' title='bbox 1745 2264 1866 2288; x_wconf 87' lang='lat' dir='ltr'><strong>manere.</strong></span> 
     </span>
    </p>
   </div>
   <div class='ocr_carea' id='block_1_92' title="bbox 242 2303 1029 2339">
    <p class='ocr_par' dir='ltr' id='par_1_92' title="bbox 242 2303 1029 2339">
     <span class='ocr_line' id='line_1_92' title="bbox 242 2303 1029 2339; baseline 0.001 -8"><span class='ocrx_word' id='word_1_675' title='bbox 242 2304 367 2338; x_wconf 83' lang='lat' dir='ltr'><strong>exculta,</strong></span> <span class='ocrx_word' id='word_1_676' title='bbox 392 2304 499 2332; x_wconf 77' lang='lat' dir='ltr'><strong>fructus</strong></span> <span class='ocrx_word' id='word_1_677' title='bbox 531 2303 653 2339; x_wconf 88' lang='lat' dir='ltr'><strong>protulit.</strong></span> <span class='ocrx_word' id='word_1_678' title='bbox 683 2303 744 2331; x_wconf 84' lang='lat' dir='ltr'><strong>Jam</strong></span> <span class='ocrx_word' id='word_1_679' title='bbox 767 2312 841 2331; x_wconf 87' lang='lat' dir='ltr'><strong>mare</strong></span> <span class='ocrx_word' id='word_1_680' title='bbox 858 2305 930 2339; x_wconf 91' lang='lat' dir='ltr'><strong>quod</strong></span> <span class='ocrx_word' id='word_1_681' title='bbox 957 2306 1029 2332; x_wconf 90' lang='lat' dir='ltr'><strong>scin-</strong></span> 
     </span>
    </p>
   </div>
   <div class='ocr_carea' id='block_1_93' title="bbox 243 2349 1029 2384">
    <p class='ocr_par' dir='ltr' id='par_1_93' title="bbox 243 2349 1029 2384">
     <span class='ocr_line' id='line_1_93' title="bbox 243 2349 1029 2384; baseline 0 -6"><span class='ocrx_word' id='word_1_682' title='bbox 243 2351 335 2384; x_wconf 84' lang='lat' dir='ltr'><strong>ditur,</strong></span> <span class='ocrx_word' id='word_1_683' title='bbox 354 2350 500 2378; x_wconf 76' lang='lat' dir='ltr'><strong>all‘ectuunt</strong></span> <span class='ocrx_word' id='word_1_684' title='bbox 527 2354 674 2384; x_wconf 82' lang='lat' dir='ltr'><strong>tempestas</strong></span> <span class='ocrx_word' id='word_1_685' title='bbox 700 2355 752 2381; x_wconf 83' lang='lat' dir='ltr'><strong>est,</strong></span> <span class='ocrx_word' id='word_1_686' title='bbox 769 2357 801 2376; x_wconf 91' lang='lat' dir='ltr'><strong>ac</strong></span> <span class='ocrx_word' id='word_1_687' title='bbox 819 2349 976 2378; x_wconf 82' lang='lat' dir='ltr'><strong>ﬂuctuantis</strong></span> <span class='ocrx_word' id='word_1_688' title='bbox 1001 2356 1029 2379; x_wconf 83' lang='lat' dir='ltr'><strong>et</strong></span> 
     </span>
    </p>
   </div>
   <div class='ocr_carea' id='block_1_94' title="bbox 242 2395 1027 2431">
    <p class='ocr_par' dir='ltr' id='par_1_94' title="bbox 242 2395 1027 2431">
     <span class='ocr_line' id='line_1_94' title="bbox 242 2395 1027 2431; baseline 0.001 -9"><span class='ocrx_word' id='word_1_689' title='bbox 242 2397 401 2431; x_wconf 68' lang='lat' dir='ltr'><strong>procelloso:</strong></span> <span class='ocrx_word' id='word_1_690' title='bbox 424 2395 506 2430; x_wconf 85' lang='lat' dir='ltr'><strong>hujus</strong></span> <span class='ocrx_word' id='word_1_691' title='bbox 529 2395 588 2422; x_wconf 69' lang='lat' dir='ltr'><strong>vitae</strong></span> <span class='ocrx_word' id='word_1_692' title='bbox 607 2395 800 2423; x_wconf 83' lang='lat' dir='ltr'><strong>amarulctttia.</strong></span> <span class='ocrx_word' id='word_1_693' title='bbox 816 2395 923 2423; x_wconf 85' lang='lat' dir='ltr'><strong>Pharao</strong></span> <span class='ocrx_word' id='word_1_694' title='bbox 937 2401 1027 2424; x_wconf 83' lang='lat' dir='ltr'><strong>autem</strong></span> 
     </span>
    </p>
   </div>
   <div class='ocr_carea' id='block_1_95' title="bbox 242 2441 1029 2476">
    <p class='ocr_par' dir='ltr' id='par_1_95' title="bbox 242 2441 1029 2476">
     <span class='ocr_line' id='line_1_95' title="bbox 242 2441 1029 2476; baseline 0.001 -7"><span class='ocrx_word' id='word_1_695' title='bbox 242 2443 415 2475; x_wconf 73' lang='lat' dir='ltr'><strong>submersus,</strong></span> <span class='ocrx_word' id='word_1_696' title='bbox 428 2449 509 2476; x_wconf 88' lang='lat' dir='ltr'><strong>atque</strong></span> <span class='ocrx_word' id='word_1_697' title='bbox 523 2441 635 2468; x_wconf 83' lang='lat' dir='ltr'><strong>Amalec</strong></span> <span class='ocrx_word' id='word_1_698' title='bbox 660 2441 732 2469; x_wconf 89' lang='lat' dir='ltr'><strong>bello</strong></span> <span class='ocrx_word' id='word_1_699' title='bbox 755 2448 914 2476; x_wconf 85' lang='lat' dir='ltr'><strong>oppressus,</strong></span> <span class='ocrx_word' id='word_1_700' title='bbox 933 2443 1029 2470; x_wconf 88' lang='lat' dir='ltr'><strong>diabo-</strong></span> 
     </span>
    </p>
   </div>
   <div class='ocr_carea' id='block_1_96' title="bbox 242 2487 1028 2522">
    <p class='ocr_par' dir='ltr' id='par_1_96' title="bbox 242 2487 1028 2522">
     <span class='ocr_line' id='line_1_96' title="bbox 242 2487 1028 2522; baseline 0.001 -8"><span class='ocrx_word' id='word_1_701' title='bbox 242 2490 285 2516; x_wconf 85' lang='lat' dir='ltr'><strong>lus</strong></span> <span class='ocrx_word' id='word_1_702' title='bbox 296 2494 347 2516; x_wconf 83' lang='lat' dir='ltr'><strong>est.</strong></span> <span class='ocrx_word' id='word_1_703' title='bbox 359 2489 453 2521; x_wconf 83' lang='lat' dir='ltr'><strong>Arma,</strong></span> <span class='ocrx_word' id='word_1_704' title='bbox 470 2488 593 2515; x_wconf 85' lang='lat' dir='ltr'><strong>divinum</strong></span> <span class='ocrx_word' id='word_1_705' title='bbox 609 2487 756 2521; x_wconf 77' lang='lat' dir='ltr'><strong>auxilium;</strong></span> <span class='ocrx_word' id='word_1_706' title='bbox 770 2495 878 2521; x_wconf 90' lang='lat' dir='ltr'><strong>manus,</strong></span> <span class='ocrx_word' id='word_1_707' title='bbox 894 2489 1028 2522; x_wconf 87' lang='lat' dir='ltr'><strong>actiones;</strong></span> 
     </span>
    </p>
   </div>
   <div class='ocr_carea' id='block_1_97' title="bbox 242 2533 1028 2569">
    <p class='ocr_par' dir='ltr' id='par_1_97' title="bbox 242 2533 1028 2569">
     <span class='ocr_line' id='line_1_97' title="bbox 242 2533 1028 2569; baseline 0.001 -9"><span class='ocrx_word' id='word_1_708' title='bbox 242 2535 331 2568; x_wconf 85' lang='lat' dir='ltr'><strong>panis.</strong></span> <span class='ocrx_word' id='word_1_709' title='bbox 357 2534 508 2568; x_wconf 78' lang='lat' dir='ltr'><strong>spiritualis</strong></span> <span class='ocrx_word' id='word_1_710' title='bbox 536 2541 610 2560; x_wconf 86' lang='lat' dir='ltr'><strong>esca.</strong></span> <span class='ocrx_word' id='word_1_711' title='bbox 639 2533 730 2567; x_wconf 79' lang='lat' dir='ltr'><strong>Petra,</strong></span> <span class='ocrx_word' id='word_1_712' title='bbox 753 2533 891 2567; x_wconf 87' lang='lat' dir='ltr'><strong>Christus,</strong></span> <span class='ocrx_word' id='word_1_713' title='bbox 915 2542 947 2561; x_wconf 81' lang='lat' dir='ltr'><strong>ex</strong></span> <span class='ocrx_word' id='word_1_714' title='bbox 975 2542 1028 2569; x_wconf 87' lang='lat' dir='ltr'><strong>quo</strong></span> 
     </span>
    </p>
   </div>
   <div class='ocr_carea' id='block_1_98' title="bbox 242 2579 1028 2616">
    <p class='ocr_par' dir='ltr' id='par_1_98' title="bbox 242 2579 1028 2616">
     <span class='ocr_line' id='line_1_98' title="bbox 242 2579 1028 2616; baseline 0.003 -10"><span class='ocrx_word' id='word_1_715' title='bbox 242 2589 311 2616; x_wconf 78' lang='lat' dir='ltr'><strong>aqua</strong></span> <span class='ocrx_word' id='word_1_716' title='bbox 328 2581 391 2607; x_wconf 76' lang='lat' dir='ltr'><strong>vita:</strong></span> <span class='ocrx_word' id='word_1_717' title='bbox 408 2584 511 2606; x_wconf 87' lang='lat' dir='ltr'><strong>tttanat.</strong></span> <span class='ocrx_word' id='word_1_718' title='bbox 532 2579 646 2606; x_wconf 84' lang='lat' dir='ltr'><strong>Fluvios</strong></span> <span class='ocrx_word' id='word_1_719' title='bbox 662 2580 710 2614; x_wconf 89' lang='lat' dir='ltr'><strong>qui</strong></span> <span class='ocrx_word' id='word_1_720' title='bbox 725 2579 876 2613; x_wconf 85' lang='lat' dir='ltr'><strong>inhibetur,</strong></span> <span class='ocrx_word' id='word_1_721' title='bbox 905 2580 1028 2608; x_wconf 86' lang='lat' dir='ltr'><strong>libidinis</strong></span> 
     </span>
    </p>
   </div>
   <div class='ocr_carea' id='block_1_99' title="bbox 243 2624 1027 2662">
    <p class='ocr_par' dir='ltr' id='par_1_99' title="bbox 243 2624 1027 2662">
     <span class='ocr_line' id='line_1_99' title="bbox 243 2624 1027 2662; baseline 0.001 -10"><span class='ocrx_word' id='word_1_722' title='bbox 243 2626 415 2660; x_wconf 84' lang='lat' dir='ltr'><strong>proﬂuvium.</strong></span> <span class='ocrx_word' id='word_1_723' title='bbox 434 2625 480 2652; x_wconf 85' lang='lat' dir='ltr'><strong>Sol</strong></span> <span class='ocrx_word' id='word_1_724' title='bbox 509 2630 596 2656; x_wconf 80' lang='lat' dir='ltr'><strong>stans,</strong></span> <span class='ocrx_word' id='word_1_725' title='bbox 633 2624 680 2652; x_wconf 88' lang='lat' dir='ltr'><strong>Sol</strong></span> <span class='ocrx_word' id='word_1_726' title='bbox 709 2631 750 2653; x_wconf 75' lang='lat' dir='ltr'><strong>est</strong></span> <span class='ocrx_word' id='word_1_727' title='bbox 774 2626 899 2660; x_wconf 69' lang='lat' dir='ltr'><strong>justitiae.</strong></span> <span class='ocrx_word' id='word_1_728' title='bbox 940 2626 1027 2662; x_wconf 85' lang='lat' dir='ltr'><strong>Atque</strong></span> 
     </span>
    </p>
   </div>
   <div class='ocr_carea' id='block_1_100' title="bbox 242 2671 1023 2707">
    <p class='ocr_par' dir='ltr' id='par_1_100' title="bbox 242 2671 1023 2707">
     <span class='ocr_line' id='line_1_100' title="bbox 242 2671 1023 2707; baseline 0 -8"><span class='ocrx_word' id='word_1_729' title='bbox 242 2681 257 2699; x_wconf 88' lang='grc' dir='ltr'>υ</span> <span class='ocrx_word' id='word_1_730' title='bbox 272 2673 380 2699; x_wconf 79' lang='lat' dir='ltr'><strong>beatum</strong></span> <span class='ocrx_word' id='word_1_731' title='bbox 397 2672 543 2702; x_wconf 82' lang='lat' dir='ltr'><strong>hominem,</strong></span> <span class='ocrx_word' id='word_1_732' title='bbox 553 2678 598 2705; x_wconf 90' lang='lat' dir='ltr'><strong>qut</strong></span> <span class='ocrx_word' id='word_1_733' title='bbox 610 2675 666 2697; x_wconf 82' lang='lat' dir='ltr'><strong>toto</strong></span> <span class='ocrx_word' id='word_1_734' title='bbox 680 2671 735 2703; x_wconf 78' lang='lat' dir='ltr'><strong>die,</strong></span> <span class='ocrx_word' id='word_1_735' title='bbox 752 2672 804 2699; x_wconf 89' lang='lat' dir='ltr'><strong>hoc</strong></span> <span class='ocrx_word' id='word_1_736' title='bbox 823 2677 865 2698; x_wconf 90' lang='lat' dir='ltr'><strong>est</strong></span> <span class='ocrx_word' id='word_1_737' title='bbox 879 2673 1023 2707; x_wconf 69' lang='lat' dir='ltr'><strong>praesentis</strong></span> 
     </span>
    </p>
   </div>
   <div class='ocr_carea' id='block_1_101' title="bbox 275 2771 835 2808">
    <p class='ocr_par' dir='ltr' id='par_1_101' title="bbox 275 2771 835 2808">
     <span class='ocr_line' id='line_1_101' title="bbox 275 2771 835 2808; baseline -0.005 -8"><span class='ocrx_word' id='word_1_738' title='bbox 275 2772 298 2788; x_wconf 85' lang='grc'><strong>⁷⁸</strong></span> <span class='ocrx_word' id='word_1_739' title='bbox 316 2773 381 2808; x_wconf 88' lang='lat' dir='ltr'><strong>Sap.</strong></span> <span class='ocrx_word' id='word_1_740' title='bbox 400 2780 449 2807; x_wconf 79' lang='grc' dir='ltr'><strong>χιι,</strong></span> <span class='ocrx_word' id='word_1_741' title='bbox 468 2772 497 2799; x_wconf 92' lang='grc'><strong>8.</strong></span> <span class='ocrx_word' id='word_1_742' title='bbox 534 2773 558 2787; x_wconf 80' lang='grc'>⁷⁸</span> <span class='ocrx_word' id='word_1_743' title='bbox 577 2771 664 2798; x_wconf 91' lang='lat' dir='ltr'><strong>ICor.</strong></span> <span class='ocrx_word' id='word_1_744' title='bbox 683 2771 737 2803; x_wconf 83' lang='lat' dir='ltr'><strong>x,I</strong></span> <span class='ocrx_word' id='word_1_745' title='bbox 757 2779 835 2806; x_wconf 80' lang='lat' dir='ltr'><strong>seqq.</strong></span> 
     </span>
    </p>
   </div>
   <div class='ocr_carea' id='block_1_102' title="bbox 276 2861 1022 2897">
    <p class='ocr_par' dir='ltr' id='par_1_102' title="bbox 276 2861 1022 2897">
     <span class='ocr_line' id='line_1_102' title="bbox 276 2861 1022 2897; baseline 0 -8"><span class='ocrx_word' id='word_1_746' title='bbox 276 2863 332 2897; x_wconf 71' lang='lat'><strong>(2‘2)</strong></span> <span class='ocrx_word' id='word_1_747' title='bbox 352 2862 438 2889; x_wconf 71' lang='lat' dir='ltr'><strong>[labes</strong></span> <span class='ocrx_word' id='word_1_748' title='bbox 451 2862 542 2890; x_wconf 78' lang='lat' dir='ltr'><strong>Iosue.</strong></span> <span class='ocrx_word' id='word_1_749' title='bbox 559 2861 614 2889; x_wconf 82' lang='lat' dir='ltr'><strong>Ilas</strong></span> <span class='ocrx_word' id='word_1_750' title='bbox 631 2869 727 2897; x_wconf 82' lang='lat' dir='ltr'><strong>omnes</strong></span> <span class='ocrx_word' id='word_1_751' title='bbox 748 2862 877 2890; x_wconf 72' lang='lat' dir='ltr'><strong>historias</strong></span> <span class='ocrx_word' id='word_1_752' title='bbox 888 2863 1022 2896; x_wconf 78' lang='lat' dir='ltr'><strong>interpres</strong></span> 
     </span>
    </p>
   </div>
   <div class='ocr_carea' id='block_1_103' title="bbox 243 2896 1024 2932">
    <p class='ocr_par' dir='ltr' id='par_1_103' title="bbox 243 2896 1024 2932">
     <span class='ocr_line' id='line_1_103' title="bbox 243 2896 1024 2932; baseline 0 -7"><span class='ocrx_word' id='word_1_753' title='bbox 243 2896 352 2926; x_wconf 57' lang='lat' dir='ltr'><strong>Graccus</strong></span> <span class='ocrx_word' id='word_1_754' title='bbox 372 2898 432 2925; x_wconf 83' lang='lat' dir='ltr'><strong>l&#39;usc</strong></span> <span class='ocrx_word' id='word_1_755' title='bbox 446 2902 608 2932; x_wconf 84' lang='lat' dir='ltr'><strong>prosecutus</strong></span> <span class='ocrx_word' id='word_1_756' title='bbox 632 2901 686 2925; x_wconf 86' lang='lat' dir='ltr'><strong>est.</strong></span> <span class='ocrx_word' id='word_1_757' title='bbox 702 2896 786 2925; x_wconf 85' lang='lat' dir='ltr'><strong>Nobis</strong></span> <span class='ocrx_word' id='word_1_758' title='bbox 801 2897 860 2925; x_wconf 85' lang='lat' dir='ltr'><strong>loca</strong></span> <span class='ocrx_word' id='word_1_759' title='bbox 877 2898 1024 2932; x_wconf 77' lang='lat' dir='ltr'><strong>Scriptura:</strong></span> 
     </span>
    </p>
   </div>
   <div class='ocr_carea' id='block_1_104' title="bbox 873 2772 1095 2804">
    <p class='ocr_par' dir='ltr' id='par_1_104' title="bbox 873 2772 1095 2804">
     <span class='ocr_line' id='line_1_104' title="bbox 873 2772 1095 2804; baseline 0.014 -7"><span class='ocrx_word' id='word_1_760' title='bbox 873 2772 895 2787; x_wconf 90' lang='lat'><strong>&quot;&quot;</strong></span> <span class='ocrx_word' id='word_1_761' title='bbox 910 2772 972 2800; x_wconf 84' lang='lat' dir='ltr'><strong>Psal</strong></span> <span class='ocrx_word' id='word_1_762' title='bbox 985 2781 1048 2804; x_wconf 84' lang='lat' dir='ltr'><strong>cxx,</strong></span> <span class='ocrx_word' id='word_1_763' title='bbox 1068 2773 1095 2800; x_wconf 90' lang='lat'><strong>6.</strong></span> 
     </span>
    </p>
   </div>
   <div class='ocr_carea' id='block_1_105' title="bbox 1081 2302 1867 2338">
    <p class='ocr_par' dir='ltr' id='par_1_105' title="bbox 1081 2302 1867 2338">
     <span class='ocr_line' id='line_1_105' title="bbox 1081 2302 1867 2338; baseline -0.004 -6"><span class='ocrx_word' id='word_1_764' title='bbox 1081 2304 1134 2332; x_wconf 90' lang='lat' dir='ltr'><strong>hoc</strong></span> <span class='ocrx_word' id='word_1_765' title='bbox 1159 2308 1211 2337; x_wconf 86' lang='lat' dir='ltr'><strong>est,</strong></span> <span class='ocrx_word' id='word_1_766' title='bbox 1228 2304 1330 2331; x_wconf 84' lang='lat' dir='ltr'><strong>virtute</strong></span> <span class='ocrx_word' id='word_1_767' title='bbox 1351 2311 1406 2331; x_wconf 89' lang='lat' dir='ltr'><strong>non</strong></span> <span class='ocrx_word' id='word_1_768' title='bbox 1422 2303 1575 2336; x_wconf 87' lang='lat' dir='ltr'><strong>discedere,</strong></span> <span class='ocrx_word' id='word_1_769' title='bbox 1596 2303 1689 2338; x_wconf 84' lang='lat' dir='ltr'><strong>quoad</strong></span> <span class='ocrx_word' id='word_1_770' title='bbox 1701 2302 1793 2329; x_wconf 88' lang='lat' dir='ltr'><strong>I&#39;utura</strong></span> <span class='ocrx_word' id='word_1_771' title='bbox 1807 2303 1867 2330; x_wconf 89' lang='lat' dir='ltr'><strong>dies</strong></span> 
     </span>
    </p>
   </div>
   <div class='ocr_carea' id='block_1_106' title="bbox 1080 2347 1868 2386">
    <p class='ocr_par' dir='ltr' id='par_1_106' title="bbox 1080 2347 1868 2386">
     <span class='ocr_line' id='line_1_106' title="bbox 1080 2347 1868 2386; baseline -0.006 -8"><span class='ocrx_word' id='word_1_772' title='bbox 1080 2350 1232 2386; x_wconf 68' lang='lat' dir='ltr'><strong>praesentiae</strong></span> <span class='ocrx_word' id='word_1_773' title='bbox 1260 2350 1364 2377; x_wconf 87' lang='lat' dir='ltr'><strong>Christi</strong></span> <span class='ocrx_word' id='word_1_774' title='bbox 1393 2349 1543 2378; x_wconf 84' lang='lat' dir='ltr'><strong>illuceseat.</strong></span> <span class='ocrx_word' id='word_1_775' title='bbox 1560 2348 1619 2376; x_wconf 73' lang='lat' dir='ltr'><strong>Nox</strong></span> <span class='ocrx_word' id='word_1_776' title='bbox 1643 2349 1716 2376; x_wconf 90' lang='lat' dir='ltr'><strong>enim</strong></span> <span class='ocrx_word' id='word_1_777' title='bbox 1735 2352 1791 2375; x_wconf 90' lang='lat' dir='ltr'><strong>tota</strong></span> <span class='ocrx_word' id='word_1_778' title='bbox 1809 2347 1868 2374; x_wconf 68' lang='lat' dir='ltr'><strong>hmo</strong></span> 
     </span>
    </p>
   </div>
   <div class='ocr_carea' id='block_1_107' title="bbox 1081 2393 1868 2430">
    <p class='ocr_par' dir='ltr' id='par_1_107' title="bbox 1081 2393 1868 2430">
     <span class='ocr_line' id='line_1_107' title="bbox 1081 2393 1868 2430; baseline -0.005 -6"><span class='ocrx_word' id='word_1_779' title='bbox 1081 2398 1136 2424; x_wconf 88' lang='lat' dir='ltr'><strong>vita</strong></span> <span class='ocrx_word' id='word_1_780' title='bbox 1152 2400 1204 2424; x_wconf 86' lang='lat' dir='ltr'><strong>est.</strong></span> <span class='ocrx_word' id='word_1_781' title='bbox 1230 2396 1305 2428; x_wconf 66' lang='lat' dir='ltr'><strong>Haec,</strong></span> <span class='ocrx_word' id='word_1_782' title='bbox 1320 2400 1402 2430; x_wconf 86' lang='lat' dir='ltr'><strong>atque</strong></span> <span class='ocrx_word' id='word_1_783' title='bbox 1426 2395 1595 2430; x_wconf 69' lang='lat' dir='ltr'><strong>huiusmodi,</strong></span> <span class='ocrx_word' id='word_1_784' title='bbox 1619 2394 1723 2422; x_wconf 79' lang='lat' dir='ltr'><strong>Pascha</strong></span> <span class='ocrx_word' id='word_1_785' title='bbox 1752 2393 1868 2429; x_wconf 85' lang='lat' dir='ltr'><strong>mystice</strong></span> 
     </span>
    </p>
   </div>
   <div class='ocr_carea' id='block_1_108' title="bbox 1081 2440 1868 2478">
    <p class='ocr_par' dir='ltr' id='par_1_108' title="bbox 1081 2440 1868 2478">
     <span class='ocr_line' id='line_1_108' title="bbox 1081 2440 1868 2478; baseline -0.004 -9"><span class='ocrx_word' id='word_1_786' title='bbox 1081 2442 1217 2478; x_wconf 73' lang='lat' dir='ltr'><strong>designat,</strong></span> <span class='ocrx_word' id='word_1_787' title='bbox 1244 2449 1305 2477; x_wconf 66' lang='lat' dir='ltr'><strong>quae</strong></span> <span class='ocrx_word' id='word_1_788' title='bbox 1320 2442 1363 2469; x_wconf 83' lang='lat' dir='ltr'><strong>lex</strong></span> <span class='ocrx_word' id='word_1_789' title='bbox 1387 2441 1498 2476; x_wconf 86' lang='lat' dir='ltr'><strong>quidem</strong></span> <span class='ocrx_word' id='word_1_790' title='bbox 1526 2441 1716 2473; x_wconf 86' lang='lat' dir='ltr'><strong>adumbravit,</strong></span> <span class='ocrx_word' id='word_1_791' title='bbox 1740 2440 1868 2467; x_wconf 85' lang='lat' dir='ltr'><strong>Christus</strong></span> 
     </span>
    </p>
   </div>
   <div class='ocr_carea' id='block_1_109' title="bbox 1083 2485 1867 2523">
    <p class='ocr_par' dir='ltr' id='par_1_109' title="bbox 1083 2485 1867 2523">
     <span class='ocr_line' id='line_1_109' title="bbox 1083 2485 1867 2523; baseline -0.006 -7"><span class='ocrx_word' id='word_1_792' title='bbox 1083 2493 1174 2516; x_wconf 85' lang='lat' dir='ltr'><strong>autem</strong></span> <span class='ocrx_word' id='word_1_793' title='bbox 1192 2488 1318 2516; x_wconf 89' lang='lat' dir='ltr'><strong>absolvit.</strong></span> <span class='ocrx_word' id='word_1_794' title='bbox 1337 2487 1396 2523; x_wconf 88' lang='lat' dir='ltr'><strong>Ipse</strong></span> <span class='ocrx_word' id='word_1_795' title='bbox 1416 2488 1488 2514; x_wconf 89' lang='lat' dir='ltr'><strong>enitn</strong></span> <span class='ocrx_word' id='word_1_796' title='bbox 1516 2486 1540 2514; x_wconf 85' lang='lat' dir='ltr'><strong>is</strong></span> <span class='ocrx_word' id='word_1_797' title='bbox 1557 2492 1626 2519; x_wconf 87' lang='lat' dir='ltr'><strong>erat,</strong></span> <span class='ocrx_word' id='word_1_798' title='bbox 1643 2493 1725 2521; x_wconf 87' lang='lat' dir='ltr'><strong>quem</strong></span> <span class='ocrx_word' id='word_1_799' title='bbox 1751 2486 1808 2513; x_wconf 67' lang='lat' dir='ltr'><strong>hac</strong></span> <span class='ocrx_word' id='word_1_800' title='bbox 1833 2485 1867 2511; x_wconf 88' lang='lat' dir='ltr'><strong>ad</strong></span> 
     </span>
    </p>
   </div>
   <div class='ocr_carea' id='block_1_110' title="bbox 1082 2531 1868 2567">
    <p class='ocr_par' dir='ltr' id='par_1_110' title="bbox 1082 2531 1868 2567">
     <span class='ocr_line' id='line_1_110' title="bbox 1082 2531 1868 2567; baseline -0.005 -5"><span class='ocrx_word' id='word_1_801' title='bbox 1082 2542 1210 2562; x_wconf 87' lang='lat' dir='ltr'><strong>verorum</strong></span> <span class='ocrx_word' id='word_1_802' title='bbox 1239 2534 1363 2561; x_wconf 90' lang='lat' dir='ltr'><strong>colorum</strong></span> <span class='ocrx_word' id='word_1_803' title='bbox 1388 2533 1593 2567; x_wconf 81' lang='lat' dir='ltr'><strong>expressionem</strong></span> <span class='ocrx_word' id='word_1_804' title='bbox 1621 2531 1822 2563; x_wconf 85' lang='lat' dir='ltr'><strong>desiderabant,</strong></span> <span class='ocrx_word' id='word_1_805' title='bbox 1838 2535 1868 2558; x_wconf 90' lang='lat' dir='ltr'><strong>ut</strong></span> 
     </span>
    </p>
   </div>
   <div class='ocr_carea' id='block_1_111' title="bbox 1082 2578 1867 2615">
    <p class='ocr_par' dir='ltr' id='par_1_111' title="bbox 1082 2578 1867 2615">
     <span class='ocr_line' id='line_1_111' title="bbox 1082 2578 1867 2615; baseline -0.004 -8"><span class='ocrx_word' id='word_1_806' title='bbox 1082 2588 1142 2615; x_wconf 64' lang='lat' dir='ltr'><strong>quae</strong></span> <span class='ocrx_word' id='word_1_807' title='bbox 1155 2580 1222 2607; x_wconf 90' lang='lat' dir='ltr'><strong>nihil</strong></span> <span class='ocrx_word' id='word_1_808' title='bbox 1238 2580 1310 2606; x_wconf 90' lang='lat' dir='ltr'><strong>aliud</strong></span> <span class='ocrx_word' id='word_1_809' title='bbox 1325 2584 1428 2612; x_wconf 85' lang='lat' dir='ltr'><strong>essent,</strong></span> <span class='ocrx_word' id='word_1_810' title='bbox 1440 2586 1522 2613; x_wconf 89' lang='lat' dir='ltr'><strong>quam</strong></span> <span class='ocrx_word' id='word_1_811' title='bbox 1534 2578 1636 2606; x_wconf 67' lang='lat' dir='ltr'><strong>umbra:</strong></span> <span class='ocrx_word' id='word_1_812' title='bbox 1652 2585 1745 2605; x_wconf 86' lang='lat' dir='ltr'><strong>earum</strong></span> <span class='ocrx_word' id='word_1_813' title='bbox 1762 2585 1867 2608; x_wconf 85' lang='lat' dir='ltr'><strong>rerum,</strong></span> 
     </span>
    </p>
   </div>
   <div class='ocr_carea' id='block_1_112' title="bbox 1081 2623 1868 2661">
    <p class='ocr_par' dir='ltr' id='par_1_112' title="bbox 1081 2623 1868 2661">
     <span class='ocr_line' id='line_1_112' title="bbox 1081 2623 1868 2661; baseline -0.005 -9"><span class='ocrx_word' id='word_1_814' title='bbox 1081 2634 1146 2661; x_wconf 66' lang='lat' dir='ltr'><strong>quae</strong></span> <span class='ocrx_word' id='word_1_815' title='bbox 1162 2625 1196 2652; x_wconf 86' lang='lat' dir='ltr'><strong>ab</strong></span> <span class='ocrx_word' id='word_1_816' title='bbox 1212 2626 1271 2660; x_wconf 88' lang='lat' dir='ltr'><strong>ipso</strong></span> <span class='ocrx_word' id='word_1_817' title='bbox 1291 2624 1415 2660; x_wconf 61' lang='lat' dir='ltr'><strong>gerendae</strong></span> <span class='ocrx_word' id='word_1_818' title='bbox 1430 2628 1518 2651; x_wconf 88' lang='lat' dir='ltr'><strong>erant.</strong></span> <span class='ocrx_word' id='word_1_819' title='bbox 1535 2623 1659 2656; x_wconf 87' lang='lat' dir='ltr'><strong>Quonam</strong></span> <span class='ocrx_word' id='word_1_820' title='bbox 1679 2628 1769 2650; x_wconf 87' lang='lat' dir='ltr'><strong>autem</strong></span> <span class='ocrx_word' id='word_1_821' title='bbox 1786 2623 1868 2649; x_wconf 87' lang='lat' dir='ltr'><strong>tnodo</strong></span> 
     </span>
    </p>
   </div>
   <div class='ocr_carea' id='block_1_113' title="bbox 1084 2667 1869 2702">
    <p class='ocr_par' dir='ltr' id='par_1_113' title="bbox 1084 2667 1869 2702">
     <span class='ocr_line' id='line_1_113' title="bbox 1084 2667 1869 2702; baseline -0.004 -5"><span class='ocrx_word' id='word_1_822' title='bbox 1084 2671 1119 2698; x_wconf 88' lang='lat' dir='ltr'><strong>iis</strong></span> <span class='ocrx_word' id='word_1_823' title='bbox 1134 2676 1282 2698; x_wconf 78' lang='lat' dir='ltr'><strong>extremam</strong></span> <span class='ocrx_word' id='word_1_824' title='bbox 1303 2677 1414 2696; x_wconf 89' lang='lat' dir='ltr'><strong>manum</strong></span> <span class='ocrx_word' id='word_1_825' title='bbox 1447 2670 1572 2696; x_wconf 80' lang='lat' dir='ltr'><strong>addidit?</strong></span> <span class='ocrx_word' id='word_1_826' title='bbox 1594 2669 1728 2702; x_wconf 76' lang='lat' dir='ltr'><strong>Quoniam</strong></span> <span class='ocrx_word' id='word_1_827' title='bbox 1750 2667 1869 2695; x_wconf 81' lang='lat' dir='ltr'><strong>sublatis</strong></span> 
     </span>
    </p>
   </div>
   <div class='ocr_carea' id='block_1_114' title="bbox 1135 2771 1708 2807">
    <p class='ocr_par' dir='ltr' id='par_1_114' title="bbox 1135 2771 1708 2807">
     <span class='ocr_line' id='line_1_114' title="bbox 1135 2771 1708 2807; baseline -0.002 -8"><span class='ocrx_word' id='word_1_828' title='bbox 1135 2773 1156 2788; x_wconf 78' lang='grc'><strong>⁷⁸</strong></span> <span class='ocrx_word' id='word_1_829' title='bbox 1182 2773 1286 2805; x_wconf 84' lang='lat' dir='ltr'><strong>Act.tt,</strong></span> <span class='ocrx_word' id='word_1_830' title='bbox 1308 2773 1320 2799; x_wconf 86' lang='lat' dir='ltr'><strong>I</strong></span> <span class='ocrx_word' id='word_1_831' title='bbox 1338 2781 1416 2807; x_wconf 86' lang='lat' dir='ltr'><strong>seqq.</strong></span> <span class='ocrx_word' id='word_1_832' title='bbox 1456 2773 1479 2789; x_wconf 79' lang='grc'><strong>⁷⁹</strong></span> <span class='ocrx_word' id='word_1_833' title='bbox 1498 2772 1577 2799; x_wconf 76' lang='lat' dir='ltr'><strong>Deut.</strong></span> <span class='ocrx_word' id='word_1_834' title='bbox 1602 2779 1640 2804; x_wconf 80' lang='lat' dir='ltr'><strong>tv,</strong></span> <span class='ocrx_word' id='word_1_835' title='bbox 1662 2771 1708 2798; x_wconf 71' lang='grc'><strong>24.</strong></span> 
     </span>
    </p>
   </div>
   <div class='ocr_carea' id='block_1_115' title="bbox 1077 2860 1866 2903">
    <p class='ocr_par' dir='ltr' id='par_1_115' title="bbox 1077 2860 1866 2903">
     <span class='ocr_line' id='line_1_115' title="bbox 1077 2860 1866 2903; baseline -0.001 -14"><span class='ocrx_word' id='word_1_836' title='bbox 1077 2862 1222 2903; x_wconf 76' lang='lat' dir='ltr'><strong>adnotasse</strong></span> <span class='ocrx_word' id='word_1_837' title='bbox 1237 2862 1304 2890; x_wconf 84' lang='lat' dir='ltr'><strong>satis</strong></span> <span class='ocrx_word' id='word_1_838' title='bbox 1320 2861 1381 2889; x_wconf 84' lang='lat' dir='ltr'><strong>fuit.</strong></span> <span class='ocrx_word' id='word_1_839' title='bbox 1393 2860 1548 2889; x_wconf 75' lang='lat' dir='ltr'><strong>Notissima:</strong></span> <span class='ocrx_word' id='word_1_840' title='bbox 1556 2861 1628 2888; x_wconf 87' lang='lat' dir='ltr'><strong>enim</strong></span> <span class='ocrx_word' id='word_1_841' title='bbox 1646 2864 1710 2887; x_wconf 89' lang='lat' dir='ltr'><strong>sunt</strong></span> <span class='ocrx_word' id='word_1_842' title='bbox 1723 2860 1765 2887; x_wconf 84' lang='lat' dir='ltr'><strong>hae</strong></span> <span class='ocrx_word' id='word_1_843' title='bbox 1778 2860 1866 2888; x_wconf 76' lang='lat' dir='ltr'><strong>histo</strong></span> 
     </span>
    </p>
   </div>
   <div class='ocr_carea' id='block_1_116' title="bbox 1078 2906 1135 2925">
    <p class='ocr_par' dir='ltr' id='par_1_116' title="bbox 1078 2906 1135 2925">
     <span class='ocr_line' id='line_1_116' title="bbox 1078 2906 1135 2925; baseline 0 0"><span class='ocrx_word' id='word_1_844' title='bbox 1078 2906 1135 2925; x_wconf 69' lang='grc' dir='ltr'><strong>Πὶῐξι</strong></span> 
     </span>
    </p>
   </div>
  </div>
