2058 3159
202 213 274 245 1389

663 205 826 236 NICETAS
846 205 888 236 IN
909 205 1022 235 ORAT.
1043 206 1127 236 XLII
1149 207 1179 236 S.
1199 206 1316 237 GREG.

1752 206 1820 238 1390

201 278 285 306 atque
302 268 449 304 antiquatis
475 265 634 294 liberalibus
651 263 805 296 sacriﬁciis,
832 263 984 298 spirrtualia
999 267 1021 296 Α
1036 264 1082 291 hic
1104 269 1193 291 tamen
1208 263 1280 298 juris
1304 262 1525 298 prtecellentiam,
1541 262 1621 290 Pater
1637 260 1709 290 enim
1727 264 1821 291 diabo-

202 316 338 346 sacriﬁcia
362 313 483 342 numeris
504 312 631 340 omnibus
655 309 781 338 absoluta
798 309 921 341 tradidit,
942 309 986 335 ni-

201 364 301 391 mirum
327 368 388 389 curu
411 366 488 387 nova?
502 365 588 386 coenae
603 356 734 392 mysterio
763 361 829 382 suos
856 354 984 387 initiavit,

200 408 324 441 dixitque
337 416 343 433 :
361 404 418 431 Hoc
432 403 512 439 facile
527 403 555 430 in
571 409 656 429 meam
669 399 943 427 commemorationem
950 399 983 426 “.

199 453 256 480 Nec
270 453 340 480 enim
354 453 409 486 jam
424 457 523 485 agnum
539 449 681 479 habemus,
694 454 744 474 nec
761 446 876 473 acerbas
894 445 986 472 lactu-

200 505 261 531 cas,
280 505 431 533 panemque
445 494 571 522 iermenti
587 498 737 528 expertem,
750 499 844 520 verum
857 498 905 526 pro
916 497 986 526 agno

201 545 291 579 ipsum
318 544 468 573 Christum,
493 541 581 570 illum,
599 540 720 574 inquam,
738 538 844 572 Agnum
862 537 920 568 Dei,
935 536 987 563 tol-

199 591 301 618 lentem
322 593 430 624 peccata
453 585 559 617 mundi,
575 593 655 620 quem
673 585 716 612 lex
728 584 886 615 delineavit,
901 583 987 610 lsaias

200 635 342 664 iridir-avit,
356 633 476 660 Joannes
489 631 706 658 demonstravit:
723 637 772 664 pro
783 636 880 664 azyuro
894 634 985 655 autent

199 688 281 715 pane,
297 685 324 706 et
350 667 461 705 lactucis
476 677 592 708 acerbis,
614 675 790 710 purissimam
823 674 849 700 in
878 673 987 700 Christo

200 726 298 755 vitam,
314 732 376 758 quae
406 729 459 750 non
483 723 543 748 sine
566 721 714 748 acerbitate
737 719 988 753 alllictionibnsque

200 772 349 798 obtinetur.
365 769 406 797 οι)
425 776 485 796 eam
508 768 582 795 enim
597 774 709 794 causam
727 766 853 793 Christus
870 773 903 792 ex
923 772 987 799 pas-

201 817 279 844 sione
296 817 329 843 ad
348 815 460 850 gloriam
478 813 611 849 pervertit,
633 817 663 840 ut.
686 821 718 839 ex
733 819 767 839 eo
780 812 901 846 quidem,
915 811 988 845 quod

200 868 299 894 passus
316 864 367 892 est,
386 867 435 886 nos
448 866 558 893 quoque
575 858 680 889 doceat,
700 857 809 884 dolores
826 861 905 890 atque
919 855 988 882 allii-

200 907 307 933 ctioues
329 905 438 940 pietatis
453 911 537 931 causa
555 903 713 931 subeundas
738 909 799 929 esse
816 910 823 928 :
841 909 871 928 ex
890 908 923 928 eo
937 908 986 928 arr-

201 955 269 983 tern,
281 936 352 985 quod
372 950 485 983 gloriam
500 949 616 983 adeptus
630 952 681 979 est,
700 947 727 974 id
747 947 825 974 nobis
839 946 943 975 aﬁ‘erat.
958 949 987 972 ut
1004 936 1024 965 Β

201 995 229 1021 in
238 996 332 1022 cadent
344 1002 406 1022 cum
416 1001 450 1022 eo
459 994 543 1027 gloria
557 993 655 1020 sintne.
669 991 698 1018 Si
714 992 784 1018 enim
800 991 986 1026 compotimsr,

201 1041 290 1075 inquit
304 1040 416 1072 Paulus,
432 1045 456 1066 et
473 1038 775 1074 congloriﬁcdbiruur".

239 1086 296 1112 Col.
313 1086 365 1112 65L
379 1087 411 1112 Δ,
427 1084 567 1111 Enimvero
582 1083 698 1110 alienum
714 1090 766 1109 non
795 1082 874 1117 fuerit
891 1089 943 1109 rem
957 1089 988 1108 ac

200 1131 348 1158 doctrinam
369 1131 511 1165 inquirere,
535 1134 590 1157 etc.
605 1128 662 1156 Hoc
677 1129 736 1156 loco
751 1135 879 1163 magnum
906 1129 988 1163 quid-

201 1177 273 1211 piam
295 1176 489 1210 irrquisiturum
507 1182 537 1203 se
553 1174 708 1210 proﬁtetur,
723 1174 806 1208 idque
825 1181 882 1200 rem
897 1178 986 1204 vocat,

202 1226 297 1255 utpote
316 1226 432 1255 gestam,
457 1221 609 1248 doctrinam
637 1224 741 1251 autem,
756 1224 787 1246 ut
812 1219 988 1254 opinabilem,

201 1265 256 1292 hoc
274 1270 326 1297 est,
342 1266 500 1299 Opinionem
525 1264 671 1299 quamdam
686 1269 714 1291 et
731 1265 897 1292 sententiam
913 1265 946 1291 de
959 1271 989 1292 se

203 1311 282 1337 nobis
308 1310 478 1338 adcr-cutem.
513 1310 673 1339 Exhaustus
697 1311 788 1343 enim,
814 1310 912 1345 inquit,
941 1317 989 1345 pro

202 1355 284 1381 nobis
305 1355 349 1381 ille
372 1355 485 1389 sanguis
501 1355 603 1382 Christi
618 1354 677 1390 (qui
693 1359 720 1382 et
739 1354 864 1382 Pontifex
877 1355 988 1388 dicitur,

202 1404 232 1426 ut
247 1407 297 1426 nos
311 1400 367 1429 Deo
384 1400 485 1426 sistens
500 1405 583 1434 atque
594 1400 757 1431 concilians,
769 1406 796 1427 et
809 1401 986 1433 sacriﬁcium,

200 1444 266 1478 quia
289 1444 397 1471 oblatus
424 1444 476 1478 est)
493 1445 537 1471 cui
554 1445 663 1471 tandem
688 1445 768 1472 datus
793 1450 845 1477 est,
863 1450 890 1472 et
905 1452 988 1480 quam

201 1490 238 1516 ob
259 1490 390 1517 causanti
412 1489 506 1524 Neque
527 1489 600 1517 enim
616 1489 682 1517 illud
709 1490 823 1517 dubium
851 1495 905 1523 est,
921 1491 988 1525 quin

203 1543 254 1562 nos
283 1536 382 1569 captivi
404 1543 419 1562 a
442 1535 550 1564 diabolo
579 1539 745 1568 teneremur,
762 1536 909 1563 venundati
938 1537 989 1564 sub

203 1585 324 1615 peccato.
341 1581 569 1616 quemadmodum
588 1582 623 1608 ad
648 1580 789 1608 Romanos
802 1582 898 1609 scribit
915 1583 989 1616 Apo-

203 1627 336 1658 stolus“,
352 1628 387 1654 ab
413 1626 484 1654 lsaia
504 1627 688 1655 mutuatus".
707 1627 794 1654 Simul
820 1627 892 1655 enim
908 1634 989 1662 atque

205 1674 251 1699 Dei
277 1674 362 1707 legem
391 1673 475 1700 libera
492 1674 631 1700 voluntate
656 1673 829 1705 violavimus,
842 1678 923 1707 atque
936 1674 988 1700 im-

204 1724 295 1753 petum
320 1719 421 1746 diaboli
445 1719 620 1751 admisimus,
650 1719 777 1753 protinus
804 1719 910 1746 aditqu
937 1720 988 1754 ipsi

205 1765 370 1799 aperuimus,
383 1769 524 1800 peccatum
535 1764 662 1791 videlicet
677 1771 711 1792 ex
726 1765 805 1792 nobis
817 1765 989 1799 adjicicntes,

203 1818 236 1837 ac
248 1810 341 1837 vitium
353 1817 415 1837 curn
432 1810 570 1844 voluptate
581 1810 905 1844 permutantcs;jucunda
917 1812 990 1838 enim

205 1857 292 1891 ipsius
319 1857 482 1890 perpetratio
506 1863 568 1883 esse
595 1856 713 1884 videtur.
737 1856 815 1889 Quod
842 1858 864 1883 si
886 1857 921 1888 is,
943 1857 991 1891 qui

205 1903 330 1937 captivos
359 1903 477 1935 detinet,
500 1901 696 1937 redemptionis
725 1909 837 1937 quoque
872 1902 991 1936 pretium

205 1951 327 1984 accipere
340 1951 429 1988 debet,
444 1957 538 1984 quaero
549 1951 658 1978 cuinam
675 1950 789 1984 sanguis
801 1950 902 1977 Chriin
915 1950 992 1977 obla-

207 2001 250 2024 tus
267 1996 302 2023 sit
327 1995 452 2023 diabolo?
476 1996 557 2029 Atqui
583 1997 634 2023 hoc
662 2001 790 2023 extremae
819 1996 992 2023 contumeliae

206 2043 298 2074 fuerit,
312 2042 336 2069 si
348 2042 474 2070 diabolus
488 2042 541 2069 tale
556 2042 672 2076 pretium
690 2042 825 2076 talemque
839 2043 990 2070 mercedem

205 2087 353 2121 acceperit,
369 2094 467 2121 nempe
496 2086 584 2114 Deum
600 2086 703 2121 ipsum,
719 2087 754 2114 ob
780 2094 861 2121 quem
879 2087 992 2114 orunino

205 2140 255 2166 par
277 2138 349 2165 erat,
372 2138 400 2159 ut
417 2133 485 2160 latro
503 2133 547 2160 ille
571 2133 651 2160 nobis
674 2140 784 2168 quoque
802 2138 936 2168 parcuret.
950 2134 991 2160 An

205 2177 280 2205 Patri
306 2179 385 2205 datus
400 2179 460 2205 est?
473 2178 556 2213 Atqui
582 2186 756 2214 nequaquam
774 2179 809 2206 ab
830 2187 863 2206 eo
879 2179 991 2206 teneba-

205 2232 279 2252 mur.
294 2225 401 2259 Alioqui
420 2224 501 2251 etiam
518 2232 579 2259 qua:
589 2229 631 2252 est
649 2225 707 2252 hare
723 2225 793 2252 ratio
808 2230 890 2260 atque
905 2225 991 2259 expli-

1037 310 1092 337 ium
1111 309 1310 341 condemnavit,
1331 312 1360 336 ut
1375 308 1420 343 qui
1436 307 1505 336 Filio
1526 316 1576 336 suo
1590 308 1690 343 injuste
1706 315 1820 336 mortem

1036 359 1220 391 procurasset.
1231 355 1304 382 Mors
1319 354 1392 384 enim
1404 354 1507 389 peccati
1523 362 1603 389 poena
1619 358 1679 387 est;
1694 356 1820 383 Christus

1038 406 1128 428 autem
1152 407 1293 436 nunquam
1317 400 1452 435 peccavit.
1484 400 1522 427 Ac
1551 400 1662 434 proinde
1689 401 1726 428 ita
1756 409 1823 428 con-

1037 448 1166 475 demnato
1179 451 1295 482 tyranno
1307 446 1385 474 Pater
1402 453 1452 474 nos
1468 446 1604 479 liberavit,
1618 451 1697 481 atque
1709 447 1743 473 ad
1759 455 1820 474 eum

1037 501 1086 528 per
1109 493 1208 520 Filium
1224 492 1347 520 subvecti
1365 499 1474 520 sumus.
1487 491 1555 519 Nam
1571 493 1594 520 is
1611 493 1720 520 medius
1740 493 1823 519 inter-

1036 538 1142 573 positus
1159 538 1229 565 viam
1246 538 1326 565 nobis
1346 538 1529 572 complanavit
1544 542 1571 565 et
1587 539 1822 570 commonstravit,

1037 589 1119 618 atque
1141 584 1167 610 in
1185 584 1274 611 Patris
1304 584 1435 610 henorem
1460 584 1512 611 hoc
1534 584 1713 617 dispensavit.
1731 583 1821 610 Homo

1037 629 1110 656 enim
1135 629 1224 657 factus
1239 633 1292 660 est,
1309 634 1336 656 et
1352 636 1449 664 passus
1467 633 1520 661 est,
1535 633 1562 656 et
1576 631 1735 664 sanguinem
1749 629 1822 657 Patri

1037 673 1146 706 obtulit,
1173 677 1202 701 ut
1229 673 1309 701 Pater
1331 674 1438 701 hostem
1456 674 1659 706 condemnaret,
1683 675 1824 709 nostrique

1041 720 1149 753 generis
1165 720 1296 746 liberator
1311 719 1398 754 magis
1417 725 1572 754 appareret.
1588 721 1638 747 etsi
1655 719 1740 747 Filirrs
1756 728 1824 754 prae-

1038 766 1143 793 clarum
1163 765 1215 793 hoc
1228 764 1336 792 facinus
1350 765 1476 799 patravit.
1494 765 1599 792 Passim
1613 766 1685 792 enim
1698 767 1724 792 in
1736 766 1826 793 Evan-

1037 812 1107 847 gelio
1124 812 1232 839 Patrem
1248 811 1400 843 honoratis,
1415 811 1524 846 egregia
1547 819 1596 839 sua
1611 812 1680 838 facta
1696 812 1721 839 ei
1736 812 1824 838 ascri-

1038 857 1087 884 bit.
1109 857 1176 884 llltrd
1201 861 1292 885 autem
1302 855 1461 884 ‘notandurn
1474 856 1560 891 quod,
1574 864 1637 884 cum
1657 857 1714 883 hac
1729 857 1823 888 dictio,

1039 903 1146 938 λύτρον,
1156 903 1225 930 duas
1240 902 1421 938 proprietates
1439 898 1670 934 habeat,alteram
1687 902 1750 935 quia
1764 909 1823 934 eos,

1038 949 1083 983 qui
1101 949 1199 982 captivi
1221 953 1361 980 tenentur,
1375 949 1401 974 in
1417 948 1570 975 libertatem
1586 948 1695 979 asserit,
1710 948 1823 975 alteram

1038 995 1101 1028 quia
1118 995 1154 1024 ei,
1175 1002 1189 1021 a
1206 1001 1262 1028 quo
1277 999 1417 1027 tenentur,
1431 994 1550 1028 pretium
1568 993 1689 1028 persolvi
1712 1000 1825 1021 necesse

1037 1045 1089 1072 est,
1109 1040 1161 1067 hoc
1178 1040 1237 1066 loco
1248 1040 1335 1074 pretio
1354 1040 1427 1071 huic,
1442 1039 1515 1074 quod
1531 1039 1663 1066 Dominus
1674 1040 1826 1066 redimendi

1038 1086 1124 1113 nostri
1147 1093 1230 1113 causa
1262 1085 1410 1120 persohit,
1436 1086 1519 1112 altera
1556 1086 1710 1120 proprietas
1739 1085 1826 1112 adfuit

1038 1131 1173 1167 (captivos
1188 1131 1260 1167 enim
1289 1131 1437 1166 liberavit),
1453 1131 1536 1158 altera
1563 1131 1658 1158 deluit.
1675 1129 1730 1158 Nec
1752 1131 1824 1157 enim

1038 1177 1163 1204 diabolus
1182 1176 1339 1211 huiusmodi
1361 1177 1476 1211 pretium
1491 1176 1609 1210 accepit,
1622 1176 1693 1204 absit
1708 1185 1715 1203 :
1730 1183 1825 1203 verum

1039 1221 1131 1255 Pater,
1154 1227 1267 1257 propter
1292 1221 1353 1248 Filii
1369 1222 1601 1249 concertationem
1616 1226 1717 1248 nostrae
1729 1220 1826 1247 salutis

1040 1276 1123 1296 causa
1147 1267 1302 1295 voluntarie
1326 1274 1493 1302 susceptam.
1518 1266 1585 1294 Illud
1600 1266 1710 1301 quidem
1726 1272 1826 1300 pravus

1039 1314 1152 1348 spiritus
1179 1314 1206 1340 in
1235 1321 1283 1348 spe
1305 1313 1411 1345 habuit,
1429 1313 1476 1341 sed
1491 1319 1540 1346 pro
1556 1319 1589 1339 ea
1603 1319 1652 1346 spe
1671 1311 1756 1338 totius
1775 1311 1827 1338 im-

1040 1359 1109 1394 perii
1126 1359 1296 1386 eversionem
1312 1360 1426 1394 accepit.

1073 1404 1140 1432 Ibid.
1156 1403 1287 1432 PSBLLUS.
1309 1405 1378 1432 Rern
1402 1409 1430 1431 et
1461 1404 1613 1431 doctrinam
1635 1402 1695 1437 (Gr.
1707 1403 1825 1438 πρᾶγμα

1040 1451 1088 1478 καὶ
1099 1450 1209 1486 δόγμα).
1223 1450 1273 1478 Res
1290 1457 1342 1481 est.
1360 1459 1419 1486 quo:
1436 1459 1468 1477 cu
1479 1459 1495 1476 η
1512 1450 1626 1485 geritur,
1642 1449 1745 1475 nullam
1761 1457 1827 1476 con-

1040 1497 1225 1524 tradictionem
1242 1497 1436 1532 spectatoribus
1458 1497 1567 1530 prabet.
1593 1495 1665 1522 Nam
1687 1494 1756 1529 quod
1773 1495 1827 1521 del-

1039 1543 1135 1577 phinus
1148 1551 1195 1578 per
1212 1551 1295 1578 aquas
1310 1542 1425 1575 labatur,
1440 1550 1479 1569 res
1494 1547 1533 1570 est
1548 1542 1576 1568 in
1591 1542 1724 1576 opinionis
1742 1542 1827 1568 traria-

1004 1603 1026 1633 c
1042 1593 1124 1616 tatem
1140 1590 1248 1616 minimo
1263 1589 1370 1616 cadens.
1382 1589 1471 1623 Neque
1484 1589 1556 1615 enim
1570 1588 1632 1614 aliis
1645 1592 1739 1614 natura
1755 1587 1829 1614 tride-

1041 1638 1096 1666 tur,
1112 1635 1174 1662 aliis
1187 1643 1271 1662 secus.
1285 1636 1317 1662 At
1330 1635 1401 1670 quod
1415 1635 1454 1661 ita
1468 1635 1579 1669 geritur,
1590 1638 1619 1660 ut
1630 1635 1736 1660 interim
1748 1634 1828 1660 trariis

1041 1683 1216 1715 spectantium
1225 1686 1271 1708 aut
1287 1681 1489 1716 intelligentiam
1504 1680 1669 1714 opinionibus
1682 1679 1828 1712 dividatur,

1035 1728 1089 1754 ‘hoc
1099 1733 1275 1762 praterquom
1292 1726 1362 1762 quod
1373 1727 1486 1761 geritur,
1499 1727 1580 1752 etiam
1594 1725 1754 1752 decernitur.
1775 1725 1830 1751 Do-

1042 1781 1101 1808 gma
1115 1774 1183 1799 enirrt
1199 1777 1237 1799 est
1253 1773 1291 1799 rei
1306 1772 1394 1798 dubia:
1414 1776 1438 1798 et
1452 1777 1625 1798 controuersia
1644 1777 1702 1806 post
1715 1779 1829 1798 accura-

1043 1823 1098 1844 tam
1111 1818 1308 1852 inquisitionem
1324 1817 1500 1852 pronuutiato
1524 1817 1666 1844 sententia.
1695 1816 1830 1849 Quemad-

1043 1864 1149 1890 modum
1169 1863 1309 1890 Platonem
1332 1863 1449 1890 animum
1465 1863 1643 1890 immortalem
1661 1869 1780 1890 astruere
1797 1870 1829 1889 ac

1041 1909 1178 1935 decurrere
1186 1909 1300 1935 dicimur
1316 1916 1325 1934 :
1340 1907 1686 1943 quondoquidemSimmias
1703 1913 1727 1935 et
1746 1908 1828 1935 Lebu

1043 1953 1122 1981 aliter
1139 1955 1172 1981 de
1187 1963 1218 1981 ea
1234 1953 1390 1986 sentiebant,
1409 1953 1536 1980 nimirum
1549 1953 1716 1980 harmoniam
1735 1962 1828 1989 quom-

1042 2001 1104 2028 dam
1112 2008 1169 2027 esse
1182 2004 1340 2032 asserentes,
1354 2007 1409 2026 una
1420 2007 1478 2025 cum
1490 1999 1643 2033 corporibus
1653 1999 1809 2026 dilabentem
1819 2007 1829 2026 :

1043 2046 1092 2072 alii
1108 2046 1188 2072 etiam
1199 2046 1231 2072 de
1246 2053 1277 2072 eo
1296 2046 1376 2071 aliter
1389 2045 1491 2079 opinati
1505 2050 1577 2071 sunt.

1079 2091 1148 2118 Ibid.
1166 2090 1197 2118 Β.
1217 2091 1253 2117 Ac
1275 2091 1307 2117 de
1321 2090 1426 2118 Christo
1444 2089 1498 2117 hac
1514 2090 1675 2124 nobisj'dicto
1697 2091 1761 2122 sint.
1775 2095 1827 2118 etc.

1044 2136 1117 2169 Haec,
1136 2137 1235 2172 inquit.
1262 2136 1296 2163 de
1313 2136 1433 2168 Christo,
1449 2140 1476 2163 et
1498 2137 1579 2163 rebus
1603 2135 1636 2162 ab
1653 2143 1685 2162 eo
1701 2137 1830 2170 praeclare

1042 2184 1128 2218 gestis
1141 2183 1244 2211 dixisse
1256 2182 1373 2210 sulliciat
1389 2190 1397 2210 :
1414 2188 1496 2218 atque
1511 2182 1544 2209 iis
1558 2183 1641 2209 etiam
1658 2182 1733 2216 plura
1747 2183 1830 2210 silen-

1044 2230 1072 2256 tii
1088 2229 1191 2256 honore
1208 2235 1418 2264 prosequemur,
1433 2234 1615 2263 praetereunte
1634 2228 1759 2258 videlicet
1769 2236 1830 2256 ora-

206 2271 288 2303 cutio,
312 2275 341 2298 ut
358 2271 480 2298 dicamus
503 2270 612 2298 Patrem
635 2270 697 2298 Filii
714 2271 757 2298 sui
772 2272 904 2306 sanguine
918 2271 990 2298 dele—
1003 2275 1030 2304 D
1045 2275 1132 2307 tione,
1154 2279 1212 2301 tum
1235 2282 1269 2302 ne
1285 2274 1369 2301 nimia
1388 2273 1543 2308 prolixitate
1562 2274 1735 2301 audientibus
1754 2275 1831 2301 lasti-

206 2317 284 2348 ctari,
303 2317 350 2352 qui
365 2325 397 2343 nc
410 2317 511 2344 caedem
532 2317 642 2352 quidem
660 2317 737 2345 Isaac
763 2317 865 2352 patrari
889 2316 991 2352 penni-

206 2364 284 2394 serit,
297 2364 343 2391 sed
358 2371 406 2398 pro
422 2370 455 2390 eo
471 2363 584 2390 arietem
607 2364 778 2390 rnactandurn
799 2362 993 2390 substituerit?

207 2409 272 2441 Qua:
295 2409 376 2443 igitur
401 2408 561 2444 quaistionis
591 2408 672 2444 hujus
694 2409 816 2436 solutio“!
841 2409 991 2435 Dicendum

207 2455 315 2482 Patrem
328 2455 437 2489 quidem
452 2456 601 2490 accepisse,
618 2463 672 2482 non
687 2460 776 2483 tamen
789 2456 861 2490 quod
874 2455 991 2490 petierit,

208 2506 255 2527 aut
278 2508 346 2534 opus
374 2500 510 2533 habuerit,
537 2503 583 2528 sed
612 2506 722 2537 propter
748 2501 989 2536 dispensationem.

207 2546 392 2573 Constitutum
420 2545 611 2579 enimiueral,
626 2551 656 2574 ut
683 2555 733 2581 pro
760 2547 839 2574 nobis
865 2547 991 2574 Christus

208 2595 371 2621 moreretur,
397 2595 427 2617 ιιι
455 2598 503 2625 per
530 2592 621 2620 carnis
651 2598 797 2628 assumpta:
830 2594 989 2628 sanguinem

210 2637 272 2670 (hoc
298 2637 371 2663 enim
405 2637 603 2663 humanitatem
622 2638 712 2672 vocat)
741 2639 849 2673 generis
880 2638 993 2665 humani

210 2684 307 2706 natura
330 2680 502 2707 sanctitatem
526 2686 747 2715 consequeretur,
773 2689 854 2717 atque
870 2689 899 2709 ut
913 2682 993 2710 Pater

209 2732 259 2752 nos
278 2722 432 2758 redimeret,
446 2729 561 2760 tyranno
571 2733 618 2760 per
632 2726 684 2753 vim
694 2727 882 2761 superato.Vis
892 2734 994 2762 autent,

209 2773 318 2806 proprie
345 2771 455 2806 quidem
472 2773 600 2806 potentia:
617 2773 822 2802 exuberantiam
839 2775 992 2810 signiﬁcat:

210 2861 283 2925 xu"
293 2860 370 2926 81mg.
393 2869 462 2898 rtin,
481 2863 529 2897 i9;
549 2863 557 2890 1
588 2862 650 2891 Cor.
668 2870 705 2896 ru,
721 2862 766 2890 24.
787 2862 809 2879 ⁸¹
827 2863 905 2890 Itoni.
934 2871 993 2897 vrrr,

260 2917 319 2932 ιν,
348 2917 373 2925 ν.

1045 2319 1120 2347 dium
1150 2319 1301 2354 pariantus,
1321 2323 1378 2346 tum
1395 2319 1460 2353 quia
1476 2319 1607 2353 temporis
1629 2319 1754 2353 angustia
1770 2327 1831 2354 pre-

1046 2366 1159 2398 mimur,
1179 2369 1236 2392 tum
1253 2366 1334 2392 etiam
1349 2369 1458 2399 propter
1475 2363 1612 2391 diﬁicilern
1637 2371 1669 2391 ac
1685 2365 1831 2398 perobscu-

1044 2417 1103 2436 ram
1125 2413 1263 2436 tantorum
1288 2407 1481 2443 mysteriorum
1508 2407 1727 2441 explicationem.
1749 2406 1830 2434 Aiuei

1047 2459 1140 2482 autem
1154 2454 1290 2489 serpentis
1301 2453 1418 2481 historia
1431 2453 1532 2486 scripta
1549 2457 1591 2479 cst
1605 2452 1632 2480 in
1648 2453 1716 2479 libro
1729 2452 1830 2480 Nume-

1044 2508 1149 2528 rorum.
1165 2499 1232 2527 Nam
1248 2508 1309 2528 cum
1339 2498 1416 2526 multi
1443 2507 1476 2526 ex
1495 2500 1557 2526 liliis
1574 2499 1680 2526 lsraelis
1699 2500 1734 2526 ob
1759 2507 1832 2526 mur-

1045 2547 1224 2574 murationem
1262 2553 1277 2577 a
1316 2546 1488 2580 serpentibus
1526 2544 1571 2571 icti
1604 2545 1739 2579 perirent,
1770 2550 1832 2573 tan-

1046 2591 1108 2619 dem
1133 2590 1205 2619 Deus
1222 2590 1306 2619 Mosis
1322 2590 1447 2625 precibus
1461 2591 1609 2625 mitigatus,
1624 2591 1656 2617 ad
1669 2598 1730 2617 eum
1744 2590 1830 2617 dixit:

1049 2637 1105 2664 Fac
1141 2637 1188 2664 tibi
1212 2637 1264 2673 ipsi
1292 2641 1448 2672 serpentem,
1466 2642 1490 2664 et
1515 2645 1581 2671 pone
1614 2645 1673 2664 eum
1695 2637 1723 2663 in
1746 2637 1830 2671 signo.

1049 2685 1102 2711 hoc
1132 2688 1174 2711 est
1205 2684 1232 2710 in
1267 2683 1352 2718 ligno.
1385 2682 1419 2709 Et
1449 2683 1568 2718 quisquis
1599 2691 1737 2717 percussus
1772 2691 1831 2709 eum

1051 2730 1194 2764 aspexerit,
1219 2730 1285 2756 eiust
1300 2729 1334 2756 ⁸⁸.
1358 2730 1422 2757 Illud
1446 2737 1527 2764 porro
1553 2728 1610 2756 Fac
1633 2729 1680 2755 tibi
1699 2729 1761 2760 ipsi,
1780 2729 1831 2755 hoc

1050 2775 1179 2808 ostendit,
1203 2775 1275 2810 quod
1301 2776 1429 2810 quoniam
1450 2775 1531 2803 exiis
1557 2783 1617 2809 quae
1642 2775 1751 2806 liubtllll,
1778 2775 1831 2801 alia

1024 2862 1068 2889 Π.
1099 2861 1121 2878 ⁸³
1141 2862 1220 2889 Rom.
1234 2869 1283 2895 vrr,
1300 2861 1343 2889 i4.
1379 2862 1401 2878 ⁸³
1420 2862 1472 2889 lsa.
1492 2869 1539 2894 ιιι,
1561 2862 1572 2889 l
1591 2869 1667 2898 seqq.
1706 2862 1728 2878 ”
1747 2861 1828 2890 Num.
