2058 3159
240 191 308 225 1391

946 190 1136 220 ADDENDA.

1796 193 1867 225 1392

238 252 286 279 Dei
313 250 419 278 ratione
446 249 555 280 ﬁebant,
582 248 634 275 alia
662 248 768 275 ratione
792 248 945 281 hominum,
975 249 1027 275 hoc
1043 253 1065 280 Α
1081 256 1144 275 cum
1174 249 1378 281 contrarietate,
1409 254 1439 276 ut
1464 251 1590 284 superius
1622 250 1789 278 declaratum
1813 257 1866 279 est.

238 297 300 325 loco
328 305 335 323 :
363 296 422 323 Tibi
439 296 501 330 ipsi,
523 296 626 322 ratione
642 294 736 326 Musis,
755 299 783 321 et
802 294 886 322 totius
902 294 1025 322 multitu-

238 344 312 371 dinis
328 343 423 370 eodem
441 348 538 376 genere
561 340 682 367 oriunda:
698 340 801 367 dictum
816 345 867 368 cst.
887 341 954 374 Age,
968 341 1023 375 jam

237 389 315 424 quasi
344 396 376 415 ex
407 388 492 421 figura
516 386 549 413 ad
580 393 630 413 nos
663 387 815 414 veniamus.
844 387 928 414 Deum
943 387 1024 419 ﬁenim

238 443 288 462 nos
302 441 410 468 quoque
429 432 603 463 offendimus,
614 436 697 466 atque
714 432 782 459 adeo
795 432 822 459 itt
840 432 1023 467 spiritualium

237 484 392 513 serpentum
424 484 546 504 morsum
580 476 749 508 incidimus,
780 477 827 511 qui
862 485 910 511 per
943 485 1025 504 omne

235 524 338 560 peccati
372 531 458 559 genus
493 530 543 550 nos
578 523 709 550 ferientes
742 528 832 550 ntorte
859 522 1024 551 adiciebant.

236 573 362 603 Quonam
385 574 476 597 autem
499 570 581 596 tnodo
607 569 721 596 salutem
744 569 885 596 consecuti
913 569 1026 597 sunms?

236 616 401 650 Aspeximus
420 616 501 642 etiam
528 614 580 649 ipsi
594 619 750 648 serpentem
769 614 795 640 itt
813 614 897 648 ligno,
918 614 970 640 hoc
983 619 1025 640 cst

235 661 398 693 Christum,
433 661 578 695 ipsumque
612 660 749 687 intuentes
782 665 865 694 atque
900 659 928 686 in
963 668 1024 686 cum

235 707 402 739 credentes,
430 706 548 734 salutem
589 705 786 733 nanciscimur.
836 704 937 732 Verum
973 714 1026 740 qua

236 753 341 779 ratione
356 752 438 783 Deus,
454 750 501 786 qui
522 755 621 777 natura
639 751 727 778 bonus
742 754 793 783 est,
819 758 933 785 serpens
955 751 1026 778 dici-

237 799 300 826 tur?
323 799 460 831 Quoniam
480 798 557 832 juxta
583 804 646 829 nos,
667 796 752 823 libera
769 796 909 823 voluntate
926 797 1024 829 malos,

237 854 285 880 pi-r
308 844 515 873 similitudinem
543 842 634 869 carnis
655 847 797 877 peccatum
824 842 912 870 factus
933 846 984 874 est,
1000 846 1027 868 et

236 898 299 917 cum
319 890 420 924 iniquis
436 892 576 924 reputatus
599 893 641 915 est
656 888 690 915 ⁸⁸.
714 888 831 922 Serpens
850 889 931 923 Igitur
946 889 1025 916 Chri-

1079 293 1214 326 Quoniam
1249 293 1332 328 igitur
1367 302 1467 328 pravus
1493 297 1606 330 spiritus
1631 297 1785 324 exstinctus
1815 303 1866 328 est,

1079 345 1129 372 age
1168 339 1193 366 ei
1225 346 1375 373 congruum
1403 340 1571 374 epitaphium
1604 346 1804 374 contcxamus,
1834 352 1866 370 ac

1078 393 1139 412 cum
1163 384 1232 412 Osea
1249 385 1389 417 dicamus,
1409 385 1460 412 Ubi
1484 391 1534 418 est,
1548 395 1629 419 mors,
1645 388 1768 414 stimulus
1785 390 1869 415 tuus?

1079 432 1123 458 ubi
1148 436 1197 463 est,
1225 431 1338 464 inferne,
1363 432 1474 458 victoria
1501 438 1547 458 tua
1566 432 1608 458 5"?
1637 432 1766 460 Diabolus
1793 435 1867 461 ettim

1078 477 1177 504 ntortis
1195 477 1320 503 minister
1341 482 1384 503 est
1410 486 1416 504 :
1443 485 1517 504 tnors
1534 482 1625 504 autent
1646 478 1709 505 Orci
1730 479 1866 506 ministra.

1078 521 1206 550 Diabolus
1225 522 1360 557 siquidem
1389 530 1437 556 per
1466 528 1606 557 peccatum
1625 525 1763 551 sauciatos
1786 525 1868 551 morti

1078 569 1201 595 tradebat
1227 577 1234 594 :
1271 575 1345 595 tnors
1379 573 1471 595 autem
1502 568 1667 596 interfectos
1700 569 1735 596 ad
1765 568 1867 596 Orcum

1078 614 1286 641 transmittebat.
1304 615 1338 641 At
1354 622 1426 641 nunc
1438 614 1592 649 'l‘beologus
1607 614 1707 642 inferni
1725 620 1752 642 et
1768 616 1867 642 mortis

1078 661 1189 687 nomine
1213 660 1353 687 diabolum
1383 665 1460 687 vocat
1476 681 1483 693 ,
1515 665 1545 687 ut
1569 661 1714 696 utriusque
1744 670 1867 690 causam.

1077 706 1196 733 Aculeus
1222 711 1313 733 autem
1340 706 1422 738 illius,
1439 711 1579 741 peccatum
1605 712 1656 739 est,
1673 715 1705 734 ac
1723 708 1868 742 voluptatis

1077 755 1192 778 testrum
1218 760 1225 778 :
1253 751 1378 784 victoria,
1407 752 1500 784 fratrs;
1523 753 1624 786 quibus
1644 753 1726 780 rebus
1747 761 1797 780 nos
1815 754 1867 780 sub

1078 795 1221 830 imperium
1259 804 1339 823 suurn
1374 805 1404 824 ac
1432 802 1595 831 potestatem
1628 799 1750 834 redigere
1783 799 1869 826 Belial

1077 841 1268 869 contendebat.
1302 843 1399 869 Verum
1427 849 1572 878 utrumque
1598 852 1646 878 per
1662 844 1802 872 Christum
1823 846 1870 872 dc-

1078 887 1161 914 letuut
1189 893 1240 914 est.
1267 888 1412 914 Peccatum
1439 889 1511 915 enim
1540 897 1594 915 non
1614 889 1688 922 fecit,
1718 898 1795 917 ueca
1812 895 1869 917 teu-

236 942 294 964 stus
309 941 361 969 est,
378 936 449 963 velut
463 935 490 962 itt
506 935 714 963 similitudinem
729 935 843 969 peccati,
860 936 925 970 quia
941 935 1024 962 homo
1041 938 1061 965 Β
1077 938 1165 960 latore
1193 934 1303 960 delusus
1333 942 1365 960 ac
1388 934 1593 962 circumventus
1608 941 1659 962 est.
1689 935 1759 968 Quin
1777 937 1870 970 potius

237 983 325 1010 factus
354 987 407 1009 est.
435 984 524 1017 Atque
546 981 582 1009 ob
606 989 666 1008 eain
694 989 804 1008 causam
831 981 864 1008 ad
885 989 960 1014 eum,
976 981 1024 1016 qui

237 1036 336 1063 purutn
352 1028 491 1055 hominem
512 1035 576 1054 eum
596 1035 659 1055 esse
678 1027 875 1060 arbitrabatur,
891 1028 999 1055 dicebat
1017 1036 1024 1054 :

236 1075 306 1108 Quid
333 1083 372 1102 me
399 1074 466 1102 dicis
495 1075 591 1101 bonum
612 1073 652 1100 3‘?
674 1074 819 1102 Enimvero
843 1082 955 1109 serpens
982 1075 1026 1102 ille

236 1129 329 1149 :cneus
352 1129 415 1148 vere
433 1128 545 1155 serpetts
564 1128 618 1147 non
634 1125 703 1151 erat,
720 1120 766 1147 sed
781 1120 896 1155 figurant
914 1120 1025 1155 quidem

235 1167 370 1202 serpentis
397 1167 531 1198 habebat.
552 1173 685 1193 venenum
698 1171 789 1193 autem
819 1175 871 1193 non
900 1167 1025 1194 habebat.

237 1213 336 1242 Eodem
354 1214 435 1242 modo
449 1213 586 1246 Christus,
604 1218 742 1246 quatenus
766 1214 870 1248 peccati
891 1221 1025 1241 venenum

237 1269 291 1286 non
308 1261 435 1292 habebat,
452 1267 507 1286 non
524 1264 582 1286 erat
599 1267 669 1286 unus
686 1267 702 1287 e
716 1259 806 1292 nobis,
821 1260 869 1294 qui
889 1260 1027 1294 serpentis

238 1306 352 1333 formam
369 1305 515 1334 subiimus.
538 1307 623 1333 Omne
639 1306 739 1332 eteniut
754 1311 896 1340 peccatum
913 1314 1026 1340 serpens

237 1359 300 1379 vere
319 1357 371 1383 est,
399 1356 425 1378 et
454 1352 500 1385 qui
520 1351 608 1386 ipsum
634 1351 764 1383 admittit,
782 1359 894 1386 serpens
919 1359 1027 1386 quoque

239 1400 296 1433 ipse
326 1397 452 1425 efﬁcitur.
483 1397 553 1429 Quin
583 1397 633 1424 hac
655 1404 764 1432 quoque
787 1405 871 1424 causa
900 1405 1025 1432 serpens,

237 1451 319 1478 quem
344 1443 371 1470 in
399 1450 509 1470 crucem
527 1442 615 1470 Moses
640 1443 763 1476 sustulit,
792 1443 906 1478 ﬁgurant
923 1444 1026 1471 Christi

237 1490 319 1524 gerit,
338 1489 468 1524 quoniam
492 1490 722 1524 quemadmodum
743 1497 889 1524 corporeus
904 1498 1026 1524 serpens,

238 1541 293 1561 non
311 1534 400 1561 solum
421 1541 556 1561 venenum
584 1534 674 1566 habet,
697 1542 745 1569 per
764 1535 848 1569 quod,
867 1536 914 1569 qui
936 1536 971 1562 ah
994 1543 1027 1563 co

239 1580 285 1606 icti
301 1579 413 1612 fuerint,
435 1582 660 1614 exstinguuntur,
688 1581 734 1607 sed
758 1581 841 1607 etiam
865 1581 928 1607 vitae
945 1582 1027 1615 phar-

1078 984 1198 1006 tentator
1210 980 1269 1014 ipse
1286 988 1367 1007 cruce
1377 980 1479 1008 Christi
1496 982 1710 1009 convulneratus
1721 988 1773 1013 est.
1787 987 1870 1016 atque

1077 1026 1248 1059 interfectus,
1278 1031 1412 1061 quantum
1442 1027 1475 1054 ad
1502 1028 1676 1062 tyrannidem
1700 1029 1808 1060 attinet,
1837 1036 1870 1055 ac

1077 1080 1126 1107 per
1156 1080 1262 1099 aeneum
1296 1077 1324 1099 et
1355 1073 1508 1100 inanimum
1533 1078 1686 1108 serpentem
1718 1075 1868 1108 ignominia

1077 1123 1198 1146 notatur.
1214 1118 1262 1146 Ille
1275 1119 1348 1146 enim
1367 1119 1394 1146 in
1408 1119 1480 1154 ligno
1493 1121 1618 1147 cenfixus
1636 1127 1668 1147 ac
1683 1121 1869 1154 triumphatus

1078 1169 1241 1192 tentatorem
1268 1165 1464 1200 praesignabat,
1493 1166 1540 1200 qui
1567 1173 1616 1200 per
1647 1166 1818 1193 salutif‘erum
1842 1171 1871 1194 et

1076 1210 1160 1238 vitale
1185 1211 1278 1238 crucis
1302 1211 1406 1245 lignum
1437 1211 1617 1245 interemptus
1644 1216 1697 1243 est,
1722 1218 1804 1246 atque
1828 1212 1864 1238 ita

1080 1257 1217 1291 serpentis
1242 1256 1360 1284 formam
1390 1257 1502 1289 retinet,
1520 1262 1550 1284 ut
1566 1262 1657 1284 tamen
1675 1258 1744 1284 nihil
1760 1265 1868 1290 eorum,

1078 1311 1138 1338 quae
1151 1303 1285 1337 serpentis
1300 1308 1464 1337 sunt,agere
1480 1303 1580 1335 valeat,
1596 1304 1692 1330 saltem
1709 1304 1735 1330 in
1748 1303 1869 1331 Christo.

1078 1348 1107 1375 In
1123 1356 1156 1376 eo
1175 1349 1248 1376 eniut
1264 1349 1355 1376 omnis
1377 1349 1507 1376 draconis
1520 1348 1560 1376 vis
1582 1354 1609 1375 et
1632 1349 1748 1375 facultas
1764 1348 1790 1374 in
1805 1348 1869 1374 irri-

1079 1398 1135 1421 tum
1154 1395 1247 1421 cessit.

1114 1440 1172 1468 Col.
1187 1440 1240 1467 654
1265 1441 1296 1467 C.
1320 1440 1381 1468 Jant
1405 1448 1466 1478 pero
1485 1439 1625 1467 Pasrhatis
1651 1440 1790 1474 participe:
1813 1439 1868 1466 eri-

1079 1494 1159 1517 mus,
1184 1491 1238 1513 etc.
1267 1487 1378 1521 Triplex
1407 1487 1511 1514 Pascha
1546 1486 1571 1512 itt
1599 1487 1719 1512 medium
1742 1486 1869 1520 producit

1078 1533 1245 1567 'l‘heologus,
1270 1532 1427 1564 Judaicum,
1456 1537 1581 1558 nostrum
1616 1539 1642 1558 et
1664 1532 1798 1558 futurunt.
1830 1532 1870 1557 Ac

1078 1576 1220 1604 Judaicum
1233 1578 1342 1611 quidem
1355 1578 1469 1611 figurant
1485 1578 1569 1604 nostri
1583 1585 1643 1604 esse
1656 1576 1732 1608 dicit,
1744 1582 1869 1603 nostrum

241 1632 361 1657 maeum,
388 1633 443 1659 quo
468 1631 591 1660 accepto,
618 1626 665 1660 qui
689 1627 813 1660 percussi
840 1626 961 1657 fuerunt,
993 1625 1065 1653 ad!)
1085 1627 1175 1650 autent
1199 1623 1309 1650 futuri:
1331 1621 1477 1650 Judaicum
1500 1630 1583 1658 porro
1607 1628 1703 1650 nostro
1725 1621 1870 1649 obseurius

243 1671 325 1697 vitam
359 1675 524 1697 revocantur
553 1679 559 1697 ι
593 1672 633 1698 sic
660 1679 693 1698 ex
722 1672 886 1706 interempto
925 1672 1029 1699 Adamo

241 1715 343 1742 homini
381 1715 610 1742 medicamentum
639 1715 779 1743 inventum
804 1721 856 1749 est,
887 1719 960 1750 quod
988 1721 1031 1744 cst

242 1760 347 1788 Domini
377 1769 499 1796 corpus,
527 1762 604 1796 cujus
624 1762 649 1788 vi
675 1769 757 1789 omne
784 1763 886 1797 peccati
914 1763 989 1790 virus
1015 1771 1030 1790 a

241 1807 417 1835 credentibus
454 1808 588 1835 aboletur.
624 1809 658 1834 At
686 1808 840 1842 Theologus
875 1815 1028 1844 serpentem

243 1861 348 1881 aeneum
373 1854 474 1881 Christi
505 1859 597 1889 typum
623 1854 833 1889 haudquaquam
850 1863 911 1882 esse
936 1860 1031 1883 censet

242 1904 342 1935 (neque
357 1901 430 1926 enim
452 1900 493 1927 fas
519 1907 551 1926 ac
568 1900 642 1934 pium
671 1906 713 1927 est
728 1908 887 1935 perversum
903 1902 1029 1936 spiritum

240 1946 341 1974 Christi
371 1951 464 1981 typum
493 1947 612 1981 vocare),
629 1954 723 1973 verum
740 1947 901 1982 antitypum,
925 1948 976 1976 hoc
990 1954 1031 1976 est

241 1992 408 2019 contrariam
435 1991 560 2028 ﬁguram.
586 1993 691 2019 Etenim
717 2001 832 2028 serpens
852 2003 865 2020 a
893 1995 1029 2029 principio

242 2039 346 2066 homini
370 2039 484 2065 exitium
510 2038 621 2070 attulit;
653 2038 782 2066 Christus
815 2046 905 2067 autent
935 2046 1029 2075 postca

241 2085 368 2112 salutem.
387 2084 434 2111 Ille
458 2084 485 2110 in
511 2092 634 2112 errorem
654 2086 769 2117 induxit,
788 2087 832 2113 ltic
857 2087 927 2114 viam
956 2095 1030 2114 com-

242 2129 414 2157 monstravit.
449 2129 507 2157 Illic
531 2137 644 2164 serpens
675 2138 756 2158 verus
787 2140 841 2158 non
869 2137 952 2165 erat,
983 2134 1028 2160 hic

243 2177 324 2201 homo
343 2183 436 2202 verus.
465 2175 566 2202 Adhtec
592 2175 638 2202 ille
665 2176 758 2203 eadem
780 2175 868 2203 forma
901 2178 1030 2211 praeditos

242 2226 380 2255 serpentes
394 2220 532 2247 interemit
555 2229 561 2247 :
586 2226 612 2247 at
630 2219 759 2248 Christus
775 2229 874 2257 genere
888 2223 940 2250 sibi
960 2232 1029 2251 con-

239 2266 342 2298 junctis
367 2266 526 2294 hominibus
558 2269 642 2294 vitam
669 2267 759 2295 affert.
786 2268 920 2296 Praeterea
949 2270 1030 2298 Chri-

242 2318 302 2339 stus
322 2313 412 2340 salvos
437 2320 484 2340 eos
513 2313 587 2347 facit,
605 2315 652 2349 qui
666 2315 784 2342 credunt
806 2315 896 2350 ipsunt
923 2317 1025 2350 vivere,

241 2367 274 2385 ac
298 2353 383 2386 vitain
400 2366 461 2387 esse
478 2360 593 2387 credunt
617 2369 625 2387 ι
647 2365 676 2388 at
691 2361 819 2389 diabolus
834 2363 931 2390 salutis
945 2370 1028 2390 causa

242 2404 276 2431 iis
293 2409 348 2436 est,
375 2405 422 2438 qui
446 2405 536 2440 ipsum
564 2405 717 2438 intuentur,
744 2407 767 2433 si
793 2407 875 2434 modo
904 2409 1028 2436 credide-

242 2450 308 2482 rint,
325 2457 380 2477 non
405 2451 479 2484 quod
503 2450 562 2485 ipse
579 2451 660 2484 vivat,
687 2452 734 2479 sed
760 2453 833 2487 quod
853 2461 902 2488 per
918 2461 1027 2482 crucem

241 2503 388 2531 oppressus
405 2502 487 2531 atque
503 2498 657 2526 exstinctus
675 2499 722 2532 sit,
736 2500 871 2527 duntaxat
893 2505 1028 2535 quantuttt

240 2543 273 2570 ad
289 2543 458 2579 tyrannidem
483 2552 490 2570 :
519 2549 602 2579 atque
623 2545 706 2572 etiam
731 2546 850 2574 subditis
867 2547 919 2574 sibi
939 2547 1030 2574 rebel-

241 2589 312 2616 libus
329 2589 510 2624 potestatibus
525 2589 666 2616 interitum
681 2591 837 2617 accersivit.
859 2589 927 2617 Nam
945 2590 1027 2618 Chri-

240 2641 311 2668 stus,
344 2636 510 2663 obtruncato
537 2636 617 2668 duce,
648 2636 722 2664 illius
745 2645 855 2672 quoque
875 2638 1024 2665 exercitum

240 2684 404 2719 profligavit.
432 2682 499 2710 lllud
524 2683 607 2717 igitur
627 2684 788 2717 notandum,
806 2684 879 2718 quod
907 2691 1021 2718 serpens

240 2732 370 2757 hactenus
393 2730 493 2757 Christi
521 2730 633 2765 figuram
664 2730 784 2764 gerebat,
804 2730 876 2765 quod
903 2731 930 2757 in
951 2730 1027 2765 ligno

240 2776 378 2808 nondcret,
405 2776 467 2804 aliis
491 2781 582 2803 autem
599 2777 729 2804 omnibus
757 2777 906 2805 rationibus
932 2778 1026 2811 ﬁgura:

241 2825 409 2855 contrarius.
434 2825 485 2852 hoc
508 2830 560 2856 est,
589 2825 675 2858 figura
705 2832 758 2850 tton
785 2824 956 2859 simpliciter,
976 2827 1024 2852 sed

277 2901 299 2916 "
320 2900 371 2927 lsa.
394 2907 452 2934 tm,
478 2901 504 2928 5.
543 2902 565 2918 "
586 2901 680 2930 Matth.
702 2910 758 2935 Xix,
778 2903 808 2929 Π

868 2905 889 2920 ’⁷
910 2905 978 2933 Osee
1007 2913 1065 2939 xm,
1092 2905 1142 2939 t4;
1164 2905 1252 2933 lCor.
1271 2915 1315 2940 λγ,
1332 2907 1376 2934 56.

1081 1676 1154 1700 esse,
1171 1674 1294 1696 nostrum
1313 1676 1388 1701 vero,
1414 1669 1437 1696 si
1460 1669 1571 1703 quidem
1594 1676 1657 1695 cum
1671 1668 1785 1695 Judaico
1804 1675 1870 1694 cnn-

1081 1715 1194 1748 feratur,
1211 1714 1362 1749 perfectum
1378 1722 1449 1747 esse,
1464 1714 1487 1741 si
1504 1719 1595 1741 autern
1609 1722 1673 1741 cum
1686 1713 1778 1740 futuro
1794 1721 1870 1740 coin—

1080 1766 1202 1796 paretur,
1225 1760 1426 1795 imperfectum.
1457 1760 1620 1794 Cujusntodi
1649 1765 1739 1787 autem
1764 1759 1801 1786 sit
1827 1759 1870 1785 fu-

1083 1813 1174 1835 turum
1200 1806 1316 1840 Pascha,
1348 1808 1528 1841 sequentibus
1555 1807 1646 1833 verbis
1677 1807 1765 1833 docet.
1791 1805 1870 1838 Quod

1081 1861 1148 1880 vero
1162 1853 1221 1884 ait,
1247 1859 1303 1879 non
1324 1852 1397 1880 enim
1416 1853 1508 1880 dicere
1529 1853 1653 1885 verebor,
1675 1853 1727 1880 hoc
1744 1852 1806 1879 ideo
1819 1852 1870 1878 ad-

1081 1900 1160 1932 didit,
1180 1900 1244 1935 quia
1261 1907 1361 1927 novum
1373 1903 1455 1934 atque
1474 1899 1624 1927 absurdum
1643 1899 1726 1926 videri
1750 1903 1868 1933 poterat,

1081 1946 1186 1974 Pascha
1198 1951 1325 1974 ttostrum
1338 1946 1453 1981 figuram
1470 1946 1573 1973 dicere.
1596 1945 1761 1973 t‘et'l'ectiorc
1775 1951 1869 1971 autent

1081 1994 1163 2021 tnodo
1182 1995 1209 2020 iit
1237 1994 1321 2021 altera
1347 1995 1403 2021 vita
1430 1993 1541 2021 Paschze
1565 1995 1714 2028 participes
1743 1995 1868 2025 eritnus;

1081 2041 1145 2075 quia
1168 2048 1241 2068 nunc
1271 2041 1299 2067 in
1323 2048 1372 2074 spe
1394 2041 1604 2068 resurrectionis
1634 2046 1736 2067 nostra:
1768 2040 1870 2068 festum

1081 2087 1254 2114 celebramus
1284 2095 1291 2113 :
1322 2092 1387 2114 tunc
1417 2091 1508 2114 autem
1541 2095 1601 2114 eam
1635 2088 1721 2122 ipsam
1751 2087 1870 2114 celebra-

1082 2132 1192 2163 bimus.
1223 2141 1284 2160 cum
1313 2133 1443 2160 nimirum
1471 2134 1557 2168 ipsius
1589 2142 1700 2168 quoque
1734 2134 1869 2168 pollicita-

1082 2178 1118 2204 tio
1138 2178 1242 2212 cxplcta
1270 2178 1370 2211 fuerit,
1391 2187 1472 2213 quam
1498 2179 1562 2206 fecit
1596 2180 1638 2207 his
1663 2179 1754 2207 verbis
1775 2188 1782 2206 :
1807 2179 1868 2205 Non

1082 2223 1168 2249 bibam
1213 2225 1308 2251 amodo
1345 2233 1377 2252 ea:
1405 2226 1452 2252 hoc
1484 2226 1615 2260 genimine
1650 2226 1711 2252 ritis
1738 2234 1820 2260 usque
1842 2227 1869 2252 in
1905 2240 1909 2241 ν

1082 2270 1151 2296 diem
1178 2269 1274 2302 illum,
1301 2279 1361 2297 cum
1393 2272 1458 2298 illud
1487 2272 1574 2298 bibam
1609 2281 1704 2299 novum
1735 2273 1869 2299 vobiscum

1082 2317 1108 2342 in
1125 2324 1204 2351 regna
1220 2316 1310 2343 Patris
1327 2319 1376 2344 mei
1391 2318 1424 2344 ⁸⁸.
1446 2318 1505 2350 Quo
1521 2319 1581 2345 loco
1601 2319 1726 2346 nonnulli
1745 2319 1870 2346 doctores

1084 2371 1130 2397 per
1166 2371 1279 2397 regnum
1316 2364 1419 2391 Christi
1455 2366 1687 2392 resurrectionem
1728 2366 1869 2392 intellexe-

1084 2414 1167 2440 runt,
1202 2417 1250 2444 per
1274 2417 1372 2437 novam
1398 2415 1488 2437 autem
1519 2413 1656 2445 potionem
1681 2418 1771 2438 eseam
1795 2411 1870 2437 illam

1083 2463 1166 2490 quam
1190 2457 1304 2490 accepit,
1316 2464 1378 2482 cum
1395 2464 1409 2482 a
1427 2457 1543 2484 mortuis
1563 2457 1770 2484 resurrexissct.
1794 2457 1870 2484 Nora

1084 2502 1156 2528 enirn
1169 2509 1199 2529 ea
1215 2507 1284 2535 crat,
1308 2503 1370 2537 quia
1388 2511 1453 2536 non,
1479 2503 1552 2538 quod
1574 2504 1635 2531 cibo
1656 2511 1725 2539 opus
1745 2503 1869 2534 haberet,

1084 2549 1254 2582 comedebat,
1276 2551 1321 2577 sed
1342 2554 1373 2576 ut
1393 2551 1516 2584 corporis
1534 2555 1660 2577 naturam
1682 2551 1869 2582 confirmaret.

1081 2596 1350 2630 resurrectionisque
1367 2603 1424 2623 sua:
1447 2597 1526 2623 fidem
1539 2597 1682 2631 discipulis
1698 2596 1810 2624 faceret.
1835 2599 1870 2623 At

1083 2639 1239 2676 Theologus
1251 2650 1376 2677 regnum,
1390 2643 1488 2670 futura:
1501 2644 1574 2671 illius
1587 2643 1649 2670 vita:
1664 2648 1764 2670 statum
1783 2650 1871 2669 inter-

1083 2692 1225 2721 pretatur,
1251 2696 1347 2715 novatn
1372 2695 1462 2716 autem
1487 2690 1625 2724 potionem
1641 2710 1648 2720 ,
1672 2689 1870 2716 absolutinrem

1081 2733 1224 2760 erudiendi
1253 2736 1395 2762 rationem.
1410 2736 1499 2770 Atque
1522 2736 1574 2763 hoc
1592 2741 1632 2763 est
1650 2735 1765 2768 Pascha,
1787 2736 1871 2762 nimi-

1081 2786 1142 2805 rum
1172 2787 1204 2806 co
1231 2785 1354 2814 tempore
1377 2789 1488 2813 arcana,
1516 2786 1568 2808 tam
1602 2782 1762 2813 divinitatis,
1784 2790 1868 2816 quam

1080 2825 1258 2854 humanitatis
1278 2828 1363 2861 ipsius
1382 2828 1510 2863 mysteria
1529 2827 1619 2862 dignis
1642 2827 1800 2855 hominibus
1819 2829 1871 2854 im-

1423 2907 1447 2922 “
1470 2908 1565 2935 Matth.
1580 2915 1651 2940 xxvi,
1664 2908 1709 2935 29.
