2058 3159
190 192 261 224 i393

651 193 811 224 NICETAS
833 192 874 222 ΙΝ
893 192 1004 223 OBAT.
1025 193 1108 222 XLII
1128 193 1158 222 S.
1179 193 1295 224 GREG.

1747 198 1822 227 1394A

189 247 300 282 pertiri.
325 247 379 279 {Ex
405 252 480 282 parte
506 248 578 275 enim
611 257 678 275 nunc
714 257 917 285 cognoscimus,
949 253 978 276 ut
993 249 1014 278 Α
1029 258 1121 277 verum
1151 258 1212 277 cum
1242 250 1346 284 angelis
1375 251 1543 279 incruentam
1571 251 1732 284 victimam,
1765 252 1818 280 hoc

188 294 341 327 Apostolus
358 294 444 328 inquit
458 294 491 325 θ’,
507 300 530 320 et
557 303 589 321 ea:
607 300 683 329 parte
707 296 867 330 percipimus
886 303 896 322 :
919 300 981 322 tunc

190 345 282 365 autent
298 339 365 372 facie
380 341 414 366 ad
427 340 532 374 faciem,
555 341 607 368 hoc
622 346 664 368 est
686 341 760 368 clare
777 346 805 368 et
823 340 979 368 manifeste.

189 384 251 411 llac
275 392 385 419 quoque
418 386 527 413 ratione
551 386 655 414 Pascha
674 387 726 414 hoc
745 391 872 414 nostrum
895 386 980 413 futuri

188 430 305 457 Pascha
329 431 412 465 ﬁgura
441 431 494 459 dici
523 436 623 466 potest,
639 433 703 468 quia
722 433 844 467 quandiu
870 433 898 459 in
928 433 981 459 hoc

152 477 170 505 .’
189 476 296 503 mundo
320 484 473 510 versamur,
499 479 623 506 crassius
646 478 737 506 adhuc
753 479 856 506 Christi
869 479 982 513 partici-

188 530 240 557 pes
269 530 375 556 sumus,
405 531 503 559 nempe
528 532 575 559 per
593 529 716 552 sanctam
737 525 824 560 ipsius
838 533 950 553 carnem
970 533 977 551 :

188 568 247 595 illic
261 573 351 596 autem
383 569 495 597 uberius
525 579 557 597 ac
583 571 742 606 perfectius.
770 571 880 607 Alioqui
897 572 979 599 etiam

188 615 331 648 passionis
355 623 388 643 ac
415 617 513 645 mortis
539 617 667 645 Christus
691 617 980 645 commemorationem

188 661 385 695 complectitur
400 663 492 690 carnis
508 663 597 697 ipsius
611 671 644 691 ac
667 664 811 699 sanguinis
830 665 978 699 perceptio.

187 706 403 743 Quotiescunque
431 710 518 741 enim,
550 710 661 745 inquit,
692 711 860 737 manducetis
887 718 980 744 panem

187 752 260 779 hunc
275 758 300 780 et
320 754 428 781 calicem
450 755 555 787 bibitis,
580 761 695 784 mortem
724 765 812 784 meam
837 758 983 785 annuntia-

187 797 256 825 bitis
271 799 305 825 '°.
318 799 450 831 Quocirca
466 801 493 827 iu
508 801 560 828 hoc
574 802 684 836 quidem
697 803 808 835 saeculo,
816 810 864 838 per
872 811 980 837 eorum,

188 851 253 877 qme
266 843 396 876 diximus.
424 848 636 881 perceptionem,
668 848 754 882 ipsius
786 854 901 876 mortem
933 857 981 876 an-

187 889 351 917 nuntiamus
379 899 386 916 :
409 898 471 918 cum
487 896 577 919 autem
602 898 695 926 postea
721 893 748 920 in
776 893 866 922 Patris
893 894 978 928 gloria

187 935 341 967 advenerit,
360 936 569 972 haudquaquam
595 943 749 973 opportune
773 939 977 967 confessionem

188 980 229 1007 illi
247 987 357 1016 propter
387 983 542 1017 passionem
573 983 731 1017 oﬁ'cremus,
757 985 804 1012 scd
818 993 886 1019 pure
903 994 977 1018 eum,

187 1031 219 1053 ut.
240 1027 335 1060 Deum,
358 1035 538 1063 agnoscemus
566 1030 636 1058 facie
663 1031 696 1058 ad
726 1031 834 1064 faciem,
855 1039 886 1059 ac
914 1037 980 1060 tunc

187 1073 327 1106 potionem
346 1082 442 1101 novam
457 1075 584 1103 Christus
598 1077 743 1104 nobiscum
757 1077 831 1105 bibet
854 1086 861 1105 :
879 1086 977 1106 novam

187 1118 314 1152 quidem,
333 1125 427 1155 utpote
442 1126 591 1154 recentem,
620 1130 651 1150 ac
671 1128 728 1150 tum
756 1124 875 1158 primum
900 1125 979 1153 nobis

188 1162 419 1194 innotescentem.
452 1167 602 1195 Nobiscum
635 1176 726 1196 autem
752 1170 881 1199 Christus
906 1171 980 1199 bibi-

188 1213 272 1238 turus
299 1217 350 1245 est,
374 1213 438 1247 quia
456 1223 508 1241 non
532 1216 619 1242 solum
647 1217 670 1243 is
687 1217 732 1251 qui
749 1218 874 1250 docetur,
891 1219 938 1246 sed
954 1219 980 1246 is

189 1256 272 1283 etiam
296 1258 342 1291 qui
371 1258 485 1286 tloceudi
516 1269 628 1288 munere
654 1262 788 1296 fungitur,
815 1263 977 1298 disciplinis,

188 1308 260 1335 quas
277 1304 368 1335 tradit,
389 1306 518 1333 nutritur.
541 1306 620 1333 Potio
639 1312 729 1334 autem
746 1308 791 1335 illa
807 1314 848 1336 est
867 1316 900 1336 ac
923 1317 978 1336 non

188 1355 265 1380 esca,
279 1351 407 1384 qucuiam
436 1357 466 1379 ut
481 1353 570 1380 virtus
593 1354 649 1386 illa,
666 1363 726 1389 quae
746 1355 772 1382 in
792 1356 900 1383 actione
919 1364 979 1384 ver-

188 1399 276 1426 satur,
299 1403 361 1423 esca
387 1398 496 1431 dicitur,
527 1407 581 1433 quo
609 1401 705 1428 durior
726 1402 773 1434 sit,
797 1401 979 1436 confectoque

187 1441 329 1468 dil'licilior
345 1451 352 1468 :
378 1442 415 1469 ita
433 1444 488 1474 illa.
506 1453 568 1478 qua:
586 1445 612 1471 in
641 1447 873 1481 contemplatione
888 1448 979 1476 cousi-

188 1487 248 1517 stit,
277 1487 350 1521 potio
379 1490 464 1523 magis
484 1490 614 1524 appellari
643 1491 723 1518 solet.
743 1492 811 1519 Cum
829 1493 910 1527 igitur
935 1494 979 1522 hic

187 1534 278 1560 virttis
296 1535 382 1560 activa
405 1535 485 1562 ﬁnem
514 1538 660 1570 acceperit,
688 1542 744 1564 tum
766 1546 829 1566 vero
853 1541 979 1574 specula-

1031 300 1072 323 est
1103 296 1190 322 laudis
1214 300 1240 322 et
1275 296 1462 326 canticorum,
1501 302 1529 325 et
1555 297 1720 326 rationabile
1737 299 1816 326 obse-

1031 343 1125 376 quiutn
1163 342 1290 369 sacriﬁcii
1329 342 1388 369 loco
1418 343 1576 370 offeramus.
1615 343 1648 370 Et.
1686 345 1818 378 quemad-

1032 389 1143 415 modum
1173 389 1199 415 in
1221 390 1304 416 veleri
1332 390 1510 416 tabernaculo
1538 390 1657 425 primum
1681 396 1742 418 erat
1779 391 1819 418 in-

1031 442 1160 469 gressum
1204 436 1306 468 velum,
1324 443 1378 470 quo
1409 436 1630 469 distinguebatur
1659 437 1736 465 locus
1763 438 1817 468 ille.

1031 481 1077 515 qui
1094 480 1195 508 Sancta
1224 481 1390 513 dicebatur,
1417 486 1477 515 post
1505 481 1558 508 hoc
1585 489 1683 508 rursus
1702 482 1818 508 altermu

1031 527 1120 554 velum
1139 533 1198 554 erat
1226 527 1352 558 interius,
1376 535 1431 561 quo
1456 528 1533 554 locus
1558 527 1603 554 ille
1629 527 1818 558 dirimebatur,

1032 582 1111 610 quem
1145 574 1244 601 Sancta
1274 579 1432 601 sanctorum
1461 573 1635 608 appellabant
1662 582 1670 601 :
1703 574 1744 601 sic
1769 581 1819 600 nos

1031 628 1141 656 quoque
1164 629 1207 648 res
1234 628 1331 648 omnes
1358 628 1506 655 corporcas
1530 625 1558 647 et
1583 620 1609 647 ill
1635 627 1744 647 sensum
1775 627 1819 646 ca-

1031 668 1136 698 dentes.
1157 667 1231 694 velut
1251 668 1369 700 primum
1386 667 1524 701 quoddam
1541 674 1572 692 ac
1595 666 1716 694 vicinum
1739 665 1819 692 nobis

1031 714 1132 745 velum,
1147 717 1321 747 penetremus
1342 720 1374 739 ac
1389 712 1553 742 dividamus.
1572 718 1656 746 atque
1671 712 1704 739 ad
1720 719 1818 740 secun-

1032 757 1110 790 dum,
1125 757 1177 784 hoc
1193 761 1235 784 est
1260 756 1294 784 ad
1317 757 1427 789 coelum,
1445 757 1516 790 quod
1531 764 1574 784 res
1588 757 1732 784 sensibilcs
1748 756 1817 783 diri-

1032 803 1081 830 mit
1106 803 1141 830 ab
1175 802 1430 834 iutellectualibus,
1461 803 1636 830 accedamus.
1669 802 1817 836 Propinqui

1032 853 1124 875 autem
1154 849 1223 875 coelo
1248 849 1326 882 facti,
1355 856 1403 882 per
1432 849 1527 876 activae
1548 849 1658 876 virtutis
1677 856 1781 884 pennas
1803 856 1819 875 a

1033 895 1116 922 rebus
1139 894 1256 922 terrenis
1283 901 1392 922 sursum
1420 894 1516 926 evecti,
1542 894 1569 920 in
1593 895 1682 928 ipsum
1709 901 1820 928 quoque

1031 941 1130 967 ctelum
1147 940 1358 974 prospiciamus,
1373 944 1454 974 atque
1469 940 1671 974 contemplandi
1687 939 1820 966 facultate

1031 985 1151 1020 praeditis
1166 985 1266 1018 oculis,
1283 985 1422 1020 mysticas,
1440 992 1492 1012 nec
1504 984 1530 1011 in
1547 983 1689 1011 oculorum
1709 991 1818 1010 sensum

1031 1033 1160 1060 cadentes
1183 1031 1401 1067 pulchritudines
1426 1030 1655 1065 contemplemur,
1673 1030 1704 1056 ad
1732 1029 1817 1064 ipsam

1031 1077 1191 1104 Trinitatem
1217 1077 1324 1105 scilicet
1353 1077 1535 1112 spiritualiter
1560 1070 1818 1111 appropinquabtvs,

1031 1127 1113 1157 atque
1137 1124 1200 1159 agni
1223 1123 1387 1151 sacriﬁcium
1412 1124 1568 1154 offerentes,
1585 1123 1636 1150 hoc
1659 1126 1701 1149 est
1725 1129 1819 1148 sacm-

1031 1176 1156 1199 sanctum
1181 1169 1246 1197 illud
1273 1169 1450 1201 sacriﬁcium,
1474 1170 1547 1203 quod
1573 1168 1714 1195 celebrare
1740 1168 1820 1194 doce-

1031 1225 1104 1249 mur,
1135 1217 1176 1244 vel
1202 1218 1283 1245 etiam
1311 1217 1399 1252 majus
1423 1225 1430 1243 :
1460 1216 1589 1243 nimirum
1618 1220 1648 1241 ιιι
1673 1222 1721 1241 nos
1746 1214 1822 1248 ipsos

1032 1263 1086 1291 Deo
1119 1268 1191 1291 totos
1219 1263 1368 1291 offeramus
1392 1267 1419 1290 et
1442 1269 1636 1289 consecremus
1655 1280 1664 1293 ,
1692 1259 1820 1286 Olllllibils

1031 1310 1128 1337 diebus
1148 1314 1230 1344 atque
1256 1309 1453 1344 agitationibus
1483 1308 1554 1342 (quze
1588 1306 1697 1341 quidem
1728 1305 1769 1331 vel
1792 1305 1819 1330 iu

1031 1356 1209 1391 cogitatione.
1238 1356 1279 1382 vel
1295 1356 1322 1382 in
1345 1362 1483 1386 sermone,
1505 1353 1547 1380 vel
1567 1353 1594 1380 in
1621 1359 1705 1386 opere
1729 1351 1820 1378 cousi-

1031 1401 1172 1434 deranlur)
1201 1405 1281 1434 atque
1314 1400 1406 1426 omnia
1435 1407 1485 1433 pro
1509 1398 1632 1428 Christo,
1667 1396 1710 1423 vel
1737 1396 1818 1422 etiam

1031 1454 1081 1481 pro
1095 1446 1202 1481 pietatis
1222 1446 1344 1473 doctrina
1371 1447 1529 1480 (utrumque
1555 1443 1626 1471 enim
1642 1443 1720 1476 λόγος
1736 1442 1821 1476 signi-

1033 1494 1105 1527 ﬁcat)
1135 1493 1331 1523 sustineamus.
1358 1493 1390 1518 ad
1421 1491 1582 1526 martyrium
1614 1489 1738 1516 videlicet
1768 1495 1823 1516 nos

1032 1539 1216 1573 acciugcntes,
1236 1539 1257 1566 si
1287 1539 1325 1565 ita
1350 1543 1457 1572 tempus
1480 1536 1582 1568 tulerit,
1603 1540 1631 1562 et
1650 1536 1739 1562 crucis
1753 1542 1820 1569 sup-

189 1580 244 1606 trix
273 1580 377 1607 cnlclur
401 1586 483 1615 atque
508 1585 690 1617 exercebitur,
719 1590 801 1619 atque
824 1593 855 1612 ea
875 1586 1014 1617 sanctisC
1031 1584 1145 1619 plicium
1174 1584 1335 1613 subeuntes.
1365 1584 1388 1610 si
1411 1584 1448 1610 ita
1475 1589 1589 1610 necesse
1612 1582 1704 1608 fueril-
1723 1581 1824 1608 Dulces

188 1626 258 1651 viris
271 1626 372 1654 clarius
395 1628 566 1663 detrgentur,
582 1637 643 1664 qua:
659 1638 732 1657 nunc
745 1631 871 1659 Christus
889 1633 980 1659 minus

188 1674 269 1706 plene
288 1672 353 1706 ipsis
368 1676 485 1708 aperuit.

224 1718 283 1746 Col.
299 1719 350 1746 655
371 1720 404 1748 A.
420 1721 472 1755 Age
488 1730 557 1753 vero,
575 1730 620 1749 nos
635 1731 734 1757 quoque
757 1722 818 1757 legis
840 1724 980 1758 participes

189 1763 351 1796 efﬁciamur,
369 1770 422 1792 etc.
438 1765 517 1800 Legis
533 1767 681 1801 participes
696 1776 745 1795 nos
763 1769 820 1796 vult
836 1776 896 1796 esse
912 1769 979 1796 Gre-

190 1811 295 1844 gorius,
312 1818 374 1838 cum
395 1811 458 1844 alia,
477 1816 533 1839 tum
550 1813 657 1840 Pascha
681 1814 762 1840 etiam
776 1815 935 1847 sancientis,
953 1819 980 1841 et

189 1856 301 1890 quidem
334 1857 480 1892 participes
507 1862 578 1890 esse,
593 1866 659 1890 non,
675 1864 705 1886 ut
728 1858 824 1890 Judaei,
841 1860 920 1886 nudae
936 1860 981 1887 Iit-

190 1907 257 1929 terae
280 1903 460 1936 adhzerentes,
483 1904 535 1932 hoc
556 1910 608 1936 est,
635 1912 735 1940 agnum
754 1905 878 1933 sensibili
899 1906 980 1933 modo

189 1951 365 1978 cornedeutes
389 1952 450 1987 (illi
474 1953 546 1979 enim
576 1953 735 1987 imperfecte
764 1953 979 1984 manducauant,

190 1997 305 2031 ﬁgurate
329 2005 360 2024 ac
382 2006 434 2025 non
457 2006 522 2025 vere
544 1997 640 2025 festum
653 1999 840 2034 celebrantes)
872 2007 978 2030 verttm,

191 2047 221 2068 ut
237 2043 388 2076 priescribit
402 2043 590 2077 Evangeliutn,
606 2044 658 2071 hoc
672 2049 726 2077 est,
745 2052 847 2078 corpus
869 2052 900 2071 ac
913 2052 978 2071 san-

191 2088 300 2122 guint‘tn
326 2087 432 2115 Domini
458 2089 651 2123 percipientes.
678 2089 857 2125 Evangelium
886 2095 977 2118 autem

191 2134 385 2168 perfectionem
411 2135 504 2162 tradit.
529 2136 664 2168 Quocirca
686 2144 735 2171 pro
758 2137 849 2171 capite
867 2144 979 2175 aeme-

191 2181 288 2216 tropoii
306 2183 403 2210 cmlum
419 2183 629 2214 constituamus,
645 2188 675 2210 ut
692 2183 796 2211 Hebraei
808 2183 977 2211 Jerusalem.

190 2228 223 2255 ad
249 2236 330 2262 qttam
359 2228 444 2256 solam
472 2229 591 2263 undique
621 2229 791 2257 conﬂuentes
816 2229 884 2257 festa
902 2229 976 2256 cele-

189 2274 316 2301 brabant.
338 2274 415 2307 Quod
431 2279 520 2302 autent
542 2279 649 2303 terrena
666 2275 818 2303 Jerusalem
842 2276 876 2303 ab
895 2283 975 2303 exer-

189 2321 290 2349 citibtts
306 2321 436 2348 calcanda
451 2325 534 2354 esset,
561 2321 689 2350 Christus
714 2323 785 2357 apud
810 2321 913 2349 Lucam
931 2322 975 2348 his

191 2367 280 2394 verbis
310 2368 469 2402 pmdixerat
495 2376 503 2394 :
540 2368 574 2394 Et
602 2367 751 2395 Jerusalem
780 2367 928 2394 calcabitur
961 2375 977 2393 α

191 2412 310 2445 gentibus
348 2412 411 2446 (hoc
440 2413 513 2440 enim
540 2414 651 2441 nomine
675 2414 825 2440 exercitum
846 2413 922 2440 illum
939 2412 978 2440 si-

191 2456 313 2490 gniﬁcat,
325 2457 372 2490 qui
388 2457 439 2485 sub
452 2457 622 2492 Vespasiano
637 2463 664 2485 et
678 2457 741 2486 Tito
756 2457 975 2493 Hierosolymam

191 2501 299 2528 infestis
309 2502 394 2536 signis
408 2504 574 2536 oppugnavit
597 2509 679 2539 atque
707 2503 883 2538 pervastavit)
899 2504 979 2530 donec

192 2547 354 2580 impleantur
388 2552 504 2581 tempora
542 2551 680 2576 nationum
708 2551 741 2577 ἰ.
779 2550 974 2577 Saeriﬁcemus

192 2592 267 2624 Deo,
298 2600 351 2619 non
383 2601 414 2619 ea
448 2601 510 2628 qua:
536 2601 568 2620 ex
593 2595 661 2629 legis
690 2595 850 2630 praescripto
880 2595 973 2622 oﬁ‘erri

192 2638 326 2670 solebant,
356 2643 447 2672 utpote
470 2639 580 2673 vitulos,
605 2648 742 2675 agnosquc
772 2645 881 2669 teneros
915 2649 977 2668 cor-

193 2691 246 2710 nua
280 2683 459 2717 producentes
486 2689 514 2711 et
542 2686 668 2720 ungulas,
699 2695 760 2721 qua:
782 2687 848 2718 duo,
873 2694 976 2714 cornua

146 2722 156 2727 ’
193 2729 318 2756 videlicet
345 2735 371 2756 et
394 2731 512 2764 ungula},
542 2739 585 2758 res
608 2736 723 2759 morture
751 2737 815 2759 sunt
840 2740 872 2760 ac
893 2740 976 2760 sensu

192 2779 328 2807 carentes,
348 2783 380 2802 ac
399 2776 512 2810 proinde
530 2777 737 2812 haudquaquam
755 2786 882 2812 congrua:
895 2783 976 2813 atque

193 2819 306 2854 iJouezc,
327 2829 386 2856 quze
412 2821 467 2850 Deo
482 2823 543 2850 vivo
559 2823 586 2849 in
610 2823 776 2851 sacriﬁcium
801 2824 950 2852 oﬂ‘erautur
967 2834 973 2852 :

227 2896 249 2914 "
271 2897 354 2925 lCor.
373 2906 432 2930 xm,
450 2898 492 2926 l2.
531 2900 553 2915 9°
573 2899 660 2927 lCor.
676 2908 714 2934 χι,
733 2901 778 2929 26.

1034 1630 1106 1657 enim
1130 1635 1193 1658 sunt
1218 1629 1299 1661 clavi,
1322 1633 1432 1663 propter
1456 1628 1659 1655 Douiiuicorum
1679 1627 1825 1654 clavorum

1033 1675 1234 1707 imitationem,
1257 1679 1284 1702 et
1313 1675 1523 1702 delectationem
1552 1674 1579 1700 in
1608 1682 1655 1708 spe
1689 1674 1819 1707 positam,

1032 1721 1097 1748 licet
1118 1726 1228 1755 propter
1251 1721 1375 1755 corporis
1399 1720 1520 1747 dolorem
1538 1727 1620 1747 sensu
1648 1719 1739 1746 acerbi
1753 1720 1819 1746 sint.

1032 1766 1119 1794 Porro
1140 1775 1187 1801 per
1213 1769 1356 1801 passiones
1383 1767 1486 1794 Christi
1515 1767 1670 1801 passionem
1688 1766 1732 1793 ille
1758 1766 1819 1792 illii-

1033 1816 1118 1843 tatur,
1138 1813 1183 1846 qui
1208 1817 1374 1847 spontaneos
1398 1812 1504 1839 labores
1519 1817 1601 1846 atque
1621 1812 1820 1838 involunlarins

1032 1864 1114 1884 casus
1129 1857 1208 1884 ﬁrmo
1230 1861 1257 1884 et
1280 1857 1393 1884 robusto
1406 1857 1499 1886 animo
1525 1856 1635 1891 perfert.
1665 1856 1711 1882 llle
1727 1859 1816 1882 autem

1032 1903 1167 1937 sanguine
1196 1903 1368 1930 Dominicum
1403 1903 1564 1938 sanguinem
1598 1903 1734 1935 honorat,
1765 1909 1819 1928 non

1032 1947 1114 1974 modo
1142 1948 1187 1982 qui
1213 1948 1372 1983 sanguinem
1394 1955 1473 1975 suum
1499 1955 1547 1982 per
1573 1947 1731 1983 martyriqu
1757 1955 1820 1982 pro-

1031 1994 1133 2025 fundit,
1150 1994 1197 2021 sed
1221 1995 1302 2021 etiam
1317 1995 1363 2028 qui
1383 2002 1431 2028 pro
1455 1994 1556 2021 Christi
1574 2001 1667 2021 amore
1691 2001 1737 2027 per
1752 2001 1819 2020 con-

1032 2041 1171 2069 tinentiam
1186 2041 1275 2076 ipsum
1296 2040 1444 2068 imminuit.
1462 2040 1585 2073 Quanam
1602 2045 1692 2066 atttem
1711 2039 1818 2066 ratione

1031 2096 1085 2115 non
1101 2089 1189 2116 solum
1203 2095 1345 2122 corporeo,
1362 2087 1408 2115 sed
1420 2088 1500 2114 etiarn
1510 2087 1644 2122 spirituali
1654 2085 1734 2113 modo
1744 2086 1819 2119 quis-

1030 2134 1100 2169 piam
1109 2142 1217 2161 crucem
1227 2133 1402 2161 conscendt?
1412 2133 1540 2160 nimirum
1551 2141 1610 2159 cum
1619 2140 1665 2167 per
1681 2139 1818 2159 aerumnas

1029 2185 1056 2207 et
1070 2180 1231 2208 amictioucs
1244 2188 1325 2215 supra
1342 2187 1385 2208 res
1400 2183 1523 2207 terrenas
1538 2180 1666 2213 assurgit.
1682 2187 1713 2205 ac
1728 2183 1818 2206 tenta-

1031 2227 1119 2254 tioncs
1152 2227 1229 2253 carni
1260 2226 1380 2254 dolorem
1411 2227 1553 2253 inurcntes
1584 2226 1657 2252 velut
1683 2225 1816 2259 quosdam

990 2259 1017 2289 D
1031 2272 1122 2299 clavos
1146 2272 1263 2311 libenter
1283 2272 1394 2306 excipit,
1412 2278 1441 2299 ut
1457 2272 1542 2299 beata:
1560 2271 1621 2297 vitae
1643 2270 1816 2298 dulcedinem

1029 2318 1183 2346 afferentes.

1063 2364 1131 2391 Ibid.
1149 2365 1180 2392 C.
1201 2364 1232 2392 Si
1254 2365 1345 2392 Simon
1367 2363 1508 2398 Cyrenmus
1535 2364 1582 2394 sia,
1600 2367 1653 2389 etc.
1672 2361 1777 2394 Simon,
1792 2361 1816 2389 si

1027 2412 1089 2446 quis
1110 2412 1319 2446 interpretetur,
1337 2410 1512 2437 obedientiam
1531 2408 1686 2443 signiﬁcat;
1700 2408 1815 2442 Cyrene,

1027 2462 1116 2485 atttem
1140 2458 1224 2484 animi
1240 2456 1486 2491 pramptimdinem,
1513 2454 1646 2489 Quisquis
1676 2453 1758 2488 igitur
1781 2452 1815 2480 ad

1028 2503 1209 2531 obedicndum
1235 2502 1381 2537 Evangelio
1406 2505 1517 2535 paratus
1541 2505 1605 2532 est,
1633 2507 1665 2527 ac
1689 2503 1815 2534 prompto

1030 2550 1121 2577 animo
1141 2557 1188 2584 per
1204 2548 1387 2576 membrorum
1400 2568 1408 2580 ,
1428 2541 1488 2582 qua:
1508 2554 1590 2581 super
1615 2551 1715 2572 terram
1741 2549 1814 2576 sunt,

1030 2595 1265 2622 mortiﬁcationem
1283 2614 1290 2626 ,
1318 2594 1497 2628 philosophiae
1525 2593 1551 2620 in
1581 2592 1690 2619 actione
1720 2591 1816 2625 positae
1854 2615 1857 2618 .

1028 2641 1135 2669 labores
1164 2646 1192 2668 et
1219 2641 1379 2668 ailiictioncs
1405 2647 1455 2675 pro
1478 2640 1580 2667 virtute
1605 2638 1690 2670 subit,
1717 2638 1814 2665 Simon

1029 2687 1175 2722 Cyrenaeus
1188 2687 1307 2720 exsistit,
1327 2687 1399 2713 ultro
1414 2676 1544 2713 nimirum
1558 2686 1685 2712 virtutem
1708 2683 1812 2715 colens,

1029 2737 1111 2767 atque
1137 2733 1259 2760 humeris
1282 2740 1391 2759 crucem
1419 2737 1539 2766 gestans,
1560 2739 1593 2758 ac
1609 2729 1748 2758 Christum
1770 2735 1814 2755 se~

1028 2786 1127 2814 quens,
1143 2778 1195 2805 hoc
1210 2783 1261 2810 est,
1276 2779 1435 2806 distractam
1450 2785 1563 2812 prorsus
1576 2784 1590 2803 a
1607 2781 1677 2803 terra
1691 2775 1740 2809 piat
1752 2774 1814 2801 vita:

1028 2825 1162 2852 rationem
1188 2825 1343 2853 ostendens.
1367 2825 1466 2852 Eodem
1495 2824 1583 2851 modo
1598 2827 1624 2850 tu
1654 2829 1761 2856 quoque
1788 2819 1813 2850 si

817 2900 836 2915 ⁹¹
860 2899 927 2928 Luc.
944 2908 1001 2934 ut,
1015 2900 1059 2928 2i.
