2058 3159
246 190 315 222 1395

947 189 1138 220 ADDENDA.

1800 187 1869 219 1395

246 244 330 272 anhni
345 244 499 272 obedientia
517 243 645 278 pmditus
660 251 701 276 es,
727 244 811 270 alacri
824 243 917 270 animo
928 243 961 270 ad
973 251 1033 277 ges—
1047 247 1069 272 Δ
1085 243 1249 277 cogitatione
1262 243 1309 270 tibi
1324 243 1440 277 (ingens.
1460 241 1594 270 Caeterum
1610 249 1673 269 cum
1696 241 1760 269 Jesu
1775 240 1870 275 ingre-

246 290 355 317 taudam
363 290 634 317 carnalisvoluntatis
650 289 856 324 oppressionem
871 293 897 316 te
910 288 1032 322 accinge.

245 335 313 363 Nam
330 335 515 370 interemptrix
537 342 648 369 quoque
667 335 804 369 corporis,
820 341 889 362 erux
905 339 974 361 crat.
992 334 1032 361 Ita

247 382 302 412 ﬂet.
321 386 351 408 ut
365 381 466 409 Christi
486 381 614 408 mandata
630 381 766 415 sequaris.

281 427 339 454 Col.
357 426 410 454 655
425 426 456 454 C.
474 426 502 454 Si
519 431 548 453 ut
572 426 642 454 latro
663 427 738 453 cruci
762 426 840 454 simul
860 427 955 461 aliisue
974 426 1033 460 fue-

245 473 292 503 ria,
309 477 364 499 etc.
380 472 426 499 Ille
440 472 468 499 in
484 479 592 499 crucem
610 476 639 499 ut
657 472 727 499 latro
744 472 861 504 tollitur,
880 472 926 506 qui
943 471 1032 499 scele—

245 526 304 545 rum
320 525 416 553 pcenas
430 517 491 545 luit.
507 517 559 551 Qui
575 517 598 545 si
613 524 704 545 tamen
718 525 880 553 persuasum
894 518 991 545 habeat
1002 525 1032 545 se

243 565 342 592 merito
358 564 488 597 cruciari,
511 572 544 592 ac
565 564 650 592 Deum
678 572 750 597 esse,
768 565 814 599 qui
831 564 963 592 mundum
983 572 1033 599 gu-

243 611 339 638 bernet
365 614 446 645 atque
473 610 602 638 omnibus
624 611 707 639 rebus
727 611 864 642 consulat,
882 611 983 646 probus
1004 614 1032 638 et

242 656 377 684 candidus
392 661 445 689 est,
462 661 556 692 utpote
580 657 722 685 veritatem
746 664 909 691 agnoscens.
928 657 1031 689 Quam—

242 703 348 733 obrem.
360 706 387 730 et
400 706 429 730 ut
442 703 610 737 perpetiens.
632 707 660 729 et
677 706 708 729 ut
723 709 800 737 aequo
818 702 911 733 animo
925 701 1032 729 crucia-

242 754 286 776 tus
302 747 404 781 ferens,
420 748 447 776 in
464 748 592 783 paradiso
602 753 655 776 est.
670 748 709 776 Ac
721 748 743 776 si
759 748 932 783 impatienter
943 747 1029 775 vicem

243 801 321 821 suam
346 793 427 826 l'erat,
444 793 700 828 providentiamque
723 797 843 826 accuset,
871 797 919 820 aut
939 797 1028 827 neget,

242 839 357 874 iniquus
381 839 427 867 ille
451 844 503 872 est,
530 843 557 866 et
574 844 760 866 murmurator
778 847 784 865 :
802 846 834 866 ac
851 839 967 874 proinde
981 846 1030 874 nec

243 886 271 913 in
300 886 457 921 paradisum
484 886 619 919 introibit,
638 885 871 920 quemadmodum
898 893 949 912 nec
977 884 1031 912 Ile-

243 931 318 964 braai,
335 931 384 967 qui
413 932 441 959 in
472 931 582 959 deserto
606 935 853 964 murmuravcrant,
880 931 907 958 in
928 937 1028 958 terram
1043 920 1066 950 Β

242 977 447 1011 promissionis.
475 977 596 1005 Proinde
632 978 691 1012 ipse
720 984 841 1012 quoque,
869 977 892 1005 si
920 981 1031 1012 propter

242 1029 288 1051 tua
316 1028 426 1058 peccata
460 1024 595 1059 supplicio
628 1024 744 1052 aﬂiceris
767 1044 775 1057 ,
805 1023 920 1057 probum
953 1022 1030 1050 illum

241 1074 270 1097 et
292 1070 439 1098 candidum
465 1070 599 1098 latronem
625 1070 752 1102 imitare,
781 1077 814 1097 ac
832 1070 896 1097 dum
924 1069 1032 1097 crucia-

243 1116 300 1148 ris,
329 1116 413 1143 Deum
452 1116 567 1151 ejusque
595 1116 794 1151 providentiam
821 1123 962 1150 agnosce,
989 1115 1032 1142 ni-

242 1162 341 1189 mirum
371 1162 418 1197 qui
448 1166 475 1189 te
500 1170 549 1198 per
581 1162 662 1197 hujus
696 1163 759 1190 vita:
785 1162 896 1189 dolores
921 1162 1030 1197 purgari

243 1207 315 1235 velit.
339 1207 369 1235 Si
383 1208 523 1243 Christus,
546 1213 575 1236 ut
594 1213 637 1236 est
664 1208 736 1244 apud
757 1208 866 1240 Isaiam,
883 1208 954 1235 inter
969 1215 1030 1235 sce-

242 1254 345 1282 leratos
370 1259 512 1288 reputatus
537 1259 580 1283 est
605 1255 628 1271 “
661 1255 742 1288 (cum
772 1255 925 1282 latronibus
955 1255 1030 1282 enim

241 1298 317 1326 velut
343 1298 517 1328 faciuorosus
541 1300 569 1327 in
597 1308 705 1327 crucem
733 1299 858 1327 sublatus
873 1305 924 1332 est,
949 1299 1032 1334 idque

243 1350 273 1372 ut
298 1350 443 1380 peccatum
470 1351 547 1374 tuum
572 1346 717 1380 expiaret;
740 1352 767 1373 tu
787 1346 861 1373 cnim
876 1353 963 1381 ptena'.
982 1346 1031 1373 ob-

241 1391 340 1418 noxius
352 1398 435 1424 eras;
452 1391 510 1426 ipse
529 1396 632 1424 autem,
648 1396 679 1419 ut
694 1391 741 1427 qui
763 1396 903 1426 peccatum
924 1391 1029 1419 nullum

241 1437 407 1469 admisisset,
427 1438 565 1465 immerito
588 1445 686 1473 passus
705 1442 757 1472 cst,
778 1441 808 1464 ut
832 1442 858 1465 te
878 1445 893 1464 a
918 1442 1031 1472 peccato

241 1486 268 1508 et
291 1490 371 1517 poena
397 1482 535 1517 liberaret)
556 1492 565 1510 :
589 1487 618 1510 tu
641 1489 751 1518 propter
774 1483 850 1510 illum
867 1483 958 1517 justus
971 1483 1029 1510 elli—

240 1535 321 1559 cere,
344 1528 411 1562 legis
433 1528 598 1563 evangelicae
619 1529 743 1564 vestigiis
768 1529 907 1562 haerens,
921 1537 954 1557 ac
980 1536 1030 1563 per

1084 290 1158 323 dere,
1173 290 1269 316 ducem
1289 288 1327 316 tui
1344 287 1376 315 ad
1392 288 1648 321 contemplationem
1667 287 1802 314 introitus"
1816 287 1866 314 Fi-

1083 337 1149 363 lium
1172 335 1219 363 Dei
1245 334 1367 367 faciens,
1385 341 1448 362 cum
1475 333 1534 368 ipso
1562 333 1781 368 pulchritudines
1808 333 1869 360 illas

1083 383 1250 417 inspectans.

1120 429 1186 455 Ibid.
1210 428 1242 455 (Σ.
1268 427 1299 455 Si
1311 427 1410 462 Ioseph
1435 427 1612 455 Arimathteut
1635 426 1681 457 sit,
1700 425 1732 451 ab
1756 432 1798 456 eo,
1813 429 1867 451 etc.

1082 473 1180 507 Joseplt
1203 473 1275 500 idem
1312 477 1353 500 est
1368 473 1440 508 quod
1467 471 1581 507 adjectio
1605 476 1632 497 et
1653 471 1842 497 incrementum
1858 476 1868 494 :

1082 520 1265 548 Arimathaeus
1298 519 1368 546 Idem
1397 519 1470 553 quod
1496 517 1602 545 tollens.
1630 515 1758 549 Quisquis
1786 515 1869 548 igitur

1082 566 1182 593 actioni
1205 565 1287 594 simul
1305 571 1335 592 et.
1350 563 1575 598 contemplationi
1607 562 1748 592 incumbit.
1765 559 1867 595 Ioseph

1081 613 1265 640 Arimatharns
1286 612 1342 640 dici
1356 615 1458 646 potest,
1481 610 1612 637 nimirum
1631 616 1677 643 per
1698 607 1832 634 actionem
1851 613 1867 632 a

1082 660 1173 693 seipso
1190 665 1314 686 crassum
1337 664 1446 684 omnem
1463 661 1491 683 et
1507 659 1650 682 terrenum
1671 652 1797 680 affectum
1814 650 1869 677 tol-

1082 706 1141 733 lens
1158 709 1186 732 et
1207 703 1336 735 evellens,
1361 711 1408 738 per
1434 699 1693 735 contemplationem
1719 701 1810 724 autem
1832 697 1866 723 ad

1081 751 1248 786 spiritualem
1270 750 1453 785 cognitionem
1469 748 1638 775 increscens.
1654 744 1772 773 Proinde
1795 743 1820 770 si
1836 747 1865 769 ιιι

1081 806 1189 834 quoque
1213 797 1394 830 adiectionem
1414 795 1510 826 habes,
1539 793 1566 820 id
1587 796 1639 823 est,
1666 791 1869 818 incrementum

1081 844 1183 872 amoris
1196 843 1292 874 divini,
1307 842 1372 870 tolle
1387 848 1420 868 ac
1432 845 1509 876 porta
1529 838 1658 873 religiose
1674 842 1775 870 corpus
1788 834 1866 865 Jesu,

1081 891 1227 926 mysticum
1252 888 1366 919 scilicet,
1384 887 1466 922 digne
1491 885 1580 920 ipsum
1596 882 1760 918 percipiens,
1781 884 1866 914 atque

1082 937 1148 965 illud
1162 941 1235 971 pete,
1251 935 1278 962 id
1302 939 1355 967 est,
1374 940 1441 968 rape
1453 939 1469 959 a
1483 930 1670 965 cruciﬁgente,
1687 929 1742 956 hoc
1762 931 1806 954 est
1821 933 1866 953 eo.

1080 984 1127 1020 qui
1158 982 1270 1017 indigne
1295 980 1430 1016 percipit,
1460 985 1493 1006 ac
1522 980 1663 1012 propterea
1697 973 1867 1020 contumelia

1080 1018 1183 1061 allicit,
1212 1028 1315 1063 quique
1347 1033 1423 1053 reus'
1446 1029 1490 1052 est
1515 1022 1639 1057 corporis
1669 1024 1696 1048 et
1724 1018 1867 1053 sanguinis

1080 1076 1192 1104 Christi.
1217 1074 1362 1107 Tuumque
1384 1071 1431 1098 iiat
1452 1070 1478 1098 id
1493 1068 1567 1104 quod
1590 1074 1695 1098 omnes,
1722 1073 1737 1092 a
1765 1064 1868 1100 quibus

1080 1123 1162 1158 digne
1183 1120 1330 1155 accipitur,
1347 1121 1446 1153 purgat
1469 1121 1497 1144 et
1515 1113 1680 1143 sanctiﬁcat.
1706 1111 1767 1138 Alio
1783 1109 1868 1158 modo

1080 1155 1163 1197 etiam
1180 1174 1284 1202 corpus
1299 1164 1403 1193 Christi
1418 1167 1470 1196 est,
1485 1160 1612 1197 quisquis
1628 1160 1655 1186 in
1671 1165 1732 1186 eum
1748 1155 1838 1184 credit
1856 1163 1865 1182 :

1081 1215 1164 1250 hujus
1182 1214 1317 1244 membra,
1333 1215 1468 1246 praecepta
1492 1212 1558 1236 sunt
1573 1211 1600 1234 et
1616 1205 1741 1233 virtutes.
1753 1202 1783 1229 In
1798 1209 1867 1229 cru-

1081 1248 1140 1290 cem
1155 1266 1246 1288 autem
1261 1259 1313 1286 hoc
1334 1263 1436 1291 corpus
1454 1255 1525 1282 tollit
1540 1252 1676 1283 diabolus,
1700 1257 1752 1276 non
1771 1248 1866 1275 sinens

1081 1308 1109 1335 iu
1124 1306 1203 1334 nobis
1218 1313 1250 1332 ea
1271 1305 1394 1331 membra
1410 1300 1562 1328 secundum
1587 1302 1714 1324 naturam
1729 1294 1864 1321 actionem

1080 1360 1157 1381 suam
1182 1357 1319 1379 exercere.
1343 1349 1378 1376 At
1393 1347 1441 1382 qui
1458 1345 1674 1374 additamentum
1693 1340 1756 1368 ﬁdei
1774 1339 1862 1369 habet,

1080 1398 1180 1433 Ioseph
1195 1394 1350 1432 spiritualis
1364 1397 1419 1426 est,
1434 1391 1482 1427 qui
1498 1396 1599 1424 corpus
1624 1386 1748 1421 accipere
1762 1386 1859 1433 potest,

1080 1427 1253 1477 honesteque
1266 1439 1393 1476 sepelire,
1419 1442 1503 1472 atque
1519 1435 1546 1462 in
1560 1438 1670 1469 pectore
1689 1437 1740 1477 suo
1754 1437 1783 1456 ex
1792 1427 1859 1477 title,

1080 1490 1159 1525 quasi
1172 1496 1188 1516 e
1205 1474 1280 1522 petra
1299 1474 1410 1517 exciso,
1432 1483 1583 1517 imponere,
1614 1485 1646 1505 ac
1675 1474 1862 1525 spiritualibus

1081 1522 1153 1564 circa
1169 1535 1222 1562 hoc
1236 1532 1366 1560 saeculum
1382 1528 1555 1558 sermonibus
1577 1525 1651 1553 velut
1667 1522 1783 1552 sindone
1797 1526 1861 1554 quo-

240 1573 323 1620 animi
349 1574 418 1608 grati
444 1573 563 1601 cilicium
588 1575 684 1606 adora,
705 1575 733 1602 id
756 1579 808 1606 est,
831 1575 898 1602 cede
913 1581 945 1601 ac
964 1581 1028 1609 pro-
1041 1589 1063 1620 α
1079 1583 1142 1611 dam
1157 1580 1204 1608 Dei
1221 1579 1320 1606 Filium
1337 1576 1488 1604 involvere.

239 1619 355 1650 Cttlube;
372 1626 526 1653 agnoscens
542 1623 568 1646 te
581 1620 688 1647 meritis
703 1621 792 1654 poenis
811 1620 892 1653 allici,
908 1626 1027 1655 atquea

245 1663 299 1689 nco
315 1671 359 1690 res
380 1663 516 1690 humanas
532 1663 633 1697 inspici
650 1668 733 1698 atque
743 1657 957 1698 administrari;
976 1665 1029 1692 hoc

242 1710 316 1738 enim
333 1717 382 1744 per
399 1708 588 1736 adorationem
608 1709 756 1746 signiﬁcari
769 1714 868 1746 potest.
887 1710 949 1745 Ipse
963 1719 1029 1747 qua-

240 1762 289 1788 I/ue
304 1754 427 1788 pendens.
445 1754 471 1781 id
494 1758 536 1782 est
562 1755 626 1783 dum
655 1762 671 1782 a
694 1755 750 1783 Deo
771 1756 886 1790 puniris,
903 1757 1028 1785 utilitatis

242 1800 366 1834 lucrique
391 1800 493 1834 aliquid
517 1808 550 1827 ex
575 1800 633 1835 ipsa
660 1801 838 1836 improbitate
855 1802 960 1838 collige.
979 1802 1026 1830 Gr.

241 1847 350 1878 κακίας,
378 1854 439 1881 qua:
464 1854 528 1879 vox,
545 1848 589 1875 vel
610 1855 660 1883 pro
675 1847 831 1882 aictione,
847 1848 889 1876 vel
902 1857 949 1883 pro
965 1855 1028 1883 pec-

240 1897 301 1919 cato
313 1897 340 1920 et
356 1893 457 1920 scelere
467 1893 555 1928 accipi
576 1899 678 1929 potest.
693 1894 816 1927 Quonam
832 1899 922 1922 autem
946 1895 1028 1922 modo

239 1939 288 1966 tibi
311 1939 423 1966 utilitati
444 1939 498 1967 erit
519 1940 690 1975 peccatum?
712 1947 809 1975 nempe
837 1945 866 1968 ut
892 1940 1028 1975 intelligas

241 1989 267 2011 te
283 1989 393 2019 propter
413 1985 504 2019 ipsum
528 1985 630 2020 puniri,
645 1993 678 2012 ac
702 1985 788 2012 Deum
813 1985 862 2012 tibi
889 1986 1027 2020 placatum

241 2030 348 2062 reddas,
376 2038 409 2058 ac
435 2031 550 2058 salutent
577 2038 664 2058 emas.
686 2031 752 2058 Nam
777 2031 799 2058 si
817 2032 853 2058 ita
870 2031 977 2065 feceris,
993 2032 1027 2060 ad

241 2077 471 2110 sempiternorum
492 2077 627 2104 bonorum
657 2076 865 2111 perceptionem
893 2078 1027 2112 ingredie-

241 2122 288 2153 ris,
308 2122 445 2156 simulque
463 2130 525 2149 cum
546 2122 657 2150 Christo
683 2124 821 2157 regnabis,
839 2128 920 2158 atque
940 2125 1027 2151 haere-

241 2168 331 2195 ditatis
347 2168 432 2203 ipsius
447 2169 502 2196 eris
517 2169 663 2203 particeps.
688 2169 727 2196 Ac
744 2170 806 2197 vide
820 2178 901 2205 quam
919 2171 1027 2205 proprie

241 2218 268 2240 ct
283 2219 409 2241 accurate
430 2214 562 2249 loquatur
578 2215 746 2250 Theologus.
768 2215 828 2243 Non
838 2217 921 2248 ’dixit,
948 2216 1027 2244 Chri-

1115 1628 1174 1656 Col.
1191 1626 1243 1654 656
1271 1626 1304 1652 A.
1325 1624 1354 1651 Si
1368 1622 1531 1650 Nicodamus
1559 1629 1607 1652 sis,
1632 1625 1789 1650 nocturnus,
1810 1622 1864 1644 etc.

1080 1673 1245 1702 Nicodemus
1273 1671 1318 1698 ille
1343 1674 1402 1701 est.
1433 1668 1478 1703 qui
1508 1667 1540 1694 ad
1566 1666 1667 1693 Christi
1696 1665 1863 1700 agnitionem

1080 1719 1172 1747 animo
1194 1717 1304 1751 quidem
1332 1715 1428 1742 ﬁrmus
1457 1717 1500 1740 est
1524 1719 1556 1739 ac
1583 1710 1695 1741 solidus,
1723 1716 1863 1740 caeterum,

1081 1765 1145 1793 dum
1159 1764 1235 1792 carni
1250 1762 1429 1798 gratiﬁcatur,
1446 1760 1474 1787 in
1488 1758 1678 1786 mandatorum
1693 1755 1864 1784 observatio-

1081 1818 1143 1838 nem
1169 1809 1225 1836 acri
1256 1807 1341 1835 animi
1377 1805 1552 1833 contentione
1582 1802 1759 1834 incumbere,
1792 1801 1865 1827 velut

1081 1855 1270 1885 meticulosus,
1303 1851 1407 1884 renuit,
1432 1854 1543 1885 propter
1570 1854 1674 1876 metum
1696 1846 1862 1876 Judazorum,

1080 1902 1134 1929 hoc
1159 1905 1201 1929 est
1231 1898 1470 1935 perturbationum
1501 1895 1605 1928 animi,
1635 1894 1679 1922 vel
1707 1894 1860 1921 daemonum

1080 1947 1210 1982 impetus.
1245 1942 1408 1979 Hnjusmodi
1440 1945 1531 1969 autem
1558 1940 1618 1967 viro
1641 1939 1674 1966 ad
1704 1937 1808 1965 Iaudem
1835 1940 1863 1963 ct

1080 1991 1346 2022 commendationem
1372 1988 1533 2024 praeclarum
1547 1987 1657 2014 videtur
1674 1989 1746 2012 recte
1767 1983 1863 2010 saltem

1080 2040 1114 2067 de
1128 2039 1237 2066 Christo
1263 2036 1375 2068 sentire,
1403 2042 1453 2063 nec
1475 2033 1673 2061 contumeliosa
1696 2031 1778 2058 verba
1801 2037 1863 2064 pro-

1082 2085 1164 2112 ferre.
1199 2082 1353 2119 Unguentis
1384 2086 1476 2108 autem
1508 2078 1681 2106 Dontinicum
1707 2084 1806 2112 corpus
1831 2075 1865 2102 ad

1081 2130 1246 2165 sepulturam
1260 2127 1409 2163 perfundit,
1434 2126 1481 2161 qui
1508 2132 1649 2153 sermones
1662 2128 1690 2151 et
1704 2122 1865 2157 disputatio<

1081 2183 1139 2208 nes,
1155 2182 1223 2210 quas
1240 2174 1275 2201 de
1298 2180 1331 2201 eo
1346 2172 1438 2204 habet,
1457 2171 1500 2205 pie
1521 2174 1630 2200 tractat,
1657 2175 1759 2203 easque
1778 2167 1866 2194 tundit

1080 2220 1156 2248 suavi
1171 2219 1255 2247 odore
1269 2218 1403 2246 stillantes
1416 2221 1463 2245 aut
1480 2216 1562 2243 etiam
1579 2214 1744 2242 redolentes.

241 2264 300 2287 stus
330 2261 438 2295 iniquus
454 2261 541 2288 iactus
555 2265 606 2294 est,
619 2262 666 2290 sed
682 2267 829 2297 reputatur.
852 2263 959 2291 Rursus
974 2271 1027 2291 non
1041 2260 1068 2291 D
1116 2265 1184 2293 Ibid.
1200 2264 1232 2291 Ι).
1254 2263 1283 2292 Si
1300 2263 1387 2292 Maria
1399 2262 1522 2298 quwdam
1532 2262 1578 2293 tis,
1591 2262 1614 2288 si
1626 2261 1682 2287 alia
1696 2259 1797 2291 Maria,
1812 2264 1865 2286 etc.

241 2306 327 2333 dixit:
359 2306 400 2333 Tu
427 2306 519 2342 justus
553 2308 700 2342 reputare?
725 2309 771 2336 sed
795 2309 911 2344 efﬁcere.
935 2309 1029 2344 Neque

239 2352 312 2378 enim
326 2352 505 2386 existimatio,
530 2353 578 2381 sed
591 2353 649 2389 ipsa
669 2354 707 2382 rei
725 2355 838 2388 veritas,
861 2356 1027 2389 autjustum

241 2398 377 2426 imminent
402 2398 501 2431 reddit,
525 2404 573 2427 aut
587 2399 760 2428 condemnat.
789 2399 850 2428 lam
870 2401 929 2429 hzec
944 2402 1027 2429 etiam

240 2451 301 2478 quae
329 2449 493 2479 sequuntur,
514 2445 597 2473 altius
621 2447 768 2481 perpende.
793 2446 896 2480 Adora,
927 2447 1027 2482 inquit,

241 2495 285 2518 tua
307 2498 389 2518 causa
414 2491 586 2525 pendentem,
617 2492 750 2526 quoniam
773 2492 843 2527 ipse,
874 2493 1027 2522 sceleratus

240 2536 362 2570 habitus,
387 2537 462 2576 cruci
488 2536 584 2566 alIixus
599 2542 651 2570 est,
673 2545 705 2566 ac
729 2543 839 2574 propter
865 2543 891 2567 te
911 2545 1025 2567 mortem

240 2582 352 2615 pertulit
368 2591 375 2610 :
391 2586 421 2609 ut
442 2583 578 2618 intelligas
603 2586 640 2616 te,
660 2588 691 2611 ut
706 2591 769 2612 vere
785 2584 962 2618 sceleratum,
977 2593 1026 2620 per

240 2627 349 2655 dolores
371 2632 398 2656 et
415 2628 577 2656 alilictiones
604 2629 741 2664 justitiam
767 2630 899 2665 consequi
916 2631 1026 2658 debere.

240 2671 317 2706 Quod
337 2681 400 2701 cum
422 2680 593 2709 perspectqu
614 2676 732 2708 habeas,
759 2676 928 2710 suspendere
941 2696 950 2709 ,
973 2677 1026 2704 hoc

239 2723 280 2745 est
319 2726 333 2746 a
365 2723 473 2747 terreno
498 2721 590 2748 carnis
614 2721 714 2749 affectu
745 2722 890 2749 sustollere
903 2742 910 2755 ,
940 2730 1027 2758 eoque

240 2765 376 2792 exstincto
401 2766 519 2793 salutem
544 2767 680 2800 elucrare,
707 2775 740 2795 ac
763 2772 855 2795 mente
868 2767 1030 2803 paradisum

241 2812 393 2845 ingredere,
409 2813 549 2842 caelestem
572 2813 646 2840 illam
669 2812 766 2846 vitam,
781 2820 797 2840 a
812 2820 867 2848 qua
882 2813 1026 2841 excideras

276 2888 298 2905 "
315 2888 366 2916 Isa.
383 2891 442 2923 uit,
456 2890 498 2917 η.
537 2891 559 2907 ³³
572 2890 638 2919 Luc.
651 2899 710 2925 vut,
726 2893 754 2919 ‘2.
790 2892 812 2908 ³⁵
825 2891 879 2920 lsa.
898 2900 935 2924 xu,
949 2892 967 2919 2
991 2900 1068 2927 seqq.

1080 2311 1215 2345 Quoniam
1246 2309 1375 2337 Christus
1403 2315 1418 2335 a
1448 2308 1532 2336 Maria
1562 2307 1724 2342 Magdalena
1757 2311 1863 2340 septem

1080 2357 1216 2385 daemonia
1229 2356 1310 2391 eiecit.
1320 2356 1354 2389 “,
1374 2355 1465 2382 anima
1477 2354 1523 2382 illa
1538 2354 1623 2381 Maria
1637 2353 1796 2388 Magdalena
1811 2352 1866 2379 dici

1079 2409 1179 2439 potest,
1199 2410 1260 2438 qua:
1283 2401 1399 2436 impuris
1422 2400 1577 2435 spiritibus,
1592 2400 1639 2434 qui
1666 2403 1769 2434 septeni
1787 2399 1866 2426 benis

1080 2449 1223 2484 spiritibus
1237 2448 1271 2475 ab
1283 2447 1353 2476 Isaia
1365 2446 1536 2474 enumeratis
1546 2445 1750 2481 oppOsiti’sunt,
1765 2445 1866 2471 misero

1078 2499 1203 2526 vexatur,
1227 2501 1310 2529 quam
1333 2497 1427 2528 postea
1452 2490 1593 2526 Evangelii
1615 2491 1739 2518 doctrina
1762 2497 1866 2524 purga-

1080 2540 1120 2567 vit
1131 2539 1165 2566 “.
1180 2540 1215 2568 Ut
1237 2543 1327 2569 autem
1344 2537 1467 2565 exactius
1485 2537 1643 2572 loquamur,
1656 2535 1741 2562 Maria
1756 2535 1866 2569 Magda-

1080 2586 1142 2613 lena
1157 2590 1198 2613 est
1213 2585 1304 2612 anima
1321 2584 1397 2611 omni
1412 2584 1522 2611 actione
1534 2582 1668 2617 gaudens,
1684 2590 1699 2608 a
1716 2581 1865 2616 septenarii

1079 2631 1160 2666 hujus
1181 2631 1276 2658 saeculi
1299 2635 1403 2657 terrore
1419 2630 1494 2657 velut
1515 2629 1684 2656 daemonibus
1700 2627 1865 2662 quibusdam

1079 2684 1127 2711 per
1150 2677 1371 2711 evangelicorum
1401 2680 1598 2710 praceptorum
1623 2674 1775 2702 doctrinam
1796 2681 1865 2707 pur-

1078 2726 1140 2758 gata
1159 2731 1166 2750 :
1181 2730 1196 2750 a
1208 2730 1264 2758 quo
1277 2723 1382 2750 animas
1403 2723 1501 2750 liberat
1515 2722 1628 2748 verbum
1648 2720 1708 2751 Dei,
1732 2727 1817 2754 supra
1834 2727 1866 2747 ea

1079 2776 1141 2803 qua:
1161 2768 1188 2795 in
1210 2772 1332 2803 tempore
1351 2771 1425 2799 sunt,
1447 2765 1509 2794 illas
1534 2766 1666 2793 evehens.
1689 2765 1749 2791 Alia
1772 2767 1865 2790 autem

1079 2813 1176 2847 Maria,
1188 2814 1267 2850 cujus
1288 2814 1340 2842 hoc
1363 2814 1424 2842 loco
1441 2811 1566 2841 meminit
1580 2811 1739 2846 Gregorius,
1753 2810 1865 2846 proprie
