2058 3159
200 193 267 226 1397

657 194 815 224 NlCETAS
838 194 876 224 1N
897 194 1008 225 ORAT.
1030 195 1111 224 XLII
1132 196 1162 225 S.
1181 195 1299 225 GREG.

1753 196 1821 227 i398

199 249 311 284 quidem
332 253 375 276 est
388 254 473 276 mater
490 249 610 281 Domini,
629 250 670 277 vel
687 251 778 284 potius
789 249 884 278 Jacobi
900 250 988 278 Mino—
1002 256 1024 285 Α
1038 257 1081 279 est
1097 260 1104 278 :
1121 255 1148 278 tu
1167 259 1216 286 per
1236 250 1369 286 justitiam
1394 259 1515 286 resurge,
1543 259 1574 279 ae
1589 251 1695 287 primus
1719 250 1821 280 Christi

198 296 248 323 ris.
267 295 334 323 Nam
355 295 440 323 Mater
465 296 572 323 Domini
599 296 626 323 in
644 296 732 331 prima
758 297 803 324 illa
817 297 986 332 perfectione

197 349 260 368 cum
281 342 340 369 sola
355 342 513 377 Magdalena
537 343 570 370 ad
587 348 797 371 monumentum
815 349 986 378 perrexerat,

198 385 231 414 ac
259 389 469 416 resurrectionis
501 389 602 417 Christi
629 389 731 417 certior
751 389 834 423 facta,
864 391 985 425 quietem

198 433 302 468 agebat.
325 433 477 469 Allegorice
493 439 585 462 autem
603 435 687 463 altera
706 435 802 467 Maria,
833 437 925 464 anima
944 441 987 464 est

199 479 439 513 contemplationis
467 480 600 513 studiosa,
631 488 692 516 qua:
716 489 771 508 non
797 487 913 514 naturm,
940 482 987 509 sed

198 525 293 558 gratia!
319 525 509 559 cognationem
542 533 604 553 cunt
636 526 706 554 Filio
737 527 783 554 Dei
819 536 867 562 per
896 535 986 554 verant

200 570 343 597 scientiam
355 571 451 604 adepta
463 574 517 598 est.
529 572 617 606 Atque
631 577 660 599 ut
675 580 729 599 uno
739 568 823 600 verbo
835 573 987 604 absolvam,

199 622 246 648 per
259 614 327 642 duas
346 614 445 642 Marias
457 615 714 650 designaturanima
727 618 987 652 contemplatimtem

198 660 281 687 simul
300 665 329 687 et
355 661 489 689 actionem
516 663 652 696 amplexa.
678 662 788 690 Salome
805 667 895 690 autem
917 664 989 699 (qua:

199 713 251 732 vox
265 705 361 742 lingua
381 713 475 734 nostra
491 715 582 742 pacem
597 708 743 743 significat)
760 709 852 736 anima
866 710 910 736 illa
928 717 990 738 esse

199 755 298 785 potest,
313 759 384 786 quae,
401 753 516 781 sublatis
531 757 559 780 et
573 755 693 788 expulsis
704 755 788 782 animi
805 755 990 787 perturbatio-

200 796 293 830 nibus,
311 798 458 832 tranquilla
474 806 541 834 pace
558 799 671 832 fruitur,
684 804 768 835 atque
782 801 880 829 affectu
898 801 991 829 carnis

200 843 309 877 spiritui
326 844 378 878 legi
392 845 515 880 subjecto
530 853 578 881 per
593 847 776 881 spiritualium
792 848 876 875 animi
893 855 991 875 conce-

200 890 323 923 ptionum
333 891 547 925 speculationem
560 894 789 927 sempiternarum
801 900 891 921 rerum
904 895 992 922 scien-

201 935 265 961 tiam
281 943 330 970 pro
351 936 454 964 viribus
479 942 607 965 assecuta
638 943 691 966 est.
715 937 820 966 Joanna
844 944 933 966 atttem
957 940 990 967 ad
1008 928 1027 955 Β

201 979 314 1006 verbum
335 980 486 1008 columbam
512 987 603 1014 sonat,
629 989 661 1011 ac
680 991 728 1018 per
751 991 810 1010 eam
830 984 921 1011 anima
946 984 991 1012 illa

201 1025 383 1059 significatur,
400 1034 461 1058 quae
480 1028 604 1056 turbidos
618 1034 710 1057 motus
727 1029 825 1057 leniter
837 1030 946 1064 abjecit,
960 1039 992 1059 ac

201 1072 370 1105 spiritualem
398 1074 520 1101 sciential
551 1079 713 1109 proventum
740 1080 767 1104 et
795 1076 990 1105 fecunditatem

202 1118 342 1145 ardentem
359 1119 450 1151 habet,
472 1120 524 1148 ltoc
540 1125 583 1148 est
597 1122 665 1149 vitio
677 1127 767 1153 vacat.
785 1127 812 1150 et
827 1130 992 1152 numerosos

203 1162 315 1190 virtutis
332 1162 401 1190 fetus
416 1164 529 1201 profert.
546 1165 730 1198 Quamobrem
747 1167 770 1195 si
785 1175 840 1202 qna
857 1175 886 1195 es
900 1169 992 1196 anima

202 1216 235 1235 ex
264 1209 318 1241 Itis,
343 1218 412 1244 quas
441 1212 729 1246 commemoravimus,
759 1213 878 1241 diluculo
904 1215 992 1250 plora,

202 1253 336 1289 lacrymas
360 1256 543 1290 adipiscendae
567 1257 689 1285 scientia:
705 1258 758 1285 vim
779 1259 910 1288 habentes
930 1259 994 1288 fun-

202 1300 281 1332 dens,
301 1300 352 1327 hoc
366 1307 408 1328 est
432 1301 467 1328 de
492 1303 652 1330 orthodoxa:
669 1304 732 1331 ﬁdei
749 1305 907 1340 cognitione
930 1314 991 1333 cum

203 1352 302 1380 magna
329 1347 470 1375 alacritate
495 1354 522 1375 et
541 1348 634 1376 studio
657 1349 811 1384 inquirens,
840 1355 867 1377 et
882 1351 992 1386 quidem

207 1398 300 1418 veram
313 1393 437 1427 mysterii
455 1393 516 1420 tidei
533 1398 635 1422 nostra:
647 1395 830 1431 cognitionem
845 1403 860 1423 a
875 1396 929 1424 Deo
946 1397 993 1425 tibi

203 1437 261 1464 dari
280 1439 399 1472 postula.
418 1439 572 1467 Diluculum
597 1442 670 1468 enim
694 1443 862 1470 celeritatem
879 1443 993 1473 indicat.

204 1483 271 1511 Nam
290 1485 313 1511 si
327 1485 586 1513 excellentissimam
601 1488 690 1515 ontnis
703 1488 812 1516 virtutis
829 1494 856 1516 et
873 1490 995 1517 scientia:

205 1529 357 1557 doctrinam
370 1531 407 1558 ita
425 1532 580 1566 quaesieris,
594 1532 712 1566 primum
729 1534 802 1561 illam
816 1535 994 1563 obscuritatis

204 1575 338 1604 doclrinae
362 1577 511 1604 caecitatem
538 1579 614 1605 cordi
630 1584 676 1606 tuo
703 1579 908 1608 incumbentem
929 1582 995 1609 sub-

204 1622 289 1649 latam
307 1622 423 1651 videbis.
449 1623 506 1650 llac
522 1628 614 1651 autent
640 1625 779 1657 submota,
796 1626 866 1654 duos
882 1627 995 1662 angelos

205 1667 329 1702 profecto
343 1676 449 1701 cernes,
465 1669 581 1696 alterum
598 1670 631 1697 ad
654 1675 748 1705 caput,
766 1671 817 1698 hoc
837 1677 880 1699 est
894 1673 995 1699 divini-

205 1713 271 1741 tatis
286 1713 450 1747 doctrinam,
464 1715 580 1745 alterum
597 1715 630 1742 ad
647 1715 738 1750 pedes,
754 1716 885 1743 nimirum
898 1717 997 1744 huma-

207 1758 301 1786 nitatis
317 1764 341 1786 et
362 1760 572 1788 incarnationis.
588 1761 642 1787 Aut
659 1761 682 1788 si
709 1761 806 1793 mavis,
823 1769 871 1796 per
884 1762 996 1797 angelos

206 1804 380 1831 conscientiae
397 1809 488 1832 motus
504 1805 633 1840 intellige,
654 1806 783 1833 exstincti
802 1807 949 1841 aliquando
968 1807 995 1834 in

208 1854 234 1876 te
245 1857 292 1884 per
306 1851 414 1884 vitium,
431 1850 492 1878 Filii
509 1851 555 1878 Dei
574 1852 803 1879 resurrectionem
819 1853 994 1886 proclaman-

207 1900 258 1922 tes.
275 1894 368 1930 Neque
389 1897 462 1924 enim
479 1897 506 1924 in
522 1897 633 1925 obsceni
650 1902 677 1925 et
696 1898 857 1924 exsecrandi
877 1897 996 1925 hominis

207 1941 296 1968 anima
310 1941 437 1969 Christus
446 1943 500 1969 vim
513 1950 590 1970 suam
603 1943 716 1975 exserit,
729 1943 775 1970 sed
790 1950 836 1977 per
847 1942 995 1977 ﬂagitiosas

207 1991 234 2012 ct
250 1987 395 2015 sceleratas
411 1987 536 2015 actiones
550 1989 754 2023 quodammodo
769 1989 922 2016 exstinctus
941 1994 994 2017 est.

207 2031 350 2059 Postremo
368 2032 457 2068 ipsunt
473 2033 554 2060 etiam
569 2033 706 2060 Christum
723 2034 873 2062 intueberis
889 2035 995 2069 perspi-

207 2086 260 2106 cue
278 2084 465 2113 apparentem,
490 2087 522 2107 ac
543 2081 602 2108 sine
629 2080 694 2108 ullis
722 2081 808 2115 signis
837 2085 863 2108 et
888 2081 992 2116 ﬁguris,

208 2124 345 2159 spiritales
369 2129 429 2152 tuas
463 2127 660 2160 conceptiones
696 2126 832 2161 spirituali
859 2127 995 2162 voluptate

208 2173 372 2208 explentem.
389 2172 521 2201 Nonnihil
547 2174 670 2208 loquere,
698 2175 732 2202 de
760 2173 869 2202 Christo
896 2175 995 2209 piaque

208 2219 335 2247 doctrina
361 2224 556 2254 percunctans.
575 2219 671 2248 Vocem
700 2221 833 2253 ausculta,
866 2220 919 2248 hoc
954 2225 996 2248 est

208 2265 360 2292 doctrinam
390 2270 418 2293 et
447 2266 642 2294 revelationem
681 2271 790 2301 captum
824 2272 899 2294 tuum
940 2274 993 2294 non

209 2311 397 2339 excedentem.
418 2311 495 2345 Quod
522 2312 544 2339 si
560 2312 684 2340 altiorem
703 2313 858 2340 doctrinam
884 2317 912 2340 et
935 2320 996 2347 spc—

209 2357 373 2385 culationem
389 2357 538 2389 audiveris,
556 2358 753 2393 propemodum
768 2358 816 2386 tibi
835 2358 971 2386 dicentem
986 2366 994 2386 :

210 2401 270 2429 Noli
285 2411 328 2430 me
346 2408 466 2439 tangere,
483 2405 592 2432 eminus
610 2410 664 2437 sta,
682 2412 716 2432 ne
730 2409 872 2440 propterea
893 2412 996 2432 mcero-

211 2455 267 2474 retn
282 2449 407 2482 concipe,
426 2455 456 2477 ut
473 2450 515 2477 ctti
537 2451 657 2478 nondum
682 2450 851 2478 sublimioris
865 2450 997 2477 doctrina:

211 2493 374 2527 attingendae
396 2498 518 2528 potestas
544 2497 601 2524 fiat.
624 2496 707 2524 Novit
734 2497 807 2524 enim
838 2496 995 2531 hujusmodi

211 2539 346 2570 doctrina,
363 2540 465 2573 quibus
479 2541 598 2574 primum
620 2542 776 2577 aspicienda
793 2542 840 2574 sit,
860 2541 894 2569 iis
915 2540 998 2568 nimi-

214 2592 285 2616 rum,
305 2585 351 2618 qui
368 2584 486 2619 majores
502 2586 535 2613 ad
559 2587 815 2622 contemplationem
835 2593 1000 2622 progressus

212 2630 348 2662 fecerunt,
367 2635 397 2656 ut
419 2629 518 2658 Joanni
535 2636 563 2658 et
579 2631 661 2659 Petro
687 2632 896 2660 resurrectionis
912 2639 1001 2659 encte-

213 2675 288 2702 niunt
305 2675 424 2708 celebra,
442 2676 469 2703 id
492 2681 544 2709 est,
561 2676 660 2704 festum
686 2678 756 2704 diem
781 2677 900 2709 celebra,
917 2683 998 2712 atque

212 2721 247 2747 ob
267 2721 365 2747 animae
381 2725 431 2747 tua:
447 2721 481 2748 ab
497 2720 638 2749 affectibus
656 2723 897 2753 resurrectionem.
911 2723 998 2758 gaude

213 2773 244 2791 ac
260 2766 406 2801 triumpha.
425 2765 487 2792 Eva:
511 2773 653 2794 succurre.
679 2766 808 2799 Quaenam
829 2772 918 2794 autem
945 2767 998 2793 erit

213 2812 272 2846 opis
289 2811 406 2839 ferendze
419 2812 508 2839 ratio?
528 2812 574 2839 llla
591 2820 640 2847 per
658 2818 797 2848 peccatum
816 2813 903 2847 prima
919 2813 995 2848 lapsa

247 2889 270 2905 "
281 2888 360 2917 Joan.
379 2898 424 2920 xx,
446 2890 487 2917 16.
526 2890 548 2906 ⁸⁸
565 2890 630 2918 ibid.
647 2891 674 2917 3.

1039 297 1192 324 doctrinam
1208 298 1344 331 cognitam
1360 304 1441 332 atque
1460 297 1593 324 illustrem
1608 297 1698 325 redde.
1724 298 1825 324 ’Δσπα-

1039 342 1107 377 apd;
1141 343 1213 368 cutim
1230 343 1283 370 hoc
1299 344 1358 370 loco
1381 343 1573 370 salutationem
1590 347 1616 370 et
1633 343 1823 370 allocutionem

1039 387 1186 422 significat.
1202 387 1270 414 Nam
1287 396 1349 415 cum
1366 388 1450 414 Maria
1467 395 1561 415 vocetn
1573 389 1638 414 Jesu
1657 388 1824 422 agnovisset,

1039 433 1108 460 dixit
1135 432 1174 460 illi
1191 442 1197 460 :
1213 432 1326 466 Rabom‘,
1344 433 1412 467 quod
1435 433 1535 459 dicitur
1560 432 1688 468 Magister
1703 433 1737 459 ’⁸.
1765 434 1826 460 Era:

1039 478 1122 514 igitur
1143 485 1286 511 succurre,
1301 478 1431 505 nimirum
1449 478 1535 512 ipsius
1558 477 1664 512 culpant
1684 478 1824 505 contraria

1040 524 1138 550 virtute
1152 523 1306 558 corrigens.
1323 523 1368 550 Illa
1385 523 1457 550 enim
1473 523 1532 550 viro
1550 522 1671 550 fraudem
1686 523 1826 550 renuntia-

1039 569 1089 601 vit,
1102 569 1185 596 Maria
1198 574 1289 596 autent
1302 569 1433 604 apostolis
1444 569 1570 596 salutem.
1585 568 1658 596 Idem
1674 573 1702 596 tu
1717 576 1826 603 quoque

1040 614 1164 641 facturus
1181 620 1220 646 es,
1238 614 1261 640 si
1278 608 1435 648 ignorantes
1452 614 1563 640 doceas.

1074 659 1133 687 Col.
1151 659 1203 686 658
1220 660 1252 687 A.
1284 659 1394 686 Petrum
1422 659 1460 686 vel
1486 658 1618 685 Joannem
1642 658 1767 689 imitare,
1794 659 1827 685 ad

1040 705 1189 740 sepulcrum
1205 713 1327 739 propera,
1350 709 1403 732 etc.
1424 704 1562 739 Scriptum
1591 711 1634 732 est
1652 706 1721 740 apud
1744 705 1829 733 Joan-

1042 760 1103 780 nem
1121 761 1127 779 :
1144 752 1217 779 Eziit
1229 753 1326 779 Petrus
1348 757 1373 779 et
1392 752 1461 779 alius
1477 753 1523 779 ille
1546 752 1696 787 discipulus
1709 753 1742 779 ".
1759 753 1830 780 Cur-

1043 799 1140 826 rebant
1158 803 1250 826 atttetn
1268 799 1323 826 duo
1348 799 1430 826 simul
1447 807 1455 827 :
1475 803 1503 826 et
1531 799 1576 826 ille
1592 799 1663 826 alius
1681 799 1830 834 discipulus

1042 847 1164 873 cucurrit
1181 845 1263 873 citius
1288 845 1382 878 Petro,
1402 850 1429 872 et
1458 845 1534 872 venit
1553 845 1658 880 primus
1683 846 1716 872 ad
1734 853 1831 872 monu-

1044 895 1176 919 mentum.
1195 890 1229 919 Et
1252 898 1315 918 cttm
1343 898 1373 918 se
1400 891 1567 922 inclinasset,
1585 891 1653 918 vidit
1673 891 1830 918 linteamina

1043 938 1142 972 posita,
1172 946 1227 965 tton
1254 943 1345 965 tamen
1375 938 1507 965 introivit.
1535 937 1615 965 Venit
1641 945 1705 972 ergo
1735 938 1830 964 Simon

1042 981 1139 1010 Petrus
1152 990 1272 1017 sequens
1291 990 1364 1015 eum,
1381 988 1408 1010 et
1428 983 1551 1010 introivit
1566 983 1592 1010 in
1611 988 1829 1010 monuntentnm.

1042 1029 1141 1056 Petrus
1170 1029 1252 1064 igitur
1278 1030 1301 1056 is
1333 1034 1399 1060 est,
1430 1029 1555 1063 qui‘lide
1583 1029 1660 1055 lirma
1689 1033 1716 1055 et
1744 1028 1830 1055 soli-la

1043 1075 1173 1109 praeditus
1197 1079 1250 1106 est,
1266 1082 1353 1109 eaque
1368 1075 1450 1102 etiam
1470 1075 1581 1107 virtute,
1601 1082 1661 1109 qum
1687 1075 1713 1102 in
1729 1074 1832 1109 agendo

1044 1124 1178 1152 versatur,
1202 1125 1361 1148 exornatus.
1379 1120 1500 1148 Joannes
1525 1125 1627 1153 autem,
1651 1120 1698 1156 qui
1723 1126 1832 1155 propter

1043 1166 1185 1194 lenitatem
1202 1170 1230 1193 et
1254 1167 1389 1202 insignem
1415 1167 1510 1194 cordis
1528 1168 1672 1202 pnritatetn
1694 1175 1708 1193 a
1724 1167 1833 1194 Christo

1044 1218 1161 1245 amatur,
1177 1213 1213 1239 oh
1227 1221 1343 1249 eantque
1369 1221 1481 1242 causam
1505 1215 1647 1250 sapientiae
1663 1219 1689 1241 ct
1711 1216 1833 1242 scicntia:

1045 1256 1189 1284 thesauros
1214 1259 1407 1293 consequitur,
1435 1267 1467 1286 ac
1496 1267 1545 1294 per
1572 1260 1616 1290 id.
1645 1259 1719 1294 quod
1750 1267 1831 1294 supra

1044 1306 1138 1336 pecttts
1174 1303 1319 1336 recubuit,
1347 1304 1494 1340 theologia;
1524 1305 1578 1331 vim
1616 1310 1644 1332 et
1674 1304 1833 1332 facultatem

1047 1346 1163 1380 accepit.
1188 1346 1350 1381 Sepulcrum
1367 1354 1457 1375 autem
1483 1349 1516 1376 ad
1531 1349 1605 1384 quod
1626 1353 1765 1384 properat,
1779 1353 1832 1376 tam

1043 1391 1091 1425 qui
1132 1393 1356 1427 centetnplationi
1389 1402 1471 1429 quam
1502 1396 1548 1430 qui
1585 1395 1686 1422 actioni
1721 1395 1833 1427 studet,

1045 1436 1214 1471 profundunt
1244 1438 1311 1466 illud
1343 1445 1396 1470 est.
1422 1441 1449 1467 in
1470 1448 1525 1476 quo
1553 1441 1679 1468 doctrina
1705 1448 1748 1474 ea,
1774 1449 1836 1476 quat

1046 1483 1199 1511 caelestium
1216 1493 1249 1512 ac
1265 1490 1437 1513 terrenarum
1460 1494 1553 1514 rerum
1569 1487 1753 1522 cognitionem
1770 1495 1836 1514 con-

1046 1528 1126 1562 tinet,
1145 1530 1281 1567 absconsa
1305 1537 1358 1560 est.
1377 1531 1478 1559 Verum
1495 1532 1563 1559 alter
1578 1532 1730 1560 secundum
1745 1533 1836 1559 virtu-

1048 1580 1101 1601 tem
1124 1575 1152 1602 in
1177 1577 1284 1604 actione
1300 1578 1429 1612 positam,
1450 1578 1519 1605 alter
1540 1579 1691 1606 secundum
1707 1584 1834 1605 content-

1048 1620 1195 1654 plationem
1213 1621 1239 1647 in
1258 1622 1441 1655 intelligentia
1456 1623 1549 1654 sitam,
1568 1624 1691 1650 certatim
1707 1629 1834 1650 currunt.

1046 1665 1103 1694 liae
1131 1671 1220 1695 autem
1245 1669 1351 1696 ratione
1374 1668 1470 1696 Petrus
1496 1677 1558 1696 eum
1582 1668 1688 1697 Joanne
1710 1670 1835 1697 certatim

1046 1721 1158 1740 currere
1184 1714 1303 1747 dicitur,
1331 1715 1461 1749 quoniam
1484 1716 1529 1742 ille
1561 1716 1678 1743 activam
1706 1717 1835 1742 νῆιαιυιιι

1048 1757 1272 1792 amplectebatur,
1288 1759 1333 1785 hic
1346 1759 1554 1793 speculativam,
1568 1768 1628 1794 qua-1
1641 1760 1751 1795 quidem
1766 1760 1836 1786 inter

1046 1809 1076 1829 se
1103 1809 1226 1836 pugnare
1259 1802 1394 1829 videntur.
1429 1803 1551 1838 Uterque
1578 1809 1669 1830 tamen
1707 1805 1835 1831 concordi

1046 1855 1128 1875 cursu
1149 1852 1286 1882 properat,
1314 1849 1445 1882 quoniam
1466 1857 1538 1875 unus
1556 1849 1683 1884 idemque
1709 1851 1736 1877 in
1759 1856 1833 1877 utro-

1047 1901 1101 1927 que
1129 1893 1285 1921 laudandus
1316 1901 1418 1928 scopus
1453 1894 1669 1929 perspicicbatur
1694 1896 1740 1922 :id
1763 1897 1835 1923 enim

1047 1939 1175 1973 agebant,
1192 1943 1222 1966 ιιι
1248 1939 1352 1966 scirent
1369 1947 1403 1966 an
1429 1947 1492 1966 vere
1519 1939 1652 1966 Dominus
1681 1941 1835 1969 revixisset.

1046 1984 1222 2012 Concurrunt
1239 1985 1322 2020 igitur
1339 1986 1366 2012 lti
1383 1985 1438 2013 duo
1450 1986 1534 2012 attimi
1549 1986 1691 2020 proposito
1703 1991 1731 2014 et
1747 1987 1837 2013 inten-

1047 2031 1139 2063 tione,
1163 2031 1196 2058 ad
1224 2039 1304 2058 suunt
1333 2036 1449 2066 uterque
1476 2031 1617 2066 proprium
1646 2032 1747 2058 bonum
1779 2032 1837 2066 pari

1047 2084 1177 2105 successu
1196 2077 1404 2105 contendentes.
1431 2079 1519 2112 Atque
1542 2082 1572 2104 ut
1591 2077 1714 2112 apertius
1733 2077 1834 2110 dicam,

1047 2127 1156 2157 propter
1168 2122 1334 2150 laudabilem
1348 2123 1549 2150 aemulationem
1563 2122 1690 2150 certatim
1709 2127 1834 2155 currunt,

1046 2167 1111 2194 dum
1126 2171 1241 2202 uterque
1250 2167 1364 2194 alterunt
1379 2175 1510 2202 superare
1523 2166 1702 2199 conatur,ille
1715 2168 1834 2200 actione,

1048 2213 1090 2240 hic
1102 2213 1344 2248 contemplatione.
1359 2213 1548 2241 Concordibns
1559 2218 1648 2241 autem
1662 2214 1763 2242 animis
1775 2222 1839 2241 cur-

1048 2263 1122 2290 runt,
1139 2259 1270 2294 quoniam
1291 2259 1325 2286 ad
1343 2267 1427 2286 unum
1443 2260 1564 2287 scientiae
1579 2267 1692 2293 scopum
1710 2259 1837 2291 tendunt,

1048 2308 1074 2330 ct
1087 2304 1134 2338 qui
1150 2304 1176 2330 in
1196 2305 1315 2336 actione,
1337 2308 1364 2331 et
1380 2305 1426 2340 qui
1451 2305 1478 2332 in
1499 2305 1686 2339 speculatione
1703 2310 1836 2333 versatur.

1048 2351 1087 2376 Ac
1109 2350 1249 2377 celeritate
1272 2350 1383 2386 quidem
1401 2352 1424 2377 is
1451 2351 1497 2385 qui
1527 2351 1751 2385 contemplationi
1776 2359 1837 2378 sese

1050 2395 1161 2428 addixit,
1173 2396 1288 2426 actionis
1306 2397 1458 2423 studiosum
1470 2397 1626 2429 antevertit,
1639 2402 1732 2431 utpote
1742 2405 1836 2424 crassa

1051 2441 1164 2468 materia
1180 2441 1272 2468 minus
1286 2445 1416 2475 gravatus
1432 2450 1439 2468 :
1456 2441 1549 2469 studio
1563 2446 1654 2468 autent
1672 2441 1836 2476 speeulatio-
1858 2453 1862 2456 ι

1051 2488 1093 2515 nis
1111 2488 1251 2515 alumnum
1266 2488 1291 2516 is
1304 2492 1427 2522 superat,
1450 2487 1496 2522 qui
1509 2488 1598 2515 activa
1619 2488 1719 2515 virtute
1735 2487 1838 2515 instru-

1048 2538 1108 2561 ctus
1126 2538 1178 2570 est,
1204 2538 1297 2568 utpote
1321 2534 1495 2561 laboriosior.
1524 2534 1626 2560 Adhaac
1643 2533 1688 2568 qui
1714 2537 1837 2560 contem-

1049 2581 1167 2615 platione
1180 2580 1342 2612 delectatur,
1361 2580 1451 2607 solum
1468 2580 1614 2614 intelligit:
1629 2585 1656 2607 at
1671 2579 1716 2614 qui
1730 2580 1836 2607 actione

1051 2627 1161 2662 gaudet,
1182 2627 1371 2661 experimento
1387 2627 1530 2654 scientiam
1543 2627 1615 2661 capit
1631 2636 1638 2653 :
1656 2627 1838 2661 quemadmo-

1052 2673 1115 2701 dum
1134 2673 1254 2701 Joannes
1268 2674 1294 2700 in
1310 2677 1518 2700 monumentum
1532 2673 1621 2700 solum
1639 2680 1668 2700 se
1683 2672 1835 2700 inclinarit.

1050 2718 1151 2746 Petrtts
1163 2727 1228 2747 vero
1246 2719 1376 2746 introivit.

1084 2764 1151 2792 ibid.
1182 2765 1259 2797 Quod
1278 2766 1301 2792 si
1322 2765 1429 2793 Thema:
1449 2765 1535 2792 instar
1562 2774 1579 2792 α
1601 2769 1666 2792 metu
1692 2764 1834 2799 discipulo-

1050 2820 1128 2846 rum,
1159 2816 1212 2840 etc.
1253 2812 1384 2848 QuiSquis
1409 2811 1436 2839 in
1470 2811 1530 2839 ﬁdei
1555 2811 1678 2840 doctrina
1709 2810 1834 2842 dubitat,
