2058 3159
232 178 300 208 1399

937 179 1127 211 ADDENDA.

1787 185 1860 217 1400

231 235 352 262 Thomas
374 238 425 267 cst,
447 242 478 261 ac
494 235 586 262 eodem
611 234 692 262 modo
714 235 854 270 Didymus,
875 235 922 269 qui
943 244 1015 271 azgre
1029 240 1053 266 Α
1067 244 1081 262 a
1104 239 1221 273 quodam
1246 239 1402 267 Christiano
1427 241 1581 270 maledictis
1602 242 1800 277 conviciisque.
1827 249 1859 270 ut

231 281 387 312 adducitur,
411 284 441 307 ιιι
458 280 566 307 virtutis
591 284 617 306 ot
640 280 761 307 scientim
784 280 836 314 ipsi
864 281 963 312 insita).
982 288 1015 308 ac

230 335 278 361 per
302 327 450 354 admissum
471 331 612 360 peccaturo
635 331 761 358 mortuae,
783 327 1013 354 resurrectionem

231 376 290 401 fore
319 374 423 401 credat.
440 371 571 406 Discipuli
590 378 681 399 autent
708 377 783 404 sunt,
800 373 846 408 qui
872 377 946 400 certa
962 373 1014 400 ﬁde

230 423 279 448 sibi
296 412 462 455 persuadent
473 419 624 451 Christum,
638 419 690 446 hoc
704 424 757 451 est,
772 425 924 447 emortuam
937 420 1014 454 prirrs

231 467 370 496 virtutem,
383 473 431 500 per
447 465 567 492 divinam
580 466 730 499 potentiam
743 466 769 492 in
784 466 849 500 ipsis
863 466 1012 493 revixisse:

228 507 329 546 quique
343 516 373 538 ut
387 511 490 538 Christi
507 511 634 546 discipuli
654 511 725 544 ioco,
744 512 784 539 sic
796 512 847 546 ipsi
868 513 1015 539 concordia

227 559 424 593 sententiaeque
435 559 564 586 ﬁrrrritate
574 565 600 586 et
611 562 768 586 constantia
784 560 925 593 conjuncti
939 565 1014 592 sunt,

234 605 266 630 ad
291 612 361 637 quos
374 604 456 630 etiam
469 603 569 631 Christi
588 605 675 638 gratia
691 605 813 632 immeat.
827 605 855 632 Si
873 605 955 641 igitur
966 605 1014 632 tibi

229 649 385 682 rontigerit,
400 654 430 676 ut
442 649 477 676 ab
492 657 588 677 eorum
605 655 676 677 cortu
700 650 831 681 abfueris,
850 651 901 678 hoc
915 656 968 682 est,
986 656 1014 677 ιιι

229 702 276 728 per
300 700 325 721 te
350 695 442 722 minus
463 696 570 727 credas,
597 696 693 723 saltem
716 696 758 724 his
785 697 831 730 qui
858 696 1014 731 huiusmodi

229 741 437 768 resurrectionis
461 742 612 776 periculum
641 742 775 775 fecerunt,
798 750 830 770 ac
849 751 908 770 rem
928 743 965 770 ita
986 750 1016 770 se

229 787 328 814 habere
340 788 516 822 conﬁrmant,
532 788 610 816 ﬁdem
624 796 732 823 arroga.
747 788 775 816 Si
793 797 827 816 ne
841 789 882 816 his
893 789 1014 823 quidem,

229 839 256 859 at
275 839 348 861 certe
370 839 492 861 veterum
517 840 688 869 peccatorum
711 836 852 867 memoria,
876 836 904 862 in
924 840 1015 862 mentc

228 880 295 906 citra
318 881 476 914 passionem
498 882 645 915 impressa,
666 882 712 908 tibi
728 882 808 908 ﬁdem
830 881 921 908 faciat.
949 881 1016 908 Pas-

229 924 315 951 sionis
343 929 434 952 autem
458 932 556 960 expers
579 926 731 958 memoria,
756 926 823 953 nihil
848 931 891 953 est
919 926 1014 958 aliud,
1030 911 1054 941 Β

228 978 309 1004 quam
339 971 537 1005 praeteritarum
574 980 666 999 rerum
695 973 798 1007 absque
822 973 962 1007 voluptate
990 977 1018 1000 et

228 1024 348 1043 tuterorc
367 1017 524 1051 impressio,
539 1018 628 1045 nullas
645 1018 748 1045 habens
763 1018 908 1045 vulnerum
927 1018 1017 1052 perfo-

229 1063 374 1096 rationcs,
400 1069 512 1099 propter
541 1072 601 1092 earn
626 1072 686 1099 quae
707 1069 801 1099 postea
830 1070 923 1092 secuta
957 1068 1013 1095 est.

230 1109 487 1143 tranqrrillissimam
509 1110 593 1137 animi
613 1110 853 1143 constitutionem,
870 1119 952 1146 quam
971 1110 1017 1145 qni

228 1162 282 1181 non
298 1155 424 1188 senserit,
444 1163 477 1183 ne
494 1155 540 1182 alii
567 1156 680 1190 quidem
705 1157 864 1189 crediderit,
885 1157 1018 1190 quemad~

229 1201 342 1228 nrodurn
362 1202 475 1229 Thomas
492 1202 604 1231 accidit.
626 1202 757 1229 Memoria
773 1203 873 1237 itaque,
892 1207 1018 1237 peccato-

228 1255 289 1274 rum
304 1247 450 1282 vestigium
470 1251 552 1281 atque
578 1248 724 1282 impressio
741 1253 783 1275 est
798 1256 805 1275 :
821 1248 889 1275 clavi
912 1252 1016 1281 autem,

229 1293 287 1326 ipsa
316 1299 437 1326 peccata,
461 1293 635 1328 prolabentcs
663 1294 788 1322 homines
816 1294 1016 1330 transﬁgentia.

228 1337 363 1370 Quocirca
387 1345 447 1365 cum
464 1345 524 1364 earn
550 1339 605 1364 vim
631 1338 772 1371 habueris,
791 1343 820 1365 ιιι
839 1346 869 1366 ea
886 1339 945 1366 sine
963 1339 1018 1366 ullo

229 1382 311 1409 animi
326 1383 421 1410 affectu
438 1383 570 1410 memoria
582 1384 702 1411 recolere
718 1391 814 1418 queas,
833 1388 890 1411 tum
906 1385 1016 1412 dernum

228 1429 277 1455 tibi
307 1429 465 1464 huiusmodi
493 1430 620 1457 virtutem
649 1431 834 1458 rcsurrexisse
854 1438 1016 1465 persuasum

230 1477 308 1504 habe.

270 1521 337 1548 Ibid.
383 1521 413 1549 Si
446 1522 474 1548 in
504 1521 638 1555 infernum
675 1522 835 1553 descendat,
866 1523 946 1560 simul
973 1523 1018 1550 de-

228 1569 342 1600 scende,
371 1574 424 1596 ctc.
454 1568 641 1596 Descendente
669 1569 777 1596 Christo
807 1571 832 1595 in
860 1570 1018 1602 infernum,

231 1616 318 1648 ipsum
339 1623 449 1650 quoque
468 1623 515 1649 per
538 1615 797 1649 contemplationem
814 1623 939 1649 sequere,
964 1623 1017 1642 non

230 1662 265 1687 ob
286 1661 399 1692 malum,
427 1661 472 1687 scd
498 1665 528 1687 ιιι
554 1661 730 1687 excellentem
757 1668 852 1688 eorum
877 1669 937 1695 qua
965 1662 1019 1689 illic

230 1712 410 1742 peraguntur,
437 1707 570 1733 rationem
598 1706 735 1733 addiscas.
766 1707 806 1734 Ac
829 1715 931 1741 qumrc.
958 1716 1019 1742 quae

230 1755 350 1788 duplicis
376 1753 477 1780 Christi
501 1753 653 1781 descensus
673 1761 755 1780 causa
783 1753 876 1784 fuerit,
906 1754 1019 1782 alterius

231 1801 359 1828 nimirum
392 1808 407 1827 a
433 1800 502 1827 cwio
528 1801 554 1827 in
580 1806 694 1831 terratn,
717 1801 829 1827 alterius
856 1808 870 1826 a
898 1806 967 1828 terra
991 1802 1017 1828 in

231 1848 441 1874 inferuuut:an
470 1846 598 1879 fortasse,
629 1851 658 1873 ιιι
682 1847 708 1873 in
736 1851 806 1873 terra
836 1847 945 1880 quidem
972 1855 1019 1881 per

230 1897 328 1926 fidem,
357 1901 388 1921 ac
417 1902 513 1928 prrratu
544 1898 572 1921 et
596 1893 768 1920 innocentem
801 1894 862 1920 vitae
892 1894 1019 1928 tit‘gvtrtia’.

231 1941 377 1971 rationem,
395 1940 503 1966 animas
518 1947 579 1967 cum
599 1940 767 1974 corporibus
787 1941 878 1966 saltas
895 1940 994 1966 tat-oret
1010 1948 1017 1966 ε

231 1987 257 2013 in
275 1986 381 2013 inferno
396 1992 486 2013 autem
501 1987 609 2013 animas
626 1986 685 2013 sine
702 1986 864 2019 corporibus
879 1994 926 2019 per
938 1987 1018 2013 tidem

229 2031 336 2058 solam?
351 2031 469 2059 Proinde
484 2032 611 2066 quisquis
625 2032 658 2058 de
675 2032 773 2058 anima:
796 2032 906 2058 interitu
924 2040 937 2057 a
955 2040 1018 2066 pec-

232 2083 293 2104 cato
308 2083 502 2112 promanante,
527 2085 560 2104 ac
585 2084 683 2104 rursus
707 2077 740 2104 de
757 2077 957 2104 resurrectione
972 2085 1019 2111 per

230 2123 368 2150 Christum
394 2122 826 2156 contingente,disputationem
854 2123 947 2155 habet,
975 2124 1020 2151 ille

231 2171 312 2197 etiam
341 2170 369 2196 in
394 2169 530 2196 infernum
548 2169 700 2200 descendit,
732 2174 761 2195 ut
788 2170 843 2196 vitii
859 2171 968 2198 habitus
993 2175 1019 2198 et

233 2220 323 2245 actus,
347 2214 393 2248 qui
409 2214 435 2240 in
450 2214 541 2247 aliquo
564 2213 627 2245 fuit,
647 2213 763 2241 reditum
784 2215 816 2240 ad
840 2215 967 2241 virtutem
988 2223 1019 2242 ac

1068 284 1209 319 improbus
1225 290 1253 312 et
1264 286 1364 321 impius
1376 287 1512 315 laceratus
1528 294 1612 320 esset,
1631 294 1712 316 noctu
1727 290 1760 316 ad
1780 297 1859 316 con-

1066 331 1224 358 viciatorem
1242 340 1319 359 suum
1335 333 1421 365 venit,
1442 333 1635 368 hominemque
1650 335 1801 366 accusavit,
1830 340 1862 362 ut

1067 377 1160 412 inique
1182 378 1271 412 ipsum
1299 380 1450 407 maledictis
1471 381 1662 407 insectantem.
1687 381 1742 414 Ego
1766 381 1856 408 enim.

1067 423 1165 457 inquit,
1181 432 1223 451 tne
1240 429 1409 458 peccatorem
1425 433 1489 453 esse
1510 425 1724 460 lraudqoaqrnm
1750 427 1861 453 inﬁcias

1067 469 1141 496 ivero
1156 478 1163 496 :
1180 477 1273 496 verum
1289 478 1351 497 cum
1364 471 1496 498 Christus
1507 471 1533 497 in
1549 470 1688 498 infernum
1705 471 1859 501 descendit,

1066 523 1148 542 nemo
1164 521 1227 543 ante
1249 524 1292 543 me
1308 517 1342 543 ad
1359 517 1439 544 ﬁdem
1465 517 1594 544 accessit.
1623 517 1681 544 Hoc
1695 517 1727 544 de
1743 517 1862 545 Platone

1066 565 1296 587 commemoratur
1313 569 1320 588 :
1338 561 1410 595 quod
1437 561 1602 588 credendum
1630 561 1678 593 sit,
1696 569 1790 592 necne,
1809 570 1857 588 au-

1067 606 1203 633 ditoribus
1218 606 1398 640 judicandum
1417 607 1553 642 relinquo.

1101 650 1130 678 Si
1164 652 1191 678 in
1221 652 1299 679 cmlos
1337 654 1487 683 ascendat,
1525 653 1606 680 simul
1641 653 1777 684 ascende.
1804 659 1861 680 ctc.

1066 696 1170 729 David,
1199 697 1271 724 Psal.
1299 705 1387 730 xxut,
1416 698 1527 732 angelos
1563 699 1731 730 introducit,
1759 699 1859 733 partim

1066 743 1230 770 comitantes
1249 742 1402 775 Christum,
1423 750 1455 770 ac
1477 743 1667 777 superioribus
1691 745 1796 779 angelis
1819 745 1863 770 di-

1066 793 1180 816 centes:
1197 789 1318 816 Attollite
1339 793 1442 824 partas,
1463 789 1594 823 principes
1611 790 1705 819 nostri.
1728 795 1752 816 et
1773 790 1862 816 elem-

1067 835 1131 860 mim‘
1140 838 1223 868 μοι-ιω
1236 834 1384 866 orientales,
1396 839 1421 862 et
1433 835 1552 861 introibit
1564 833 1619 861 Rea:
1633 834 1727 869 gloria:
1735 842 1744 865 ,'
1761 837 1861 868 partim

1067 881 1148 908 etiam
1178 880 1394 914 interrogantes,
1428 880 1494 912 Qui:
1516 881 1555 906 est
1582 881 1631 906 iste
1660 879 1717 906 Rea:
1743 880 1863 914 gloriw?

1071 931 1153 961 atque
1169 926 1229 953 illos
1244 933 1340 954 rursus
1356 926 1553 961 respondentes
1568 934 1576 953 :
1593 925 1722 952 Dominus
1741 925 1819 959 fortis
1835 931 1863 951 ει

1070 978 1179 1005 potens,
1205 971 1333 999 Dominus
1361 972 1440 1006 fortis
1468 972 1496 998 in
1522 971 1615 1006 prwlt’o
1628 971 1674 998 "'.
1700 971 1740 998 Ac
1765 978 1862 997 rursus

1070 1019 1165 1046 eadem
1187 1018 1376 1054 interrogatio,
1393 1023 1420 1046 et
1435 1025 1600 1053 responsum
1619 1017 1685 1044 huic
1707 1024 1864 1050 congruens

1070 1066 1228 1101 angelorum
1253 1065 1288 1092 ad
1313 1065 1381 1092 alios
1408 1065 1521 1099 angelos
1548 1064 1698 1091 inducitur.
1727 1063 1862 1090 Hortatur

1071 1112 1163 1147 itaque
1179 1111 1337 1146 Theologus
1354 1110 1508 1137 auditorem
1527 1114 1557 1136 ut
1571 1109 1713 1137 Christum
1731 1109 1758 1135 in
1775 1108 1861 1135 caelos

1071 1157 1263 1185 ascendentem
1284 1157 1443 1188 comitetur,
1467 1161 1560 1183 mente
1583 1155 1690 1182 scilicet
1712 1159 1739 1181 et
1755 1155 1862 1189 cogita-

1072 1204 1156 1234 tione.
1181 1211 1265 1238 seque
1285 1203 1327 1230 vel
1352 1210 1414 1230 cum
1438 1201 1638 1230 deducentibus
1656 1208 1718 1228 eum
1742 1200 1860 1233 angelis.

1070 1249 1112 1277 vel
1134 1256 1197 1276 cum
1223 1248 1423 1282 exeipientibus
1441 1248 1552 1282 ‘jungat.
1577 1247 1604 1274 ls
1623 1251 1714 1274 autem
1737 1247 1861 1280 seipsum

1071 1296 1125 1323 illis
1147 1294 1282 1329 adjungit,
1303 1293 1349 1328 qui
1375 1300 1517 1321 sermones
1537 1293 1665 1327 utrinque
1689 1292 1797 1319 habitos
1815 1299 1863 1318 ex-

1071 1342 1184 1377 pendit,
1206 1346 1288 1375 atquc
1309 1340 1536 1374 interrogationes
1555 1346 1650 1366 eorum
1670 1344 1697 1365 et
1717 1345 1860 1372 responsa,

1071 1395 1224 1422 eorumqrre
1244 1394 1343 1414 causas
1372 1386 1520 1413 examinat.
1542 1383 1613 1412 Idem
1643 1384 1729 1419 portis
1748 1390 1860 1417 quoque

1071 1435 1187 1469 imperat
1204 1433 1311 1468 (sedulo
1328 1440 1426 1466 nempe
1444 1430 1609 1465 inquirens),
1625 1430 1690 1464 quid
1705 1429 1738 1456 sit
1767 1435 1861 1455 causa:

1072 1489 1158 1516 quare
1187 1480 1276 1515 angeli
1308 1480 1419 1511 dicant,
1449 1478 1570 1505 Attotlt’te
1607 1482 1708 1511 portas.
1740 1475 1860 1502 Causam

1072 1532 1162 1554 autem
1183 1526 1264 1560 hujus
1289 1524 1415 1552 elationis
1434 1523 1587 1558 Theologus
1612 1523 1671 1555 ipse
1696 1521 1795 1552 allcrt,
1817 1521 1862 1547 ιιὶο

1072 1572 1172 1598 mirum
1197 1571 1298 1597 idcirco
1319 1574 1411 1604 portas
1437 1569 1544 1598 attolli,
1567 1573 1596 1594 ut
1614 1566 1753 1594 Christum
1776 1566 1863 1593 subli-

1071 1618 1235 1645 nriorem'cx
1254 1616 1381 1650 passione
1402 1615 1501 1642 factum
1523 1614 1686 1648 suscipiant.
1707 1611 1765 1638 Non
1786 1611 1860 1638 errim

1070 1664 1174 1694 dicunt,
1201 1663 1319 1696 Aperite,
1348 1661 1406 1693 scd,
1435 1660 1567 1692 Attollr’te,
1596 1659 1649 1686 hoc
1675 1663 1718 1685 est
1745 1657 1860 1691 Erigite.

1070 1710 1159 1743 Atque
1184 1709 1237 1736 hoc
1257 1708 1315 1736 loco
1334 1708 1400 1734 illrrd
1423 1707 1562 1741 explicat,
1582 1705 1656 1740 quod
1676 1705 1711 1732 ab
1730 1703 1862 1738 Apostolo

1070 1759 1103 1784 ad
1119 1756 1307 1790 l’bilippeuscs
1324 1755 1358 1782 de
1374 1754 1483 1781 Christo
1495 1753 1596 1780 dictum
1617 1755 1659 1778 est
1674 1759 1682 1778 :
1701 1749 1861 1776 Ilurnt'b'am't

1070 1803 1248 1836 semetipsum.
1268 1801 1355 1833 factus
1372 1799 1492 1827 obedienc
1506 1806 1587 1834 usque
1600 1797 1634 1824 ad
1653 1803 1773 1828 mortem,
1791 1804 1862 1822 mor-

1072 1857 1122 1877 tem
1140 1855 1227 1876 autent
1250 1849 1347 1874 crucis.
1365 1847 1477 1880 Propter
1500 1845 1569 1881 quod
1591 1849 1616 1871 et
1638 1845 1709 1870 Dens
1732 1842 1861 1869 exultavit

1069 1905 1128 1924 eum
1143 1896 1176 1927 ⁸⁷,
1193 1900 1247 1922 etc.
1271 1895 1308 1921 Ac
1330 1893 1444 1928 proinde
1461 1892 1488 1919 in
1508 1897 1644 1918 summam
1662 1889 1859 1916 sublimitatem

1070 1944 1191 1971 evectus,
1208 1938 1382 1965 sublimiorcs
1401 1943 1511 1971 quoque
1532 1941 1627 1970 portas
1645 1934 1702 1961 ﬁeri
1726 1933 1859 1967 postulat,

1070 1987 1103 2013 ad
1121 1986 1207 2021 ipsius
1223 1985 1422 2019 exceptionem.
1439 1983 1517 2016 Quod
1532 1982 1554 2009 si
1572 1981 1660 2016 angeli
1677 1979 1859 2013 suscipientes

1071 2038 1161 2060 mente
1187 2032 1319 2062 haereant,
1345 2030 1468 2057 videntes
1492 2027 1630 2056 Christum
1656 2034 1719 2054 cum
1746 2032 1861 2060 corpore

1071 2078 1282 2110 ascendentem,
1308 2084 1340 2104 ac
1361 2075 1498 2110 passionis
1521 2075 1597 2108 signa
1623 2073 1773 2104 ferentem,
1798 2079 1860 2106 qua:

1071 2125 1192 2159 quidem,
1209 2131 1272 2151 cum
1294 2123 1327 2150 dc
1345 2123 1416 2150 coelo
1440 2121 1630 2152 descenderet,
1653 2127 1706 2147 non
1730 2118 1859 2150 habebat,

1071 2175 1153 2204 atque
1171 2170 1232 2196 ideo
1246 2169 1451 2196 sciscitarentur
1466 2177 1473 2194 :
1489 2167 1622 2200 Quisnam
1638 2166 1682 2194 hic
1695 2166 1756 2193 est?
1774 2165 1798 2192 is
1811 2166 1859 2199 qui

1072 2217 1105 2243 de
1120 2216 1229 2242 Christo
1247 2216 1294 2246 ita,
1317 2219 1346 2241 ut
1369 2222 1476 2249 acquum
1494 2219 1545 2245 est,
1561 2213 1652 2244 sentit,
1672 2212 1725 2239 illis
1747 2219 1861 2245 respon-

233 2260 376 2287 srierrtiam
400 2259 477 2286 verbi
499 2259 630 2286 beneficio
650 2265 844 2293 consequatur.
875 2259 1018 2287 Enimvero
1034 2265 1056 2292 ι)
1071 2261 1144 2288 debit
1159 2270 1166 2287 :
1182 2260 1233 2288 llic
1246 2265 1288 2287 est
1303 2260 1347 2287 illc
1362 2265 1469 2294 potens,
1486 2267 1549 2286 cum
1565 2260 1591 2285 in
1609 2259 1714 2285 ueteris
1731 2257 1860 2285 omnibus

232 2306 370 2338 Christus,
398 2306 425 2333 in
455 2305 592 2333 infernum
615 2306 795 2338 descendens,
827 2314 881 2334 non
910 2315 1017 2340 omnes,

233 2360 326 2379 verum
345 2359 393 2380 eos
407 2353 482 2379 solos
496 2353 542 2387 qui
560 2352 748 2384 crediderunt,
762 2353 853 2380 salvos
872 2353 936 2379 fecit
948 2354 1017 2388 (‘25).

232 2399 446 2434 Chrysostonrus
461 2399 519 2434 ipse
542 2398 660 2426 aﬁirtnat
676 2400 813 2426 neminem
836 2400 863 2427 in
879 2399 989 2427 inferno
1005 2408 1020 2426 a

232 2446 343 2474 Christo
367 2446 482 2473 salutent
502 2446 652 2480 accepisse,
673 2447 727 2473 nisi
744 2447 790 2481 qui
815 2447 903 2473 salute
921 2447 1021 2480 dignus

232 2497 314 2523 esset,
332 2499 394 2519 cunt
408 2500 440 2519 ex
459 2492 511 2518 hac
524 2493 578 2519 vita
595 2493 778 2520 discessisset.
793 2493 828 2519 At
845 2492 962 2519 fortasse
974 2493 1019 2526 qui

234 2543 290 2564 tum
306 2538 494 2570 crediderunt,
514 2538 603 2565 salute
620 2538 693 2573 digni
716 2538 800 2565 habiti
826 2543 899 2565 sunt.
922 2537 1020 2571 Cujus«

235 2583 306 2610 modi
329 2583 458 2618 quiddam
472 2583 506 2610 de
518 2584 627 2610 cthnico
642 2584 754 2610 Platone
770 2584 798 2610 in
812 2583 920 2609 Patrum
933 2583 1020 2609 histo-

234 2629 283 2657 riis
295 2629 499 2657 circumfertur.
523 2629 590 2656 Nam
609 2637 669 2656 cum
681 2630 726 2656 diu
747 2632 826 2656 antea
844 2629 896 2655 vita
909 2629 1020 2656 functus

269 2712 306 2728 9‘"
326 2710 399 2739 Psal.
416 2718 494 2742 xxttt,
521 2709 547 2741 7,
570 2710 596 2741 9,
621 2710 664 2736 10.
702 2709 722 2724 ³⁷
750 2710 868 2745 Philipp,
893 2687 922 2742 lt‘,
945 2709 971 2742 8,
992 2710 1018 2737 9.

270 2792 326 2825 (25)
340 2791 454 2821 Vulctur
469 2791 514 2822 hic
531 2790 652 2820 alludere
668 2790 699 2816 ad
720 2790 744 2815 id
760 2789 831 2824 quozl
857 2790 895 2816 ait
920 2789 1016 2816 Petrus

234 2829 325 2860 priore
344 2828 455 2860 cpistola
481 2834 540 2857 sua,
559 2835 619 2860 cap.
639 2827 666 2856 δ’,
693 2832 788 2859 nempe
806 2824 948 2851 Christum
975 2825 1016 2849 bis

235 2859 279 2895 ἔδειιί
313 2863 337 2888 itr
362 2859 473 2886 carcere
496 2865 575 2887 crant
601 2861 761 2894 pra‘dicasso
787 2869 793 2885 :
820 2867 851 2885 t‘x
877 2867 931 2892 quo
957 2859 1015 2885 loro

237 2897 391 2930 tyaspicatur
418 2895 621 2923 Nazianzenus.
644 2896 782 2923 Chrisntm
810 2895 844 2921 ita
870 2902 931 2920 cum
951 2894 1015 2925 ipsis

1072 2308 1165 2337 rebus.
1185 2312 1242 2334 ttrm
1262 2307 1343 2334 etiam
1363 2307 1389 2333 in
1408 2307 1486 2341 bello,
1504 2306 1576 2342 quod
1593 2314 1666 2334 nunc
1684 2313 1732 2340 pro
1752 2306 1861 2340 grneris

1073 2354 1182 2381 humani
1197 2354 1285 2381 salute
1300 2354 1433 2380 adversus
1446 2352 1583 2380 diabolum
1598 2353 1683 2387 gessit
1695 2361 1703 2379 ε
1715 2359 1747 2379 ac
1759 2351 1860 2386 duplex

1073 2407 1232 2434 responsum
1257 2399 1343 2432 dabit,
1360 2399 1433 2426 velut
1455 2404 1613 2426 constanter
1634 2398 1661 2424 in
1677 2398 1720 2425 his
1736 2405 1796 2432 qua:
1812 2397 1860 2423 de-

1072 2446 1167 2477 crevit,
1184 2453 1358 2480 permanens,
1374 2453 1406 2471 ac
1421 2452 1471 2479 per
1485 2444 1605 2478 ejusdem
1626 2444 1761 2471 sermonis
1783 2451 1861 2478 repe-

1073 2492 1196 2519 titionem
1212 2492 1375 2518 sententiam
1390 2499 1467 2518 suam
1483 2490 1661 2521 conﬁrmans,
1676 2490 1753 2524 juxta
1768 2490 1833 2517 illud
1851 2499 1858 2516 :

1071 2537 1104 2564 In
1120 2542 1258 2572 conspecta
1277 2539 1390 2564 duorum
1406 2538 1444 2564 vel
1465 2537 1545 2563 trium
1566 2538 1672 2564 testium
1688 2537 1769 2563 stabit
1784 2544 1861 2562 omne

1072 2583 1174 2609 verbum
1190 2583 1222 2610 ³⁸.
1242 2583 1328 2616 Atque
1346 2583 1381 2608 ita
1401 2584 1458 2609 tunc
1475 2581 1612 2608 humiliori
1637 2589 1719 2608 sensu
1746 2581 1858 2615 intelligi

1072 2634 1207 2663 poterunt.
1229 2629 1313 2656 Aliter
1338 2628 1431 2659 ctiam,
1452 2636 1500 2663 per
1524 2628 1636 2662 angelos
1661 2633 1859 2662 prosequentes

1058 2709 1081 2725 ³⁸
1098 2710 1176 2737 Deut.
1201 2717 1266 2741 xvrt,
1283 2709 1316 2741 ii;
1335 2707 1430 2736 Matth.
1448 2717 1524 2740 xvrtt,
1543 2709 1586 2736 Ιϐ.

1070 2789 1168 2822 egisse,
1193 2793 1222 2815 ιιι
1245 2796 1291 2814 cos
1316 2789 1440 2820 quidem.
1466 2789 1511 2821 qui
1536 2787 1568 2813 arl
1595 2787 1682 2820 ipsius
1709 2786 1858 2813 adventum

1073 2825 1151 2850 ﬁdem
1169 2824 1282 2858 ιιιιιριηιχί
1299 2828 1373 2855 sunt,
1389 2823 1414 2849 in
1432 2823 1531 2850 cmlnm
1547 2822 1676 2858 duxerit:
1689 2826 1860 2858 t‘osrntttent,

1070 2860 1115 2893 qui
1141 2859 1219 2899 ti-lctn
1246 2859 1295 2894 ipsi
1324 2860 1424 2886 habere
1447 2858 1592 2885 noluerunt
1630 2857 1656 2884 itt
1681 2857 1772 2891 pontis
1794 2857 1859 2883 reli-

1070 2899 1170 2925 atterit.
