2058 3159
164 207 236 240 1401

628 211 790 242 NICETAS
812 212 854 242 ΙΝ
875 211 987 241 ORAT.
1008 211 1091 241 XLII
1111 212 1145 242 S.
1164 211 1281 243 GREG.

1725 216 1795 248 1402

163 264 268 291 divitia:
281 265 460 292 Providentia:
477 265 599 292 doctrina
617 267 763 300 signiﬁcari
789 272 888 301 potest,
906 275 952 300 per
967 269 987 296 Α
1006 267 1102 300 partim
1126 274 1161 294 on
1183 267 1354 295 divinitatem
1368 289 1374 298 .
1398 276 1447 304 per
1469 276 1551 304 quam
1577 270 1712 299 illustrata
1734 279 1794 306 est,

162 311 344 344 suscipientes
360 316 461 342 autem.
478 311 600 338 doctrina
617 312 777 344 divinitatis,
795 321 842 346 per
858 320 951 338 ascen-

162 363 227 382 sum
242 362 331 383 auh-m
347 365 360 382 a
379 362 448 383 terra
465 357 490 383 in
507 357 624 389 ciclnm,
641 359 740 384 mcntis
757 367 769 384 a
787 359 952 392 cogitatione

162 401 346 430 humanitatis
358 402 458 429 Christi
471 403 503 429 ad
518 403 640 436 ejusdem
657 403 824 430 divinitatem
839 404 950 435 erectio,

161 451 247 480 atque
267 447 301 473 ab
322 448 429 474 actione
447 448 479 474 ad
499 448 715 482 speculationem
738 449 854 475 erectio.
871 448 952 481 Quis-

160 492 227 525 quis
245 492 326 526 igitur
341 501 388 527 per
402 493 552 526 spiritalem
569 494 711 520 scientiam
729 495 760 521 ad
777 495 951 529 providentiae

159 537 327 566 doctrinam.
352 543 484 572 quantum
506 539 593 573 ipsius
616 539 687 566 vires
705 540 806 573 ferunt,
832 541 949 574 trajecit,

158 583 198 609 ab
222 591 252 610 ea
278 584 310 610 ad
337 584 486 612 divinitatis
511 586 662 612 doctrinam
688 586 823 618 evehitur,
850 587 949 620 grada-

160 630 268 664 timque
282 631 489 658 conscendendo
507 632 679 658 sublimiores
696 633 792 659 anima:
810 638 901 666 portas
916 634 948 660 ad

161 677 285 710 supremi
305 684 336 704 ac
356 677 439 703 divini
466 678 545 705 Verbi
570 678 757 713 exceptionem
776 679 850 712 facit,
868 685 950 715 atque

158 722 196 748 ab
212 723 382 750 humanitate
394 723 494 750 Christi
510 723 543 750 ad
560 724 743 757 divinitatem,
758 726 831 753 velut
846 734 860 753 a
878 731 948 753 terra

158 769 188 794 in
201 769 300 795 coelum
315 769 423 803 migrat,
436 774 463 796 et
476 770 510 796 ab
524 770 631 798 actione
645 771 678 798 ad
692 772 948 806 contemplationem

158 815 299 845 ascendit,
320 821 352 841 ac
371 823 433 842 cum
459 815 550 842 divino
576 816 664 843 Verbo
689 825 799 844 sursum
826 818 949 846 trahente

158 860 244 887 simul
266 861 408 888 attollitur.
428 860 517 896 Atque
541 863 573 889 ad
597 863 668 890 hunc
686 864 794 890 modum
816 864 947 898 explicata

158 908 217 934 sint
233 907 289 934 haec
304 907 413 935 Daridis
429 909 521 935 verba.
539 908 698 936 Consimilia
717 916 806 937 autem
823 912 946 944 quredam

158 958 188 980 et
204 954 274 988 apud
294 954 391 981 lsaiam
410 954 545 989 leguntur.
561 955 628 982 Nam
645 957 714 991 apud
732 957 821 991 ipsum
838 966 948 993 quoque

158 999 297 1030 Christus.
311 1000 335 1026 in
351 1001 449 1028 coelum
465 1009 526 1028 cum
543 1002 678 1036 passiortis
695 1003 768 1030 notis
784 1003 946 1035 ascendens,

160 1054 261 1072 novum
280 1046 359 1080 plane
375 1051 399 1073 ct
419 1047 578 1074 inusitatum
594 1055 625 1074 ac
639 1050 802 1082 stupendum
821 1049 948 1083 supernis

159 1092 264 1126 angelis
285 1092 470 1126 spectaculum
494 1093 627 1120 exhibuit.
653 1092 771 1127 Stupore.
794 1095 865 1121 enim
888 1103 949 1122 cor—

159 1138 228 1171 repti
254 1143 337 1168 sunt,
366 1139 554 1165 ascendentem
585 1147 646 1166 eum
678 1140 834 1171 intuentes,
866 1146 948 1175 atque

159 1182 262 1210 idcirco
275 1183 401 1210 dicebant
414 1193 420 1210 :
434 1184 500 1216 Quis
517 1189 556 1211 est
569 1184 621 1217 hic,
634 1185 679 1219 qui
693 1186 762 1212 uertit
774 1187 805 1213 de
817 1186 903 1213 Edam
914 1188 947 1218 ”,

160 1229 211 1254 Imc
231 1233 283 1257 est.
297 1237 311 1254 τι
327 1229 442 1256 terrenis
460 1230 552 1262 rebus,
581 1231 666 1257 rubor
685 1232 875 1258 vestimentum
889 1232 948 1266 ejus

159 1280 191 1298 ex
211 1273 317 1299 Πυθίη-ζ’
343 1273 429 1300 Bosor
448 1279 538 1301 autem
557 1284 661 1302 carnem
681 1281 770 1308 sonat,
788 1284 820 1303 ac
836 1276 949 1311 proinde

159 1326 207 1352 per
228 1319 325 1346 stolam
346 1320 417 1354 ejus,
435 1325 461 1346 et
486 1320 676 1347 vestimentum
695 1322 846 1349 humanitas
873 1323 949 1350 desi-

158 1369 267 1398 gnatur.
295 1365 387 1391 ltnbor
412 1371 513 1395 autem.
539 1367 602 1399 quia
629 1374 693 1393 caro
718 1367 858 1396 Dominica
884 1376 948 1396 sart-

159 1409 240 1442 guine
260 1417 291 1436 ex
314 1410 398 1436 latere
420 1410 572 1445 proﬂuente
591 1413 674 1439 tincta
698 1418 748 1443 est.
766 1421 798 1440 ac
823 1422 870 1448 per
886 1423 948 1450 pas.

158 1457 262 1482 simu-nt
279 1461 420 1483 exornata.
441 1455 518 1483 Unde
532 1463 559 1484 et
574 1458 712 1492 subjungit
730 1461 858 1494 propheta
874 1468 882 1486 :
896 1460 948 1487 Hic

143 1502 288 1535 'farmows
301 1503 328 1529 in
341 1503 418 1529 stola.
433 1502 534 1529 Deinde
546 1502 714 1530 Salvatorem
731 1505 818 1539 ipsum
834 1513 948 1539 respon-

157 1546 264 1572 dentem
291 1547 394 1573 inducit
414 1555 421 1573 τ
444 1546 499 1581 Ego
516 1551 609 1581 loquor
626 1548 759 1581 justitiam
777 1553 800 1575 et
813 1549 946 1582 judicium

1004 312 1105 347 quippe
1118 320 1171 347 qua
1186 314 1253 340 nihil
1270 314 1421 348 pulchrius.

1039 359 1097 385 Col.
1116 359 1168 386 658
1186 359 1216 386 C.
1237 359 1307 392 Quid
1327 361 1361 387 at!
1382 361 1437 388 hac
1460 361 1536 388 nobis
1560 363 1728 396 sycophaan
1750 365 1794 391 rli—

1004 410 1079 435 cunt,
1093 409 1147 432 etc.
1161 405 1293 433 Absoluta
1309 407 1467 434 narratione
1480 408 1628 443 Gregorius
1643 411 1793 436 Orationem

1003 450 1035 476 ad
1051 451 1192 478 haereticos
1205 452 1347 483 convertit,
1361 460 1464 487 eosque
1477 453 1595 487 primum
1610 455 1793 488 sycophantas

1002 501 1092 528 vocat,
1111 501 1139 523 ut
1160 497 1258 524 Filium
1276 499 1485 529 calumniantes.
1503 501 1581 534 quasi
1606 508 1658 526 non
1682 507 1745 527 vere
1762 491 1794 527 ac

1002 543 1113 576 proprie
1139 542 1223 569 Deum
1251 552 1258 569 ε
1285 545 1401 570 acerbos
1429 548 1520 571 autem
1552 552 1737 579 expensores,
1763 550 1794 572 ut.

1002 587 1155 621 przrcipites
1171 588 1322 616 divinitatis
1347 589 1476 621 arbitros,
1493 597 1671 624 personarum
1690 591 1794 618 scilicet

1006 633 1170 661 diﬂ‘crentiis
1195 641 1254 661 eam
1283 635 1462 668 dividentes;
1491 638 1703 669 reprehensores
1729 645 1794 665 vero

1000 686 1091 706 rerum
1110 679 1299 710 laudabilium,
1315 683 1409 714 utpote
1426 681 1558 707 incarnati
1582 680 1643 707 Filii
1658 681 1792 713 actiones,

1001 724 1126 751 humana!
1152 730 1257 751 natura:
1286 729 1486 760 congruentes.
1515 726 1549 752 ad
1573 726 1633 758 ejus
1662 726 1792 753 immuta-

1001 768 1100 794 tionem
1127 769 1311 802 arripientes,
1345 776 1406 794 cnm
1435 773 1525 795 tamen
1559 769 1666 796 laudem
1700 771 1792 804 potius

1000 819 1156 841 mercantur
1185 823 1192 841 :
1220 819 1302 848 atque
1323 814 1403 841 etiam
1429 819 1470 847 ut,
1507 816 1593 849 ipsius
1622 816 1790 842 divinitatem

1000 861 1143 887 metientes
1156 866 1182 887 et
1197 860 1466 891 circumscribentes.
1481 865 1623 895 propterea
1638 861 1710 895 quod
1727 869 1790 895 pas—

1000 907 1105 934 sibilern
1132 914 1242 933 carnem
1268 906 1408 940 suscepit,
1435 911 1465 933 ut
1490 907 1592 934 nostris
1617 907 1791 941 passionibus

1001 952 1166 978 mederetur.
1192 951 1366 978 Tenebrosos
1391 951 1503 985 insuper
1529 951 1600 978 circa
1626 951 1713 978 lucem
1740 959 1789 985 ap-

999 997 1100 1032 pellat,
1125 996 1197 1023 Velut
1221 996 1254 1023 ad
1276 997 1417 1023 veritatem
1446 997 1503 1023 sole
1527 996 1670 1024 clarioretn
1696 997 1791 1024 oculos

999 1042 1168 1073 claudentes,
1186 1042 1227 1068 vel
1247 1041 1329 1069 etiam
1349 1042 1382 1069 ad
1403 1041 1493 1076 ipsum
1516 1041 1666 1074 Christum,
1684 1042 1730 1076 qui
1749 1046 1792 1068 est

1000 1089 1046 1116 lux
1065 1096 1128 1116 vera
1145 1089 1166 1114 ³.
1187 1088 1331 1122 Imperitos
1346 1092 1437 1116 autem
1456 1088 1528 1115 circa
1546 1088 1721 1122 sapientiam.
1740 1089 1792 1115 hoc

999 1140 1044 1163 est
1056 1135 1128 1162 circa
1144 1134 1283 1161 Christum
1299 1135 1400 1169 ipsum,
1414 1135 1460 1169 qui
1475 1139 1517 1162 est
1529 1135 1662 1169 sapientia
1677 1135 1765 1162 Patris
1778 1135 1790 1150 δ

999 1189 1092 1209 revera
1119 1181 1284 1213 subsistens,
1314 1181 1357 1208 vel
1383 1181 1464 1208 etiam
1485 1185 1516 1208 ut
1533 1180 1683 1208 Salvatoris
1708 1188 1790 1215 opera

1000 1227 1140 1262 sapientia:
1161 1227 1239 1262 plena
1262 1233 1434 1261 nequaquam
1461 1226 1654 1262 intelligentes.
1678 1225 1731 1253 Pro
1748 1227 1791 1254 his

999 1274 1072 1300 enim
1095 1273 1195 1300 frustra
1213 1272 1341 1299 Christus
1364 1277 1489 1299 mertuus
1506 1277 1557 1299 est.
1584 1272 1695 1300 Piorum
1715 1272 1789 1299 enim

999 1321 1133 1348 duntaxat
1158 1320 1272 1347 salutem
1298 1319 1421 1346 lucratus
1443 1324 1496 1346 est.
1517 1320 1548 1346 [li
1568 1319 1649 1346 etiam
1674 1319 1789 1354 ingrata:

999 1372 1131 1394 creatura:
1147 1370 1226 1397 sunt;
1244 1373 1306 1392 nam
1323 1372 1373 1399 pro
1388 1372 1420 1391 eo
1435 1365 1507 1399 quod
1525 1372 1573 1399 par
1587 1369 1647 1391 erat
1661 1364 1789 1391 Creatori

1002 1412 1105 1447 gratias
1119 1419 1209 1446 agere,
1224 1411 1296 1445 quod
1310 1418 1404 1437 eorum
1421 1418 1504 1437 causa
1521 1410 1578 1444 ipse
1593 1417 1701 1443 quoque
1714 1417 1791 1436 crea-

998 1462 1059 1485 tura
1077 1458 1164 1484 tactus
1178 1462 1261 1487 esset,
1275 1457 1324 1490 ipsi
1338 1461 1432 1483 contra
1449 1455 1605 1490 hnjusrnodi
1623 1456 1786 1482 beneﬁcium

999 1505 1026 1532 in
1046 1503 1224 1537 blasphemia
1242 1503 1416 1530 occasionem
1441 1502 1596 1533 trahebant.
1617 1502 1788 1528 divinitatem

998 1551 1059 1585 ejus
1073 1553 1192 1576 creatam
1206 1556 1266 1576 esse
1282 1549 1460 1580 blaterantes,
1477 1555 1531 1574 non
1550 1551 1641 1573 autent
1659 1546 1790 1573 humaui-

157 1592 262 1618 satutis.
276 1591 413 1618 Justitiam
429 1597 530 1622 autem,
544 1592 681 1627 Evangelii
696 1593 942 1627 promulgationem
957 1594 979 1622 C
995 1601 1090 1623 tatem.
1110 1594 1143 1622 Hi
1158 1595 1240 1622 etiam
1259 1594 1359 1621 diaboli
1386 1594 1513 1628 ﬁgmenta
1532 1593 1632 1620 merito
1652 1592 1704 1619 dici
1722 1600 1789 1626 pos-

157 1642 247 1669 vorat,
272 1646 322 1673 qua
346 1641 418 1663 terra
441 1638 591 1672 justiticata
606 1643 663 1671 est;
682 1646 743 1673 qua:
767 1644 945 1674 posteaquam

157 1683 265 1709 locutus
277 1689 318 1709 cst
330 1682 467 1715 Christus,
482 1683 642 1717 angelicum
657 1692 752 1710 rursus
779 1685 947 1720 interrogant

157 1737 190 1757 ac
214 1730 307 1755 dicunt
331 1738 338 1756 :
365 1728 453 1760 Quare
476 1734 537 1755 sunt
554 1729 633 1755 rubra
655 1730 808 1756 vestimenta
832 1734 889 1762 tua,
922 1735 947 1756 et

157 1776 320 1806 indtuncnla,
340 1782 390 1800 non
411 1782 483 1800 secus
503 1783 533 1800 ac
551 1775 692 1801 toreularia
712 1776 808 1802 calcati
825 1777 855 1804 '2
875 1776 946 1803 Caro

157 1821 230 1848 cnim
253 1815 351 1847 cruore
369 1821 470 1847 sntTnsa
486 1820 659 1852 cernebatur,
676 1827 702 1847 et
718 1823 792 1849 velut
805 1830 838 1849 ex
855 1827 945 1849 musto

158 1868 191 1894 ad
208 1868 320 1894 rubrum
337 1867 455 1894 colorem
472 1867 568 1894 tincta.
582 1867 707 1895 Christus
721 1874 808 1894 autent
824 1868 945 1895 secundo

158 1915 303 1948 respondet
323 1923 328 1939 :
347 1913 476 1940 Torcular
494 1914 593 1941 calcavi
619 1913 702 1944 solus,
723 1917 747 1939 et
769 1921 801 1940 ea:
825 1913 945 1948 gentibus

157 1960 196 1986 vir
222 1959 307 1985 nullus
332 1967 434 1985 mecum
459 1960 509 1992 fuit
528 1960 548 1990 ',
569 1960 596 1986 id
620 1963 661 1986 est
675 1979 682 1991 ,
704 1966 784 1985 nemo
810 1959 877 1986 mihi
897 1967 946 1994 pa-

158 2005 233 2031 tienti
260 2004 357 2035 adfuit,
378 2005 538 2039 sociumque
567 2005 725 2032 certaminis
750 2013 778 2032 se
799 2005 914 2040 praebuit
936 2013 943 2031 :

159 2056 252 2075 verum
270 2049 345 2076 solus
363 2054 447 2076 totam
464 2049 564 2076 diaboli
581 2049 742 2083 potentiam,
758 2050 836 2084 quasi
853 2054 945 2076 torcu-

158 2095 207 2121 Iari
229 2102 294 2121 uvas
309 2095 442 2129 expressi,
461 2102 492 2122 ac
507 2095 590 2122 duros
605 2100 632 2122 et
645 2101 821 2123 contumaces
837 2095 944 2123 Iudaeos

157 2138 281 2166 eontrivi.
302 2137 357 2165 llas
380 2139 452 2173 apud
476 2139 574 2166 Isaiam
596 2140 825 2174 interrogationes
850 2145 877 2168 et
901 2148 944 2167 re-

157 2186 319 2219 sponsiones
339 2185 492 2219 Theologus
515 2186 736 2222 δραματουργίαν
758 2188 874 2219 vocavit,
890 2195 942 2214 non

156 2230 251 2257 falsam
265 2231 490 2265 compositionem
504 2230 659 2265 intelligens
671 2233 776 2265 (quales
790 2238 853 2259 sunt
865 2237 942 2259 actus

155 2277 295 2312 l'abnlosi),
313 2278 360 2304 sed
387 2285 473 2312 genus
494 2278 631 2305 scribendi
659 2279 695 2305 ita
721 2279 888 2312 institutum,
914 2285 943 2306 ut

155 2330 288 2358 personas
307 2323 450 2358 loquentes
468 2323 576 2350 haheat.
600 2323 763 2357 Augelorum
788 2325 860 2352 enim
885 2325 942 2356 alii,

155 2369 230 2395 velut
253 2369 452 2403 interrogantes
471 2369 650 2402 inducuntur,
673 2369 718 2396 alii
738 2370 812 2397 velut
830 2378 944 2404 respon-

157 2415 261 2447 dentes,
284 2415 433 2441 sccundum
453 2423 513 2442 eam
531 2415 676 2442 verborum
698 2417 843 2448 rationem,
861 2425 942 2451 qualn

156 2461 288 2495 propheta
307 2461 457 2488 constituit.
481 2461 508 2488 Si
530 2462 612 2497 igitur
628 2463 676 2498 (ait
693 2462 858 2497 Theologus)
880 2471 942 2497 pcr-

158 2512 319 2534 cunctentur
344 2514 350 2532 :
373 2506 440 2538 Quis
464 2512 505 2533 est
527 2508 579 2539 hic,
605 2508 651 2542 qui
675 2516 689 2534 a
710 2513 780 2535 terra
803 2508 945 2540 ascendit,

157 2557 225 2585 aut,
252 2553 390 2587 quomodo
415 2553 567 2587 incorporei
593 2562 625 2580 ac
649 2555 781 2589 sanguine
807 2556 945 2586 carentis,

159 2604 294 2633 quatenus
313 2598 385 2625 Deus
401 2602 452 2629 est,
467 2599 649 2625 rubicundum
666 2606 708 2626 est
725 2600 850 2634 corporis
871 2600 942 2626 inte-

157 2645 337 2679 gumentum?
362 2644 384 2671 si
413 2645 487 2676 ha-c,
515 2644 645 2677 inquam,
667 2650 889 2679 percunctantur,
908 2654 941 2673 ex

157 2691 271 2717 adverso
298 2690 398 2724 profer,
424 2691 450 2717 id
475 2695 527 2722 est,
551 2692 684 2724 responde
710 2699 717 2716 :
744 2690 874 2718 Formosa
902 2695 942 2717 est

157 2737 244 2771 ipsius
261 2737 340 2769 stola,
358 2737 410 2764 hoc
429 2742 480 2769 est,
497 2745 596 2770 corpus
621 2738 716 2771 ipsius,
735 2737 806 2771 quod
831 2745 940 2772 passum

156 2788 208 2814 est,
225 2783 322 2817 partim
335 2783 369 2810 ob
385 2784 552 2818 passionem,
568 2792 616 2817 per
629 2791 710 2818 quam
727 2783 873 2818 gloriﬁcata
888 2790 939 2816 est,

191 2872 212 2887 ’³
229 2871 280 2897 Ιςςι.
297 2879 372 2901 um.
394 2873 418 2898 l.
465 2876 474 2890 τ
491 2873 557 2900 lhid.
574 2872 600 2899 ἢ.

156 2915 213 2941 vni,
238 2908 272 2939 22
314 2907 396 2934 lict-li.
418 2916 490 2941 χχιιι,
508 2909 534 2935 5.
572 2909 581 2924 ⁷
601 2909 714 2944 Philipp.
739 2917 768 2939 ιι,
788 2908 813 2934 7.

657 2874 668 2888 ’
683 2873 749 2899 ibid.
763 2873 790 2900 5.
814 2890 816 2893 -
837 2873 847 2888 ³
862 2874 939 2898 Joan.
954 2880 974 2903 ι.
999 2872 1026 2899 9.

852 2909 861 2920 '
879 2907 957 2935 Joan.
977 2915 1004 2938 ις,
1028 2907 1072 2939 11.

998 1646 1073 1674 sunt,
1096 1649 1150 1668 non
1169 1645 1199 1667 ut
1220 1640 1254 1667 ab
1277 1647 1309 1667 eo
1331 1639 1426 1669 creati,
1453 1639 1499 1666 sed
1518 1644 1548 1665 ut
1572 1639 1607 1665 ab
1630 1646 1662 1664 eo
1686 1638 1789 1665 malitia

997 1687 1104 1714 imbuti.
1117 1686 1209 1713 Fictor
1221 1686 1294 1712 enim
1309 1685 1435 1712 diabolus
1445 1689 1498 1717 est,
1511 1692 1564 1711 non
1579 1684 1788 1711 subsistentium

997 1741 1102 1764 rerum,
1116 1733 1163 1759 sed
1182 1739 1287 1758 morum
1303 1740 1309 1758 :
1324 1731 1402 1766 juxta
1419 1731 1445 1758 id
1460 1731 1532 1765 quod
1548 1730 1650 1758 Judreis
1662 1730 1788 1757 Christus

997 1779 1102 1805 diccbat
1121 1785 1129 1804 :
1151 1777 1200 1804 Vos
1213 1785 1246 1803 ea:
1261 1783 1337 1811 patre
1356 1777 1464 1803 diabolo
1478 1777 1540 1803 extis
1556 1777 1577 1802 ⁵.
1596 1776 1658 1802 "rec
1679 1777 1789 1803 locutus

997 1824 1164 1857 Theologus,
1178 1828 1260 1857 atque
1272 1823 1314 1850 bis
1325 1823 1454 1849 omnibus
1467 1822 1611 1849 haereticos
1624 1822 1788 1854 insectatus,

996 1869 1070 1895 velut
1086 1871 1178 1902 aperta
1197 1867 1286 1894 fronte
1306 1872 1386 1902 atque
1403 1867 1429 1893 in
1445 1867 1541 1894 faciem
1568 1866 1635 1900 ipsis
1658 1871 1788 1899 occurrit,

996 1919 1079 1948 atque
1104 1914 1274 1947 argumentis
1294 1918 1321 1940 et
1341 1912 1601 1947 interrogationibus
1627 1912 1722 1944 fretus,
1741 1919 1790 1939 eos

996 1965 1075 1996 urget
1104 1966 1185 1995 atque
1208 1959 1361 1992 contundit,
1388 1959 1481 1993 aitque
1498 1967 1506 1987 ε
1523 1958 1631 1986 Siccine
1652 1958 1687 1985 ob
1704 1958 1788 1984 bene-

996 2007 1090 2034 ﬁcium
1109 2007 1136 2034 in
1155 2011 1180 2034 te
1197 2006 1328 2033 collatum
1350 2006 1489 2033 Christum
1508 2012 1597 2031 meum
1614 2003 1789 2035 criminaris?

995 2053 1152 2080 lncarnatio
1165 2053 1238 2080 enim
1255 2053 1354 2086 ipsius,
1368 2051 1529 2080 beneﬁcium
1547 2055 1669 2078 nostrum
1686 2050 1786 2076 factum

995 2104 1048 2127 est.
1064 2099 1098 2125 At
1111 2099 1173 2133 ipsi,
1188 2099 1214 2125 in
1230 2097 1381 2132 Scripturis
1396 2097 1576 2128 invenientes,
1591 2096 1663 2131 quod
1680 2099 1787 2122 creatus

994 2146 1087 2178 fuerit,
1113 2147 1189 2180 juxta
1218 2145 1296 2178 illud,
1323 2144 1454 2170 Dominus
1482 2143 1579 2170 creavit
1606 2150 1646 2168 me
1663 2142 1683 2174 ⁸,
1711 2142 1786 2174 item,

994 2192 1067 2227 quod
1087 2199 1184 2219 servus
1208 2197 1321 2218 vocatus
1346 2191 1383 2218 sit
1402 2190 1422 2222 ",
1444 2190 1512 2216 bene
1537 2189 1660 2216 serviens
1681 2188 1786 2217 multis,

995 2241 1148 2271 caeteraque
1166 2236 1193 2263 id
1212 2243 1308 2270 genus,
1329 2243 1390 2270 qua:
1404 2235 1438 2262 de
1454 2235 1624 2261 humanitate
1644 2233 1784 2265 dicuntur,

995 2290 1081 2316 eaque
1105 2283 1138 2308 ad
1156 2281 1296 2317 U'nigeniti
1324 2281 1493 2308 divinitatem
1521 2279 1681 2309 referentes,
1708 2279 1786 2313 igno-

995 2327 1080 2355 minia
1103 2335 1165 2355 eum
1190 2327 1332 2358 notabant,
1354 2334 1368 2353 a
1387 2325 1478 2353 Patris
1502 2330 1599 2352 natura
1617 2328 1786 2358 separantes,

994 2379 1078 2409 atque
1096 2374 1122 2400 in
1141 2377 1328 2400 creaturarum
1350 2372 1474 2398 ordinem
1495 2371 1650 2404 redigentes
1670 2378 1676 2396 :
1693 2369 1787 2401 sicque

995 2419 1155 2448 beneﬁcium
1172 2420 1198 2446 in
1214 2420 1316 2446 crimen
1332 2418 1537 2446 convertebant.
1557 2416 1674 2443 lloccine
1691 2416 1785 2450 igitur,

995 2466 1100 2501 inquit,
1127 2465 1182 2492 Deo
1206 2464 1408 2491 extenuationis
1436 2470 1518 2490 causa
1545 2461 1662 2495 obiicis?
1686 2462 1785 2488 Postea

995 2512 1157 2540 beneﬁcium
1177 2511 1203 2537 in
1221 2511 1328 2544 species
1354 2516 1418 2536 suas
1445 2508 1551 2541 dividit,
1568 2513 1649 2541 atqtte
1676 2506 1784 2533 interim

996 2559 1178 2592 evangelicam
1204 2557 1277 2584 illam
1305 2561 1414 2582 centum
1441 2555 1531 2581 ovium
1558 2553 1714 2588 parabolam
1735 2560 1784 2578 ex-

996 2604 1084 2639 ponit.
1109 2603 1147 2629 Ac
1173 2609 1220 2637 per
1246 2609 1323 2628 ovem
1349 2600 1478 2635 quidem,
1504 2607 1563 2634 qua:
1587 2606 1602 2625 ιι
1628 2598 1786 2624 centenario

996 2657 1077 2684 grege
1103 2649 1250 2677 abscessit.
1277 2651 1304 2673 et
1329 2645 1482 2676 aberravit,
1510 2649 1635 2671 naturam
1663 2646 1783 2668 nostram

997 2694 1122 2727 intelligit
1145 2702 1152 2720 :
1173 2700 1221 2726 per
1241 2697 1375 2726 pastorem
1398 2695 1500 2722 autem,
1521 2689 1608 2724 ipsum
1626 2687 1784 2719 Christum;

996 2740 1036 2766 sic
1049 2740 1120 2766 enirn
1135 2746 1164 2765 se
1178 2738 1234 2772 ipse
1248 2737 1371 2763 nominat
1384 2745 1391 2763 :
1412 2735 1467 2770 Ego
1480 2743 1539 2761 sum
1554 2734 1652 2761 Pastor
1666 2733 1748 2759 bonus
1762 2731 1783 2758 ι.

997 2784 1022 2811 Is
1042 2785 1076 2811 ad
1101 2790 1162 2815 nos,
1188 2782 1239 2809 hoc
1262 2786 1303 2809 est
1327 2782 1360 2807 ad
1385 2781 1557 2808 obcrrantem
1584 2785 1674 2808 ovem,
1698 2777 1783 2808 venit,

1673 2865 1683 2881 °
1699 2864 1782 2897 Prov,

1083 2871 1093 2886 ⁵
1109 2871 1118 2898 1
1134 2871 1196 2898 Cor.
1218 2879 1237 2902 i,
1253 2871 1297 2897 2-5.
1351 2870 1362 2885 ⁸
1382 2868 1459 2897 Joan.
1489 2875 1547 2899 Vlll,
1572 2866 1617 2894 Η.
