2058 3159
267 199 338 232 1403

980 199 1169 230 ADDENDA.

1827 197 1897 229 14οι

267 259 349 289 alque
364 261 392 280 tu
412 253 554 281 montibus
579 257 606 280 et
631 253 746 281 collibus
764 253 879 286 invenit,
905 253 930 281 in
954 255 1056 289 quibus
1070 257 1092 284 Α
1109 259 1164 281 tum
1187 253 1269 281 etiam
1293 258 1323 281 ut
1344 261 1524 288 comparans,
1547 253 1573 280 id
1597 257 1657 283 est.
1675 254 1846 285 concilians,
1869 263 1903 283 ac

267 299 500 330 sacriﬁcabamus,
524 299 602 332 juxta
627 297 725 325 Oseam
749 299 760 314 '
776 304 803 326 et
820 299 918 326 Isaiam
935 300 968 326 ‘°.
989 300 1055 327 Nam

267 345 338 379 apud
367 345 500 371 idolorum
528 344 647 372 cultores
673 345 700 371 in
731 352 808 372 more
833 345 952 380 positum
978 350 1057 378 erat,

268 390 401 418 sacriﬁcia
417 390 443 417 in
459 390 612 422 montibus,
627 391 821 426 umbrosisque
835 392 981 420 arboribus
994 400 1059 420 eon-

268 437 359 463 licere.
377 435 517 463 Inventam
535 436 620 471 igitur
637 437 773 471 palantem
791 442 914 466 nostram
933 444 1058 466 naturam

269 482 381 509 minime
398 482 526 516 neglexit,
545 482 592 510 sed
611 482 761 518 perinsigni
780 483 883 510 honore
900 485 1060 518 complexus

267 531 319 554 cst.
337 527 437 554 lisrtem
464 528 538 554 enim
555 526 678 555 humeris
695 535 755 555 eam
772 529 902 563 suscepit,
919 529 1019 563 quibus
1033 534 1060 556 et

267 574 360 601 crucis
377 573 481 608 lignum
507 574 580 601 tulit.
600 574 729 608 Bajulaus
748 575 820 602 enim
845 581 955 601 crucem
982 582 1058 602 suam

267 625 398 652 egressus
413 624 455 647 est
471 619 504 651 “,
519 620 680 654 priusquam
695 620 728 646 ad
745 627 804 646 eam
820 620 978 655 gestandam
994 620 1061 647 ada-

268 668 330 691 ctus
355 662 451 691 fuisset
474 663 583 697 Simon,
609 664 840 698 quemadmodum
866 669 893 691 et
917 663 1002 691 Isaias
1028 665 1062 692 de

270 710 330 744 ipso
349 710 513 737 vaticinatus
537 709 629 737 fuerat
653 710 747 737 dicens
769 718 776 737 :
796 709 878 744 Cujus
897 710 1062 745 principatus

271 763 349 789 super
368 756 503 782 humerum
527 764 584 789 eius
598 756 630 783 ".
648 756 794 790 Aceeptam
820 760 911 783 autem
939 761 1061 783 nostram

272 805 398 828 naturam
413 801 446 828 ad
467 809 613 836 supernam
630 802 715 829 vitam
726 822 734 834 ,
755 809 770 828 a
787 809 841 836 qua
857 801 1060 834 excideramus,

274 847 390 880 reduxit,
421 851 503 881 atque
530 848 632 882 angelis
662 848 835 883 aggregavit,
861 848 908 882 qui
937 847 963 874 iu
990 848 1063 875 bono

272 897 430 920 constantes
443 898 564 920 manent.
581 891 618 919 illi
634 893 706 920 enim
730 900 779 927 per
795 893 941 927 nonaginta
965 901 1061 921 novem

1108 299 1277 333 desponsans
1305 299 1420 326 Domino
1445 298 1555 326 Christo
1589 299 1719 333 populum
1745 300 1900 333 eximium,

1110 345 1161 371 hoc
1175 350 1218 371 est
1240 345 1381 379 copiosum
1403 349 1430 371 et
1450 345 1640 374 excellentem.
1665 350 1749 379 atque
1771 346 1902 374 omnibus

1110 390 1173 417 aliis
1187 390 1276 425 ipsius
1290 391 1452 418 substantiis
1465 390 1655 425 creatur-isque
1670 392 1901 425 praestantiorem.

1110 437 1236 464 Christus
1252 437 1325 464 enim
1345 437 1474 464 Ecclesiae
1488 444 1606 471 sponsus
1619 441 1670 468 est,
1691 445 1740 471 per
1754 438 1832 464 ﬁdem
1849 438 1903 472 ipsi

1110 483 1257 517 adjunctae.
1274 483 1322 511 Sic
1336 484 1408 511 enim
1422 482 1541 510 Joannes
1556 483 1675 517 Baptista
1691 483 1811 518 loquitur
1827 492 1833 510 :
1849 484 1903 516 Qui

1111 528 1184 555 habet
1204 537 1328 563 sponsam
1351 537 1462 562 sponsus
1487 534 1524 556 eu
1541 536 1550 555 :
1569 529 1670 556 amicus
1694 535 1782 556 autem
1799 531 1904 563 sponsi,

1112 574 1157 609 qui
1178 579 1248 605 stat,
1273 580 1297 601 et
1322 575 1398 602 audit
1419 581 1496 606 eum,
1522 573 1650 608 gaudium
1674 575 1770 608 gaudet
1794 579 1904 609 propter

1111 628 1197 647 vocem
1224 620 1315 654 sponsi
1338 620 1370 647 ".
1398 619 1639 657 Anticumautem
1675 621 1796 654 seipsum
1824 626 1905 648 vocat

1112 673 1276 699 prmcursor.
1303 664 1361 691 Jam
1391 672 1456 692 vero
1487 665 1520 691 ad
1548 665 1738 699 accipiendum
1769 666 1904 700 Spiritum

1112 709 1241 737 homines
1266 717 1314 744 per
1337 717 1436 745 aquam
1463 710 1652 744 pmpttrgabat
1673 710 1794 738 Joannes
1819 721 1825 738 :
1848 712 1906 746 Ego

1112 756 1197 786 enim.
1212 756 1310 790 inquit,
1328 757 1429 791 baptizo
1446 764 1489 783 vos
1509 757 1536 782 in
1554 764 1623 790 aqua
1648 764 1658 783 :
1676 757 1732 790 ipse
1752 762 1841 784 autem
1856 759 1904 784 ba-

1112 801 1223 834 ptizabit
1236 809 1281 828 vos
1295 802 1322 828 in
1337 800 1440 834 Spiritu
1455 806 1546 828 sancto
1560 802 1592 828 ".
1607 802 1796 837 Prmpurgator
1811 804 1905 838 itaque

1113 844 1227 873 Joannis
1243 846 1395 880 baptismus
1413 850 1481 877 erat,
1498 846 1531 873 ad
1548 846 1718 879 spiritualem
1739 845 1842 873 Christi
1858 847 1906 873 ba-

1114 892 1242 926 ptismum
1263 893 1376 928 ducens,
1402 892 1449 926 qui
1472 897 1498 920 et
1524 892 1668 926 purgandi,
1695 896 1722 918 et
1746 892 1905 925 perﬁciendi

271 944 337 965 oves
360 937 548 972 desrgnantur.
568 938 668 972 quibus
694 938 797 965 relictis
822 944 914 973 pastor
929 940 962 966 ad
981 947 1061 965 unam
1080 927 1099 954 Β
1113 938 1167 964 vim
1190 938 1280 966 habet.

271 988 409 1010 errantetn
427 984 509 1013 venit.
527 987 557 1010 ut
571 991 631 1010 eam
649 983 794 1016 inveniret,
809 991 841 1012 ac
855 992 916 1012 cum
934 985 987 1016 his,
1003 993 1064 1019 quae

272 1035 288 1055 a
308 1035 388 1064 grege
412 1036 467 1056 non
492 1029 863 1064 ahert-ant,~coujungeret,
889 1032 962 1064 quod
980 1031 1062 1058 etiam

272 1073 350 1101 fecit.

306 1119 367 1147 Col.
392 1120 444 1147 659
472 1121 504 1147 Δ.
532 1121 602 1153 Quia
628 1120 774 1154 lucernam,
804 1122 853 1148 hoc
879 1127 930 1153 est,
958 1130 1065 1150 carnem

272 1176 360 1201 suam,
374 1174 425 1196 etc.
440 1169 556 1196 Centum
571 1170 663 1197 ovium
680 1170 837 1204 parabolatn
855 1169 978 1204 proxime
992 1169 1064 1202 apud

274 1213 375 1241 Lucam
403 1217 526 1248 sequitur
551 1215 689 1243 drachma:
716 1216 855 1250 parabola.
882 1215 945 1242 Haec
970 1220 1063 1242 autem

275 1259 360 1293 ipsius
376 1260 457 1287 verba
472 1265 536 1288 sunt
551 1269 558 1288 :
574 1260 604 1289 Si
617 1270 668 1294 qua
689 1262 785 1288 mulier
804 1262 905 1289 habent
924 1263 1065 1289 drachma:

273 1305 374 1335 ducem,
392 1313 470 1331 unum
492 1306 648 1333 drachmam
668 1308 823 1342 perdiderit,
844 1316 928 1335 nonne
946 1309 1065 1335 accendit

274 1349 420 1383 lucernam,
437 1356 462 1378 et
485 1353 576 1379 evertit
605 1353 727 1386 domum,
754 1359 778 1380 et
803 1355 896 1389 quwrit
915 1354 1063 1388 diligenter,

277 1395 358 1422 donec
373 1396 501 1423 inuenerit
524 1397 678 1425 drachmam
696 1407 774 1433 quam
793 1399 945 1433 perdiderat
958 1399 1000 1425 "‘l
1017 1399 1066 1426 llic

273 1442 358 1476 igitur
377 1443 486 1476 mulier,
505 1444 546 1470 vet
564 1445 624 1478 ejus
651 1445 743 1478 potius
755 1445 821 1472 ioco
843 1445 970 1472 Christus
994 1451 1037 1472 est
1056 1453 1063 1471 :

273 1488 398 1518 lucerna,
412 1489 499 1523 ipsius
513 1497 590 1523 caro,
604 1499 681 1526 pura,
696 1491 820 1525 inquam,
835 1490 880 1518 illa
894 1496 921 1518 et
931 1499 946 1518 a
960 1491 1063 1525 peccati

275 1534 403 1562 sordibus
430 1536 536 1567 libera,
569 1537 775 1571 divinitatisque
806 1537 908 1564 lumine
932 1537 1064 1564 mundum

275 1579 454 1612 collustrans,
472 1589 590 1615 eumque
606 1590 621 1609 a
639 1583 740 1616 peccati
765 1583 884 1610 tenebris
905 1590 1064 1616 repurgans,
1081 1598 1102 1627 ς

276 1630 330 1651 non
354 1631 435 1652 secus
452 1633 483 1652 ac
502 1626 612 1653 domum
632 1627 779 1660 quamdam
805 1628 906 1654 multas
931 1627 1025 1655 sordes
1042 1632 1069 1655 et

277 1669 441 1703 quisquilias
464 1670 619 1697 habentem.
643 1671 778 1698 Drachma
800 1676 902 1704 autem,
920 1673 1021 1705 anima,
1038 1678 1069 1700 ut

277 1715 350 1749 regia
365 1715 483 1749 imagine
497 1716 615 1751 signata,
627 1725 689 1751 quae
706 1717 816 1748 quidem
832 1717 912 1746 tce-lis
925 1718 1068 1747 aﬁectibus

278 1761 377 1788 obruta
401 1765 428 1788 et
451 1762 561 1789 defossa
588 1767 656 1796 erat,
682 1768 775 1798 postea
803 1768 893 1791 autem
919 1772 934 1791 a
959 1765 1068 1792 Christo

279 1812 417 1840 quaerente
439 1808 560 1836 inventa.
585 1809 676 1843 Atque
700 1809 842 1836 hominum
867 1809 949 1837 simul
972 1814 999 1837 et
1024 1810 1068 1837 Dei

277 1858 402 1882 amantes
425 1853 524 1889 angeli,
543 1854 580 1881 ob
598 1854 659 1889 ejus
676 1855 862 1882 inventionem
886 1863 917 1883 ac
939 1855 1069 1889 salutent,

278 1899 372 1926 lictitia
390 1899 594 1927 diﬁunduntur:
618 1901 718 1934 quibus
735 1901 817 1928 etiam
829 1901 926 1936 primis
943 1902 1070 1928 incarna-

280 1945 362 1973 tionis
379 1946 540 1981 mysterium
565 1946 694 1974 traditum
723 1951 776 1978 est,
800 1955 832 1974 ac
857 1954 906 1975 nos
922 1947 1019 1974 deinde
1035 1949 1069 1975 ab

277 1992 313 2020 iis
326 1992 449 2026 eiusdem
466 1993 622 2028 cognitione
638 1993 736 2021 imbuti
753 2001 862 2021 sumus.

309 2039 375 2066 Ibid.
385 2039 454 2071 Quia
462 2040 595 2066 lucernam
604 2041 730 2073 prmuiam
737 2040 783 2066 tua:
790 2040 838 2066 illa
846 2040 1007 2072 clarissima,
1015 2044 1069 2067 etc.

279 2084 411 2115 Praevius,
426 2085 484 2112 sive
500 2093 666 2120 prmcursor,
682 2090 742 2113 erat
758 2085 877 2113 Joannes
893 2085 1024 2120 Baptista,
1042 2090 1071 2113 ut

278 2138 312 2157 ex
340 2131 424 2164 patris
444 2131 531 2165 ipsius
557 2132 699 2166 prophetia
726 2136 800 2166 putet
819 2141 826 2158 :
846 2131 959 2158 l’rwibit
985 2133 1069 2166 enim,

279 2177 378 2211 inquit,
403 2182 463 2203 ante
485 2177 580 2210 facient
606 2177 713 2204 Domini
735 2177 768 2204 ".
791 2177 914 2204 Lucerna
940 2182 1030 2205 autem
1054 2186 1070 2206 a

281 2221 395 2248 Domino
413 2221 473 2256 ipso
496 2221 647 2255 appellatus
666 2226 720 2254 est,
745 2222 788 2250 his
812 2223 903 2249 verbis
920 2232 927 2250 :
946 2222 997 2249 Ille
1013 2228 1069 2250 erat

1149 984 1217 1011 Ibid.
1241 984 1271 1012 B.
1294 984 1416 1011 llreccino
1435 983 1488 1010 Deo
1507 984 1600 1018 objicis
1622 989 1701 1018 atque
1719 984 1830 1015 idcirco,
1851 989 1905 1010 etc.

1115 1031 1202 1064 Supra
1217 1038 1331 1057 numero
1348 1030 1479 1065 singulari
1495 1030 1613 1064 dicebat,
1630 1031 1694 1057 Idne
1706 1030 1804 1065 ohjicis
1823 1030 1904 1056 Deo?

1113 1077 1147 1104 de
1175 1076 1305 1104 beneﬁcio
1332 1077 1550 1112 loquens;_illic
1582 1077 1655 1104 enim
1682 1077 1820 1111 generalis
1848 1081 1908 1103 erat

1114 1124 1215 1150 oratio.
1234 1123 1312 1151 Nunc
1333 1124 1396 1150 illud
1415 1124 1442 1150 in
1461 1125 1553 1158 plures
1576 1124 1681 1158 species
1701 1123 1837 1155 dividens,
1855 1123 1905 1155 ait,

1115 1169 1240 1198 llaaceine
1258 1170 1355 1204 objicis
1368 1169 1434 1202 Deo,
1450 1174 1532 1204 atque
1547 1170 1650 1197 ideirco
1663 1177 1726 1196 cum
1740 1169 1819 1196 Patre
1835 1169 1906 1196 iule-

1114 1217 1214 1243 riorem
1238 1224 1269 1243 ac
1292 1216 1425 1243 minorem
1442 1216 1596 1247 existimas,
1618 1216 1684 1250 quia
1705 1216 1904 1251 discipulorum

1115 1261 1198 1295 pedes
1216 1261 1315 1293 abluit,
1330 1265 1359 1288 ut
1376 1266 1403 1288 tu
1422 1268 1469 1296 per
1487 1261 1667 1288 humilitatem
1685 1261 1780 1288 extolli
1797 1260 1907 1287 discas?

1115 1305 1168 1339 Qui
1189 1306 1273 1337 enim,
1297 1306 1395 1341 inquit,
1421 1306 1538 1333 omnium
1565 1306 1667 1339 primus
1689 1314 1745 1333 esse
1770 1307 1852 1340 cupit,
1874 1306 1907 1332 sit

1114 1353 1230 1379 omnium
1247 1353 1402 1379 nouissimus
1415 1351 1455 1384 ⁸⁸;
1473 1356 1499 1379 et
1520 1360 1526 1378 :
1549 1351 1601 1384 Qui
1611 1360 1638 1378 se
1651 1351 1785 1384 ltumiliat,
1799 1351 1908 1378 exalta-

1115 1398 1185 1424 bitur
1199 1398 1233 1425 “.
1254 1398 1290 1425 De
1306 1398 1435 1425 inclinata
1459 1402 1549 1424 autem
1575 1398 1690 1425 muliere
1714 1398 1782 1432 apud
1799 1398 1907 1425 Lucam

1115 1443 1248 1478 scriptum
1273 1448 1335 1476 est,
1361 1443 1433 1477 quod
1459 1444 1586 1472 Christus
1611 1444 1751 1471 mulierem
1777 1444 1908 1479 spiritutn

1116 1488 1283 1516 inﬁrmitatis
1304 1489 1464 1521 habentem,
1490 1496 1522 1517 ac
1537 1490 1663 1516 deorsum
1688 1494 1856 1517 contractam
1882 1495 1910 1517 et

1116 1535 1287 1567 iuclinatatn,
1311 1543 1361 1562 nec
1385 1539 1467 1570 caput
1490 1535 1595 1569 erigere
1618 1536 1767 1566 valentem,
1792 1544 1908 1562 curave-

1119 1581 1153 1607 rit
1168 1582 1200 1608 ".
1217 1580 1292 1608 lianc
1315 1582 1457 1608 mulierem
1479 1581 1633 1617 Theologus
1656 1582 1804 1616 allegorico
1825 1591 1909 1609 sensu

1119 1626 1269 1654 humanam
1285 1627 1406 1654 animam
1421 1634 1482 1654 esse
1495 1627 1570 1658 dicit,
1587 1635 1643 1662 pra:
1656 1629 1789 1662 gravitate
1805 1629 1910 1662 peccati

1119 1672 1249 1700 deorsum
1275 1678 1428 1706 urgentem.
1452 1680 1485 1700 ac
1507 1673 1675 1707 depressam.
1693 1673 1764 1706 Quin
1789 1679 1817 1700 tu
1842 1674 1910 1702 illud

1119 1726 1238 1753 quoque,
1261 1718 1361 1753 inquit,
1378 1718 1565 1752 reprehendis,
1583 1719 1815 1753 quemadmodum
1838 1719 1910 1746 Ptia-

1119 1765 1211 1797 ristci,
1237 1765 1310 1799 quod
1337 1765 1508 1792 convictores
1537 1764 1637 1791 habere
1665 1764 1827 1798 publicanos
1857 1772 1910 1791 uou

1120 1815 1251 1842 recusat,
1276 1810 1349 1845 quod
1377 1810 1449 1845 apud
1478 1809 1639 1845 publicanos
1667 1811 1834 1842 diversatur,
1861 1818 1911 1837 nee

1119 1864 1215 1884 eorum
1236 1855 1424 1889 exeeptionetn
1442 1862 1621 1890 mensamque
1640 1854 1756 1886 fastidit,
1776 1855 1851 1889 quod
1869 1855 1911 1881 in-

1120 1909 1204 1935 super
1225 1901 1260 1928 ab
1281 1900 1478 1934 exigendorum
1493 1900 1668 1935 vectigalium
1692 1907 1803 1927 munere
1819 1900 1854 1927 ad
1869 1901 1912 1927 di-

1120 1946 1284 1981 scipulatum
1303 1945 1437 1981 quosdam
1463 1945 1592 1978 traducit,
1615 1945 1699 1973 veluti
1724 1944 1883 1972 lllatthacuut
1903 1954 1911 1972 :

1121 1998 1163 2025 ut,
1179 1993 1310 2028 quoniam
1325 1992 1394 2019 lucri
1409 1992 1525 2020 studiosi
1541 1997 1605 2020 sunt
1620 1992 1769 2027 publicani,
1785 1991 1912 2019 Salvator

1121 2047 1231 2074 quoque
1254 2038 1313 2073 ipse
1336 2038 1452 2066 salutem
1479 2046 1576 2066 eorum
1593 2038 1683 2066 obiter
1705 2038 1857 2070 elucretur,
1878 2039 1912 2065 ab

1120 2085 1181 2120 eius
1208 2085 1334 2112 videlicet
1367 2084 1492 2112 doctrina
1527 2085 1671 2112 utilitatem
1706 2085 1873 2119 capientium
1903 2093 1911 2112 :

1121 2131 1351 2166 quemadmodum
1369 2135 1396 2158 et
1417 2131 1540 2159 medicus
1565 2131 1599 2158 ad
1624 2130 1735 2158 tmtidos
1755 2131 1867 2158 morbos
1882 2139 1911 2158 se

1121 2176 1250 2209 demittit,
1267 2176 1407 2211 nullisque
1424 2177 1482 2211 ipse
1502 2176 1656 2207 doloribus,
1673 2176 1720 2211 qui
1746 2177 1910 2204 medicinam

1121 2227 1278 2256 exposcam,
1295 2222 1410 2250 allectus
1429 2221 1538 2257 agrotis
1557 2222 1705 2249 sanitatem
1723 2221 1812 2253 aﬁ‘ert,
1831 2226 1914 2256 atque

280 2268 387 2294 lucerna
403 2267 500 2294 ardens
518 2268 549 2294 ”.
567 2266 720 2295 Lucernam
744 2275 825 2302 porro
843 2268 932 2303 ipsutn
951 2256 1074 2302 vocavit:
1087 2269 1106 2295 D
1122 2268 1166 2295 ille
1187 2267 1282 2300 etiam,
1307 2267 1354 2302 qui
1371 2256 1534 2302 juxtarlegis
1559 2271 1727 2301 praeceptum
1752 2266 1779 2293 in
1805 2266 1912 2293 foveam

280 2317 310 2341 ut
323 2312 455 2340 doctrinae
471 2313 561 2340 lumen
580 2320 595 2340 a
613 2320 642 2340 se
664 2320 716 2340 non
738 2313 894 2345 habentem,
910 2313 958 2342 sed
976 2321 990 2340 a
1008 2313 1070 2349 Spi-

280 2359 350 2386 ritus
365 2359 452 2386 saneti
467 2359 564 2394 gratia,
577 2364 604 2386 et
617 2360 682 2394 quia
700 2359 858 2394 praefulgido
873 2359 945 2387 Solis
957 2360 1071 2394 justitiaa

280 2405 384 2433 lumine
396 2405 586 2433 obscurandus
605 2411 673 2432 erat.
695 2404 753 2433 Vox
774 2413 870 2433 rursus
885 2406 998 2438 dicitur,
1016 2414 1070 2433 non

280 2450 361 2477 tuodo
387 2457 497 2486 propter
522 2451 704 2478 exaudibilem
732 2451 819 2486 ipsius
848 2452 1068 2486 praedicationem

280 2497 352 2532 (ipse
376 2497 448 2524 enim
473 2503 525 2529 est,
546 2497 623 2532 juxta
649 2497 724 2524 Isaiae
746 2497 917 2531 vaticinium,
937 2497 994 2525 νοω
1012 2497 1070 2524 cla—

280 2544 378 2570 mantis
399 2545 426 2570 iu
444 2545 547 2571 deserto
564 2544 614 2578 ¹⁸);
634 2551 728 2572 verum
744 2545 825 2572 etiam
842 2549 870 2571 ut
884 2543 994 2571 Christo
1009 2543 1070 2570 Sal-

281 2593 386 2622 ratore,
398 2595 531 2623 quantum
547 2590 580 2616 ad
597 2590 807 2623 humanitatem,
822 2590 908 2624 prior,
925 2597 976 2616 non
992 2597 1072 2616 secus

281 2642 315 2661 ac
328 2642 378 2661 vox
394 2642 547 2662 sermonem
563 2636 710 2663 antecedit.
725 2635 873 2662 Prouubus
887 2640 976 2662 autent
991 2643 1073 2662 voca-

281 2685 335 2712 ttr,
354 2685 383 2706 ut
409 2680 520 2707 Christo
536 2681 570 2707 ad
597 2688 739 2715 sponsam,
766 2681 818 2709 hoc
842 2686 885 2709 est
909 2682 1070 2714 Ecclesiam,

282 2727 350 2753 via.n
359 2731 484 2755 sternens
497 2727 608 2762 tParate
620 2728 703 2762 enim,
716 2728 813 2763 inquit,
823 2729 892 2755 viam
905 2728 1012 2755 Domini
1025 2729 1072 2765 ¹⁷),

318 2829 330 2845 ⁵
344 2828 407 2856 Osc.
426 2837 463 2862 tv,
477 2829 521 2856 15.
579 2828 601 2844 "
616 2829 668 2857 lsa.
685 2836 746 2860 va,
762 2827 808 2855 25.

319 2864 341 2880 "
354 2863 432 2890 .Ioan.
449 2872 474 2896 v,
495 2864 540 2891 55.
579 2863 663 2890 “Isa.
681 2871 727 2895 η,
759 2864 794 2893 8;
826 2862 920 2889 Matth.
936 2871 975 2894 lll,
992 2863 1019 2890 3.

320 2899 343 2918 ‘°
356 2899 450 2926 Matth.
466 2906 513 2929 xx,
527 2898 578 2931 ‘27;
607 2906 684 2932 xxtu,
700 2899 750 2930 ll;
771 2897 849 2926 Joau.
872 2905 932 2930 ιη’,
953 2898 995 2925 lti.

866 2827 886 2843 “
903 2827 982 2855 Joan.
999 2835 1056 2857 xix,
1075 2827 1118 2854 l7.

871 2864 920 2888 ttlt.
936 2871 975 2888 lll.
992 2863 1019 2888 5.
1058 2862 1079 2877 "
1091 2862 1144 2888 ibid

1058 2863 1155 2888 "ibid.
1196 2863 1218 2877 "‘
1229 2863 1308 2888 Joan.
1328 2869 1336 2887 ι

1050 2898 1071 2914 ²¹
1090 2897 1184 2925 Matth.
1203 2905 1279 2928 XXIII,
1297 2896 1339 2924 11.

1121 2313 1268 2345 incumbit,
1293 2313 1456 2347 lapsumque
1480 2312 1593 2344 animal,
1618 2319 1792 2347 nequaquam
1820 2311 1914 2346 lapsus

1121 2360 1190 2394 ipse,
1205 2358 1337 2386 extrahit.
1352 2359 1431 2391 Quod
1453 2359 1477 2386 si
1502 2358 1540 2385 illi
1557 2358 1702 2385 miriﬁcam
1721 2357 1785 2385 hine
1803 2358 1912 2385 laudem

1119 2409 1338 2438 consequuntur,
1365 2403 1432 2438 quid
1462 2404 1572 2430 tandem
1602 2403 1693 2431 aﬁ'erri
1719 2408 1821 2438 potest,
1846 2405 1913 2439 quiti

1122 2451 1210 2477 mttlto
1225 2450 1356 2485 majorem
1372 2450 1453 2477 nobis
1466 2449 1677 2477 admirationem
1693 2450 1828 2478 Dominus
1841 2451 1914 2478 exci-

1123 2500 1182 2524 tare
1205 2496 1312 2528 debeat,
1337 2496 1385 2531 qui
1417 2495 1517 2530 [cedam
1552 2500 1675 2524 nostram
1708 2496 1913 2530 corruptionem

1123 2542 1264 2575 sustinuit,
1277 2547 1358 2577 atque
1367 2541 1402 2568 ad
1415 2541 1539 2569 inﬁmum
1552 2541 1641 2576 ipsum
1656 2541 1745 2569 laeum
1758 2542 1912 2574 descendit,

1122 2593 1150 2615 ut
1163 2588 1300 2615 hominem
1314 2587 1460 2615 aﬁ'ectuum
1482 2587 1618 2615 ulceribus
1634 2592 1787 2615 scatentem
1805 2588 1912 2615 incolu-

1122 2635 1210 2661 mitati
1228 2634 1362 2666 redderet,
1379 2641 1547 2668 sursumque
1565 2634 1745 2668 pertraheret,
1769 2634 1818 2668 qui
1839 2639 1915 2661 tanta

1122 2681 1277 2708 calamitate
1301 2688 1451 2715 oppressus
1475 2686 1544 2713 erat,
1568 2685 1597 2707 ut
1619 2687 1728 2708 sensum
1750 2687 1862 2707 omnem
1883 2688 1916 2707 ac

1123 2729 1255 2755 rationem
1273 2727 1386 2763 pecudis
1404 2727 1491 2754 instar
1505 2726 1654 2760 amisisset,
1666 2729 1734 2754 adeo
1749 2733 1778 2754 ut
1794 2734 1845 2754 nec
1861 2727 1914 2753 sibi

1175 2827 1197 2842 "
1211 2826 1264 2853 Isa.
1282 2833 1320 2857 Ix,
1342 2825 1369 2852 6.
1427 2825 1448 2841 ⁸³
1466 2825 1532 2852 Luc.
1551 2832 1596 2858 xv,
1612 2825 1639 2853 8.
1699 2826 1719 2841 “
1736 2825 1801 2852 Luc.
1824 2833 1844 2857 i,
1865 2827 1917 2856 76.

1196 2862 1218 2877 ¹⁸⁵
1229 2861 1308 2888 Joan.
1328 2868 1368 2893 tu,
1381 2860 1426 2888 ‘29.
1466 2861 1488 2876 ”
1500 2859 1596 2887 Matth.
1617 2868 1658 2891 Ill,
1674 2861 1716 2894 lt;
1734 2860 1816 2888 Joan.
1834 2869 1855 2894 ι,
1867 2863 1918 2890 26.

1393 2897 1415 2912 “
1437 2895 1505 2923 Luc.
1523 2904 1581 2929 xttt,
1598 2896 1642 2923 ll.
