2058 3159
308 178 319 191 1

158 220 228 253 1405

614 221 775 252 NlCETAS
794 220 836 250 IN
857 220 970 250 ORAT.
991 220 1078 250 XLII
1099 220 1130 250 S.
1150 219 1268 250 GREG.

1711 219 1783 248 1106

156 275 208 310 ipsi
236 274 366 303 auxilium
392 274 473 306 ferre,
498 280 550 301 nec
574 274 672 301 medici
689 282 768 309 opem
795 275 941 309 implorare
956 275 978 303 Α
992 275 1038 302 nia
1061 275 1106 302 illa
1131 274 1327 309 producamus,
1354 281 1380 300 tn
1403 273 1514 308 quibus,
1532 273 1630 307 partim
1646 279 1661 299 a
1683 271 1773 302 Patre.

155 326 256 356 posset.
280 321 328 349 sed
353 320 480 348 rationali
506 320 638 355 quodam,
664 320 718 348 hoc
741 324 794 351 est.
819 320 940 351 Christo,

154 376 225 402 opus
240 368 364 398 haberet,
388 367 435 401 qui
455 373 506 401 pro
522 374 573 394 suo
592 373 657 401 erga
681 373 767 400 genus
790 367 941 393 humanum

155 421 247 440 antore
262 418 290 440 et
305 413 494 440 misericordia
511 416 609 446 suopte
626 416 694 439 ntttu
712 411 906 446 impelleretur.

189 459 248 488 Col.
264 459 315 487 659
331 459 362 486 C.
392 458 494 485 Missus
505 458 611 492 quidem
639 463 689 490 est,
718 465 809 484 verum
836 462 864 484 ut
893 461 941 484 Ito-

153 513 206 539 pto,
226 509 278 531 etc.
308 503 443 536 Hmretici,
462 503 601 531 Christum
625 503 778 534 audientes,
795 503 942 535 dicentem,

157 550 237 577 l’ater
256 550 330 577 misit
343 558 385 577 me
398 550 432 581 ’³,
449 549 565 577 subdole
579 556 610 576 ac
624 556 751 584 perverse
767 548 942 584 colligebant,

152 604 184 623 ex
193 603 230 623 eo
243 596 315 630 quod
338 596 438 622 missus
460 598 534 622 esset
544 593 641 627 Filius,
657 599 738 629 atque
748 594 942 622 incarnationis

154 641 272 669 consilio
290 641 446 676 paruisset;
463 647 538 673 eum,
550 644 580 667 ut
596 639 676 667 Patre
691 639 859 672 inferiorem,
879 639 946 667 mitt-

153 695 215 714 sum
240 694 310 716 esse.
333 691 415 721 atque
445 686 583 721 paruisse.
616 686 692 714 Missi
716 687 800 720 enim,
828 687 942 722 subjecti

151 737 234 767 atque
258 731 397 760 inferioris
429 739 491 760 esse
514 732 635 759 videtur.
664 731 723 760 Hoc
751 733 844 768 igitur,
869 732 943 768 quod

152 777 329 812 blasphemia»
362 777 415 806 illis
441 781 501 805 erat
527 782 732 813 argumentum,
760 778 798 805 ita
826 778 944 805 breviter

152 824 234 851 solvit
250 823 417 859 Theologus.
433 824 569 856 Quoniam
592 823 720 852 Christus
738 824 875 858 duplicem
892 831 943 851 na-

152 874 242 897 turam
261 869 396 902 habebat,
416 869 548 896 nimirum
573 869 694 897 divinam
723 874 751 897 et
778 870 942 903 humanam,

151 922 247 943 omnes
265 923 312 943 eas
327 922 420 946 voces,
437 923 503 950 quas
521 915 555 943 de
570 923 603 943 eo
627 916 782 943 sublimiter
797 921 824 944 et
838 917 942 951 magni-

153 960 202 987 lice
228 961 348 995 prolatas
372 961 511 996 reperies,
536 961 687 989 divinitatis
717 969 778 990 esse
804 962 940 997 intellige;

152 1013 249 1033 omnes
285 1010 377 1033 autem
401 1007 519 1035 humiles
552 1012 579 1034 et
611 1007 751 1042 abjectas,
780 1008 942 1036 humanitati

151 1051 268 1079 ascribe.
295 1051 372 1085 Quod
398 1051 422 1080 si
443 1052 478 1080 do
502 1053 672 1080 humanitate
697 1053 768 1082 hanc
783 1055 942 1082 missionem

152 1097 351 1131 interpreteris,
370 1098 461 1126 nullus
482 1098 534 1125 erit
557 1099 702 1134 objectioui
722 1099 807 1127 locus.
824 1099 942 1133 Etenim,

153 1147 182 1169 ut
205 1143 297 1176 homo,
322 1143 424 1172 missus
445 1149 487 1172 est
513 1150 540 1173 et
564 1145 636 1173 fame
659 1151 685 1173 et
708 1146 753 1173 siti
776 1147 901 1180 amictus,
916 1153 944 1174 et

152 1187 283 1223 fatigatus
297 1193 324 1217 et
340 1197 442 1225 angore
457 1196 598 1226 correptus
614 1196 667 1224 est,
684 1196 711 1219 et
729 1193 862 1228 lacrymas
879 1201 943 1228 pro-

153 1234 222 1261 fudit
250 1244 257 1262 :
280 1236 322 1263 sin
353 1237 386 1263 ad
418 1236 591 1265 divinitatem
609 1238 765 1273 bujusmodi
784 1239 942 1267 missionem

152 1280 313 1312 detorseris,
343 1282 384 1308 sic
404 1289 515 1317 quoque
548 1283 729 1313 nihilominus
753 1285 816 1320 pius
844 1293 944 1320 scapus

152 1327 298 1354 constabit.
313 1326 400 1356 Patris
412 1330 484 1357 enim
497 1330 662 1358 voluntatem
677 1332 868 1359 remissionem
881 1339 942 1360 esse

153 1372 375 1406 interpretamur.
395 1374 507 1402 Volente
521 1377 593 1403 enim
607 1376 689 1404 Patre
701 1377 841 1405 descendit
854 1379 942 1406 Filius

153 1417 181 1444 in
213 1421 326 1450 terram,
347 1419 393 1453 qui
424 1424 516 1447 autem
543 1428 575 1448 ex
599 1421 752 1455 cuiuspiam
778 1423 896 1450 consilio
917 1427 943 1450 et

153 1464 286 1490 sententia
307 1464 410 1499 aliquid
434 1465 510 1497 facit,
530 1466 564 1493 ab
579 1473 612 1493 eo
634 1472 775 1502 permotus
794 1476 856 1496 esse
868 1469 943 1496 vide-

154 1516 209 1538 tur.
227 1512 304 1545 Quod
321 1513 393 1539 enirn
415 1513 550 1548 quispiam
568 1514 739 1549 comprobat,
755 1516 805 1543 hoc
827 1516 944 1543 suadere

154 1564 263 1591 quoque
284 1563 310 1584 et
336 1557 439 1584 hortari
470 1563 608 1585 censetur.
637 1558 777 1594 Duplicem
800 1564 890 1587 autem
907 1560 943 1588 ob

983 1469 1108 1504 proinde
1141 1476 1203 1497 cum
1235 1467 1421 1495 admiratione
1458 1465 1584 1501 legenda.

994 321 1094 356 partim
1106 328 1122 347 a
1136 321 1240 354 seipso,
1258 323 1285 346 et
1299 319 1540 349 resurrectionem,
1555 323 1581 345 et
1592 317 1782 349 traditionem,

993 372 1022 394 et
1037 366 1225 394 ascensionem
1255 365 1342 392 Filius
1368 365 1468 392 habere
1494 364 1611 391 dicatur.
1629 363 1729 391 Paulus
1748 364 1782 391 ad

993 413 1074 441 Rom.
1091 413 1125 440 de
1156 412 1235 440 Patre
1262 412 1378 442 scribit.
1400 411 1471 445 quod
1499 409 1693 445 proprioiFilio
1728 417 1782 436 non

993 458 1125 494 pepercit,
1145 457 1191 485 Sed
1214 465 1263 492 pro
1285 457 1365 484 nobis
1391 456 1519 482 omnibus
1546 455 1656 482 tradidit
1672 462 1733 481 eum
1747 455 1782 486 ’⁸,

994 505 1034 532 Ad
1052 504 1142 530 Titum
1158 508 1248 530 autent
1260 503 1294 529 de
1304 502 1373 529 Filio
1391 503 1426 529 ita
1440 502 1561 535 loquitur
1575 509 1581 528 :
1600 501 1652 533 Qui
1669 500 1783 526 tradidit

994 550 1109 584 seipsum
1128 556 1176 583 pro
1192 548 1278 580 nobis,
1301 552 1330 574 ut
1353 547 1491 574 redimeret
1513 554 1561 572 nos
1578 545 1609 571 ab
1634 545 1706 571 omni
1723 552 1784 578 pec-

994 601 1053 624 cato
1063 596 1097 622 ¹¹.
1113 596 1147 623 Et
1162 595 1189 622 in
1202 594 1289 629 Epist.
1306 594 1339 621 ad
1361 592 1471 620 Galatas
1489 601 1496 619 :
1513 591 1565 624 Qui
1580 591 1652 618 dedit
1668 591 1784 625 seipsum

993 650 1040 677 pro
1064 641 1180 675 peccatis
1214 639 1324 672 nostris,
1351 643 1380 666 ut
1410 639 1522 673 eriperet
1547 645 1595 664 nos
1625 645 1642 663 α
1661 637 1785 670 prtrsenti

994 687 1092 716 circqu
1117 693 1228 721 nequam
1246 685 1279 712 ’⁸.
1303 684 1411 712 Rursus
1444 683 1477 710 ad
1501 683 1627 710 Corinth.
1647 683 1680 709 de
1705 682 1784 709 Patre

995 734 1119 767 loqur-ns,
1137 732 1175 758 ait
1189 740 1196 758 :
1213 730 1283 758 Deus
1302 735 1388 757 autem
1408 734 1433 756 et
1447 729 1587 756 Dominum
1602 728 1740 755 suscitavit
1749 727 1783 754 ".

994 779 1028 806 Et
1047 779 1079 806 ad
1097 778 1207 806 Galatas
1229 776 1355 805 scribens
1377 783 1384 803 :
1413 775 1466 802 Per
1490 774 1581 801 Jesum
1607 774 1743 800 Christum
1759 777 1784 799 et

995 826 1114 856 Patrem,
1145 825 1190 860 qui
1217 823 1355 851 suscitavit
1388 830 1448 849 eum
1473 829 1489 848 a
1516 821 1627 847 mortuis
1649 820 1682 846 ".
1710 821 1743 845 Λι
1758 819 1784 844 1η

994 871 1140 905 Evangelia
1156 871 1214 905 ipse
1231 869 1315 896 Filius
1338 869 1372 895 de
1394 867 1485 902 seipso
1501 866 1586 897 dicit:
1604 865 1702 893 Soluite
1719 870 1785 891 teni-

994 917 1066 953 plum
1083 918 1142 949 ltoc,
1162 921 1186 943 et
1204 916 1232 943 in
1253 915 1338 942 tribus
1353 913 1445 941 diebus
1462 912 1584 940 excitabo
1603 911 1670 938 illud
1689 911 1723 937 ".
1753 910 1785 936 lit

993 971 1088 991 rursus
1104 971 1112 990 :
1128 962 1290 989 Potestatem
1302 961 1383 987 habeo
1394 959 1508 994 ponendi
1521 959 1639 985 animam
1655 964 1750 986 meum,
1760 959 1785 982 et

993 1012 1148 1044 potestatem
1159 1007 1240 1034 habeo
1254 1007 1351 1034 iterum
1367 1005 1512 1040 accipiendi
1529 1011 1587 1031 eam
1602 1003 1636 1029 ³ο.
1650 1001 1709 1029 Jam
1722 1008 1785 1027 veto

993 1056 1027 1082 de
1040 1054 1202 1082 ascensione
1219 1053 1246 1080 in
1262 1054 1365 1080 cmlum
1389 1052 1416 1078 in
1433 1051 1548 1078 Actibus
1564 1049 1695 1084 scriptum
1716 1052 1757 1074 cst
1776 1056 1784 1074 :

996 1096 1146 1128 Videntibus
1160 1099 1299 1130 discipulis
1316 1102 1467 1132 assumptus
1479 1101 1529 1130 est,
1547 1101 1572 1123 et
1591 1095 1672 1123 nubes
1693 1102 1784 1121 susce-

993 1148 1031 1181 pit
1053 1155 1111 1173 eum
1127 1146 1160 1173 ³¹.
1185 1147 1219 1173 At
1240 1146 1267 1173 in
1294 1145 1363 1172 libro
1377 1144 1573 1171 Psalmorum:
1592 1141 1740 1170 Ascendcns
1758 1141 1785 1167 in

994 1193 1078 1220 altum
1090 1193 1223 1226 cupiit-am
1240 1191 1316 1218 duxit
1340 1191 1521 1225 captivitatem
1543 1188 1576 1215 ".
1596 1187 1628 1215 Et
1645 1188 1672 1214 in
1690 1187 1786 1213 Evan—

994 1241 1063 1276 gelio
1080 1249 1087 1267 :
1110 1239 1194 1266 Nemo
1212 1238 1330 1266 ascendit
1347 1238 1375 1270 in
1392 1237 1496 1269 cazlum,
1514 1235 1566 1264 nisi
1579 1237 1612 1268 is,
1622 1235 1667 1268 qui
1678 1235 1709 1261 de
1722 1233 1786 1260 cwlo

993 1285 1128 1313 descendit
1144 1285 1178 1312 ³⁸.

1028 1331 1087 1360 Col.
1105 1331 1159 1358 662
1176 1331 1209 1358 Δ.
1233 1330 1322 1357 Proh!
1341 1329 1434 1365 qualia
1459 1328 1571 1356 Verbum
1594 1334 1663 1354 nunc
1685 1332 1784 1360 quoque

993 1378 1110 1411 patitur!
1123 1380 1176 1404 etc.
1191 1376 1252 1403 Haec
1265 1376 1347 1403 verba
1366 1384 1374 1402 :
1391 1375 1476 1402 Probl
1493 1381 1575 1408 quam
1603 1372 1693 1408 gravia
1714 1378 1786 1398 nunc

994 1431 1105 1458 quoque
1135 1423 1236 1457 patitur
1271 1421 1416 1453 Christus.
1445 1419 1603 1455 quiritantis
1645 1422 1726 1448 sunt.
1753 1423 1786 1443 ac

1627 1463 1786 1498 Indignatur

993 1516 1066 1542 enim
1085 1520 1166 1549 atque
1180 1521 1251 1550 :egre
1270 1513 1323 1541 fert
1337 1513 1505 1547 Tlteologus,
1522 1511 1621 1538 Filium
1638 1510 1684 1537 Dei
1700 1509 1785 1536 etiam

995 1568 1069 1588 nunc
1094 1560 1260 1588 contumelia
1288 1559 1368 1587 allici.
1401 1558 1552 1586 Sabelliani
1575 1557 1649 1585 enim
1673 1563 1735 1582 cum
1756 1559 1787 1582 ut

154 1610 266 1630 causam
298 1610 347 1630 sua
375 1607 449 1630 recte
477 1603 549 1631 facta
582 1604 656 1631 Patri
687 1605 774 1633 Filius
806 1606 919 1633 ascribit
934 1614 940 1633 :
955 1605 977 1634 α
996 1607 1081 1634 Deum
1106 1607 1276 1634 honorantes
1298 1613 1362 1633 cum
1382 1605 1463 1632 Patre
1483 1603 1654 1632 confundunt
1670 1609 1702 1629 ac
1718 1608 1786 1628 con-

155 1649 279 1678 alteram.
299 1648 363 1682 quia
390 1649 471 1676 Pater
489 1649 551 1676 Filii
575 1651 740 1686 principium
766 1652 945 1687 est(princi-

156 1693 231 1728 pium
250 1698 353 1726 autem,
367 1699 499 1729 quantum
528 1696 561 1723 ad
583 1703 706 1729 causam,
725 1705 778 1724 non
802 1697 950 1731 quantum'

155 1741 188 1767 ad
204 1740 341 1775 tempus);
361 1741 486 1773 alteram,
505 1750 539 1770 ne
567 1742 622 1769 Deo
645 1743 782 1770 adversari
807 1744 941 1771 videatur.

156 1786 279 1813 hernissa
297 1786 369 1813 enim
398 1787 443 1814 illa
460 1787 521 1814 Filii
543 1787 624 1814 verba
649 1796 702 1815 non
727 1796 760 1816 eo
775 1790 901 1821 tendunt,
916 1793 947 1817 ut

155 1830 237 1859 Patre
263 1830 378 1858 inferior
400 1839 461 1858 esse
486 1832 620 1865 videatur,
649 1833 696 1862 sed
724 1838 755 1861 ut
776 1834 863 1868 ipsius
881 1841 944 1861 cum

156 1877 236 1905 Patre
246 1877 394 1906 concordia
409 1878 612 1912 volumatisque
625 1880 769 1907 consensio
781 1880 946 1914 declaretur,

158 1924 269 1958 perinde
282 1932 315 1951 ac
330 1924 353 1951 si
370 1924 475 1952 amicus
488 1924 522 1951 ab
539 1925 628 1952 amico
638 1925 740 1953 missus
754 1932 814 1952 esse
828 1926 945 1959 dicatur,

161 1978 213 1996 non
242 1975 271 1996 ut
292 1971 418 2001 inferior.
434 1970 481 1998 sed
509 1975 539 1997 ut
562 1971 685 2005 aequalis,
711 1976 793 2005 atque
821 1972 946 2000 eamdem

157 2014 322 2042 voluntatem
339 2015 460 2047 habens;
473 2020 530 2047 aut,
553 2015 575 2042 si
599 2015 694 2048 mavis,
712 2017 943 2050 quemadmodum

158 2061 243 2087 solem
270 2060 376 2087 radium
400 2061 508 2089 misisse
541 2061 669 2094 dicimus,
692 2062 737 2096 qui
771 2069 945 2097 nequaquam

158 2106 284 2139 diversae,
302 2107 349 2134 sed
365 2106 486 2141 ejusdem
502 2114 565 2134 cum
582 2114 615 2134 eo
629 2111 671 2135 est
682 2108 853 2136 substantiae.
868 2108 948 2142 Quod

159 2157 249 2180 autem
265 2153 298 2180 de
312 2161 366 2180 uno
382 2158 463 2187 atque
475 2152 570 2181 eodem
588 2154 709 2188 Christo,
725 2154 778 2182 alia
793 2158 824 2182 ut
833 2154 866 2182 de
880 2154 946 2188 Deo,

159 2198 211 2224 alia
234 2203 264 2225 ut
288 2197 321 2225 de
351 2198 461 2226 homine
485 2199 621 2231 dicantur,
643 2199 709 2227 hinc
733 2199 838 2235 liquido
862 2205 946 2235 patet.

159 2239 288 2268 Testatur
299 2241 373 2267 enim
387 2241 540 2276 Scriptura,
556 2242 629 2277 quod
650 2242 731 2271 Pater
746 2251 808 2271 eum
824 2243 946 2278 tradidit,

996 1653 1120 1685 trahunt,
1132 1659 1214 1680 unam
1229 1656 1312 1686 atque
1326 1651 1449 1678 eamdem
1476 1657 1538 1677 esse
1558 1648 1648 1676 Patris
1675 1651 1702 1674 et
1725 1646 1786 1673 Filii

996 1705 1024 1727 et
1048 1698 1166 1733 Spiritus
1199 1698 1287 1726 sancti
1323 1703 1472 1732 personam
1498 1699 1664 1724 asserentes.
1691 1693 1786 1720 Ariani

996 1749 1101 1777 contra,
1114 1752 1189 1778 eum,
1204 1744 1268 1779 quia
1288 1751 1353 1771 caro
1381 1743 1468 1770 lactus
1494 1746 1547 1773 est,
1562 1741 1712 1775 ignominia
1730 1739 1787 1766 alli—

998 1789 1085 1820 ciunt,
1101 1788 1182 1815 Patre
1208 1788 1344 1814 minorem
1368 1794 1429 1814 esse
1460 1785 1640 1816 afﬁrmantes,
1667 1787 1749 1818 atque
1772 1790 1788 1810 a

997 1834 1087 1863 Patris
1113 1837 1211 1861 natura
1242 1837 1412 1867 separantcs.
1444 1830 1519 1857 Utris
1559 1830 1643 1864 igitur
1677 1828 1788 1863 gravius

999 1881 1134 1908 irascetur
1159 1878 1214 1910 ille.
1229 1878 1273 1905 cui
1305 1878 1339 1905 ab
1365 1878 1399 1904 iis
1422 1875 1597 1904 contumelia
1616 1874 1742 1905 inici-tur,
1759 1877 1788 1900 ut

999 1926 1110 1961 gravius
1126 1924 1303 1958 peccantibus
1314 1923 1325 1949 i
1338 1922 1384 1949 Vel
1404 1921 1504 1956 potius,
1523 1921 1592 1947 utris
1609 1919 1668 1953 plus
1683 1918 1788 1946 condo-

999 1970 1095 1998 nabit?
1118 1969 1186 1996 Nam
1211 1976 1275 1996 cum
1300 1968 1346 1996 alii
1363 1967 1533 1994 divinitatem
1550 1965 1723 1996 contrahant,
1741 1963 1787 1993 alii

999 2015 1122 2044 eamdem
1153 2014 1279 2042 scindant
1307 2013 1387 2048 (quat
1414 2011 1556 2046 opiniones
1578 2011 1647 2036 inter
1668 2017 1697 2037 se
1722 2016 1789 2036 con.

1000 2062 1090 2089 trariae
1104 2061 1178 2096 sunt)
1191 2061 1275 2087 videri
1287 2059 1404 2087 fortasse
1422 2058 1560 2085 ttounullis
1573 2061 1673 2092 posset.
1686 2056 1790 2083 alteros

999 2113 1105 2136 tantum
1130 2114 1254 2142 peccare,
1283 2111 1364 2141 atque
1385 2105 1425 2132 ira
1446 2104 1542 2139 dignos
1569 2111 1629 2130 esse
1654 2111 1661 2129 ι
1688 2101 1792 2130 alteros

999 2160 1090 2183 autem
1117 2153 1193 2182 nullo
1218 2153 1300 2180 modo
1324 2159 1427 2184 errare,
1449 2158 1481 2178 ac
1504 2155 1647 2186 pr0pterea
1663 2148 1790 2183 indignos

998 2209 1071 2235 esse,
1085 2201 1184 2237 quibus
1197 2200 1361 2227 irasceretur
1377 2198 1521 2230 Dominus,
1545 2204 1577 2224 ac
1601 2203 1696 2232 poenas
1716 2195 1787 2221 irro-

1000 2250 1086 2282 εει-ιιι.
1105 2246 1202 2274 Verum
1220 2246 1299 2273 aliter
1320 2252 1350 2273 se
1370 2252 1414 2272 res
1439 2243 1531 2270 habet.
1547 2241 1647 2268 Malum
1672 2240 1744 2267 enim
1760 2239 1787 2266 in

158 2290 186 2312 et
206 2293 220 2312 a
241 2286 357 2313 mortuis
380 2287 530 2319 revocavit,
553 2295 586 2315 ac
600 2288 722 2323 suscepit
737 2297 745 2316 :
760 2296 822 2324 quae
836 2289 944 2324 quidem

1001 2294 1126 2328 utrisque
1140 2293 1247 2327 aequale
1261 2297 1314 2323 est,
1337 2290 1446 2318 tametsi
1469 2290 1497 2317 in
1519 2287 1665 2316 contrariis
1681 2291 1789 2313 svnten~

160 2332 318 2367 lieneplaciti
332 2332 391 2360 sive
403 2333 580 2361 humanitatis
592 2334 819 2368 signiﬁcationem
835 2335 946 2362 habent.

159 2377 240 2411 Atqui
268 2378 350 2405 etiam
376 2379 529 2414 reperimus
548 2380 655 2414 tipsum
685 2388 796 2416 quoque
825 2381 947 2416 seipsum

161 2423 314 2455 tradidisse,
340 2429 367 2451 et
380 2432 395 2451 a
411 2425 526 2452 mortuis
547 2426 683 2454 excitasse
699 2431 781 2461 atque
802 2427 830 2454 in
846 2427 947 2455 caelum

160 2469 329 2496 ascendisse.
354 2469 459 2502 Quibus
483 2472 575 2499 verbis
598 2473 690 2500 divina
714 2473 802 2508 ipsius
826 2474 948 2508 potentia

161 2515 326 2543 declaratur.
346 2515 445 2542 Verum
471 2518 615 2546 haereticus
647 2519 765 2547 humiles
790 2519 899 2554 quidem
913 2511 961 2547 de.

159 2561 271 2589 Christo
283 2568 366 2588 voces
381 2565 463 2596 atque
487 2564 649 2592 humanitati
674 2566 726 2592 soli
752 2566 946 2593 convenientes

162 2608 252 2642 inepte
275 2606 388 2641 profert,
423 2615 454 2634 ac
482 2616 592 2635 sursum
620 2609 802 2644 deorsumque
825 2611 911 2645 jactat
942 2619 949 2638 :

163 2653 294 2680 sublimes
336 2657 425 2680 autem
473 2653 648 2689 divinumque
692 2655 776 2690 ipsius
823 2660 948 2683 naturam

162 2698 346 2733 exprimentes
374 2698 483 2726 silentio
514 2700 661 2733 praeterit:
682 2706 763 2735 atque
791 2701 857 2728 illud
886 2702 949 2736 qui-

162 2745 224 2772 dem
249 2744 362 2776 exeutit,
383 2744 456 2778 quod
483 2753 580 2779 passus
606 2746 652 2779 sit,
669 2754 721 2774 non
745 2752 835 2774 tamen
861 2749 948 2780 addit,

164 2790 237 2826 quod
267 2798 363 2825 passus
395 2790 431 2817 sit
465 2791 629 2819 voluntarie.
661 2793 717 2827 Age
745 2801 810 2820 vero
827 2794 948 2821 testimo-

659 2848 682 2863 “
699 2847 778 2875 Rom.
797 2856 854 2879 vnn,
870 2848 913 2875 52.

215 2846 240 2880 if
254 2844 332 2880 .loan.
347 2851 385 2875 vi.
406 2853 454 2872 vnt
471 2846 582 2880 passim.

450 2881 473 2896 "
492 2880 571 2908 Joan.
598 2889 628 2914 ιι.
662 2882 704 2909 19.

163 2879 185 2895 ’³
218 2879 306 2907 Galat.
332 2887 351 2909 ι,
376 2880 402 2907 1.

165 2913 272 2945 "Juan.
291 2922 330 2947 ut,
350 2915 393 2943 15,

761 2883 783 2898 ³⁰
798 2882 875 2910 Juatt.
895 2883 980 2915 3,18.

998 2339 1044 2367 tiis
1071 2339 1234 2374 reperiatur.
1262 2337 1331 2364 Male
1348 2336 1450 2371 quippe
1473 2339 1500 2362 et
1517 2332 1662 2361 Sabelliani
1680 2336 1788 2359 contra-

997 2385 1073 2418 hunt,
1087 2389 1115 2413 et
1136 2384 1230 2412 Ariani
1256 2383 1428 2418 disjungunt.
1450 2380 1518 2407 Nam
1543 2383 1571 2407 ct
1593 2378 1653 2406 illos
1671 2383 1788 2405 numero.

998 2429 1131 2461 dividere,
1148 2435 1181 2456 ac
1206 2430 1262 2454 tres
1288 2433 1420 2462 personas
1447 2428 1568 2452 statuere
1595 2421 1746 2456 Oportebat,
1762 2423 1789 2447 ct

997 2475 1114 2503 Arianos
1156 2473 1306 2501 divinitatis
1341 2472 1447 2498 ratione
1479 2472 1652 2499 connectere,
1690 2473 1788 2493 unam»

1001 2529 1054 2556 que
1083 2524 1188 2547 tantum
1212 2524 1336 2546 naturam
1359 2521 1482 2544 astruere
1508 2515 1598 2541 Patris
1623 2518 1650 2540 et
1676 2511 1737 2539 Filii
1763 2517 1788 2538 et

1002 2567 1122 2601 Spiritus
1149 2565 1246 2593 sancti.
1276 2563 1422 2590 Enimvero
1448 2562 1492 2589 dic
1520 2561 1598 2592 mihi,
1626 2565 1652 2586 tu
1668 2559 1713 2593 qui
1730 2557 1787 2584 Arii

1004 2613 1101 2647 dogma
1119 2610 1265 2646 proﬁteris,
1293 2608 1422 2643 impingis
1448 2608 1481 2635 ad
1505 2605 1640 2633 carnem?
1670 2604 1722 2630 hoc
1735 2607 1786 2633 est.

1002 2658 1127 2690 oll‘cndis,
1157 2662 1184 2684 et
1211 2655 1407 2684 scandalizaris
1431 2654 1466 2681 ob
1494 2652 1727 2680 incarnationem,
1758 2657 1789 2675 ac

1002 2709 1111 2739 propter
1122 2711 1181 2729 eam
1198 2701 1296 2728 Filium
1313 2700 1394 2728 Patre
1407 2699 1539 2726 minorem
1553 2695 1712 2724 existimas?
1733 2693 1789 2720 lloc

1002 2751 1049 2777 tibi
1060 2757 1121 2777 cum
1136 2748 1237 2776 ludatis
1249 2754 1393 2774 commune
1406 2750 1458 2773 est.
1486 2745 1526 2771 Au
1540 2744 1621 2770 etiam
1640 2741 1787 2768 Samarites

1001 2801 1066 2821 num
1082 2792 1220 2819 Christum
1232 2791 1333 2818 vocas?
1355 2797 1418 2817 nam
1431 2789 1469 2816 illi
1487 2794 1596 2824 quoque
1612 2787 1663 2813 hoc
1678 2783 1789 2814 nomini:

995 2849 1018 2865 ³⁵
1033 2847 1088 2874 Tit.
1105 2855 1135 2878 ιι,
1148 2847 1193 2880 Η,
1265 2847 1287 2862 ’⁸
1304 2846 1394 2874 Galat.
1421 2853 1440 2878 I,
1464 2844 1492 2873 4.
1513 2879 1517 2880 ν
1547 2844 1569 2861 ⁸⁷
1586 2842 1675 2880 [Con
1693 2850 1729 2872 vr,
1744 2840 1785 2880 141.

1030 2883 1052 2898 ³¹
1066 2875 1159 2914 Αειξι,
1176 2883 1202 2909 9.
1265 2881 1288 2897 ³³
1308 2881 1379 2909 Psul.
1405 2875 1491 2913 Livii,
1511 2879 1560 2913 l9;
1592 2878 1689 2913 Ephes-
1709 2885 1744 2908 ιν.
1760 2875 1787 2904 8-
