2058 3159
266 221 334 252 1507

972 208 1097 237 ADDEN
1104 208 1163 236 DA.

1819 207 1893 240 1403

264 290 327 311 eum
364 279 551 314 appellarunt,
580 273 654 300 velut
682 269 830 297 Sabbatnm
866 273 898 293 ac
920 265 1050 292 Judaicas
1065 276 1087 304 Α
1103 262 1243 297 consequi.
1257 261 1344 289 Homo
1356 263 1527 298 enim,cujus
1541 263 1628 291 virtus
1640 264 1717 290 nullo
1729 263 1896 298 argumento
1925 294 1932 298 ἓ

265 312 407 362 quasdam
422 319 598 349 caeremonias
615 317 774 344 solventem.
799 312 962 340 Samaritani
977 312 1050 338 enim

266 361 376 399 dimidia
403 377 436 396 ex
463 371 538 402 parte
567 364 724 391 .lud;eorum
755 361 912 395 religionem
947 361 1050 385 tenent.

265 417 344 447 Nam,
360 414 431 449 quod
448 412 582 446 sequitur,
597 409 702 436 tacebo.
730 407 864 439 Quidnam
889 404 956 431 hoc?
980 403 1051 438 quod

264 472 279 490 a
299 463 421 489 dtemone
432 459 616 486 obsideretur.
637 455 766 482 Dicebant
791 454 863 480 enim
888 451 985 481 .luda-i,
1003 450 1053 477 Sa-

264 508 412 535 maritanus
425 514 451 533 es
465 510 504 537 tu,
520 509 544 531 et
556 502 714 530 daemonium
729 500 808 527 habes
823 499 845 515 “
864 507 870 526 :
890 497 962 532 quod
980 503 1052 523 nunc

264 554 298 581 ob
315 551 490 587 blasphemiae
514 547 728 584 magnitudinem
753 546 979 579 atrocitatemque
1006 550 1052 570 re—

264 597 502 632 tieetGrcgorius.
516 596 551 623 At
575 594 716 630 Unigeniti
733 592 870 619 divinitati
894 591 973 617 ﬁdem
996 596 1051 616 non

264 646 359 677 habes,
375 651 425 671 nec
439 651 500 670 eum
515 642 598 669 Deum
612 648 673 668 esse
684 639 755 666 Patri
765 638 896 672 :equalem
912 636 1052 663 admittis?

263 691 303 718 Ne
318 691 456 718 dremones
471 688 580 724 quidem
606 694 639 714 eo
662 686 784 713 audaciae
808 687 1002 719 proruperunt.
1022 687 1051 709 ut

265 738 316 765 hoc
331 737 462 764 dicerent.
479 735 518 762 lta
536 733 636 760 videris
664 736 691 759 et
714 732 852 758 daemones
881 729 1049 760 inﬁdelitate,

263 787 290 808 et
307 780 417 808 Judaeos
433 778 638 813 ingratitudine,
655 775 698 803 vel
722 775 813 810 potius
837 774 946 801 inscitia
961 777 988 800 et
1002 773 1052 800 heo

265 827 393 854 betudine
409 826 573 860 (utrumque
599 823 670 850 enim
688 822 823 857 signiﬁcat
847 818 1051 855 ἀγνωμοσύνη)

264 877 405 904 superare.
434 868 519 895 Judaei
545 868 629 898 enim,
647 871 825 901 posteaquam
843 865 957 892 dixisset
972 864 1051 892 Chri-

265 921 324 942 stus
343 924 349 942 :
371 915 451 941 Pater
480 922 551 941 meus
578 921 659 947 usque
688 913 765 939 modo
791 916 926 945 operatur.
951 915 975 937 et
1005 918 1051 945 ego

1103 309 1241 342 explorata
1262 313 1314 340 est,
1330 316 1379 336 nec
1401 309 1480 336 laude
1505 309 1569 342 ulla,
1595 317 1647 337 nec
1673 310 1763 344 pretio
1793 311 1895 345 dignus

1102 359 1152 382 est.
1167 354 1322 381 Mandatum
1349 363 1434 389 porro
1460 355 1620 389 accipimus,
1646 363 1701 382 non
1724 356 1797 390 quod
1814 357 1895 391 igno-

1104 405 1175 426 raret
1193 399 1264 426 Dens
1279 399 1335 426 fore
1367 405 1395 426 ut
1416 399 1481 426 illud
1504 400 1767 433 transgrederemur,
1793 400 1841 428 sed
1865 405 1897 427 ut

1103 445 1210 471 arbitrii
1227 445 1379 472 libertatem
1409 445 1488 472 nobis
1519 446 1598 479 quasi
1626 445 1680 472 lata
1697 446 1757 480 lege
1771 447 1898 480 promul-

1103 495 1188 524 garet.
1211 490 1279 518 Nam
1309 491 1382 526 quod
1408 498 1456 525 per
1484 492 1539 518 vim
1558 496 1586 519 et
1613 496 1706 519 coacte
1725 491 1763 524 ﬁt,
1785 493 1897 519 virtutis

1102 544 1201 564 nomen
1220 537 1343 564 obtinere
1379 545 1432 565 non
1459 542 1558 572 potest.
1580 538 1650 571 Quid
1670 538 1773 574 igitur?
1787 538 1896 566 Diaboli

1102 584 1202 611 invidia
1216 585 1354 619 exagitati,
1368 589 1395 612 et
1412 585 1475 613 dolo
1492 586 1671 613 circumventi
1687 593 1793 617 sumus,
1807 586 1896 620 legem

1102 630 1278 663 violavimus,
1322 630 1451 665 paradiso
1491 631 1656 662 excidimus.
1687 638 1720 658 ac
1750 635 1896 665 propterea

1098 676 1265 710 jejunamus,
1290 676 1420 710 quoniam
1436 680 1503 703 tunc
1523 683 1578 703 non
1603 675 1800 709 jejunavimus,
1829 682 1895 702 eum

1101 721 1210 748 arboris
1227 721 1350 748 scientiae
1371 720 1503 755 voluptati
1527 720 1673 752 cessimus,
1700 728 1715 746 a
1739 729 1794 755 qua
1815 721 1896 747 nobis

1102 767 1185 798 Deus,
1204 771 1234 794 ut
1258 767 1469 798 abstineremns,
1489 766 1705 801 praa5cripserat.
1723 765 1807 794 Vetus
1819 767 1894 793 enim

1101 817 1144 840 est
1164 817 1328 847 praeceptum
1364 812 1480 846 jejunii,
1501 812 1639 846 simulque
1677 819 1738 838 cum
1771 812 1896 839 humano

1101 866 1202 893 genere
1232 863 1337 885 natum.
1372 857 1495 884 Primum
1524 857 1595 884 enim
1623 856 1688 884 illud
1724 857 1896 889 mandatum,

1102 904 1172 937 quod
1195 903 1315 930 Adamus
1338 903 1444 937 accepit
1468 911 1475 929 :
1501 902 1540 930 De
1564 903 1635 937 ligna
1653 902 1770 929 scientitz
1791 902 1852 929 boni
1870 907 1896 929 et

264 969 357 995 operor
369 961 391 976 ⁸⁵
401 979 410 992 ,
424 960 581 995 quaarebant
593 959 680 992 ipsum
695 957 855 988 interﬁcere,
868 957 931 991 quia
945 955 1051 982 Patrem

1106 950 1220 983 ιιιαιὶξηε
1249 950 1392 976 οωηεάαιίε
1411 950 1451 983 ³⁷,
1477 949 1573 984 jejunii
1600 954 1683 983 atque
1707 949 1899 983 temperantiae

264 1015 343 1033 suum
360 1006 467 1033 dicebat
480 1006 575 1037 Deum,
593 1005 722 1039 a-qualem
744 1011 773 1030 se
793 1003 847 1030 Deo
862 1002 977 1029 faciens.
990 1001 1050 1028 Filii

264 1053 336 1079 enim
362 1052 568 1087 appellationem
594 1051 706 1084 aequalis
736 1049 847 1076 honoris
872 1056 966 1075 vocem
991 1055 1052 1074 esse

262 1099 386 1125 arbitrati
404 1103 478 1130 sunt,
503 1097 555 1124 hoc
580 1102 631 1128 est,
656 1095 860 1127 existimabant,
874 1095 896 1121 si
913 1094 1051 1121 Christum

264 1145 311 1180 Dei
328 1144 426 1171 Filium
444 1151 505 1171 esse
520 1143 680 1173 faterentur,
696 1141 747 1169 sibi
767 1149 875 1175 quoque
899 1140 1052 1167 necessario

265 1191 402 1217 fatendum
421 1197 491 1222 esse,
507 1197 568 1216 eum
583 1189 687 1216 honore
701 1188 738 1215 illi
754 1195 845 1222 parem
863 1191 944 1220 atque
962 1193 1053 1220 aequa-

264 1237 316 1262 lem
337 1243 409 1263 esse.
431 1235 523 1270 Itaque
541 1235 602 1262 Filii
615 1242 712 1261 nomen
728 1234 837 1262 Christo
851 1240 902 1260 non
920 1232 1051 1259 concede-

263 1282 399 1309 bant:ne
416 1281 596 1316 aequalitatem
628 1288 736 1316 quoque
766 1287 828 1306 cum
859 1279 938 1307 Patre
963 1278 1051 1305 eidem

264 1326 412 1353 concedere
428 1333 541 1353 necesse
557 1326 697 1353 baberent.
714 1326 747 1351 At
757 1325 894 1352 daemones
911 1324 1050 1350 Christum

264 1372 349 1399 Deum
365 1375 512 1404 noverunt,
527 1380 589 1399 cum
603 1372 683 1399 abeo
700 1371 874 1398 invisibiliter
891 1370 1052 1405 fugarentnr

264 1424 291 1444 et
304 1419 503 1445 cruciarentur.
533 1417 610 1445 Unde
642 1418 724 1445 etiam
747 1417 892 1444 dicebant:
912 1416 980 1443 Novi
995 1417 1052 1450 quis

265 1469 292 1490 tu
317 1465 375 1496 sis;
404 1469 430 1490 et
457 1472 552 1492 rursus
567 1472 574 1490 :
591 1463 662 1496 Quid
676 1464 723 1490 tibi
743 1469 768 1490 et
792 1464 877 1496 nobis,
899 1462 955 1490 Fili
984 1463 1054 1489 Dei?

268 1509 366 1536 Venisti
387 1510 438 1536 huc
458 1515 519 1536 ante
534 1515 634 1544 tempus
650 1515 770 1544 torquere
785 1518 830 1536 nos
843 1510 875 1536 “.
892 1509 980 1543 Atque
997 1509 1054 1535 haec

263 1556 374 1590 quidem
390 1561 417 1582 et
432 1555 516 1583 Judaei
531 1560 558 1583 et
573 1556 721 1582 daemones.
738 1556 771 1582 At
789 1559 828 1585 tu,
846 1561 895 1581 nec
911 1553 1053 1588 aequalita-

265 1606 320 1627 tem
336 1601 468 1632 admittis,
483 1606 513 1627 ut
524 1600 608 1627 Judaei
623 1609 630 1627 :
643 1604 764 1627 creatum
778 1600 848 1626 cuitu
866 1607 927 1624 enim
941 1598 1053 1631 asseris,

266 1654 314 1673 nec
327 1647 496 1673 divinitatem
511 1646 657 1678 conﬁteris,
670 1650 700 1672 ut
710 1646 856 1673 daemones.
869 1644 1052 1678 Quamobrem

265 1692 311 1719 tibi
325 1692 411 1720 satius
431 1692 520 1719 fuerat
534 1691 690 1719 Judreorum
708 1693 761 1718 ritu
775 1690 964 1718 circumcisam
987 1697 1054 1724 pra:-

265 1739 332 1773 putii
347 1735 457 1766 carnem
475 1739 585 1771 habere,
604 1743 684 1774 atque
698 1746 714 1766 a
731 1737 900 1765 daemonibus
917 1737 1050 1770 divexari,

265 1791 294 1812 nt
321 1787 393 1813 salse
422 1786 523 1821 aliquid
555 1786 664 1819 dicam,
693 1784 924 1820 quemadmodum
955 1783 993 1810 illi
1024 1783 1050 1810 in

264 1831 427 1868 Evangelio,
453 1839 569 1867 quorum
600 1839 647 1858 ore
673 1831 811 1859 daemones
850 1830 1050 1865 loquebantur,

264 1869 464 1914 Chrisiumque
477 1879 561 1905 Deum
577 1879 789 1910 conﬁtebantur,
800 1884 893 1912 quam.
907 1884 969 1903 cum
986 1883 1052 1910 pra:-

265 1926 371 1960 pntium
388 1926 498 1958 habeas,
512 1926 564 1953 hoc
579 1930 630 1957 est,
648 1933 702 1952 non
715 1925 895 1953 circumcisus
908 1923 957 1953 sis.
972 1930 1022 1950 nec
1037 1929 1051 1948 a

265 1971 387 1997 daemone
411 1970 575 2002 obsidearis,
594 1971 640 1997 sed
664 1969 795 1997 incolumi
822 1973 912 1995 mente
939 1967 989 2000 sis,
1014 1967 1052 1994 ita

264 2015 394 2043 scelerate
410 2020 492 2048 atque
521 2015 603 2048 impie
629 2016 739 2044 sentire.
756 2015 909 2048 Filiumque
924 2021 939 2040 a
963 2013 1052 2040 Patris

1104 997 1145 1023 lex
1162 1001 1232 1024 erat.
1243 996 1320 1028 Quod
1337 996 1359 1023 si
1376 995 1430 1022 Eva
1455 996 1489 1022 ab
1502 995 1583 1030 hujus
1600 995 1666 1030 ligni
1682 1002 1729 1022 esu
1742 995 1898 1022 abstinuis-

1103 1047 1157 1076 set,
1173 1050 1346 1077 nequaquam
1366 1042 1417 1069 hoc
1428 1041 1533 1076 jejunio
1545 1048 1619 1068 nunc
1635 1049 1704 1076 opus
1719 1041 1897 1067 haberemus.

1102 1089 1157 1115 Nec
1165 1088 1236 1116 enim
1245 1096 1313 1123 opus
1320 1088 1522 1115 estvalentibus
1530 1087 1648 1119 medico,
1656 1087 1702 1114 sed
1712 1087 1782 1114 male
1793 1087 1873 1113 habet
1883 1098 1899 1107 -

1103 1135 1185 1162 tibus.
1195 1134 1420 1170 Quoniamigitur
1435 1139 1500 1161 tunc
1509 1141 1564 1161 non
1581 1133 1778 1169 jejunavimus,
1793 1134 1894 1160 merito

1102 1189 1174 1208 nunc
1184 1180 1405 1215 nobis.jejunium
1412 1180 1635 1213 estindictum,ut
1643 1180 1714 1211 quod
1722 1187 1775 1207 non
1786 1186 1898 1207 servno

1101 1227 1205 1262 jejunio
1220 1227 1372 1259 amisimus,
1384 1227 1410 1254 id
1423 1234 1457 1254 eo
1465 1232 1573 1254 servato
1583 1225 1831 1260 recipiamus.Qnid
1844 1233 1896 1252 au-

1103 1276 1156 1298 tem
1174 1271 1239 1298 illud
1254 1276 1306 1302 est,
1319 1271 1391 1306 quod
1403 1271 1438 1298 ob
1446 1270 1580 1305 jejunium
1590 1277 1642 1297 non
1652 1273 1789 1297 servatum
1798 1270 1896 1296 amisi-

1102 1317 1182 1344 mus?
1198 1317 1354 1349 Paradisus,
1363 1317 1397 1344 ad
1405 1324 1485 1352 quem
1495 1315 1573 1343 nobis
1584 1323 1632 1350 per
1640 1315 1775 1350 jejunium
1789 1315 1895 1342 reditus

1103 1363 1215 1398 patebit.
1233 1363 1320 1398 Atque
1334 1363 1436 1390 idcirco
1451 1362 1523 1389 Deus
1534 1369 1644 1389 carnem
1661 1362 1759 1393 induit,
1771 1369 1802 1388 ac
1818 1369 1895 1387 mor-

1105 1413 1157 1436 tem
1173 1408 1267 1440 subiit.
1287 1413 1316 1434 ut
1332 1415 1382 1435 nos
1401 1415 1447 1442 per
1460 1412 1599 1442 peccatum
1614 1407 1724 1437 mortni,
1742 1406 1893 1433 revivisca-

1104 1462 1177 1481 mus.
1197 1455 1268 1487 Quin
1284 1454 1335 1488 ipsi
1353 1461 1464 1489 quoque
1492 1458 1557 1480 ante
1581 1452 1728 1480 salutiferae
1751 1452 1894 1486 passionis

1106 1504 1214 1533 tempus
1236 1499 1413 1533 jejunantes,
1442 1499 1554 1526 Christo
1586 1498 1751 1526 commortui
1778 1506 1896 1529 sumus,

1103 1545 1220 1573 turbidis
1246 1545 1376 1572 nimirum
1403 1545 1487 1572 animi
1517 1545 1638 1572 motibus
1651 1544 1788 1579 oppressis
1806 1550 1834 1572 et
1848 1552 1896 1571 ex-

1106 1592 1225 1623 stinctis,
1241 1588 1275 1618 ut’
1286 1599 1432 1626 purgentur
1451 1600 1458 1618 :
1478 1599 1510 1618 ac
1529 1591 1610 1619 simul
1625 1590 1791 1623 mortiﬁcati,
1811 1590 1894 1617 simul

1069 1624 1090 1653 (ἶ
1108 1638 1324 1670 resurreximus,
1341 1638 1470 1672 praeclara
1489 1637 1612 1664 videlicet
1632 1641 1657 1663 et
1671 1636 1783 1663 salutari
1801 1644 1895 1663 resur~

1103 1686 1223 1712 rectione
1238 1692 1244 1709 :
1258 1685 1424 1719 proindeque
1435 1685 1515 1711 simul
1528 1685 1609 1711 etiam
1623 1683 1765 1718 gloriﬁcati
1783 1691 1892 1710 sumus.

1138 1732 1197 1759 Col.
1215 1731 1267 1759 662
1287 1731 1319 1760 ι).
1337 1731 1463 1764 Quamvis
1483 1735 1571 1757 autem
1595 1730 1726 1764 permulta
1739 1729 1813 1756 illius
1829 1733 1894 1755 lem-

1102 1778 1184 1811 poris,
1195 1781 1248 1805 etc.
1265 1776 1404 1804 Permulta
1421 1781 1484 1803 sunt
1515 1784 1547 1803 ea
1575 1775 1717 1808 miracula,
1736 1782 1798 1810 qua:
1817 1774 1895 1801 circa

1103 1825 1258 1858 passionem
1287 1827 1314 1850 et
1344 1830 1453 1850 crucem
1470 1822 1643 1856 contigerunt
1659 1830 1666 1848 :
1688 1827 1813 1855 quaenam
1826 1819 1895 1846 illa?

1105 1869 1175 1896 Deus
1199 1869 1226 1896 in
1253 1876 1334 1896 cruce
1359 1868 1481 1899 sulﬁxns.
1501 1875 1553 1894 non
1581 1871 1718 1902 quatenus
1742 1866 1827 1897 Deus,
1844 1865 1893 1892 sed

1104 1920 1242 1950 quatenus
1260 1915 1318 1949 ipse
1335 1921 1444 1949 quoque
1459 1913 1541 1940 homo
1552 1918 1602 1940 est.
1619 1912 1652 1939 Et
1667 1913 1721 1939 haec
1736 1911 1895 1938 communi-

1103 1961 1220 1989 cationis
1241 1960 1325 1995 ﬁgura
1350 1963 1402 1990 est.
1425 1967 1478 1994 qua
1505 1964 1622 1994 utraque
1654 1963 1749 1984 natura
1779 1960 1894 1990 propter

1103 2007 1304 2044 hypostaticam
1322 2007 1502 2037 identitatem,
1530 2011 1710 2039 mntuumque
1733 2003 1846 2030 alterius
1866 2002 1893 2029 in
