2058 3159
151 195 222 228 1409

621 195 783 225 NICETAS
805 194 843 224 IN
865 194 976 224 ORAT.
996 194 1080 223 XLII
1099 194 1129 224 S.
1150 194 1265 224 GIIEG.

1691 190 1776 226 '1410

148 253 327 287 scriptionem
346 254 424 287 regio
441 258 518 279 more
529 251 758 279 conﬁrmandam.
778 250 864 276 Porro
891 257 937 283 per
952 251 975 279 Α
989 248 1124 276 habitune
1141 253 1217 275 sunt.
1244 247 1304 276 Vita
1321 249 1433 283 insuper
1456 254 1582 282 vocatur,
1601 249 1665 284 quia
1694 255 1775 278 natu-

147 298 250 333 duplex
277 298 342 326 illud
372 298 548 333 proﬂuvium,
570 296 675 334 {duplex
707 296 859 330 baptismus
887 297 935 322 de-

146 344 307 378 signabatur
329 354 336 371 :
355 344 447 375 alter,
478 343 525 378 qui
557 351 605 377 per
633 350 734 376 aquam
766 342 933 375 conﬁcitur;

148 389 218 416 alter
247 391 293 424 qui
330 398 378 425 per
426 389 608 424 martyrium,
638 396 701 416 cum
730 388 855 415 videlicet
874 383 935 422 per-

145 434 295 462 secutionis
323 427 446 469 tempus.
463 441 514 462 nos
540 433 567 460 in
586 433 740 468 periculum
776 433 933 460 adduxerit.

147 478 251 507 Rursus
261 481 373 514 sanguis
386 479 536 514 proﬂuens,
551 479 689 507 hominem
707 479 849 513 arguebat,
862 486 934 513 aqua

146 530 236 552 autem
262 526 390 552 eumdem
404 533 488 560 supra
505 526 655 553 humanam
671 524 859 552 conditionem
875 532 936 552 esse

145 571 316 598 ostendebat.
333 571 418 598 Terra
428 575 545 598 tremore
559 577 695 598 concussa
712 570 777 597 etin
794 570 935 597 meliorem

145 619 249 641 statum
281 615 460 642 mutationem
483 615 647 646 declarans,
676 614 721 642 vel
747 614 828 641 etiam
861 615 934 648 quod

144 660 277 687 adversus
295 667 343 687 eos
369 660 414 694 qui
434 661 588 695 petulanter
611 664 638 687 et
666 660 769 686 furiose
796 660 934 687 Christum

145 705 335 732 acerbissimis
363 705 539 733 contumeliis
562 708 689 732 vexatum
718 704 934 737 interfecerant,

145 751 185 777 ira
201 751 421 778 excandesceret.
440 751 527 778 Petra:
553 758 601 786 pro
615 750 695 777 Petra
718 755 865 785 perruptae,
884 751 937 778 hoc

143 800 198 829 est,
214 804 262 830 pro
274 796 393 829 Christo,
405 803 437 823 ac
451 795 607 823 Judaeorum
624 795 770 822 amentiam
783 803 937 830 coarguen-

145 847 186 869 tes
203 850 210 868 :
227 842 356 876 quoniam
381 850 444 869 cum
473 842 549 876 ipsae,
575 841 658 868 etiam
684 841 775 868 anima
799 845 935 873 carentes,

144 888 246 914 timore
257 887 506 922 confringerentur,
526 887 563 914 illi
584 891 679 914 contra
698 887 724 913 in
750 886 870 921 lapidum
887 893 937 912 na-

146 937 236 959 turam
250 932 464 966 degenerabant,
482 937 565 967 atque
582 937 609 959 et
624 933 657 959 ad
677 933 803 959 timorem
823 932 937 967 stupidi,

143 982 173 1004 et
185 977 221 1004 ad
233 976 395 1004 beneﬁcium
407 978 504 1012 ingrati
520 978 727 1012 permanebant.
738 978 833 1004 Mortui
847 986 939 1005 resuu

145 1027 254 1057 gentes,
271 1028 352 1057 atque
366 1023 394 1050 in
412 1023 550 1050 civitatem
564 1024 749 1057 introeuntcs,
764 1024 798 1051 ad
814 1032 939 1051 commu-

145 1069 192 1096 nis
209 1069 421 1097 resurrectionis
447 1070 696 1102 conﬁrmationem,
713 1078 746 1097 ac
768 1075 938 1097 mortuorum

145 1115 181 1141 ad
199 1122 349 1149 supernam
365 1116 447 1142 vitam
465 1115 660 1143 restitutionis.
687 1116 770 1150 Signa
789 1117 888 1150 partim
905 1115 939 1143 ad

146 1161 328 1194 sepulcrum,
358 1161 456 1195 partim
479 1166 543 1195 post
571 1161 729 1195 sepulcrum
754 1161 838 1192 edita,
867 1161 940 1187 velut

143 1206 222 1240 quod
242 1206 368 1233 Christus
386 1205 531 1241 obsignato
549 1211 729 1234 monutnento
744 1207 938 1239 resurrexerit,

147 1253 225 1278 velut
244 1258 323 1280 terra:
349 1258 451 1285 motus,
479 1253 577 1287 lapidis
608 1253 752 1284 revolutio,
779 1254 939 1288 angelorum

145 1298 282 1330 visiones,
298 1299 470 1332 linteamina,
497 1303 525 1326 et
550 1299 702 1327 sudarium.
729 1299 811 1327 Multa
827 1300 937 1334 quidem

145 1351 181 1370 ac
194 1344 323 1378 praeclara
354 1351 418 1372 sunt
440 1345 498 1372 haec
522 1345 667 1378 miracula,
684 1345 730 1372 sed
747 1346 852 1372 nullum
876 1353 938 1372 cum

144 1389 246 1416 salutis
276 1397 342 1416 meae
373 1391 506 1417 miraculo
523 1391 720 1418 conferendum
746 1397 798 1418 est.
828 1391 940 1426 Exigua:

145 1435 222 1461 enim
234 1436 340 1463 cruoris
355 1442 439 1470 guttae
452 1437 547 1463 orbem
566 1437 722 1465 universum
738 1437 938 1470 instaurarunt,

146 1481 201 1508 hoc
213 1485 266 1513 est,
276 1482 312 1508 ita
326 1482 502 1514 innovat-unt,
517 1486 547 1508 ut
563 1489 664 1509 novum
677 1482 740 1509 vitae
752 1482 804 1509 iter
819 1487 940 1510 sectare-

145 1531 204 1558 tur,
223 1533 255 1553 ac
271 1533 321 1554 nos
337 1527 363 1553 in
380 1535 465 1553 unum
492 1527 699 1562 eoujunxerunt
723 1532 751 1554 et
765 1528 940 1555 constrinxe-

989 301 1045 320 ram
1059 301 1165 320 omnem
1179 294 1339 321 rationalem
1353 299 1538 328 coagmentat,
1554 300 1635 329 atque
1650 296 1676 322 in
1686 301 1776 323 ortum

987 339 1123 373 producit.
1147 338 1181 365 In
1198 339 1255 373 ipso
1285 339 1357 366 enim
1375 340 1497 371 vivimus,
1524 344 1549 366 et
1579 348 1721 371 "tacentur.
1752 345 1777 367 et

987 384 1113 411 sumus“.
1124 385 1261 418 Sapientia
1272 389 1373 417 autem,
1389 391 1417 412 ut
1436 386 1527 412 omnia
1538 386 1645 420 cegnita
1663 387 1778 418 habens,

989 435 1043 458 tam
1069 431 1161 458 divina
1180 439 1262 465 quam
1281 431 1413 459 humana.
1428 431 1495 458 Nam
1514 433 1560 466 qui
1580 439 1622 458 res
1636 432 1771 464 condidit,

993 475 1063 502 idem
1080 476 1178 501 harum
1195 482 1306 509 quoque
1330 482 1430 503 causas
1444 480 1467 502 et
1484 476 1604 502 rationes
1620 480 1777 510 perspcuas

987 520 1079 548 habet.
1099 519 1224 547 Potentia
1250 528 1327 551 vero.
1344 525 1374 548 ut
1399 526 1577 548 conservator
1598 529 1691 548 eorum
1718 529 1779 557 qua:

987 565 1021 592 ab
1034 565 1094 600 ipso
1111 571 1202 593 creata
1219 570 1293 598 sunt,
1312 574 1428 601 eamque
1443 567 1496 594 illis
1515 567 1570 593 vim
1588 567 1724 601 praebens,
1750 572 1779 594 ut

987 616 1183 638 conserventur
1202 618 1234 638 ac
1251 612 1416 638 cohaereant.
1437 611 1545 638 Rursus
1569 611 1668 638 mentis
1691 612 1776 639 sobo-

987 656 1039 688 les,
1056 661 1086 683 ut
1106 656 1224 683 Verbum
1258 663 1414 683 connexum
1438 664 1500 683 cum
1518 657 1642 691 genitore
1662 665 1723 689 suo,
1747 665 1779 684 ac

989 704 1059 730 ciura
1077 703 1234 737 passionem
1254 708 1424 737 generatum,
1454 704 1564 736 perinde
1580 712 1612 730 ac
1639 711 1732 730 sermo
1746 711 1778 730 ex

989 755 1090 776 mente.
1111 748 1288 783 Signaculum
1317 753 1428 780 autem,
1458 754 1487 775 ut
1515 753 1600 775 totum
1621 749 1726 776 Patrem
1752 752 1778 776 in

988 795 1079 829 seipso
1096 802 1255 829 expressum
1287 795 1403 826 habens,
1429 799 1511 829 atque
1534 796 1692 827 ostendens,
1726 804 1778 822 non

989 846 1071 866 secus
1090 846 1123 866 ac
1138 839 1246 873 signum
1271 840 1412 874 exemplar
1428 847 1507 866 suum
1534 840 1626 866 refert.
1643 839 1701 866 .Iam
1717 849 1781 867 vero

991 892 1063 912 unus
1087 890 1171 919 atque
1200 885 1271 912 idem
1299 885 1427 912 Christus
1444 891 1473 912 ut
1491 885 1612 912 Veibum
1639 894 1671 912 ac
1697 887 1780 918 Deus,

955 919 975 946 Β
991 931 1096 958 ratione
1122 931 1293 965 intelligitur,
1322 939 1377 958 non
1405 936 1496 958 autem
1515 931 1648 958 cernitur.
1677 931 1780 958 Natura

990 977 1064 1002 enim
1078 976 1171 1003 divina
1196 984 1308 1003 sensum
1330 984 1439 1004 omnem
1456 977 1600 1004 oculorum
1616 977 1709 1011 eﬂugit
1728 986 1734 1004 :
1751 982 1781 1004 ut

991 1027 1084 1049 autem
1114 1023 1209 1054 homo,
1226 1023 1309 1049 etiam
1336 1023 1467 1050 cernitur.
1485 1022 1547 1055 Qui,
1565 1023 1640 1057 juxta
1662 1024 1781 1058 Aposto-

990 1067 1081 1099 lum”,
1096 1067 1190 1094 omnia
1206 1072 1295 1102 portat
1308 1072 1336 1094 et
1349 1069 1470 1095 continet
1486 1068 1594 1102 alligata
1611 1072 1637 1094 et
1648 1068 1781 1095 'constri-

990 1119 1035 1141 cta
1051 1114 1132 1141 \‘erbo
1147 1121 1179 1141 ac
1193 1119 1330 1148 praecepto
1349 1114 1456 1141 virtutis
1477 1121 1543 1140 suae.
1560 1113 1640 1144 Nam,
1658 1119 1685 1140 ut
1701 1114 1779 1145 dixit,

990 1160 1027 1187 ita
1044 1159 1115 1187 facta
1129 1159 1218 1186 sunt"
1235 1168 1242 1192 ;
1257 1165 1286 1186 ut
1302 1160 1381 1191 dixit,
1405 1160 1440 1186 ita
1456 1161 1600 1187 manent“.
1626 1160 1694 1186 lluic
1716 1168 1780 1186 ora-

991 1205 1093 1232 tionem
1117 1213 1194 1233 suam
1210 1207 1290 1232 oﬂert
1305 1205 1473 1240 Theologus,
1487 1213 1570 1240 quam
1586 1208 1643 1232 vult
1669 1206 1778 1239 quidem

991 1251 1127 1286 primitias
1159 1252 1313 1284 nominare,
1334 1251 1408 1278 velut
1432 1252 1499 1279 alias
1513 1259 1621 1286 quoque
1637 1256 1697 1285 ροδι
1720 1259 1779 1277 eam

990 1297 1132 1324 oblaturus
1151 1306 1158 1324 :
1176 1304 1269 1324 verum
1287 1297 1440 1329 addubitat,
1455 1302 1538 1332 atque
1565 1298 1604 1324 ait
1623 1298 1692 1324 hanc
1715 1303 1781 1323 ora-

993 1344 1093 1371 lionem
1113 1343 1248 1378 primitias
1269 1343 1386 1371 fortasse
1404 1351 1458 1370 non
1484 1351 1554 1376 esse,
1577 1344 1624 1370 sed
1645 1345 1726 1370 tinem
1753 1346 1782 1368 et

990 1389 1232 1423 complementum.
1253 1390 1321 1416 Nam
1340 1394 1450 1424 propter
1470 1394 1652 1420 senectutem,
1679 1389 1779 1423 inquit,

991 1435 1065 1462 haud
1082 1435 1154 1468 scio,
1178 1436 1319 1470 Iongiornc
1341 1436 1407 1462 tnihi
1433 1437 1487 1462 vita
1505 1435 1709 1470 suppeditatum
1733 1435 1780 1466 sit,

991 1485 1021 1508 ut
1039 1481 1107 1508 alias
1131 1489 1242 1516 quoque
1266 1481 1364 1508 oﬂerre
1379 1490 1490 1516 queam,
1506 1482 1601 1516 sicque
1620 1489 1714 1508 earum
1735 1489 1780 1507 ra-

993 1526 1066 1554 tione
1102 1527 1160 1554 hazc
1186 1527 1275 1554 oratio
1307 1527 1464 1562 primitialis
1505 1530 1672 1555 nominetur.
1704 1527 1779 1554 llauc

143 1574 289 1602 runt,non
303 1577 382 1597 secus
395 1578 427 1597 ac
441 1571 633 1605 coagulum,si
650 1571 677 1598 in
694 1571 735 1598 Iac
748 1571 898 1605 injiciatur,
914 1571 940 1598 id
955 1581 977 1612 ο
993 1579 1074 1607 porro
1089 1573 1182 1605 oﬂ'ero,
1204 1573 1300 1607 partim
1328 1573 1361 1600 de
1389 1573 1528 1601 beneﬁciis
1552 1574 1578 1600 in
1607 1582 1651 1601 me
1672 1574 1780 1601 collatis

145 1616 223 1649 quod
238 1615 265 1642 in
281 1623 314 1642 eo
327 1615 482 1650 dispersmn
500 1623 532 1643 ac
543 1615 656 1643 ﬂuidum
668 1621 720 1648 est,
730 1617 889 1649 condensat,
899 1623 940 1644 at-

144 1668 202 1695 que
212 1661 239 1687 in
247 1668 329 1687 unum
339 1660 456 1688 solidum
465 1669 564 1695 corpus
574 1661 723 1695 compingit
731 1666 758 1689 et
766 1661 879 1694 colligit.
889 1661 940 1688 Co-

144 1706 262 1740 agulum
277 1709 367 1733 autem
377 1712 418 1733 est
428 1706 629 1737 lacteumillud,
641 1706 713 1740 quod
726 1706 752 1732 iu
761 1705 811 1732 ticu
821 1706 939 1740 est(24),

143 1759 260 1787 quoque
285 1752 409 1779 nonnulli
427 1752 461 1779 ad
485 1751 709 1778 condensandum
736 1751 779 1778 lac
811 1756 937 1778 utuntur.

183 1797 246 1825 Col.
265 1797 318 1824 665
339 1797 373 1825 Α.
387 1798 433 1829 At,
447 1806 461 1824 ο
480 1797 596 1830 Pascha,
621 1805 758 1832 magnum,
783 1798 902 1832 inquam,
916 1802 942 1824 et

144 1851 255 1872 sacrum
266 1843 382 1876 Pascha,
393 1849 447 1872 etc.
462 1843 525 1871 Haec
538 1844 631 1876 verba,
644 1843 666 1871 Ο
679 1843 782 1872 Pascha
795 1851 938 1878 magnum,

146 1891 182 1918 ad
202 1890 302 1918 festum
323 1891 427 1926 ipsutn,
440 1891 553 1926 perinde
575 1899 608 1918 ac
624 1891 679 1918 vita
692 1891 835 1926 praeditum
848 1889 941 1917 refert.

145 1938 198 1966 Illa
215 1943 319 1970 autem,
337 1938 359 1965 0
387 1938 506 1966 Verbum
531 1939 590 1971 Dei,
617 1943 643 1965 et
662 1945 724 1972 quae
747 1938 877 1972 deinceps
896 1945 941 1965 se-

147 1987 286 2018 quuntur,
305 1983 338 2009 ad
362 1982 513 2014 Christum.
533 1983 676 2017 spirituale
698 1982 817 2015 Pascha,
834 1991 882 2018 per
897 1991 943 2010 ac-

145 2029 345 2056 clamationem
361 2029 464 2063 dirigit.
486 2028 612 2056 Christus
632 2036 713 2063 porro
728 2028 848 2056 Verbum
871 2029 941 2056 dici—

147 2079 207 2105 tur,
219 2077 331 2107 propter
345 2073 550 2107 generatiOuem
575 2073 712 2107 passionis
735 2077 888 2108 expertem,
913 2079 941 2100 et

147 2119 216 2154 quia
232 2118 311 2145 nobis
324 2118 432 2146 Patrem
450 2119 586 2146 enuntiat.
601 2118 658 2146 Lux
673 2123 779 2153 autem,
798 2124 827 2146 ut
845 2119 940 2154 splen-

158 2167 203 2192 lor
216 2164 383 2198 auimarutn,
400 2172 462 2199 qua:
477 2169 506 2192 et
522 2164 575 2191 vita
589 2170 616 2192 et
637 2172 765 2192 sermone
779 2170 940 2200 purgantur.

148 2211 221 2238 Nam
251 2211 274 2238 si
308 2211 463 2246 ignorantia
489 2215 516 2238 et
544 2215 686 2245 pcccatmn
717 2212 835 2238 tenebrae
864 2215 940 2243 sunt,

993 1619 1098 1652 gratias
1113 1626 1207 1653 agens.
1220 1619 1317 1651 partim
1335 1620 1504 1653 supplicans,
1525 1628 1556 1646 ue
1578 1625 1673 1654 praeter
1688 1628 1779 1647 sacras

993 1668 1020 1690 et
1049 1666 1220 1691 necessarias
1249 1672 1330 1691 curas
1354 1664 1503 1699 quidquam
1529 1672 1658 1692 aerumna:
1683 1666 1780 1699 patiar.

992 1709 1060 1736 Nam
1078 1717 1129 1744 pro
1155 1710 1209 1737 illis
1233 1711 1358 1737 laborare
1377 1716 1459 1745 atque
1473 1711 1553 1745 afﬂigi
1579 1719 1691 1739 necesse
1709 1718 1750 1738 est.
1767 1721 1774 1737 :

993 1762 1044 1782 nec
1063 1763 1111 1782 cas
1134 1759 1288 1782 recuso/ac
1315 1755 1449 1782 detrecto.
1475 1755 1658 1790 Tyrannidcm
1690 1761 1780 1783 atllctn

995 1801 1120 1835 corporis
1150 1800 1300 1835 Gregorius
1334 1801 1461 1828 morbum
1493 1802 1611 1836 appellat
1643 1802 1781 1835 (podagra

994 1845 1112 1872 fortasse
1124 1847 1193 1880 erat)
1210 1852 1293 1879 quam
1318 1845 1400 1872 etiam
1418 1846 1486 1873 solvi
1512 1850 1650 1880 precatur,
1669 1853 1696 1874 ut
1712 1855 1774 1873 eum

994 1891 1170 1918 vehementer
1197 1890 1404 1917 contrahentem
1422 1899 1428 1918 :
1453 1891 1495 1917 rel
1511 1891 1613 1926 potius,
1643 1900 1695 1918 non
1709 1900 1782 1919 mor-

995 1936 1073 1969 bum,
1088 1936 1137 1963 sed
1152 1936 1200 1963 Dei
1215 1937 1391 1968 sententiam,
1406 1945 1460 1972 qua
1479 1937 1524 1964 hic
1545 1938 1657 1965 morbus
1674 1939 1706 1965 ad
1739 1939 1783 1972 ip.-

995 1981 1054 2009 sius
1066 1982 1256 2016 purgationem
1273 1981 1402 2009 decretus
1411 1981 1511 2009 fuerat.
1526 1982 1672 2010 Pollicetur
1689 1987 1781 2010 autem

994 2027 1158 2062 Theologus,
1176 2028 1200 2056 si
1218 2033 1370 2055 extremum
1387 2028 1450 2055 vitae
1466 2028 1548 2061 diem,
1572 2029 1608 2055 ita
1625 2033 1654 2055 ut
1670 2029 1780 2063 expetit,

993 2072 1154 2105 confecerit,
1175 2078 1256 2108 atque
1280 2073 1307 2100 in
1324 2079 1424 2100 aeterna
1450 2073 1626 2101 tabernacula
1655 2080 1782 2108 receptus

992 2118 1090 2151 fuerit,
1116 2119 1172 2146 illic
1187 2127 1296 2154 quoque
1316 2126 1345 2146 se
1372 2127 1455 2154 super
1470 2119 1556 2147 altare
1583 2119 1628 2147 Dei
1647 2121 1783 2147 sacriﬁcia

994 2170 1071 2199 grata
1098 2165 1266 2193 oblaturum.
1293 2166 1359 2199 Qua:
1374 2167 1455 2194 verba
1481 2167 1515 2194 ab
1538 2166 1607 2194 Isaia
1637 2173 1780 2194 mutuatus

993 2215 1044 2241 est,
1058 2211 1129 2244 apud
1148 2219 1229 2245 quem
1246 2212 1318 2239 Deus
1334 2212 1372 2238 ita
1389 2212 1526 2247 loquitur:
1540 2212 1573 2239 Et
1588 2213 1698 2247 u/l'ereut
1712 2213 1782 2239 dona

145 2256 266 2285 scientia
278 2261 352 2284 certe
367 2263 400 2283 ac
417 2256 493 2290 justa
515 2259 542 2283 et
566 2255 658 2282 divina
674 2256 729 2282 vita
755 2255 823 2284 lucis
840 2263 938 2283 nomen
956 2254 979 2282 D
992 2262 1070 2291 grata
1085 2257 1119 2283 ad
1129 2257 1215 2284 altare
1229 2258 1355 2285 meum".

422 2415 484 2460 IN
523 2414 884 2462 OBATIONEM
922 2417 1092 2479 XLIV,
1129 2416 1285 2464 OLIM
1320 2419 1507 2464 XLIII.

409 2566 682 2596 ARCUMENTUM.

185 2615 395 2644 Demonstrativi
420 2615 521 2649 generis
553 2620 592 2641 est
620 2615 676 2642 licet:
704 2617 790 2642 oratio
815 2624 824 2642 :
844 2616 942 2650 inqua

146 2669 240 2691 tamen
258 2662 409 2689 suasoriam
425 2660 622 2696 quodammodo
644 2661 791 2689 adntistum
815 2667 867 2689 est.
884 2661 942 2689 Αιι-

184 2742 212 2759 "
227 2741 286 2769 Act.
300 2748 368 2774 xvu,
384 2740 430 2768 28.
468 2740 491 2757 ⁵9
504 2741 587 2769 Hebr.
603 2749 623 2774 ι,
645 2741 672 2768 5.

187 2821 245 2856 (24)
279 2820 404 2848 Lacteum
421 2819 488 2846 illud
502 2841 510 2853 ,
537 2819 606 2856 quod
630 2821 657 2847 in
677 2820 729 2855 ﬁcu
746 2824 796 2847 est.
812 2819 864 2856 HNe
889 2820 936 2847 tibi

147 2855 253 2885 mirum
271 2857 405 2887 videatur,
433 2856 526 2888 lector,
550 2856 706 2890 hujusmodi
722 2855 828 2889 coaguli
850 2863 937 2890 genus

148 2900 165 2920 ἰ
180 2891 276 2919 Niceta
293 2891 423 2924 describi,
440 2891 661 2925 quandoquidem
676 2892 733 2924 ipse
748 2898 857 2924 quoque
882 2890 937 2916 l‘ii-

711 2740 735 2756 “
757 2742 831 2770 Psal.
844 2750 933 2774 xxxn,
945 2742 973 2774 9,
994 2742 1024 2769 ll
1038 2763 1044 2770 .
1059 2742 1080 2758 δι
1098 2741 1170 2769 Psal.
1187 2749 1271 2776 xnn,
1289 2742 1333 2770 15.

997 2571 1166 2598 nianitionent
1182 2572 1251 2598 enim
1269 2572 1357 2603 habet.
1374 2574 1523 2608 partimque
1536 2574 1571 2600 ad
1590 2575 1709 2601 virtutem
1725 2582 1783 2600 am-

994 2617 1162 2651 plectandam
1194 2619 1342 2645 auditorem
1377 2620 1522 2652 hortatur,
1553 2620 1650 2653 partim
1677 2629 1692 2645 α
1718 2620 1781 2646 vitio

996 2667 1112 2689 revocat.
1142 2662 1219 2689 Nova
1244 2671 1325 2697 porro
1351 2664 1491 2692 Domim’ca
1505 2665 1559 2692 dies
1589 2666 1643 2692 lucc
1661 2670 1781 2697 uocatur,

1371 2743 1394 2759 "
1408 2743 1462 2771 lsa.
1480 2751 1525 2776 ως,
1543 2743 1570 2770 7.

996 2822 1070 2852 nius,
1086 2828 1147 2855 cap.
1163 2821 1208 2851 59,
1229 2821 1277 2849 lib.
1297 2830 1350 2854 xw,
1367 2823 1427 2849 ticu.
1453 2822 1486 2849 ad
1505 2822 1668 2857 tigni-nudos
1683 2830 1783 2850 caseos

995 2858 1049 2883 vim
1064 2864 1126 2884 esse
1136 2857 1242 2884 scribit.
