2058 3159
298 202 362 236 llll

1002 196 1194 230 ADDENDA.

1866 188 1936 221 1412

296 259 336 286 νει
351 257 414 292 quia
435 254 637 285 resurrectionis
663 257 761 280 nostra:
791 252 908 280 cncamia
933 251 961 278 in
977 259 1008 278 ea
1030 259 1091 285 per-
1107 259 1128 287 Α
1146 250 1262 285 legitur,
1292 255 1355 276 cum
1381 248 1421 276 ait
1439 255 1447 274 :
1467 247 1564 275 Venter
1581 253 1654 274 meus
1675 253 1753 280 super
1780 243 1876 276 Moab,
1907 248 1934 270 ιιι

297 310 422 340 aguntur,
446 303 486 330 vel
514 303 597 329 etiam
613 301 678 336 quia
697 300 784 327 octavi
811 299 886 325 illius
901 298 954 324 diei
971 298 1087 332 figuram

296 354 373 384 gerit,
389 349 417 374 in
431 355 482 382 quo
505 354 572 373 nova
588 346 680 372 omnia
705 345 800 379 futura
815 348 888 371 sunt.
903 343 980 369 Hanc
1000 348 1089 369 autem

298 395 443 421 orationem
455 393 482 419 in
498 392 563 420 urbe
574 392 682 425 quidem
703 390 878 417 Naziansena
894 389 1002 423 scripsit
1022 387 1088 415 Gre-

299 441 399 475 gorius,
422 447 512 465 verum
530 439 559 465 in
580 437 667 464 sancti
686 438 812 471 martyris
829 436 975 462 Numantia
993 435 1089 469 templo

298 486 357 513 urbi
377 485 461 512 uicino
480 484 675 519 pronuntiavit,
691 484 771 518 quod,
791 487 816 510 et
832 489 903 513 tunc,
923 487 948 508 et
968 482 996 508 in
1023 482 1091 507 hunc

297 540 377 566 usque
397 532 477 564 diem,
491 531 520 557 in
542 530 682 558 Dominica
702 529 830 556 Paschati
856 528 992 562 proxima.
1018 528 1088 554 mira

298 579 450 605 incolarum
477 577 627 611 frequentia
663 575 824 602 celebratur.
861 576 946 608 Atque
979 573 1030 600 hac
1058 574 1090 600 de

297 630 379 650 causa
406 621 466 648 luet:
481 622 568 648 oratio
580 639 589 653 ,
616 626 645 648 ut
661 621 696 647 ad
710 620 891 653 promiscuam
912 619 1090 653 plebeiamquc

298 668 498 694 multitudinem
527 666 640 698 habita,
659 666 744 701 magis
774 665 808 692 ad
824 665 1038 699 perspicuitatem
1066 668 1091 691 et

298 713 456 748 facilitatem
468 717 646 746 attemperata
660 716 708 745 est,
739 711 848 746 plusque
860 711 976 738 suatorii
988 711 1090 746 generis

298 760 389 792 habet,
402 767 482 794 quam
496 757 709 785 demonstrativi.

334 806 396 834 Col.
413 805 465 832 607
493 804 527 832 Α.
550 804 588 831 De
612 803 746 831 Encreniis
771 803 934 830 honorandi;
958 806 1000 832 tea:
1018 807 1091 830 vetus

299 858 349 884 est,
363 857 417 880 etc.
444 851 585 884 Euctenia,
601 857 665 878 cum
692 849 726 877 de
745 849 847 884 templo
877 848 978 883 agitur,
1006 849 1091 882 prima

301 899 388 933 ipsius
414 897 588 925 consecratio
614 900 679 927 est,
712 895 793 930 paqu
812 900 875 930 post
892 902 974 930 quam
1008 895 1093 929 ipsius

1141 297 1244 323 cithara
1260 296 1377 326 sonabit,
1407 299 1432 322 et
1464 293 1612 328 prtecortlia
1637 301 1698 320 mea
1723 292 1802 325 quasi
1830 299 1934 324 murus,

1141 351 1218 377 quem
1230 341 1410 369 inuocaui".
1425 340 1539 368 Videtur
1551 341 1642 373 itaque
1659 338 1818 372 Theologus
1833 345 1934 364 tereutn

1141 389 1253 424 quidem
1276 395 1291 415 a
1307 387 1439 420 Ieremia,
1467 387 1670 414 innovationem
1698 389 1789 412 autem
1806 385 1841 411 ab
1865 383 1933 410 Isaia

1142 435 1305 470 sumpsisse.
1337 436 1375 460 Ac
1402 433 1519 461 fortasse
1536 434 1628 460 minus
1645 431 1803 459 advertisse
1828 430 1934 457 videtur

1142 480 1311 514 'I‘heologus,
1347 487 1410 506 cum
1439 479 1508 505 muri
1543 477 1750 504 innovationem
1778 475 1813 503 ad
1850 475 1932 502 alium

1142 526 1307 562 prophetam
1327 524 1465 557 retulerit,
1482 531 1537 551 n0n
1559 528 1651 551 autem
1677 524 1710 549 ad
1733 522 1845 552 Isaiam.
1863 521 1935 556 apud

1145 580 1227 606 quem
1258 579 1290 599 ea
1318 571 1464 606 reperitur.
1491 570 1640 596 Enimvero
1665 568 1806 603 prophetae
1831 567 1934 594 dictum

1143 619 1294 652 explicans,
1311 625 1360 653 per
1386 623 1495 644 murum
1517 616 1640 643 animam
1680 613 1832 649 signiﬁcari
1860 613 1934 643 ditll,

1143 672 1205 699 quae
1221 665 1290 691 dura
1320 663 1430 698 quidem
1447 667 1476 690 et
1503 662 1582 689 ﬁrma
1607 665 1651 688 est
1674 661 1750 692 (nam
1779 658 1935 692 huiusmodi

1143 718 1241 738 murus
1254 710 1325 744 est);
1345 716 1427 736 aurea
1441 712 1544 740 autem,
1560 707 1626 742 quia
1643 706 1707 733 teris
1724 711 1836 739 qucque
1850 703 1936 729 toi-ina

1143 756 1204 783 auri
1233 756 1353 782 colorem
1377 754 1480 786 refert;
1503 760 1600 781 recens
1627 755 1719 779 autem
1746 751 1781 778 ad
1807 750 1935 784 pietatem

1144 808 1299 837 compacta,
1315 808 1427 837 propter
1442 801 1662 829 innovationem.
1683 799 1852 826 Dedicantur
1865 797 1937 824 enim

1147 857 1208 884 quae
1230 855 1299 875 nova
1319 852 1395 879 sunt,
1410 854 1442 875 ac
1463 854 1562 874 recens
1578 846 1630 872 lixa
1646 850 1675 872 et
1690 845 1854 872 constituta.
1871 841 1938 868 For-

1147 901 1221 922 tasse
1245 895 1327 922 etiam
1359 893 1412 920 dici
1437 897 1537 927 potest,
1572 891 1625 919 hac
1652 890 1761 918 ratione
1789 889 1937 916 adductum

299 948 449 970 structurae
464 949 562 968 manus
587 945 712 969 extrema
730 943 773 967 est
802 940 943 974 imposita.
958 938 1026 965 Cum
1040 946 1088 965 au-

1147 942 1231 969 luisse
1246 940 1423 976 Gregorium,
1439 943 1470 966 ut
1493 946 1604 965 murum
1630 944 1733 964 meum
1759 935 1935 968 intelligeret,

299 993 351 1015 tem
368 988 402 1014 de
420 987 514 1019 domo,
526 986 613 1021 prima
629 990 671 1013 est
696 985 784 1019 ipsius
801 984 973 1012 inhabitatio.
989 985 1024 1010 At
1039 983 1091 1011 hoc

299 1035 359 1062 loco
376 1034 504 1061 Encaenia
520 1033 692 1068 regeneratio
709 1040 741 1059 ea
757 1036 811 1064 est,
827 1038 910 1066 quam
925 1038 974 1066 per
991 1038 1088 1058 resur-

298 1082 448 1107 rectiOuem
467 1079 675 1112 consequimur,
699 1082 783 1113 atque
806 1077 839 1111 ad
857 1075 1089 1104 immortalitatem

298 1127 504 1154 transmutatio.
536 1124 662 1153 Veterem
689 1132 771 1159 porro
795 1125 893 1158 legem,
911 1121 1091 1150 consuetudi-

299 1180 363 1200 nem
389 1171 509 1207 appellat
523 1171 693 1205 Theologus.
714 1169 892 1197 Consuetudo
903 1170 975 1196 eitim
989 1169 1030 1196 lex
1050 1172 1092 1195 est

298 1225 354 1244 non
373 1218 483 1251 scripta.
501 1215 656 1251 Legemque
674 1216 744 1242 hanc
761 1213 874 1246 laudat.
892 1222 947 1248 qua
963 1213 1090 1241 Encaenia

300 1263 485 1294 honorantur,
510 1266 538 1288 et
554 1262 666 1296 quidem
682 1259 786 1291 laudat,
804 1260 940 1289 calculqu
963 1267 1043 1286 suum
1065 1263 1092 1286 et

299 1308 462 1335 sententiam
480 1307 624 1342 adjiciens,
640 1307 714 1341 quod
733 1307 790 1334 lucc
815 1306 858 1332 lex
875 1305 1005 1340 praeclare
1024 1313 1091 1332 con<

299 1354 396 1381 stituta
411 1353 457 1386 sit,
481 1360 543 1388 quae
567 1352 703 1380 Encaeniis
733 1352 866 1379 honorem
888 1352 982 1378 haberi
1002 1351 1090 1386 jubet.

299 1399 464 1434 Quanquam
481 1407 536 1426 non
553 1400 612 1433 ipsa
627 1398 754 1425 Encamia
777 1399 959 1429 honorantur,
979 1398 1024 1425 sed
1043 1405 1092 1433 po-

301 1446 357 1472 tius
367 1453 410 1472 rcs
432 1452 520 1476 novae,
543 1449 653 1479 propter
670 1451 740 1479 quas
755 1443 881 1471 Encaenia
906 1444 1091 1471 celebramus.

300 1491 384 1526 quue
416 1500 470 1518 non
490 1491 575 1520 semel
601 1493 758 1523 duntaxat,
785 1491 834 1518 sed
869 1491 1022 1526 quotannis
1050 1490 1090 1522 lit,

301 1538 432 1565 nimirqu
449 1546 513 1565 cum
535 1545 568 1564 ex
600 1537 731 1572 temporis
748 1537 936 1570 conversiOne,
960 1537 1012 1564 hoc
1037 1541 1091 1570 est,

302 1585 476 1612 revolutione
496 1583 556 1611 dies
574 1583 643 1615 haec,
659 1591 713 1618 qua
736 1591 780 1610 res
793 1591 825 1610 ea
843 1587 920 1618 gesta
936 1587 988 1615 est,
1005 1583 1092 1610 redie-

304 1630 351 1657 rit.
369 1629 425 1656 Ilac
439 1637 503 1660 vero
515 1628 548 1656 de
563 1636 647 1656 causa
656 1629 757 1662 sa-pius
770 1628 898 1655 Eucaeuia
913 1629 1093 1662 celebramus,

302 1680 331 1702 nt
352 1674 489 1710 praeclara:
507 1682 551 1701 res
573 1675 715 1702 memoria:
741 1675 858 1702 condita:
873 1680 1031 1707 serventur,
1044 1681 1094 1702 nec

302 1719 436 1754 temporis
465 1719 567 1754 injuria
597 1718 811 1752 oblitterentur,
833 1725 916 1754 atque
947 1719 1095 1746 oblivionis

301 1764 407 1800 gurgite
419 1765 571 1792 obscuratae
581 1769 608 1792 et
621 1765 744 1793 obducta:
755 1766 914 1801 obrutaque
926 1766 1094 1793 dilabantur.

309 1810 439 1845 Ἐξίτηλα
463 1817 554 1838 autem
569 1818 601 1838 ea
628 1811 759 1838 dicuntur
775 1813 897 1846 proprie,
915 1819 975 1846 quae
999 1812 1094 1839 ﬂorem

302 1857 465 1889 amiserunt,
483 1861 510 1884 et
527 1862 556 1884 ut
572 1857 694 1884 nominis
713 1862 824 1892 etymon
850 1857 965 1890 indicat,
990 1859 1025 1884 τὰ
1041 1860 1095 1892 ἔξω

301 1904 349 1930 τοῦ
367 1904 522 1940 τεθηλέναι,
540 1905 565 1931 id
581 1909 633 1935 est.
649 1912 709 1939 qua:
722 1905 911 1932 elIIoruerunt.

341 1950 412 1977 Ibid.
440 1949 609 1977 Inueniuntur
635 1951 741 1985 quidem
764 1951 798 1977 ad
812 1950 897 1977 Deum
915 1950 1022 1982 insultc,
1041 1957 1095 1978 etc.

305 1998 327 2022 A
344 1995 485 2030 Scriptura
503 2004 581 2023 sacra
606 1995 798 2023 Encaaniorum
818 1997 979 2024 testimonia
995 1997 1097 2031 produ-

305 2045 352 2070 cit.
369 2043 408 2069 Ac
430 2044 547 2076 primum
564 2042 660 2070 Isaiam
678 2042 791 2077 profert,
810 2051 857 2077 per
868 2051 949 2078 quem
968 2044 1039 2071 Deus
1059 2044 1096 2070 ita

304 2087 424 2122 loquitur
446 2096 453 2114 :
468 2088 637 2115 lnnouamini
653 2089 687 2114 ad
710 2097 768 2120 me,
786 2089 883 2116 insula:
895 2089 929 2116 ":
954 2098 1010 2124 quo
1036 2090 1097 2117 loco

305 2141 352 2166 per
369 2133 483 2166 insulas,
509 2133 631 2167 geritium
661 2135 815 2169 assumptio
826 2135 1009 2169 signillcatur,
1037 2143 1098 2170 qua

306 2185 339 2204 ex
358 2177 425 2204 falsa
441 2182 468 2204 et
491 2186 585 2205 amata
604 2179 766 2207 inﬁdelitate
785 2185 955 2216 emergentes
978 2182 1098 2209 calcabi-

306 2224 401 2250 leniet
419 2224 547 2251 stabilem
566 2225 592 2252 in
607 2225 719 2253 Christo
736 2227 827 2253 sedem
848 2227 995 2262 accipiunt.
1016 2227 1099 2255 Inno-

1107 1619 1129 1648 C

1143 989 1252 1016 etiamsi
1267 988 1319 1014 hoc
1334 987 1367 1014 ad
1384 986 1498 1013 verbum
1515 991 1676 1019 expressum
1693 982 1764 1017 apud
1778 982 1936 1016 prophetam

1145 1042 1199 1060 non
1229 1032 1387 1062 invenerit,
1416 1030 1548 1065 quoniam
1577 1029 1646 1056 dixit
1674 1027 1937 1055 Isaias:Sonaltttnt

1143 1081 1294 1116 praecordia
1321 1087 1379 1106 mea
1407 1078 1484 1113 quasi
1509 1075 1664 1110 inurunt?)
1684 1076 1762 1110 ἠχεῖν
1790 1080 1884 1101 autem
1908 1073 1939 1101 de

1144 1136 1199 1156 rere
1216 1127 1327 1155 dicitur.
1349 1125 1436 1152 Porro
1449 1123 1534 1151 Isaias
1556 1130 1587 1151 se
1611 1121 1793 1149 Moabitarum
1811 1120 1939 1148 cladeset

1144 1175 1317 1203 calamitates
1335 1170 1524 1206 expositurum
1540 1168 1696 1204 profitetur,
1713 1168 1819 1194 cithara
1842 1166 1937 1194 videli-

1145 1226 1190 1249 cet
1204 1225 1287 1254 atque
1300 1225 1434 1253 organum
1447 1216 1566 1250 Spiritus
1579 1215 1668 1242 sancti
1683 1214 1783 1244 lactus,
1803 1213 1838 1240 ab
1851 1220 1938 1247 eoque

1145 1267 1294 1294 innovatus
1305 1269 1333 1292 et
1345 1263 1466 1294 adlatus,
1483 1266 1566 1296 atque
1578 1266 1607 1287 et
1619 1265 1742 1286 ventrem
1758 1264 1786 1286 et
1798 1259 1936 1289 intestina,

1145 1313 1197 1341 hoc
1226 1315 1287 1343 est,
1315 1308 1499 1345 cogitationes
1525 1311 1554 1334 et
1581 1305 1752 1340 intelligendi
1780 1304 1936 1331 facultatem

1145 1360 1234 1387 instar
1257 1358 1328 1385 muri
1353 1355 1497 1392 cujusdam
1527 1352 1753 1388 inexpugnabilis
1778 1352 1880 1379 habere
1909 1359 1938 1378 se

1145 1407 1222 1437 dicit,
1239 1413 1274 1432 ne
1289 1403 1418 1431 videlicet
1444 1402 1479 1429 ad
1493 1407 1555 1429 eam
1574 1400 1757 1434 cogitationes
1775 1399 1852 1425 mala:
1879 1398 1937 1424 ulto

1145 1453 1229 1480 modo
1247 1451 1370 1485 irrepere
1386 1449 1505 1484 possint.

1181 1498 1240 1525 Col.
1261 1497 1314 1524 607
1328 1496 1357 1523 Β.
1375 1495 1415 1522 Ad
1426 1495 1481 1522 haec
1493 1495 1626 1522 canticum
1642 1501 1738 1521 novum
1748 1492 1872 1522 Domino,
1882 1496 1936 1517 etc.

1147 1544 1231 1572 David
1254 1551 1335 1570 crux
1346 1542 1420 1569 Psal.
1448 1541 1509 1569 ait:
1525 1541 1641 1568 Caritate
1668 1539 1782 1567 Domino
1804 1537 1939 1564 canticum

1147 1599 1254 1617 narum.
1277 1590 1325 1616 list
1347 1592 1439 1615 autem
1457 1589 1595 1615 Canticum
1617 1595 1730 1618 novum,
1747 1586 1769 1613 si
1794 1585 1938 1612 historiam

1147 1641 1264 1671 spectes,
1281 1635 1429 1670 praeclarus
1457 1634 1503 1661 ille
1522 1637 1550 1661 et
1580 1633 1696 1668 insignis
1720 1637 1827 1662 cantus,
1842 1631 1889 1665 qui
1905 1630 1940 1657 ob

1147 1689 1308 1717 prosperum
1327 1681 1473 1715 quemdam
1502 1687 1662 1707 successum
1687 1686 1718 1705 ac
1734 1678 1879 1705 victoriam
1893 1684 1940 1703 ca~

1147 1729 1223 1755 nitur
1237 1737 1244 1755 ι
1266 1728 1288 1754 si
1306 1733 1396 1754 autem
1412 1726 1589 1761 allegoriCum
1604 1732 1714 1753 sensum
1731 1731 1852 1759 qumras,
1870 1721 1940 1750 Novi

1147 1774 1314 1802 Tcstamenti
1335 1775 1438 1801 cantio.
1465 1772 1535 1800 Tum
1560 1773 1634 1800 enim
1653 1779 1721 1798 nova
1746 1770 1841 1797 omnia
1865 1770 1939 1796 facta

1147 1828 1222 1854 sunt,
1246 1827 1273 1850 et
1297 1826 1423 1850 creatura
1450 1828 1533 1852 nova,
1551 1825 1580 1849 et
1612 1827 1700 1847 novus
1723 1819 1816 1852 homo,
1840 1822 1868 1844 et
1883 1817 1941 1844 vita

1147 1877 1228 1902 nova,
1247 1873 1274 1896 et
1298 1875 1367 1895 nova
1385 1867 1527 1900 mandata,
1544 1871 1572 1894 et
1598 1873 1667 1894 nova
1688 1866 1788 1900 gratia,
1809 1869 1837 1891 et
1865 1871 1941 1890 nova:

1147 1915 1372 1951 pollicitationes,
1389 1918 1416 1941 et
1438 1921 1510 1940 nova
1530 1917 1716 1942 sacramenta,
1731 1916 1759 1938 et
1777 1918 1847 1938 nova
1872 1918 1942 1945 prae-

1149 1967 1238 1999 cepta.
1263 1961 1354 1996 Atque
1393 1967 1426 1986 eo
1454 1959 1568 1986 nomine
1598 1957 1704 1985 Novum
1731 1956 1941 1985 Testamentum

1148 2007 1261 2038 dicitur,
1282 2014 1336 2033 non
1351 2006 1440 2034 solum
1462 2014 1476 2032 a
1497 2010 1631 2040 tempore,
1646 2003 1694 2032 sed
1712 2004 1794 2031 etiam
1808 2010 1824 2030 a
1840 2007 1942 2029 natura

1149 2061 1244 2081 earum
1264 2059 1367 2084 rerum,
1383 2059 1445 2087 quae
1463 2052 1490 2078 in
1511 2059 1544 2078 eo
1556 2051 1741 2085 contigerunt,
1756 2049 1939 2084 quandoqui-

1149 2100 1212 2127 dem
1241 2099 1333 2126 omnia
1357 2100 1485 2126 innovata
1511 2103 1585 2129 sunt,
1611 2101 1639 2124 et
1664 2097 1692 2123 in
1723 2096 1818 2131 primis
1847 2097 1942 2128 homo,

1152 2151 1262 2181 propter
1276 2153 1358 2181 quem
1377 2145 1469 2172 omnia
1485 2145 1662 2172 exstiterunt.
1680 2143 1714 2170 Et
1734 2142 1844 2177 quidem
1862 2144 1942 2177 juxta

1152 2193 1307 2224 historiam,
1326 2192 1457 2226 quoniam
1483 2198 1515 2218 ex
1543 2189 1669 2218 Hebraeis
1687 2189 1733 2216 alii
1757 2188 1858 2223 captivi
1889 2187 1944 2214 Ba-

1152 2238 1277 2273 bylonem
1296 2238 1406 2265 abducti
1424 2241 1497 2269 sunt,
1513 2244 1546 2263 ac
1573 2243 1670 2263 rursus
1686 2235 1755 2263 salvi
1782 2239 1810 2262 et
1836 2234 1944 2260 incolu-

306 2270 418 2301 camini,
436 2270 520 2304 igitur
531 2271 635 2303 insulw,
648 2272 744 2306 inquit,
760 2272 812 2300 hoc
822 2277 875 2306 est,
893 2279 1054 2302 vetustatem
1065 2283 1093 2303 ex

1153 2291 1211 2310 mes
1244 2283 1461 2318 Hierosolymam
1483 2282 1636 2313 redierunt,
1665 2280 1710 2308 alii
1741 2279 1945 2314 Hierosolymis

307 2323 400 2344 errore
423 2321 450 2343 et
470 2323 582 2351 peccato
600 2324 771 2345 contractam
803 2326 818 2346 a
848 2321 978 2348 cordibus
994 2322 1096 2349 vestris

307 2361 408 2396 t'jicite,
425 2370 457 2390 ac
473 2371 520 2397 per
541 2365 728 2398 paenitentiam
755 2371 782 2393 ct
813 2366 892 2394 liu’em
913 2367 1097 2395 innovamini.

343 2409 412 2436 Ibid.
451 2408 603 2436 lnnuvutur
643 2412 724 2437 etiam
757 2412 829 2446 apud
868 2412 953 2440 alium
983 2413 1098 2449 prophe-

310 2460 364 2480 tmn
378 2454 446 2490 ('25),
457 2460 509 2482 etc.
526 2455 619 2483 Murus
633 2458 742 2491 quidem
760 2466 847 2485 a-reus
860 2459 932 2494 apud
951 2458 1097 2488 Jeremiam

310 2501 445 2534 reperitur
464 2508 471 2527 :
499 2500 567 2527 Ecce
584 2503 668 2534 enim,
689 2503 788 2538 inquit,
813 2506 889 2537 posui
916 2511 940 2532 te
959 2511 986 2532 ut
1007 2506 1101 2533 civita-

311 2549 362 2570 tem
380 2546 521 2579 nrunitam,
539 2552 562 2572 et
577 2552 605 2573 ut
621 2556 726 2574 murum
738 2550 877 2578 cereum“.
899 2551 993 2579 Murus
1008 2558 1099 2579 autem

312 2591 459 2619 innovatus
477 2594 652 2628 simpliciter,
669 2603 701 2622 ac
715 2605 769 2623 non
791 2605 879 2625 aureus
901 2599 974 2633 apud
1002 2600 1099 2627 Isaiam

345 2671 368 2687 "
385 2671 438 2698 Isa.
455 2680 509 2704 ης,
529 2673 555 2700 1.
592 2673 614 2689 ⁸⁸
628 2673 728 2702 Jerem.
743 2683 762 2707 1,
780 2676 823 2704 I8.
861 2677 884 2693 ⁸⁵
901 2677 954 2704 lsa.
972 2686 1027 2710 xvt,
1044 2678 1087 2714 Il‘.

349 2740 404 2781 (25:)
426 2740 511 2773 Apurlx
522 2741 605 2768 alium
623 2747 795 2781 prop/letam.
826 2746 927 2781 Duplici
953 2747 986 2774 de
1015 2756 1100 2776 causa

315 2775 453 2813 propheta:
480 2785 578 2803 nomen
607 2775 716 2805 silentio
734 2775 944 2813 pressum'esse
958 2785 1078 2810 arbitror
1094 2793 1101 2811 :

314 2811 503 2852 velutlectum
519 2812 628 2845 quidem
641 2820 656 2840 a
670 2811 815 2852 scriptore,
828 2821 956 2844 caeterum
972 2818 1102 2852 prudenti

315 2845 431 2888 consilio
443 2847 569 2888 tacitum,
586 2851 616 2875 ut
636 2845 857 2888 animu's_noster
876 2853 909 2879 ad
927 2845 1022 2880 eor-um
1044 2861 1105 2888 qua:

317 2885 528 2922 commemorata
546 2888 620 2915 sunt,
644 2883 845 2922 indagationem
870 2883 1105 2922 exstimularelur,

315 2913 359 2939 νει
379 2917 480 2950 Ponus.
509 2923 539 2944 Ill.
567 2913 682 2952 prorsus
699 2913 1106 2956 iicoguitum,qualiamet‘alia

1153 2334 1473 2364 manseruntmtrosque
1503 2327 1588 2355 David
1620 2328 1655 2355 ad
1680 2334 1780 2354 novum
1804 2325 1943 2354 canticum

1153 2376 1353 2403 decantandum
1367 2376 1539 2407 cohortatur,
1550 2375 1620 2402 alios
1630 2374 1703 2409 quod
1716 2374 1742 2400 in
1757 2373 1855 2408 patriis
1870 2372 1945 2399 sedi-

1154 2421 1206 2448 bus
1221 2421 1381 2453 manserint,
1396 2421 1465 2447 alios
1478 2420 1550 2455 quod
1572 2420 1599 2446 in
1619 2421 1735 2454 patriam
1757 2419 1863 2446 reversi
1875 2419 1943 2445 sint.

1154 2467 1189 2493 At
1199 2467 1277 2502 juxta
1304 2466 1483 2502 anagogicum
1507 2474 1630 2498 sensum,
1648 2466 1765 2501 Babylon
1780 2470 1822 2493 est
1843 2463 1945 2492 confu-

1153 2511 1204 2542 sio,
1221 2516 1249 2537 et
1260 2511 1361 2537 mentis
1380 2510 1540 2538 obscuratio
1559 2518 1574 2537 a
1589 2510 1707 2538 turbidis
1723 2510 1806 2537 animi
1823 2510 1946 2536 nmtibus

1152 2563 1185 2582 ac
1205 2556 1457 2590 perturbationibus
1479 2556 1588 2589 injecta.
1617 2556 1736 2592 Babylon
1754 2555 1828 2582 enim
1845 2555 1946 2582 coniu-

1152 2602 1258 2628 sionem
1276 2606 1367 2629 sonat.
1387 2601 1538 2629 Jerusalem
1559 2606 1651 2629 autem
1675 2606 1717 2628 est
1735 2601 1902 2636 tranquillus
1918 2604 1947 2627 et

1151 2749 1245 2781 verba.
1257 2758 1319 2785 quae
1332 2749 1461 2778 similiter
1475 2753 1504 2777 ut
1524 2750 1681 2784 prophetica
1698 2748 1948 2776 circumferuntur.

1152 2790 1234 2819 atque
1262 2786 1441 2816 scribuntur,
1469 2793 1520 2813 nec
1537 2791 1626 2812 tanien
1652 2793 1769 2818 usquam
1787 2792 1881 2811 eorum
1895 2792 1950 2811 no-

1153 2821 1227 2847 mina
1251 2826 1380 2854 exstant,
1402 2825 1449 2848 aut
1476 2825 1572 2848 contra
1600 2820 1772 2847 exstantibus
1800 2825 1949 2847 auctorum

1156 2856 1326 2889 nominibus,
1338 2856 1439 2890 scripta
1453 2856 1510 2890 ipsa
1529 2856 1742 2882 interciderunt.
1757 2855 1855 2889 Neque
1870 2855 1949 2882 enim

1155 2891 1306 2918 verisimile
1319 2897 1361 2919 est
1391 2899 1474 2924 eum,
1505 2891 1528 2918 si
1552 2891 1742 2925 propheticum
1767 2892 1819 2918 hoc
1843 2897 1950 2917 nomen

1159 2927 1300 2960 cognitum
1318 2926 1472 2960 habuisset,
1486 2926 1553 2954 illud
1577 2934 1627 2954 nos
1641 2925 1794 2954 celaturum
1812 2925 1910 2953 fuisse.
