  <div class='ocr_page' id='page_1' title='image "/cluster/home/n/w/nwhite01/storage/ocr_20150623/127/njp.32101077773040/834.png"; bbox 0 0 2058 3159; ppageno 0'>
   <div class='ocr_carea' id='block_1_1' title="bbox 133 209 201 241">
    <p class='ocr_par' dir='ltr' id='par_1_1' title="bbox 133 209 201 241">
     <span class='ocr_line' id='line_1_1' title="bbox 133 209 201 241; baseline 0 0"><span class='ocrx_word' id='word_1_1' title='bbox 133 209 201 241; x_wconf 83' lang='lat' dir='ltr'><strong>I-Il3</strong></span> 
     </span>
    </p>
   </div>
   <div class='ocr_carea' id='block_1_2' title="bbox 589 211 1258 244">
    <p class='ocr_par' dir='ltr' id='par_1_2' title="bbox 589 211 1258 244">
     <span class='ocr_line' id='line_1_2' title="bbox 589 211 1258 244; baseline 0.003 -4"><span class='ocrx_word' id='word_1_2' title='bbox 589 211 751 242; x_wconf 78' lang='lat' dir='ltr'><strong>NICETAS</strong></span> <span class='ocrx_word' id='word_1_3' title='bbox 772 212 813 242; x_wconf 86' lang='lat' dir='ltr'><strong>IN</strong></span> <span class='ocrx_word' id='word_1_4' title='bbox 833 212 945 243; x_wconf 83' lang='lat' dir='ltr'><strong>ORAT.</strong></span> <span class='ocrx_word' id='word_1_5' title='bbox 968 213 1071 242; x_wconf 81' lang='lat' dir='ltr'><strong>XLIII</strong></span> <span class='ocrx_word' id='word_1_6' title='bbox 1091 213 1123 243; x_wconf 92' lang='lat' dir='ltr'><strong>S.</strong></span> <span class='ocrx_word' id='word_1_7' title='bbox 1143 213 1258 244; x_wconf 80' lang='lat' dir='ltr'><strong>GREG.</strong></span> 
     </span>
    </p>
   </div>
   <div class='ocr_carea' id='block_1_3' title="bbox 1693 213 1762 246">
    <p class='ocr_par' dir='ltr' id='par_1_3' title="bbox 1693 213 1762 246">
     <span class='ocr_line' id='line_1_3' title="bbox 1693 213 1762 246; baseline -0.014 -1"><span class='ocrx_word' id='word_1_8' title='bbox 1693 213 1762 246; x_wconf 58' lang='lat' dir='ltr'><strong>Illi</strong></span> 
     </span>
    </p>
   </div>
   <div class='ocr_carea' id='block_1_4' title="bbox 131 265 1766 303">
    <p class='ocr_par' dir='ltr' id='par_1_4' title="bbox 131 265 1766 303">
     <span class='ocr_line' id='line_1_4' title="bbox 131 265 1766 303; baseline 0.001 -9"><span class='ocrx_word' id='word_1_9' title='bbox 131 271 243 302; x_wconf 79' lang='lat' dir='ltr'><strong>pacatus</strong></span> <span class='ocrx_word' id='word_1_10' title='bbox 256 265 353 292; x_wconf 71' lang='lat' dir='ltr'><strong>anima:</strong></span> <span class='ocrx_word' id='word_1_11' title='bbox 367 269 466 296; x_wconf 77' lang='lat' dir='ltr'><strong>status,</strong></span> <span class='ocrx_word' id='word_1_12' title='bbox 484 270 567 299; x_wconf 86' lang='lat' dir='ltr'><strong>atque</strong></span> <span class='ocrx_word' id='word_1_13' title='bbox 580 266 614 293; x_wconf 82' lang='lat' dir='ltr'><strong>ab</strong></span> <span class='ocrx_word' id='word_1_14' title='bbox 637 266 783 294; x_wconf 69' lang='lat' dir='ltr'><strong>adectuum</strong></span> <span class='ocrx_word' id='word_1_15' title='bbox 800 268 920 295; x_wconf 92' lang='lat' dir='ltr'><strong>tumultu</strong></span> <span class='ocrx_word' id='word_1_16' title='bbox 935 270 959 298; x_wconf 76' lang='grc' dir='ltr'><strong>Α</strong></span> <span class='ocrx_word' id='word_1_17' title='bbox 974 267 1046 302; x_wconf 89' lang='lat' dir='ltr'><strong>quod</strong></span> <span class='ocrx_word' id='word_1_18' title='bbox 1062 266 1134 294; x_wconf 84' lang='lat' dir='ltr'><strong>Deus</strong></span> <span class='ocrx_word' id='word_1_19' title='bbox 1157 267 1238 294; x_wconf 84' lang='lat' dir='ltr'><strong>Pater</strong></span> <span class='ocrx_word' id='word_1_20' title='bbox 1265 266 1335 294; x_wconf 90' lang='lat' dir='ltr'><strong>bona</strong></span> <span class='ocrx_word' id='word_1_21' title='bbox 1362 271 1499 295; x_wconf 62' lang='lat' dir='ltr'><strong>votuntate</strong></span> <span class='ocrx_word' id='word_1_22' title='bbox 1520 270 1701 303; x_wconf 87' lang='lat' dir='ltr'><strong>comprobans</strong></span> <span class='ocrx_word' id='word_1_23' title='bbox 1720 277 1766 296; x_wconf 85' lang='lat' dir='ltr'><strong>os-</strong></span> 
     </span>
    </p>
   </div>
   <div class='ocr_carea' id='block_1_5' title="bbox 131 310 918 348">
    <p class='ocr_par' dir='ltr' id='par_1_5' title="bbox 131 310 918 348">
     <span class='ocr_line' id='line_1_5' title="bbox 131 310 918 348; baseline 0.003 -9"><span class='ocrx_word' id='word_1_24' title='bbox 131 320 162 339; x_wconf 83' lang='lat' dir='ltr'><strong>ac</strong></span> <span class='ocrx_word' id='word_1_25' title='bbox 180 313 294 346; x_wconf 86' lang='lat' dir='ltr'><strong>strepitu</strong></span> <span class='ocrx_word' id='word_1_26' title='bbox 316 312 394 338; x_wconf 89' lang='lat' dir='ltr'><strong>liber.</strong></span> <span class='ocrx_word' id='word_1_27' title='bbox 412 310 561 338; x_wconf 72' lang='lat' dir='ltr'><strong>Jerusalem</strong></span> <span class='ocrx_word' id='word_1_28' title='bbox 579 312 663 343; x_wconf 88' lang='lat' dir='ltr'><strong>enim,</strong></span> <span class='ocrx_word' id='word_1_29' title='bbox 680 313 702 340; x_wconf 87' lang='lat' dir='ltr'><strong>si</strong></span> <span class='ocrx_word' id='word_1_30' title='bbox 719 313 918 348; x_wconf 87' lang='lat' dir='ltr'><strong>interpreteris,</strong></span> 
     </span>
    </p>
   </div>
   <div class='ocr_carea' id='block_1_6' title="bbox 131 357 920 394">
    <p class='ocr_par' dir='ltr' id='par_1_6' title="bbox 131 357 920 394">
     <span class='ocr_line' id='line_1_6' title="bbox 131 357 920 394; baseline 0.005 -11"><span class='ocrx_word' id='word_1_31' title='bbox 131 359 206 392; x_wconf 82' lang='lat' dir='ltr'><strong>pacis</strong></span> <span class='ocrx_word' id='word_1_32' title='bbox 235 358 366 384; x_wconf 74' lang='lat' dir='ltr'><strong>visionem</strong></span> <span class='ocrx_word' id='word_1_33' title='bbox 396 357 542 392; x_wconf 81' lang='lat' dir='ltr'><strong>significat.</strong></span> <span class='ocrx_word' id='word_1_34' title='bbox 572 357 808 390; x_wconf 85' lang='lat' dir='ltr'><strong>Quemadmodum</strong></span> <span class='ocrx_word' id='word_1_35' title='bbox 836 360 920 394; x_wconf 93' lang='lat' dir='ltr'><strong>igitur</strong></span> 
     </span>
    </p>
   </div>
   <div class='ocr_carea' id='block_1_7' title="bbox 131 402 919 433">
    <p class='ocr_par' dir='ltr' id='par_1_7' title="bbox 131 402 919 433">
     <span class='ocr_line' id='line_1_7' title="bbox 131 402 919 433; baseline 0.004 -3"><span class='ocrx_word' id='word_1_36' title='bbox 131 409 195 431; x_wconf 93' lang='lat' dir='ltr'><strong>tunc</strong></span> <span class='ocrx_word' id='word_1_37' title='bbox 213 404 254 430; x_wconf 80' lang='lat' dir='ltr'><strong>fas</strong></span> <span class='ocrx_word' id='word_1_38' title='bbox 272 410 325 430; x_wconf 92' lang='lat' dir='ltr'><strong>non</strong></span> <span class='ocrx_word' id='word_1_39' title='bbox 339 407 398 430; x_wconf 90' lang='lat' dir='ltr'><strong>erat</strong></span> <span class='ocrx_word' id='word_1_40' title='bbox 412 402 512 430; x_wconf 69' lang='lat' dir='ltr'><strong>Iudaeis</strong></span> <span class='ocrx_word' id='word_1_41' title='bbox 526 403 633 430; x_wconf 82' lang='lat' dir='ltr'><strong>divinos</strong></span> <span class='ocrx_word' id='word_1_42' title='bbox 649 409 745 432; x_wconf 84' lang='lat' dir='ltr'><strong>cantus</strong></span> <span class='ocrx_word' id='word_1_43' title='bbox 762 405 788 432; x_wconf 91' lang='lat' dir='ltr'><strong>in</strong></span> <span class='ocrx_word' id='word_1_44' title='bbox 805 406 919 433; x_wconf 84' lang='lat' dir='ltr'><strong>barbara</strong></span> 
     </span>
    </p>
   </div>
   <div class='ocr_carea' id='block_1_8' title="bbox 130 449 920 481">
    <p class='ocr_par' dir='ltr' id='par_1_8' title="bbox 130 449 920 481">
     <span class='ocr_line' id='line_1_8' title="bbox 130 449 920 481; baseline 0.005 -5"><span class='ocrx_word' id='word_1_45' title='bbox 130 454 201 476; x_wconf 86' lang='lat' dir='ltr'><strong>terra</strong></span> <span class='ocrx_word' id='word_1_46' title='bbox 217 455 339 481; x_wconf 81' lang='lat' dir='ltr'><strong>cantare,</strong></span> <span class='ocrx_word' id='word_1_47' title='bbox 359 450 468 476; x_wconf 86' lang='lat' dir='ltr'><strong>tametsi</strong></span> <span class='ocrx_word' id='word_1_48' title='bbox 488 449 541 476; x_wconf 84' lang='lat' dir='ltr'><strong>illis</strong></span> <span class='ocrx_word' id='word_1_49' title='bbox 558 449 742 478; x_wconf 87' lang='lat' dir='ltr'><strong>instrumenta</strong></span> <span class='ocrx_word' id='word_1_50' title='bbox 769 459 824 479; x_wconf 92' lang='lat' dir='ltr'><strong>non</strong></span> <span class='ocrx_word' id='word_1_51' title='bbox 841 452 920 480; x_wconf 86' lang='lat' dir='ltr'><strong>dees-</strong></span> 
     </span>
    </p>
   </div>
   <div class='ocr_carea' id='block_1_9' title="bbox 130 495 919 527">
    <p class='ocr_par' dir='ltr' id='par_1_9' title="bbox 130 495 919 527">
     <span class='ocr_line' id='line_1_9' title="bbox 130 495 919 527; baseline 0.003 -5"><span class='ocrx_word' id='word_1_52' title='bbox 130 500 203 526; x_wconf 83' lang='lat' dir='ltr'><strong>sent,</strong></span> <span class='ocrx_word' id='word_1_53' title='bbox 221 503 315 522; x_wconf 86' lang='lat' dir='ltr'><strong>verum</strong></span> <span class='ocrx_word' id='word_1_54' title='bbox 334 495 462 522; x_wconf 81' lang='lat' dir='ltr'><strong>dicebant</strong></span> <span class='ocrx_word' id='word_1_55' title='bbox 479 503 486 521; x_wconf 85' lang='lat'><strong>:</strong></span> <span class='ocrx_word' id='word_1_56' title='bbox 508 495 645 527; x_wconf 72' lang='lat' dir='ltr'><strong>Quomodo</strong></span> <span class='ocrx_word' id='word_1_57' title='bbox 671 497 838 524; x_wconf 72' lang='lat' dir='ltr'><strong>cantabimus</strong></span> <span class='ocrx_word' id='word_1_58' title='bbox 854 506 919 524; x_wconf 86' lang='lat' dir='ltr'><strong>can-</strong></span> 
     </span>
    </p>
   </div>
   <div class='ocr_carea' id='block_1_10' title="bbox 130 541 918 578">
    <p class='ocr_par' dir='ltr' id='par_1_10' title="bbox 130 541 918 578">
     <span class='ocr_line' id='line_1_10' title="bbox 130 541 918 578; baseline 0.005 -11"><span class='ocrx_word' id='word_1_59' title='bbox 130 542 210 567; x_wconf 83' lang='lat' dir='ltr'><strong>ticum</strong></span> <span class='ocrx_word' id='word_1_60' title='bbox 229 541 334 567; x_wconf 82' lang='lat' dir='ltr'><strong>Domini</strong></span> <span class='ocrx_word' id='word_1_61' title='bbox 362 541 389 567; x_wconf 85' lang='lat' dir='ltr'><strong>in</strong></span> <span class='ocrx_word' id='word_1_62' title='bbox 415 546 489 568; x_wconf 81' lang='lat' dir='ltr'><strong>terra</strong></span> <span class='ocrx_word' id='word_1_63' title='bbox 516 541 654 569; x_wconf 48' lang='lat' dir='ltr'><strong>aliena“;</strong></span> <span class='ocrx_word' id='word_1_64' title='bbox 685 543 724 570; x_wconf 86' lang='lat' dir='ltr'><strong>sic</strong></span> <span class='ocrx_word' id='word_1_65' title='bbox 742 551 792 570; x_wconf 90' lang='lat' dir='ltr'><strong>nec</strong></span> <span class='ocrx_word' id='word_1_66' title='bbox 820 545 918 578; x_wconf 87' lang='lat' dir='ltr'><strong>nobis,</strong></span> 
     </span>
    </p>
   </div>
   <div class='ocr_carea' id='block_1_11' title="bbox 129 587 919 623">
    <p class='ocr_par' dir='ltr' id='par_1_11' title="bbox 129 587 919 623">
     <span class='ocr_line' id='line_1_11' title="bbox 129 587 919 623; baseline 0.004 -10"><span class='ocrx_word' id='word_1_67' title='bbox 129 587 236 613; x_wconf 83' lang='lat' dir='ltr'><strong>etiamsi</strong></span> <span class='ocrx_word' id='word_1_68' title='bbox 254 595 285 614; x_wconf 91' lang='lat' dir='ltr'><strong>os</strong></span> <span class='ocrx_word' id='word_1_69' title='bbox 299 594 331 614; x_wconf 85' lang='lat' dir='ltr'><strong>ac</strong></span> <span class='ocrx_word' id='word_1_70' title='bbox 343 587 551 622; x_wconf 55' lang='lat' dir='ltr'><strong>linguampqua:</strong></span> <span class='ocrx_word' id='word_1_71' title='bbox 569 589 704 615; x_wconf 83' lang='lat' dir='ltr'><strong>sermonis</strong></span> <span class='ocrx_word' id='word_1_72' title='bbox 720 595 821 623; x_wconf 85' lang='lat' dir='ltr'><strong>organa</strong></span> <span class='ocrx_word' id='word_1_73' title='bbox 845 596 919 622; x_wconf 88' lang='lat' dir='ltr'><strong>sunt,</strong></span> 
     </span>
    </p>
   </div>
   <div class='ocr_carea' id='block_1_12' title="bbox 133 631 917 667">
    <p class='ocr_par' dir='ltr' id='par_1_12' title="bbox 133 631 917 667">
     <span class='ocr_line' id='line_1_12' title="bbox 133 631 917 667; baseline 0.005 -10"><span class='ocrx_word' id='word_1_74' title='bbox 133 632 292 665; x_wconf 78' lang='lat' dir='ltr'><strong>habeamus,</strong></span> <span class='ocrx_word' id='word_1_75' title='bbox 321 631 362 659; x_wconf 88' lang='lat' dir='ltr'><strong>fas</strong></span> <span class='ocrx_word' id='word_1_76' title='bbox 377 635 418 658; x_wconf 82' lang='lat' dir='ltr'><strong>est</strong></span> <span class='ocrx_word' id='word_1_77' title='bbox 445 632 570 659; x_wconf 75' lang='lat' dir='ltr'><strong>libertate</strong></span> <span class='ocrx_word' id='word_1_78' title='bbox 597 631 725 667; x_wconf 89' lang='lat' dir='ltr'><strong>loquendi</strong></span> <span class='ocrx_word' id='word_1_79' title='bbox 745 635 805 667; x_wconf 89' lang='lat' dir='ltr'><strong>uti,</strong></span> <span class='ocrx_word' id='word_1_80' title='bbox 822 634 848 661; x_wconf 95' lang='lat' dir='ltr'><strong>id</strong></span> <span class='ocrx_word' id='word_1_81' title='bbox 866 639 917 667; x_wconf 85' lang='lat' dir='ltr'><strong>est,</strong></span> 
     </span>
    </p>
   </div>
   <div class='ocr_carea' id='block_1_13' title="bbox 129 678 918 714">
    <p class='ocr_par' dir='ltr' id='par_1_13' title="bbox 129 678 918 714">
     <span class='ocr_line' id='line_1_13' title="bbox 129 678 918 714; baseline 0.003 -9"><span class='ocrx_word' id='word_1_82' title='bbox 129 679 244 706; x_wconf 88' lang='lat' dir='ltr'><strong>lidenter</strong></span> <span class='ocrx_word' id='word_1_83' title='bbox 259 686 291 706; x_wconf 88' lang='lat' dir='ltr'><strong>ac</strong></span> <span class='ocrx_word' id='word_1_84' title='bbox 314 679 402 706; x_wconf 81' lang='lat' dir='ltr'><strong>libere</strong></span> <span class='ocrx_word' id='word_1_85' title='bbox 424 678 512 714; x_wconf 88' lang='lat' dir='ltr'><strong>ipsius</strong></span> <span class='ocrx_word' id='word_1_86' title='bbox 534 679 668 706; x_wconf 82' lang='lat' dir='ltr'><strong>auxilium</strong></span> <span class='ocrx_word' id='word_1_87' title='bbox 685 687 809 714; x_wconf 76' lang='lat' dir='ltr'><strong>quazrere</strong></span> <span class='ocrx_word' id='word_1_88' title='bbox 836 684 918 714; x_wconf 87' lang='lat' dir='ltr'><strong>atque</strong></span> 
     </span>
    </p>
   </div>
   <div class='ocr_carea' id='block_1_14' title="bbox 129 724 919 760">
    <p class='ocr_par' dir='ltr' id='par_1_14' title="bbox 129 724 919 760">
     <span class='ocr_line' id='line_1_14' title="bbox 129 724 919 760; baseline 0.004 -10"><span class='ocrx_word' id='word_1_89' title='bbox 129 724 287 758; x_wconf 81' lang='lat' dir='ltr'><strong>implorare,</strong></span> <span class='ocrx_word' id='word_1_90' title='bbox 303 725 425 760; x_wconf 84' lang='lat' dir='ltr'><strong>quantliu</strong></span> <span class='ocrx_word' id='word_1_91' title='bbox 439 729 562 759; x_wconf 85' lang='lat' dir='ltr'><strong>peccato,</strong></span> <span class='ocrx_word' id='word_1_92' title='bbox 573 732 627 759; x_wconf 91' lang='lat' dir='ltr'><strong>quo</strong></span> <span class='ocrx_word' id='word_1_93' title='bbox 643 726 709 752; x_wconf 91' lang='lat' dir='ltr'><strong>nulli</strong></span> <span class='ocrx_word' id='word_1_94' title='bbox 720 725 828 753; x_wconf 85' lang='lat' dir='ltr'><strong>barbari</strong></span> <span class='ocrx_word' id='word_1_95' title='bbox 843 734 919 753; x_wconf 85' lang='lat' dir='ltr'><strong>acer—</strong></span> 
     </span>
    </p>
   </div>
   <div class='ocr_carea' id='block_1_15' title="bbox 129 769 918 807">
    <p class='ocr_par' dir='ltr' id='par_1_15' title="bbox 129 769 918 807">
     <span class='ocr_line' id='line_1_15' title="bbox 129 769 918 807; baseline 0.006 -12"><span class='ocrx_word' id='word_1_96' title='bbox 129 769 220 797; x_wconf 86' lang='lat' dir='ltr'><strong>biores</strong></span> <span class='ocrx_word' id='word_1_97' title='bbox 250 772 357 806; x_wconf 84' lang='lat' dir='ltr'><strong>tyranni</strong></span> <span class='ocrx_word' id='word_1_98' title='bbox 383 777 460 805; x_wconf 89' lang='lat' dir='ltr'><strong>sunt,</strong></span> <span class='ocrx_word' id='word_1_99' title='bbox 490 773 680 806; x_wconf 85' lang='lat' dir='ltr'><strong>servierimus,</strong></span> <span class='ocrx_word' id='word_1_100' title='bbox 698 780 780 807; x_wconf 84' lang='lat' dir='ltr'><strong>atquc</strong></span> <span class='ocrx_word' id='word_1_101' title='bbox 809 773 837 800; x_wconf 94' lang='lat' dir='ltr'><strong>in</strong></span> <span class='ocrx_word' id='word_1_102' title='bbox 864 773 918 800; x_wconf 87' lang='lat' dir='ltr'><strong>alia</strong></span> 
     </span>
    </p>
   </div>
   <div class='ocr_carea' id='block_1_16' title="bbox 129 815 919 854">
    <p class='ocr_par' dir='ltr' id='par_1_16' title="bbox 129 815 919 854">
     <span class='ocr_line' id='line_1_16' title="bbox 129 815 919 854; baseline 0.006 -13"><span class='ocrx_word' id='word_1_103' title='bbox 129 815 270 849; x_wconf 81' lang='lat' dir='ltr'><strong>republica</strong></span> <span class='ocrx_word' id='word_1_104' title='bbox 294 817 440 846; x_wconf 87' lang='lat' dir='ltr'><strong>fuerimus.</strong></span> <span class='ocrx_word' id='word_1_105' title='bbox 456 818 492 846; x_wconf 93' lang='lat' dir='ltr'><strong>Os</strong></span> <span class='ocrx_word' id='word_1_106' title='bbox 506 818 578 845; x_wconf 85' lang='lat' dir='ltr'><strong>enirn</strong></span> <span class='ocrx_word' id='word_1_107' title='bbox 610 819 691 846; x_wconf 88' lang='lat' dir='ltr'><strong>nobis</strong></span> <span class='ocrx_word' id='word_1_108' title='bbox 713 819 846 854; x_wconf 76' lang='lat' dir='ltr'><strong>Propheta</strong></span> <span class='ocrx_word' id='word_1_109' title='bbox 869 820 919 846; x_wconf 91' lang='lat' dir='ltr'><strong>ob-</strong></span> 
     </span>
    </p>
   </div>
   <div class='ocr_carea' id='block_1_17' title="bbox 129 862 919 898">
    <p class='ocr_par' dir='ltr' id='par_1_17' title="bbox 129 862 919 898">
     <span class='ocr_line' id='line_1_17' title="bbox 129 862 919 898; baseline 0.005 -11"><span class='ocrx_word' id='word_1_110' title='bbox 129 862 213 888; x_wconf 77' lang='lat' dir='ltr'><strong>struit</strong></span> <span class='ocrx_word' id='word_1_111' title='bbox 229 862 325 890; x_wconf 86' lang='lat' dir='ltr'><strong>dicens</strong></span> <span class='ocrx_word' id='word_1_112' title='bbox 340 872 347 890; x_wconf 95' lang='lat'><strong>:</strong></span> <span class='ocrx_word' id='word_1_113' title='bbox 364 864 505 891; x_wconf 78' lang='lat' dir='ltr'><strong>Peccatori</strong></span> <span class='ocrx_word' id='word_1_114' title='bbox 523 869 615 891; x_wconf 85' lang='lat' dir='ltr'><strong>autem</strong></span> <span class='ocrx_word' id='word_1_115' title='bbox 639 864 709 891; x_wconf 68' lang='lat' dir='ltr'><strong>dixit</strong></span> <span class='ocrx_word' id='word_1_116' title='bbox 730 864 812 897; x_wconf 83' lang='lat' dir='ltr'><strong>Deus,</strong></span> <span class='ocrx_word' id='word_1_117' title='bbox 830 865 919 898; x_wconf 77' lang='lat' dir='ltr'><strong>Quare</strong></span> 
     </span>
    </p>
   </div>
   <div class='ocr_carea' id='block_1_18' title="bbox 131 908 918 943">
    <p class='ocr_par' dir='ltr' id='par_1_18' title="bbox 131 908 918 943">
     <span class='ocr_line' id='line_1_18' title="bbox 131 908 918 943; baseline 0.006 -11"><span class='ocrx_word' id='word_1_118' title='bbox 131 910 160 932; x_wconf 84' lang='lat' dir='ltr'><strong>tu</strong></span> <span class='ocrx_word' id='word_1_119' title='bbox 177 914 289 935; x_wconf 69' lang='lat' dir='ltr'><strong>enarra:</strong></span> <span class='ocrx_word' id='word_1_120' title='bbox 311 908 436 943; x_wconf 79' lang='lat' dir='ltr'><strong>justitios</strong></span> <span class='ocrx_word' id='word_1_121' title='bbox 457 917 540 942; x_wconf 82' lang='lat' dir='ltr'><strong>meas,</strong></span> <span class='ocrx_word' id='word_1_122' title='bbox 556 915 579 936; x_wconf 83' lang='lat' dir='ltr'><strong>et</strong></span> <span class='ocrx_word' id='word_1_123' title='bbox 596 911 711 937; x_wconf 77' lang='lat' dir='ltr'><strong>assumis</strong></span> <span class='ocrx_word' id='word_1_124' title='bbox 735 914 918 938; x_wconf 78' lang='lat' dir='ltr'><strong>testamentum</strong></span> 
     </span>
    </p>
   </div>
   <div class='ocr_carea' id='block_1_19' title="bbox 129 943 956 992">
    <p class='ocr_par' dir='ltr' id='par_1_19' title="bbox 129 943 956 992">
     <span class='ocr_line' id='line_1_19' title="bbox 129 943 956 992; baseline 0.008 -14"><span class='ocrx_word' id='word_1_125' title='bbox 129 960 218 979; x_wconf 78' lang='lat' dir='ltr'><strong>meunt</strong></span> <span class='ocrx_word' id='word_1_126' title='bbox 232 960 279 987; x_wconf 79' lang='lat' dir='ltr'><strong>per</strong></span> <span class='ocrx_word' id='word_1_127' title='bbox 307 962 337 981; x_wconf 72' lang='grc' dir='ltr'><strong>οι</strong></span> <span class='ocrx_word' id='word_1_128' title='bbox 351 960 425 982; x_wconf 84' lang='lat' dir='ltr'><strong>tuum</strong></span> <span class='ocrx_word' id='word_1_129' title='bbox 445 956 466 972; x_wconf 77' lang='lat'><strong>&quot;</strong></span> <span class='ocrx_word' id='word_1_130' title='bbox 480 957 492 984; x_wconf 67' lang='lat'><strong>.9</strong></span> <span class='ocrx_word' id='word_1_131' title='bbox 510 955 692 991; x_wconf 84' lang='lat' dir='ltr'><strong>Posteaquam</strong></span> <span class='ocrx_word' id='word_1_132' title='bbox 706 961 798 984; x_wconf 90' lang='lat' dir='ltr'><strong>autem</strong></span> <span class='ocrx_word' id='word_1_133' title='bbox 814 964 845 984; x_wconf 89' lang='lat' dir='ltr'><strong>ex</strong></span> <span class='ocrx_word' id='word_1_134' title='bbox 861 958 919 992; x_wconf 87' lang='lat' dir='ltr'><strong>spi-</strong></span> <span class='ocrx_word' id='word_1_135' title='bbox 936 943 956 972; x_wconf 63' lang='grc' dir='ltr'><strong><em>Β</em></strong></span> 
     </span>
    </p>
   </div>
   <div class='ocr_carea' id='block_1_20' title="bbox 128 998 919 1038">
    <p class='ocr_par' dir='ltr' id='par_1_20' title="bbox 128 998 919 1038">
     <span class='ocr_line' id='line_1_20' title="bbox 128 998 919 1038; baseline 0.006 -13"><span class='ocrx_word' id='word_1_136' title='bbox 128 998 221 1026; x_wconf 86' lang='lat' dir='ltr'><strong>rituali</strong></span> <span class='ocrx_word' id='word_1_137' title='bbox 234 1000 390 1034; x_wconf 78' lang='lat' dir='ltr'><strong>captivitate</strong></span> <span class='ocrx_word' id='word_1_138' title='bbox 402 1009 450 1035; x_wconf 85' lang='lat' dir='ltr'><strong>per</strong></span> <span class='ocrx_word' id='word_1_139' title='bbox 463 1002 652 1037; x_wconf 74' lang='lat' dir='ltr'><strong>pcenitentiam</strong></span> <span class='ocrx_word' id='word_1_140' title='bbox 664 1003 742 1038; x_wconf 86' lang='lat' dir='ltr'><strong>quasi</strong></span> <span class='ocrx_word' id='word_1_141' title='bbox 753 1003 919 1037; x_wconf 86' lang='lat' dir='ltr'><strong>postliminio</strong></span> 
     </span>
    </p>
   </div>
   <div class='ocr_carea' id='block_1_21' title="bbox 129 1045 920 1083">
    <p class='ocr_par' dir='ltr' id='par_1_21' title="bbox 129 1045 920 1083">
     <span class='ocr_line' id='line_1_21' title="bbox 129 1045 920 1083; baseline 0.006 -13"><span class='ocrx_word' id='word_1_142' title='bbox 129 1045 462 1083; x_wconf 83' lang='lat' dir='ltr'><strong>redierimus,novamque</strong></span> <span class='ocrx_word' id='word_1_143' title='bbox 473 1055 569 1076; x_wconf 81' lang='lat' dir='ltr'><strong>rursus</strong></span> <span class='ocrx_word' id='word_1_144' title='bbox 581 1049 642 1076; x_wconf 81' lang='lat' dir='ltr'><strong>vitae</strong></span> <span class='ocrx_word' id='word_1_145' title='bbox 651 1049 787 1076; x_wconf 87' lang='lat' dir='ltr'><strong>rationem</strong></span> <span class='ocrx_word' id='word_1_146' title='bbox 796 1053 824 1076; x_wconf 90' lang='lat' dir='ltr'><strong>et</strong></span> <span class='ocrx_word' id='word_1_147' title='bbox 832 1048 905 1076; x_wconf 87' lang='lat' dir='ltr'><strong>admi</strong></span> <span class='ocrx_word' id='word_1_148' title='bbox 912 1062 920 1069; x_wconf 70' lang='grc' dir='ltr'><strong>ι</strong></span> 
     </span>
    </p>
   </div>
   <div class='ocr_carea' id='block_1_22' title="bbox 128 1090 918 1125">
    <p class='ocr_par' dir='ltr' id='par_1_22' title="bbox 128 1090 918 1125">
     <span class='ocr_line' id='line_1_22' title="bbox 128 1090 918 1125; baseline 0.005 -8"><span class='ocrx_word' id='word_1_149' title='bbox 128 1090 322 1119; x_wconf 86' lang='lat' dir='ltr'><strong>nistrationem</strong></span> <span class='ocrx_word' id='word_1_150' title='bbox 334 1092 488 1125; x_wconf 87' lang='lat' dir='ltr'><strong>inierimus,</strong></span> <span class='ocrx_word' id='word_1_151' title='bbox 499 1097 555 1121; x_wconf 91' lang='lat' dir='ltr'><strong>tum</strong></span> <span class='ocrx_word' id='word_1_152' title='bbox 571 1093 680 1121; x_wconf 89' lang='lat' dir='ltr'><strong>demum</strong></span> <span class='ocrx_word' id='word_1_153' title='bbox 691 1093 726 1121; x_wconf 91' lang='lat' dir='ltr'><strong>ob</strong></span> <span class='ocrx_word' id='word_1_154' title='bbox 740 1094 918 1122; x_wconf 84' lang='lat' dir='ltr'><strong>hancnovam</strong></span> 
     </span>
    </p>
   </div>
   <div class='ocr_carea' id='block_1_23' title="bbox 130 1137 918 1174">
    <p class='ocr_par' dir='ltr' id='par_1_23' title="bbox 130 1137 918 1174">
     <span class='ocr_line' id='line_1_23' title="bbox 130 1137 918 1174; baseline 0.004 -10"><span class='ocrx_word' id='word_1_155' title='bbox 130 1137 229 1171; x_wconf 85' lang='lat' dir='ltr'><strong>vitam,</strong></span> <span class='ocrx_word' id='word_1_156' title='bbox 255 1145 355 1166; x_wconf 91' lang='lat' dir='ltr'><strong>novum</strong></span> <span class='ocrx_word' id='word_1_157' title='bbox 378 1146 489 1174; x_wconf 88' lang='lat' dir='ltr'><strong>quoque</strong></span> <span class='ocrx_word' id='word_1_158' title='bbox 507 1144 618 1167; x_wconf 83' lang='lat' dir='ltr'><strong>cantum</strong></span> <span class='ocrx_word' id='word_1_159' title='bbox 640 1141 829 1167; x_wconf 86' lang='lat' dir='ltr'><strong>concinemus.</strong></span> <span class='ocrx_word' id='word_1_160' title='bbox 847 1141 918 1173; x_wconf 89' lang='lat' dir='ltr'><strong>Quin</strong></span> 
     </span>
    </p>
   </div>
   <div class='ocr_carea' id='block_1_24' title="bbox 128 1183 912 1221">
    <p class='ocr_par' dir='ltr' id='par_1_24' title="bbox 128 1183 912 1221">
     <span class='ocr_line' id='line_1_24' title="bbox 128 1183 912 1221; baseline 0.005 -12"><span class='ocrx_word' id='word_1_161' title='bbox 128 1183 211 1210; x_wconf 87' lang='lat' dir='ltr'><strong>etiam</strong></span> <span class='ocrx_word' id='word_1_162' title='bbox 226 1183 276 1217; x_wconf 83' lang='lat' dir='ltr'><strong>illi,</strong></span> <span class='ocrx_word' id='word_1_163' title='bbox 291 1183 340 1219; x_wconf 87' lang='lat' dir='ltr'><strong>qui</strong></span> <span class='ocrx_word' id='word_1_164' title='bbox 355 1184 526 1220; x_wconf 83' lang='lat' dir='ltr'><strong>spiritualem</strong></span> <span class='ocrx_word' id='word_1_165' title='bbox 536 1185 719 1220; x_wconf 80' lang='lat' dir='ltr'><strong>captivitatem</strong></span> <span class='ocrx_word' id='word_1_166' title='bbox 737 1193 912 1221; x_wconf 78' lang='lat' dir='ltr'><strong>nequaquam</strong></span> 
     </span>
    </p>
   </div>
   <div class='ocr_carea' id='block_1_25' title="bbox 128 1229 920 1265">
    <p class='ocr_par' dir='ltr' id='par_1_25' title="bbox 128 1229 920 1265">
     <span class='ocr_line' id='line_1_25' title="bbox 128 1229 920 1265; baseline 0.005 -11"><span class='ocrx_word' id='word_1_167' title='bbox 128 1229 369 1262; x_wconf 73' lang='lat' dir='ltr'><strong>pertulerunt,sed</strong></span> <span class='ocrx_word' id='word_1_168' title='bbox 388 1230 415 1257; x_wconf 91' lang='lat' dir='ltr'><strong>in</strong></span> <span class='ocrx_word' id='word_1_169' title='bbox 432 1230 531 1258; x_wconf 83' lang='lat' dir='ltr'><strong>virtute</strong></span> <span class='ocrx_word' id='word_1_170' title='bbox 552 1236 682 1265; x_wconf 85' lang='lat' dir='ltr'><strong>tanquam</strong></span> <span class='ocrx_word' id='word_1_171' title='bbox 704 1231 731 1257; x_wconf 93' lang='lat' dir='ltr'><strong>in</strong></span> <span class='ocrx_word' id='word_1_172' title='bbox 744 1231 832 1265; x_wconf 87' lang='lat' dir='ltr'><strong>patria</strong></span> <span class='ocrx_word' id='word_1_173' title='bbox 841 1239 920 1259; x_wconf 86' lang='lat' dir='ltr'><strong>man-</strong></span> 
     </span>
    </p>
   </div>
   <div class='ocr_carea' id='block_1_26' title="bbox 128 1276 920 1312">
    <p class='ocr_par' dir='ltr' id='par_1_26' title="bbox 128 1276 920 1312">
     <span class='ocr_line' id='line_1_26' title="bbox 128 1276 920 1312; baseline 0.003 -10"><span class='ocrx_word' id='word_1_174' title='bbox 128 1278 236 1308; x_wconf 80' lang='lat' dir='ltr'><strong>serunt,</strong></span> <span class='ocrx_word' id='word_1_175' title='bbox 245 1282 277 1302; x_wconf 84' lang='lat' dir='ltr'><strong>ac</strong></span> <span class='ocrx_word' id='word_1_176' title='bbox 287 1276 452 1310; x_wconf 87' lang='lat' dir='ltr'><strong>proiiciendo</strong></span> <span class='ocrx_word' id='word_1_177' title='bbox 461 1284 546 1304; x_wconf 88' lang='lat' dir='ltr'><strong>novos</strong></span> <span class='ocrx_word' id='word_1_178' title='bbox 554 1276 669 1304; x_wconf 87' lang='lat' dir='ltr'><strong>subinde</strong></span> <span class='ocrx_word' id='word_1_179' title='bbox 678 1277 784 1304; x_wconf 90' lang='lat' dir='ltr'><strong>virtutis</strong></span> <span class='ocrx_word' id='word_1_180' title='bbox 794 1284 920 1312; x_wconf 88' lang='lat' dir='ltr'><strong>progres-</strong></span> 
     </span>
    </p>
   </div>
   <div class='ocr_carea' id='block_1_27' title="bbox 127 1318 917 1356">
    <p class='ocr_par' dir='ltr' id='par_1_27' title="bbox 127 1318 917 1356">
     <span class='ocr_line' id='line_1_27' title="bbox 127 1318 917 1356; baseline 0.004 -9"><span class='ocrx_word' id='word_1_181' title='bbox 127 1327 176 1347; x_wconf 90' lang='lat' dir='ltr'><strong>sus</strong></span> <span class='ocrx_word' id='word_1_182' title='bbox 185 1318 406 1352; x_wconf 83' lang='lat' dir='ltr'><strong>faciunt,novum</strong></span> <span class='ocrx_word' id='word_1_183' title='bbox 418 1328 528 1356; x_wconf 89' lang='lat' dir='ltr'><strong>quoque</strong></span> <span class='ocrx_word' id='word_1_184' title='bbox 536 1322 673 1349; x_wconf 83' lang='lat' dir='ltr'><strong>canticum</strong></span> <span class='ocrx_word' id='word_1_185' title='bbox 689 1323 743 1350; x_wconf 88' lang='lat' dir='ltr'><strong>Deo</strong></span> <span class='ocrx_word' id='word_1_186' title='bbox 759 1323 917 1350; x_wconf 88' lang='lat' dir='ltr'><strong>conciuunt.</strong></span> 
     </span>
    </p>
   </div>
   <div class='ocr_carea' id='block_1_28' title="bbox 167 1359 917 1401">
    <p class='ocr_par' dir='ltr' id='par_1_28' title="bbox 167 1359 917 1401">
     <span class='ocr_line' id='line_1_28' title="bbox 167 1359 917 1401; baseline 0.007 -9"><span class='ocrx_word' id='word_1_187' title='bbox 167 1366 236 1393; x_wconf 84' lang='lat' dir='ltr'><strong>Ibid.</strong></span> <span class='ocrx_word' id='word_1_188' title='bbox 252 1366 319 1393; x_wconf 86' lang='lat' dir='ltr'><strong>Tum</strong></span> <span class='ocrx_word' id='word_1_189' title='bbox 329 1367 411 1393; x_wconf 82' lang='lat' dir='ltr'><strong>etiam</strong></span> <span class='ocrx_word' id='word_1_190' title='bbox 436 1359 580 1395; x_wconf 68' lang='lat' dir='ltr'><strong>testimonii</strong></span> <span class='ocrx_word' id='word_1_191' title='bbox 604 1376 668 1395; x_wconf 83' lang='lat' dir='ltr'><strong>arca</strong></span> <span class='ocrx_word' id='word_1_192' title='bbox 693 1369 846 1401; x_wconf 84' lang='lat' dir='ltr'><strong>innovatur,</strong></span> <span class='ocrx_word' id='word_1_193' title='bbox 864 1374 917 1397; x_wconf 87' lang='lat' dir='ltr'><strong>etc.</strong></span> 
     </span>
    </p>
   </div>
   <div class='ocr_carea' id='block_1_29' title="bbox 129 1409 919 1449">
    <p class='ocr_par' dir='ltr' id='par_1_29' title="bbox 129 1409 919 1449">
     <span class='ocr_line' id='line_1_29' title="bbox 129 1409 919 1449; baseline 0.006 -11"><span class='ocrx_word' id='word_1_194' title='bbox 129 1409 270 1445; x_wconf 85' lang='lat' dir='ltr'><strong>Scriptum</strong></span> <span class='ocrx_word' id='word_1_195' title='bbox 291 1417 334 1440; x_wconf 84' lang='lat' dir='ltr'><strong>est</strong></span> <span class='ocrx_word' id='word_1_196' title='bbox 350 1412 420 1439; x_wconf 90' lang='lat' dir='ltr'><strong>libro</strong></span> <span class='ocrx_word' id='word_1_197' title='bbox 436 1412 618 1441; x_wconf 85' lang='lat' dir='ltr'><strong>Numerorum</strong></span> <span class='ocrx_word' id='word_1_198' title='bbox 639 1413 806 1449; x_wconf 81' lang='lat' dir='ltr'><strong>:Postquam</strong></span> <span class='ocrx_word' id='word_1_199' title='bbox 830 1414 919 1444; x_wconf 80' lang='lat' dir='ltr'><strong>Moses</strong></span> 
     </span>
    </p>
   </div>
   <div class='ocr_carea' id='block_1_30' title="bbox 127 1458 919 1495">
    <p class='ocr_par' dir='ltr' id='par_1_30' title="bbox 127 1458 919 1495">
     <span class='ocr_line' id='line_1_30' title="bbox 127 1458 919 1495; baseline 0.006 -11"><span class='ocrx_word' id='word_1_200' title='bbox 127 1463 221 1484; x_wconf 86' lang='lat' dir='ltr'><strong>arcam</strong></span> <span class='ocrx_word' id='word_1_201' title='bbox 236 1458 334 1489; x_wconf 86' lang='lat' dir='ltr'><strong>erexit,</strong></span> <span class='ocrx_word' id='word_1_202' title='bbox 352 1458 509 1485; x_wconf 90' lang='lat' dir='ltr'><strong>obtulerunt</strong></span> <span class='ocrx_word' id='word_1_203' title='bbox 532 1459 674 1486; x_wconf 86' lang='lat' dir='ltr'><strong>duodecim</strong></span> <span class='ocrx_word' id='word_1_204' title='bbox 694 1461 850 1495; x_wconf 82' lang='lat' dir='ltr'><strong>principes,</strong></span> <span class='ocrx_word' id='word_1_205' title='bbox 867 1461 919 1489; x_wconf 88' lang='lat' dir='ltr'><strong>hoc</strong></span> 
     </span>
    </p>
   </div>
   <div class='ocr_carea' id='block_1_31' title="bbox 126 1504 916 1540">
    <p class='ocr_par' dir='ltr' id='par_1_31' title="bbox 126 1504 916 1540">
     <span class='ocr_line' id='line_1_31' title="bbox 126 1504 916 1540; baseline 0.005 -10"><span class='ocrx_word' id='word_1_206' title='bbox 126 1507 182 1535; x_wconf 85' lang='lat' dir='ltr'><strong>est,</strong></span> <span class='ocrx_word' id='word_1_207' title='bbox 211 1504 331 1531; x_wconf 88' lang='lat' dir='ltr'><strong>tribuum</strong></span> <span class='ocrx_word' id='word_1_208' title='bbox 360 1504 493 1538; x_wconf 67' lang='lat' dir='ltr'><strong>praefecti,</strong></span> <span class='ocrx_word' id='word_1_209' title='bbox 519 1504 554 1532; x_wconf 85' lang='lat' dir='ltr'><strong>ad</strong></span> <span class='ocrx_word' id='word_1_210' title='bbox 582 1505 679 1533; x_wconf 84' lang='lat' dir='ltr'><strong>altaris</strong></span> <span class='ocrx_word' id='word_1_211' title='bbox 706 1506 916 1540; x_wconf 79' lang='lat' dir='ltr'><strong>dedicationem,</strong></span> 
     </span>
    </p>
   </div>
   <div class='ocr_carea' id='block_1_32' title="bbox 127 1547 918 1588">
    <p class='ocr_par' dir='ltr' id='par_1_32' title="bbox 127 1547 918 1588">
     <span class='ocr_line' id='line_1_32' title="bbox 127 1547 918 1588; baseline 0.005 -12"><span class='ocrx_word' id='word_1_212' title='bbox 127 1556 242 1576; x_wconf 84' lang='lat' dir='ltr'><strong>munera</strong></span> <span class='ocrx_word' id='word_1_213' title='bbox 266 1557 326 1582; x_wconf 85' lang='lat' dir='ltr'><strong>sua,</strong></span> <span class='ocrx_word' id='word_1_214' title='bbox 343 1550 472 1577; x_wconf 88' lang='lat' dir='ltr'><strong>nimirum</strong></span> <span class='ocrx_word' id='word_1_215' title='bbox 488 1550 630 1578; x_wconf 87' lang='lat' dir='ltr'><strong>acetabula</strong></span> <span class='ocrx_word' id='word_1_216' title='bbox 645 1547 782 1586; x_wconf 82' lang='lat' dir='ltr'><strong>argentea,</strong></span> <span class='ocrx_word' id='word_1_217' title='bbox 796 1558 822 1580; x_wconf 88' lang='lat' dir='ltr'><strong>et</strong></span> <span class='ocrx_word' id='word_1_218' title='bbox 838 1553 918 1588; x_wconf 87' lang='lat' dir='ltr'><strong>phia-</strong></span> 
     </span>
    </p>
   </div>
   <div class='ocr_carea' id='block_1_33' title="bbox 127 1594 917 1629">
    <p class='ocr_par' dir='ltr' id='par_1_33' title="bbox 127 1594 917 1629">
     <span class='ocr_line' id='line_1_33' title="bbox 127 1594 917 1629; baseline 0.006 -8"><span class='ocrx_word' id='word_1_219' title='bbox 127 1594 170 1622; x_wconf 87' lang='lat' dir='ltr'><strong>las</strong></span> <span class='ocrx_word' id='word_1_220' title='bbox 187 1600 346 1629; x_wconf 81' lang='lat' dir='ltr'><strong>argentoas,</strong></span> <span class='ocrx_word' id='word_1_221' title='bbox 368 1600 395 1622; x_wconf 89' lang='lat' dir='ltr'><strong>et</strong></span> <span class='ocrx_word' id='word_1_222' title='bbox 419 1595 555 1623; x_wconf 85' lang='lat' dir='ltr'><strong>tburibula</strong></span> <span class='ocrx_word' id='word_1_223' title='bbox 577 1603 670 1628; x_wconf 87' lang='lat' dir='ltr'><strong>aurea,</strong></span> <span class='ocrx_word' id='word_1_224' title='bbox 687 1601 715 1624; x_wconf 86' lang='lat' dir='ltr'><strong>et</strong></span> <span class='ocrx_word' id='word_1_225' title='bbox 733 1597 860 1625; x_wconf 88' lang='lat' dir='ltr'><strong>animalia</strong></span> <span class='ocrx_word' id='word_1_226' title='bbox 884 1599 917 1626; x_wconf 94' lang='lat' dir='ltr'><strong>ad</strong></span> 
     </span>
    </p>
   </div>
   <div class='ocr_carea' id='block_1_34' title="bbox 127 1640 917 1676">
    <p class='ocr_par' dir='ltr' id='par_1_34' title="bbox 127 1640 917 1676">
     <span class='ocr_line' id='line_1_34' title="bbox 127 1640 917 1676; baseline 0.006 -8"><span class='ocrx_word' id='word_1_227' title='bbox 127 1641 319 1668; x_wconf 89' lang='lat' dir='ltr'><strong>holocaustum</strong></span> <span class='ocrx_word' id='word_1_228' title='bbox 336 1640 454 1668; x_wconf 71' lang='lat' dir='ltr'><strong>“.Ilane</strong></span> <span class='ocrx_word' id='word_1_229' title='bbox 466 1649 548 1676; x_wconf 89' lang='lat' dir='ltr'><strong>porro</strong></span> <span class='ocrx_word' id='word_1_230' title='bbox 569 1642 718 1670; x_wconf 85' lang='lat' dir='ltr'><strong>testimonii</strong></span> <span class='ocrx_word' id='word_1_231' title='bbox 737 1650 829 1671; x_wconf 83' lang='lat' dir='ltr'><strong>arcam</strong></span> <span class='ocrx_word' id='word_1_232' title='bbox 849 1644 917 1673; x_wconf 86' lang='lat' dir='ltr'><strong>Mosi</strong></span> 
     </span>
    </p>
   </div>
   <div class='ocr_carea' id='block_1_35' title="bbox 125 1686 917 1722">
    <p class='ocr_par' dir='ltr' id='par_1_35' title="bbox 125 1686 917 1722">
     <span class='ocr_line' id='line_1_35' title="bbox 125 1686 917 1722; baseline 0.001 -7"><span class='ocrx_word' id='word_1_233' title='bbox 125 1687 355 1722; x_wconf 81' lang='lat' dir='ltr'><strong>compingendam</strong></span> <span class='ocrx_word' id='word_1_234' title='bbox 382 1687 519 1714; x_wconf 82' lang='lat' dir='ltr'><strong>mandavit</strong></span> <span class='ocrx_word' id='word_1_235' title='bbox 541 1686 636 1715; x_wconf 89' lang='lat' dir='ltr'><strong>Deus:</strong></span> <span class='ocrx_word' id='word_1_236' title='bbox 653 1686 747 1715; x_wconf 77' lang='lat' dir='ltr'><strong>Facies</strong></span> <span class='ocrx_word' id='word_1_237' title='bbox 767 1689 836 1715; x_wconf 80' lang='lat' dir='ltr'><strong>enim</strong></span> <span class='ocrx_word' id='word_1_238' title='bbox 848 1709 855 1719; x_wconf 91' lang='lat'><strong>.</strong></span> <span class='ocrx_word' id='word_1_239' title='bbox 875 1691 917 1716; x_wconf 93' lang='lat' dir='ltr'><strong>in-</strong></span> 
     </span>
    </p>
   </div>
   <div class='ocr_carea' id='block_1_36' title="bbox 124 1731 918 1769">
    <p class='ocr_par' dir='ltr' id='par_1_36' title="bbox 124 1731 918 1769">
     <span class='ocr_line' id='line_1_36' title="bbox 124 1731 918 1769; baseline 0.001 -10"><span class='ocrx_word' id='word_1_240' title='bbox 124 1733 199 1769; x_wconf 71' lang='lat' dir='ltr'><strong>qtl‘t,</strong></span> <span class='ocrx_word' id='word_1_241' title='bbox 213 1733 294 1766; x_wconf 68' lang='lat' dir='ltr'><strong>juxta</strong></span> <span class='ocrx_word' id='word_1_242' title='bbox 315 1732 405 1759; x_wconf 83' lang='lat' dir='ltr'><strong>omnia</strong></span> <span class='ocrx_word' id='word_1_243' title='bbox 421 1740 582 1767; x_wconf 75' lang='lat' dir='ltr'><strong>qua&#39;cunque</strong></span> <span class='ocrx_word' id='word_1_244' title='bbox 591 1731 639 1758; x_wconf 79' lang='lat' dir='ltr'><strong>tibi</strong></span> <span class='ocrx_word' id='word_1_245' title='bbox 654 1732 683 1758; x_wconf 82' lang='lat' dir='ltr'><strong>in</strong></span> <span class='ocrx_word' id='word_1_246' title='bbox 699 1738 784 1759; x_wconf 79' lang='lat' dir='ltr'><strong>monte</strong></span> <span class='ocrx_word' id='word_1_247' title='bbox 797 1735 918 1767; x_wconf 83' lang='lat' dir='ltr'><strong>ostendo,</strong></span> 
     </span>
    </p>
   </div>
   <div class='ocr_carea' id='block_1_37' title="bbox 125 1777 918 1813">
    <p class='ocr_par' dir='ltr' id='par_1_37' title="bbox 125 1777 918 1813">
     <span class='ocr_line' id='line_1_37' title="bbox 125 1777 918 1813; baseline 0.003 -9"><span class='ocrx_word' id='word_1_248' title='bbox 125 1779 178 1805; x_wconf 81' lang='lat' dir='ltr'><strong>hoc</strong></span> <span class='ocrx_word' id='word_1_249' title='bbox 201 1782 250 1809; x_wconf 71' lang='lat' dir='ltr'><strong>est,</strong></span> <span class='ocrx_word' id='word_1_250' title='bbox 266 1777 344 1812; x_wconf 81' lang='lat' dir='ltr'><strong>juxta</strong></span> <span class='ocrx_word' id='word_1_251' title='bbox 369 1778 509 1811; x_wconf 76' lang='lat' dir='ltr'><strong>exemplar</strong></span> <span class='ocrx_word' id='word_1_252' title='bbox 528 1784 609 1809; x_wconf 71' lang='lat' dir='ltr'><strong>arcae,</strong></span> <span class='ocrx_word' id='word_1_253' title='bbox 626 1777 698 1811; x_wconf 88' lang='lat' dir='ltr'><strong>quod</strong></span> <span class='ocrx_word' id='word_1_254' title='bbox 723 1777 771 1804; x_wconf 91' lang='lat' dir='ltr'><strong>tibi</strong></span> <span class='ocrx_word' id='word_1_255' title='bbox 796 1786 846 1813; x_wconf 86' lang='lat' dir='ltr'><strong>ego</strong></span> <span class='ocrx_word' id='word_1_256' title='bbox 871 1787 918 1806; x_wconf 87' lang='lat' dir='ltr'><strong>os-</strong></span> 
     </span>
    </p>
   </div>
   <div class='ocr_carea' id='block_1_38' title="bbox 126 1821 917 1857">
    <p class='ocr_par' dir='ltr' id='par_1_38' title="bbox 126 1821 917 1857">
     <span class='ocr_line' id='line_1_38' title="bbox 126 1821 917 1857; baseline 0.001 -7"><span class='ocrx_word' id='word_1_257' title='bbox 126 1825 222 1854; x_wconf 85' lang='lat' dir='ltr'><strong>tendo,</strong></span> <span class='ocrx_word' id='word_1_258' title='bbox 238 1828 291 1849; x_wconf 87' lang='lat' dir='ltr'><strong>etc.</strong></span> <span class='ocrx_word' id='word_1_259' title='bbox 304 1822 337 1849; x_wconf 63' lang='lat'><strong>‘9.</strong></span> <span class='ocrx_word' id='word_1_260' title='bbox 354 1821 473 1849; x_wconf 86' lang='lat' dir='ltr'><strong>Beseleel</strong></span> <span class='ocrx_word' id='word_1_261' title='bbox 491 1826 581 1848; x_wconf 88' lang='lat' dir='ltr'><strong>autem</strong></span> <span class='ocrx_word' id='word_1_262' title='bbox 605 1829 637 1849; x_wconf 85' lang='lat' dir='ltr'><strong>ex</strong></span> <span class='ocrx_word' id='word_1_263' title='bbox 651 1822 721 1850; x_wconf 88' lang='lat' dir='ltr'><strong>tribu</strong></span> <span class='ocrx_word' id='word_1_264' title='bbox 743 1823 814 1850; x_wconf 85' lang='lat' dir='ltr'><strong>.Iuda</strong></span> <span class='ocrx_word' id='word_1_265' title='bbox 829 1828 917 1857; x_wconf 81' lang='lat' dir='ltr'><strong>ortus,</strong></span> 
     </span>
    </p>
   </div>
   <div class='ocr_carea' id='block_1_39' title="bbox 125 1867 917 1904">
    <p class='ocr_par' dir='ltr' id='par_1_39' title="bbox 125 1867 917 1904">
     <span class='ocr_line' id='line_1_39' title="bbox 125 1867 917 1904; baseline 0.004 -10"><span class='ocrx_word' id='word_1_266' title='bbox 125 1876 210 1904; x_wconf 78' lang='lat' dir='ltr'><strong>quem</strong></span> <span class='ocrx_word' id='word_1_267' title='bbox 232 1869 302 1895; x_wconf 96' lang='lat' dir='ltr'><strong>Deus</strong></span> <span class='ocrx_word' id='word_1_268' title='bbox 330 1867 426 1902; x_wconf 80' lang='lat' dir='ltr'><strong>spiritu</strong></span> <span class='ocrx_word' id='word_1_269' title='bbox 453 1868 593 1902; x_wconf 53' lang='lat' dir='ltr'><strong>sapientia}</strong></span> <span class='ocrx_word' id='word_1_270' title='bbox 615 1869 756 1903; x_wconf 81' lang='lat' dir='ltr'><strong>impletum</strong></span> <span class='ocrx_word' id='word_1_271' title='bbox 778 1870 917 1898; x_wconf 89' lang='lat' dir='ltr'><strong>architecti</strong></span> 
     </span>
    </p>
   </div>
   <div class='ocr_carea' id='block_1_40' title="bbox 127 1913 917 1950">
    <p class='ocr_par' dir='ltr' id='par_1_40' title="bbox 127 1913 917 1950">
     <span class='ocr_line' id='line_1_40' title="bbox 127 1913 917 1950; baseline 0.004 -10"><span class='ocrx_word' id='word_1_272' title='bbox 127 1921 242 1941; x_wconf 86' lang='lat' dir='ltr'><strong>munere</strong></span> <span class='ocrx_word' id='word_1_273' title='bbox 263 1913 338 1948; x_wconf 86' lang='lat' dir='ltr'><strong>fungi</strong></span> <span class='ocrx_word' id='word_1_274' title='bbox 357 1914 449 1948; x_wconf 81' lang='lat' dir='ltr'><strong>jussit,</strong></span> <span class='ocrx_word' id='word_1_275' title='bbox 467 1921 527 1941; x_wconf 88' lang='lat' dir='ltr'><strong>eam</strong></span> <span class='ocrx_word' id='word_1_276' title='bbox 553 1914 680 1947; x_wconf 85' lang='lat' dir='ltr'><strong>absolvit,</strong></span> <span class='ocrx_word' id='word_1_277' title='bbox 692 1915 765 1942; x_wconf 76' lang='lat' dir='ltr'><strong>Ilose</strong></span> <span class='ocrx_word' id='word_1_278' title='bbox 781 1915 840 1950; x_wconf 88' lang='lat' dir='ltr'><strong>ejus</strong></span> <span class='ocrx_word' id='word_1_279' title='bbox 860 1916 917 1943; x_wconf 90' lang='lat' dir='ltr'><strong>for-</strong></span> 
     </span>
    </p>
   </div>
   <div class='ocr_carea' id='block_1_41' title="bbox 127 1960 917 1995">
    <p class='ocr_par' dir='ltr' id='par_1_41' title="bbox 127 1960 917 1995">
     <span class='ocr_line' id='line_1_41' title="bbox 127 1960 917 1995; baseline 0.004 -8"><span class='ocrx_word' id='word_1_280' title='bbox 127 1968 202 1987; x_wconf 87' lang='lat' dir='ltr'><strong>mam</strong></span> <span class='ocrx_word' id='word_1_281' title='bbox 225 1961 417 1994; x_wconf 66' lang='lat' dir='ltr'><strong>prwscrihente</strong></span> <span class='ocrx_word' id='word_1_282' title='bbox 441 1960 517 1994; x_wconf 80' lang='lat' dir='ltr'><strong>juxta</strong></span> <span class='ocrx_word' id='word_1_283' title='bbox 542 1961 679 1993; x_wconf 78' lang='lat' dir='ltr'><strong>exemplar</strong></span> <span class='ocrx_word' id='word_1_284' title='bbox 705 1961 757 1995; x_wconf 90' lang='lat' dir='ltr'><strong>ipsi</strong></span> <span class='ocrx_word' id='word_1_285' title='bbox 778 1969 793 1988; x_wconf 89' lang='lat' dir='ltr'><strong>a</strong></span> <span class='ocrx_word' id='word_1_286' title='bbox 809 1961 864 1990; x_wconf 87' lang='lat' dir='ltr'><strong>Deo</strong></span> <span class='ocrx_word' id='word_1_287' title='bbox 890 1963 917 1990; x_wconf 94' lang='lat' dir='ltr'><strong>in</strong></span> 
     </span>
    </p>
   </div>
   <div class='ocr_carea' id='block_1_42' title="bbox 127 2004 917 2042">
    <p class='ocr_par' dir='ltr' id='par_1_42' title="bbox 127 2004 917 2042">
     <span class='ocr_line' id='line_1_42' title="bbox 127 2004 917 2042; baseline 0.003 -10"><span class='ocrx_word' id='word_1_288' title='bbox 127 2010 223 2032; x_wconf 86' lang='lat' dir='ltr'><strong>monte</strong></span> <span class='ocrx_word' id='word_1_289' title='bbox 235 2009 388 2032; x_wconf 87' lang='lat' dir='ltr'><strong>ostensum.</strong></span> <span class='ocrx_word' id='word_1_290' title='bbox 400 2006 436 2032; x_wconf 81' lang='lat' dir='ltr'><strong>At</strong></span> <span class='ocrx_word' id='word_1_291' title='bbox 448 2004 538 2032; x_wconf 78' lang='lat' dir='ltr'><strong>Moses</strong></span> <span class='ocrx_word' id='word_1_292' title='bbox 558 2005 615 2040; x_wconf 86' lang='lat' dir='ltr'><strong>ipse</strong></span> <span class='ocrx_word' id='word_1_293' title='bbox 629 2013 689 2032; x_wconf 85' lang='lat' dir='ltr'><strong>eam</strong></span> <span class='ocrx_word' id='word_1_294' title='bbox 702 2007 806 2039; x_wconf 85' lang='lat' dir='ltr'><strong>statuit,</strong></span> <span class='ocrx_word' id='word_1_295' title='bbox 820 2015 917 2042; x_wconf 85' lang='lat' dir='ltr'><strong>quem-</strong></span> 
     </span>
    </p>
   </div>
   <div class='ocr_carea' id='block_1_43' title="bbox 126 2049 918 2080">
    <p class='ocr_par' dir='ltr' id='par_1_43' title="bbox 126 2049 918 2080">
     <span class='ocr_line' id='line_1_43' title="bbox 126 2049 918 2080; baseline 0.003 -3"><span class='ocrx_word' id='word_1_296' title='bbox 126 2050 277 2078; x_wconf 76' lang='lat' dir='ltr'><strong>admodum</strong></span> <span class='ocrx_word' id='word_1_297' title='bbox 295 2050 328 2077; x_wconf 89' lang='lat' dir='ltr'><strong>de</strong></span> <span class='ocrx_word' id='word_1_298' title='bbox 348 2050 390 2077; x_wconf 87' lang='lat' dir='ltr'><strong>his</strong></span> <span class='ocrx_word' id='word_1_299' title='bbox 404 2050 532 2077; x_wconf 86' lang='lat' dir='ltr'><strong>omnibus</strong></span> <span class='ocrx_word' id='word_1_300' title='bbox 548 2050 576 2077; x_wconf 85' lang='lat' dir='ltr'><strong>in</strong></span> <span class='ocrx_word' id='word_1_301' title='bbox 592 2049 677 2078; x_wconf 79' lang='lat' dir='ltr'><strong>Exodi</strong></span> <span class='ocrx_word' id='word_1_302' title='bbox 690 2051 760 2078; x_wconf 87' lang='lat' dir='ltr'><strong>libro</strong></span> <span class='ocrx_word' id='word_1_303' title='bbox 779 2051 918 2080; x_wconf 86' lang='lat' dir='ltr'><strong>fusissime</strong></span> 
     </span>
    </p>
   </div>
   <div class='ocr_carea' id='block_1_44' title="bbox 126 2095 916 2130">
    <p class='ocr_par' dir='ltr' id='par_1_44' title="bbox 126 2095 916 2130">
     <span class='ocr_line' id='line_1_44' title="bbox 126 2095 916 2130; baseline 0.003 -7"><span class='ocrx_word' id='word_1_304' title='bbox 126 2096 261 2130; x_wconf 89' lang='lat' dir='ltr'><strong>scriptum</strong></span> <span class='ocrx_word' id='word_1_305' title='bbox 280 2099 334 2122; x_wconf 85' lang='lat' dir='ltr'><strong>est.</strong></span> <span class='ocrx_word' id='word_1_306' title='bbox 350 2095 510 2122; x_wconf 89' lang='lat' dir='ltr'><strong>Testimonii</strong></span> <span class='ocrx_word' id='word_1_307' title='bbox 535 2103 616 2130; x_wconf 91' lang='lat' dir='ltr'><strong>porro</strong></span> <span class='ocrx_word' id='word_1_308' title='bbox 641 2103 703 2123; x_wconf 85' lang='lat' dir='ltr'><strong>arca</strong></span> <span class='ocrx_word' id='word_1_309' title='bbox 716 2097 788 2124; x_wconf 89' lang='lat' dir='ltr'><strong>dicta</strong></span> <span class='ocrx_word' id='word_1_310' title='bbox 806 2102 858 2130; x_wconf 89' lang='lat' dir='ltr'><strong>est,</strong></span> <span class='ocrx_word' id='word_1_311' title='bbox 875 2099 916 2125; x_wconf 88' lang='lat' dir='ltr'><strong>vel</strong></span> 
     </span>
    </p>
   </div>
   <div class='ocr_carea' id='block_1_45' title="bbox 127 2142 917 2178">
    <p class='ocr_par' dir='ltr' id='par_1_45' title="bbox 127 2142 917 2178">
     <span class='ocr_line' id='line_1_45' title="bbox 127 2142 917 2178; baseline 0.003 -9"><span class='ocrx_word' id='word_1_312' title='bbox 127 2143 193 2178; x_wconf 81' lang='lat' dir='ltr'><strong>quia</strong></span> <span class='ocrx_word' id='word_1_313' title='bbox 209 2149 329 2177; x_wconf 72' lang='lat' dir='ltr'><strong>capsum,</strong></span> <span class='ocrx_word' id='word_1_314' title='bbox 343 2142 370 2169; x_wconf 93' lang='lat' dir='ltr'><strong>in</strong></span> <span class='ocrx_word' id='word_1_315' title='bbox 389 2149 441 2177; x_wconf 88' lang='lat' dir='ltr'><strong>qua</strong></span> <span class='ocrx_word' id='word_1_316' title='bbox 458 2145 486 2169; x_wconf 87' lang='lat' dir='ltr'><strong>et</strong></span> <span class='ocrx_word' id='word_1_317' title='bbox 496 2142 662 2170; x_wconf 86' lang='lat' dir='ltr'><strong>Testamentl</strong></span> <span class='ocrx_word' id='word_1_318' title='bbox 683 2143 780 2170; x_wconf 80' lang='lat' dir='ltr'><strong>tabulae</strong></span> <span class='ocrx_word' id='word_1_319' title='bbox 792 2162 800 2176; x_wconf 89' lang='lat'><strong>,</strong></span> <span class='ocrx_word' id='word_1_320' title='bbox 815 2148 842 2170; x_wconf 89' lang='lat' dir='ltr'><strong>et</strong></span> <span class='ocrx_word' id='word_1_321' title='bbox 857 2151 917 2171; x_wconf 85' lang='lat' dir='ltr'><strong>am-</strong></span> 
     </span>
    </p>
   </div>
   <div class='ocr_carea' id='block_1_46' title="bbox 127 2187 918 2224">
    <p class='ocr_par' dir='ltr' id='par_1_46' title="bbox 127 2187 918 2224">
     <span class='ocr_line' id='line_1_46' title="bbox 127 2187 918 2224; baseline 0.003 -9"><span class='ocrx_word' id='word_1_322' title='bbox 127 2188 217 2223; x_wconf 88' lang='lat' dir='ltr'><strong>phora</strong></span> <span class='ocrx_word' id='word_1_323' title='bbox 231 2188 316 2222; x_wconf 89' lang='lat' dir='ltr'><strong>ipsius</strong></span> <span class='ocrx_word' id='word_1_324' title='bbox 333 2195 432 2214; x_wconf 86' lang='lat' dir='ltr'><strong>manna</strong></span> <span class='ocrx_word' id='word_1_325' title='bbox 448 2187 670 2220; x_wconf 81' lang='lat' dir='ltr'><strong>continebantur,</strong></span> <span class='ocrx_word' id='word_1_326' title='bbox 686 2188 720 2216; x_wconf 81' lang='lat' dir='ltr'><strong>ad</strong></span> <span class='ocrx_word' id='word_1_327' title='bbox 745 2196 840 2216; x_wconf 88' lang='lat' dir='ltr'><strong>eorum</strong></span> <span class='ocrx_word' id='word_1_328' title='bbox 857 2197 918 2224; x_wconf 70' lang='lat' dir='ltr'><strong>quae</strong></span> 
     </span>
    </p>
   </div>
   <div class='ocr_carea' id='block_1_47' title="bbox 126 2232 916 2266">
    <p class='ocr_par' dir='ltr' id='par_1_47' title="bbox 126 2232 916 2266">
     <span class='ocr_line' id='line_1_47' title="bbox 126 2232 916 2266; baseline 0.003 -6"><span class='ocrx_word' id='word_1_329' title='bbox 126 2238 188 2260; x_wconf 88' lang='lat' dir='ltr'><strong>tum</strong></span> <span class='ocrx_word' id='word_1_330' title='bbox 211 2236 283 2266; x_wconf 85' lang='lat' dir='ltr'><strong>gesta</strong></span> <span class='ocrx_word' id='word_1_331' title='bbox 309 2236 334 2259; x_wconf 89' lang='lat' dir='ltr'><strong>et</strong></span> <span class='ocrx_word' id='word_1_332' title='bbox 362 2232 421 2266; x_wconf 90' lang='lat' dir='ltr'><strong>lege</strong></span> <span class='ocrx_word' id='word_1_333' title='bbox 445 2232 549 2259; x_wconf 86' lang='lat' dir='ltr'><strong>sancita</strong></span> <span class='ocrx_word' id='word_1_334' title='bbox 581 2232 700 2265; x_wconf 88' lang='lat' dir='ltr'><strong>fuerant,</strong></span> <span class='ocrx_word' id='word_1_335' title='bbox 728 2234 916 2262; x_wconf 88' lang='lat' dir='ltr'><strong>testimonium</strong></span> 
     </span>
    </p>
   </div>
   <div class='ocr_carea' id='block_1_48' title="bbox 126 2274 958 2315">
    <p class='ocr_par' dir='ltr' id='par_1_48' title="bbox 126 2274 958 2315">
     <span class='ocr_line' id='line_1_48' title="bbox 126 2274 958 2315; baseline 0.004 -10"><span class='ocrx_word' id='word_1_336' title='bbox 126 2278 431 2313; x_wconf 85' lang='lat' dir='ltr'><strong>contirmationemque,</strong></span> <span class='ocrx_word' id='word_1_337' title='bbox 441 2278 562 2306; x_wconf 87' lang='lat' dir='ltr'><strong>clausam</strong></span> <span class='ocrx_word' id='word_1_338' title='bbox 576 2278 686 2306; x_wconf 84' lang='lat' dir='ltr'><strong>haberet</strong></span> <span class='ocrx_word' id='word_1_339' title='bbox 698 2279 722 2296; x_wconf 83' lang='lat'>”</span> <span class='ocrx_word' id='word_1_340' title='bbox 737 2288 743 2306; x_wconf 92' lang='lat'><strong>:</strong></span> <span class='ocrx_word' id='word_1_341' title='bbox 759 2280 800 2308; x_wconf 89' lang='lat' dir='ltr'><strong>vel</strong></span> <span class='ocrx_word' id='word_1_342' title='bbox 811 2279 876 2315; x_wconf 85' lang='lat' dir='ltr'><strong>quia</strong></span> <span class='ocrx_word' id='word_1_343' title='bbox 891 2281 917 2308; x_wconf 91' lang='lat' dir='ltr'><strong>in</strong></span> <span class='ocrx_word' id='word_1_344' title='bbox 931 2274 958 2304; x_wconf 84' lang='lat' dir='ltr'><strong>D</strong></span> 
     </span>
    </p>
   </div>
   <div class='ocr_carea' id='block_1_49' title="bbox 126 2323 918 2360">
    <p class='ocr_par' dir='ltr' id='par_1_49' title="bbox 126 2323 918 2360">
     <span class='ocr_line' id='line_1_49' title="bbox 126 2323 918 2360; baseline 0.006 -10"><span class='ocrx_word' id='word_1_345' title='bbox 126 2325 188 2360; x_wconf 86' lang='lat' dir='ltr'><strong>ipsa</strong></span> <span class='ocrx_word' id='word_1_346' title='bbox 216 2323 348 2351; x_wconf 84' lang='lat' dir='ltr'><strong>Dominus</strong></span> <span class='ocrx_word' id='word_1_347' title='bbox 376 2323 599 2359; x_wconf 83' lang='lat' dir='ltr'><strong>conspiciendum</strong></span> <span class='ocrx_word' id='word_1_348' title='bbox 627 2332 657 2352; x_wconf 85' lang='lat' dir='ltr'><strong>se</strong></span> <span class='ocrx_word' id='word_1_349' title='bbox 684 2326 818 2360; x_wconf 72' lang='lat' dir='ltr'><strong>praebens,</strong></span> <span class='ocrx_word' id='word_1_350' title='bbox 850 2326 918 2355; x_wconf 72' lang='lat' dir='ltr'><strong>Mosi</strong></span> 
     </span>
    </p>
   </div>
   <div class='ocr_carea' id='block_1_50' title="bbox 127 2370 920 2405">
    <p class='ocr_par' dir='ltr' id='par_1_50' title="bbox 127 2370 920 2405">
     <span class='ocr_line' id='line_1_50' title="bbox 127 2370 920 2405; baseline 0.004 -7"><span class='ocrx_word' id='word_1_351' title='bbox 127 2378 223 2398; x_wconf 89' lang='lat' dir='ltr'><strong>rerum</strong></span> <span class='ocrx_word' id='word_1_352' title='bbox 247 2371 411 2405; x_wconf 84' lang='lat' dir='ltr'><strong>agendarum</strong></span> <span class='ocrx_word' id='word_1_353' title='bbox 427 2370 469 2398; x_wconf 85' lang='lat' dir='ltr'><strong>vel</strong></span> <span class='ocrx_word' id='word_1_354' title='bbox 489 2377 544 2398; x_wconf 92' lang='lat' dir='ltr'><strong>non</strong></span> <span class='ocrx_word' id='word_1_355' title='bbox 571 2371 738 2404; x_wconf 85' lang='lat' dir='ltr'><strong>agendarum</strong></span> <span class='ocrx_word' id='word_1_356' title='bbox 760 2372 870 2400; x_wconf 84' lang='lat' dir='ltr'><strong>oracula</strong></span> <span class='ocrx_word' id='word_1_357' title='bbox 893 2377 920 2400; x_wconf 90' lang='lat' dir='ltr'><strong>et</strong></span> 
     </span>
    </p>
   </div>
   <div class='ocr_carea' id='block_1_51' title="bbox 129 2416 916 2453">
    <p class='ocr_par' dir='ltr' id='par_1_51' title="bbox 129 2416 916 2453">
     <span class='ocr_line' id='line_1_51' title="bbox 129 2416 916 2453; baseline 0.004 -10"><span class='ocrx_word' id='word_1_358' title='bbox 129 2416 350 2444; x_wconf 85' lang='lat' dir='ltr'><strong>eontestationes</strong></span> <span class='ocrx_word' id='word_1_359' title='bbox 363 2416 470 2449; x_wconf 85' lang='lat' dir='ltr'><strong>edebat,</strong></span> <span class='ocrx_word' id='word_1_360' title='bbox 495 2423 511 2443; x_wconf 92' lang='lat' dir='ltr'><strong>a</strong></span> <span class='ocrx_word' id='word_1_361' title='bbox 543 2417 644 2451; x_wconf 75' lang='lat' dir='ltr'><strong>quibus</strong></span> <span class='ocrx_word' id='word_1_362' title='bbox 673 2424 772 2445; x_wconf 84' lang='lat' dir='ltr'><strong>nomen</strong></span> <span class='ocrx_word' id='word_1_363' title='bbox 791 2417 916 2453; x_wconf 83' lang='lat' dir='ltr'><strong>accepit:</strong></span> 
     </span>
    </p>
   </div>
   <div class='ocr_carea' id='block_1_52' title="bbox 131 2461 920 2498">
    <p class='ocr_par' dir='ltr' id='par_1_52' title="bbox 131 2461 920 2498">
     <span class='ocr_line' id='line_1_52' title="bbox 131 2461 920 2498; baseline 0.003 -10"><span class='ocrx_word' id='word_1_364' title='bbox 131 2461 302 2493; x_wconf 73' lang='lat' dir='ltr'><strong>Contestare,</strong></span> <span class='ocrx_word' id='word_1_365' title='bbox 317 2461 415 2495; x_wconf 90' lang='lat' dir='ltr'><strong>inquit,</strong></span> <span class='ocrx_word' id='word_1_366' title='bbox 431 2462 458 2489; x_wconf 91' lang='lat' dir='ltr'><strong>id</strong></span> <span class='ocrx_word' id='word_1_367' title='bbox 476 2467 529 2495; x_wconf 89' lang='lat' dir='ltr'><strong>cst,</strong></span> <span class='ocrx_word' id='word_1_368' title='bbox 549 2462 675 2497; x_wconf 58' lang='lat' dir='ltr'><strong>praecipe,</strong></span> <span class='ocrx_word' id='word_1_369' title='bbox 695 2463 791 2497; x_wconf 80' lang='lat' dir='ltr'><strong>popula</strong></span> <span class='ocrx_word' id='word_1_370' title='bbox 812 2463 874 2490; x_wconf 83' lang='lat' dir='ltr'><strong>huic</strong></span> <span class='ocrx_word' id='word_1_371' title='bbox 883 2465 920 2498; x_wconf 84' lang='lat'><strong>&quot;;</strong></span> 
     </span>
    </p>
   </div>
   <div class='ocr_carea' id='block_1_53' title="bbox 130 2507 921 2546">
    <p class='ocr_par' dir='ltr' id='par_1_53' title="bbox 130 2507 921 2546">
     <span class='ocr_line' id='line_1_53' title="bbox 130 2507 921 2546; baseline 0.004 -11"><span class='ocrx_word' id='word_1_372' title='bbox 130 2508 176 2536; x_wconf 90' lang='lat' dir='ltr'><strong>vel</strong></span> <span class='ocrx_word' id='word_1_373' title='bbox 191 2507 272 2535; x_wconf 89' lang='lat' dir='ltr'><strong>etiam</strong></span> <span class='ocrx_word' id='word_1_374' title='bbox 289 2516 304 2536; x_wconf 88' lang='lat' dir='ltr'><strong>a</strong></span> <span class='ocrx_word' id='word_1_375' title='bbox 323 2509 382 2543; x_wconf 77' lang='lat' dir='ltr'><strong>lege</strong></span> <span class='ocrx_word' id='word_1_376' title='bbox 397 2509 434 2536; x_wconf 85' lang='lat' dir='ltr'><strong>ita</strong></span> <span class='ocrx_word' id='word_1_377' title='bbox 449 2511 668 2546; x_wconf 87' lang='lat' dir='ltr'><strong>nuncupabatur,</strong></span> <span class='ocrx_word' id='word_1_378' title='bbox 684 2519 744 2545; x_wconf 72' lang='lat' dir='ltr'><strong>qua:</strong></span> <span class='ocrx_word' id='word_1_379' title='bbox 761 2511 844 2538; x_wconf 90' lang='lat' dir='ltr'><strong>etiam</strong></span> <span class='ocrx_word' id='word_1_380' title='bbox 863 2511 921 2546; x_wconf 81' lang='lat' dir='ltr'><strong>ipsa</strong></span> 
     </span>
    </p>
   </div>
   <div class='ocr_carea' id='block_1_54' title="bbox 129 2554 922 2588">
    <p class='ocr_par' dir='ltr' id='par_1_54' title="bbox 129 2554 922 2588">
     <span class='ocr_line' id='line_1_54' title="bbox 129 2554 922 2588; baseline 0.001 -6"><span class='ocrx_word' id='word_1_381' title='bbox 129 2554 318 2582; x_wconf 88' lang='lat' dir='ltr'><strong>testimonium</strong></span> <span class='ocrx_word' id='word_1_382' title='bbox 344 2555 454 2588; x_wconf 90' lang='lat' dir='ltr'><strong>dicitur,</strong></span> <span class='ocrx_word' id='word_1_383' title='bbox 474 2554 553 2588; x_wconf 82' lang='lat' dir='ltr'><strong>juxta</strong></span> <span class='ocrx_word' id='word_1_384' title='bbox 575 2557 660 2585; x_wconf 91' lang='lat' dir='ltr'><strong>illud:</strong></span> <span class='ocrx_word' id='word_1_385' title='bbox 690 2557 851 2584; x_wconf 76' lang='lat' dir='ltr'><strong>Testimouia</strong></span> <span class='ocrx_word' id='word_1_386' title='bbox 876 2561 922 2584; x_wconf 86' lang='lat' dir='ltr'><strong>tua</strong></span> 
     </span>
    </p>
   </div>
   <div class='ocr_carea' id='block_1_55' title="bbox 127 2600 922 2637">
    <p class='ocr_par' dir='ltr' id='par_1_55' title="bbox 127 2600 922 2637">
     <span class='ocr_line' id='line_1_55' title="bbox 127 2600 922 2637; baseline 0 -9"><span class='ocrx_word' id='word_1_387' title='bbox 127 2600 272 2628; x_wconf 81' lang='lat' dir='ltr'><strong>credibilia</strong></span> <span class='ocrx_word' id='word_1_388' title='bbox 294 2600 366 2634; x_wconf 81' lang='lat' dir='ltr'><strong>facta</strong></span> <span class='ocrx_word' id='word_1_389' title='bbox 379 2606 441 2628; x_wconf 81' lang='lat' dir='ltr'><strong>sunt</strong></span> <span class='ocrx_word' id='word_1_390' title='bbox 460 2602 538 2628; x_wconf 78' lang='lat' dir='ltr'><strong>nimis</strong></span> <span class='ocrx_word' id='word_1_391' title='bbox 555 2602 588 2628; x_wconf 84' lang='lat'><strong>&quot;.</strong></span> <span class='ocrx_word' id='word_1_392' title='bbox 605 2603 691 2637; x_wconf 86' lang='lat' dir='ltr'><strong>IIujus</strong></span> <span class='ocrx_word' id='word_1_393' title='bbox 705 2610 778 2630; x_wconf 68' lang='lat' dir='ltr'><strong>arca!</strong></span> <span class='ocrx_word' id='word_1_394' title='bbox 796 2601 922 2630; x_wconf 61' lang='lat' dir='ltr'><strong>Encania</strong></span> 
     </span>
    </p>
   </div>
   <div class='ocr_carea' id='block_1_56' title="bbox 129 2647 922 2683">
    <p class='ocr_par' dir='ltr' id='par_1_56' title="bbox 129 2647 922 2683">
     <span class='ocr_line' id='line_1_56' title="bbox 129 2647 922 2683; baseline 0.003 -10"><span class='ocrx_word' id='word_1_395' title='bbox 129 2647 307 2683; x_wconf 84' lang='lat' dir='ltr'><strong>primumque</strong></span> <span class='ocrx_word' id='word_1_396' title='bbox 337 2654 436 2676; x_wconf 80' lang='lat' dir='ltr'><strong>nsunt.</strong></span> <span class='ocrx_word' id='word_1_397' title='bbox 463 2647 495 2673; x_wconf 88' lang='lat' dir='ltr'><strong>ad</strong></span> <span class='ocrx_word' id='word_1_398' title='bbox 525 2655 604 2681; x_wconf 87' lang='lat' dir='ltr'><strong>quem</strong></span> <span class='ocrx_word' id='word_1_399' title='bbox 619 2648 763 2682; x_wconf 78' lang='lat' dir='ltr'><strong>magniﬁce</strong></span> <span class='ocrx_word' id='word_1_400' title='bbox 780 2652 808 2675; x_wconf 89' lang='lat' dir='ltr'><strong>et</strong></span> <span class='ocrx_word' id='word_1_401' title='bbox 831 2648 922 2675; x_wconf 85' lang='lat' dir='ltr'><strong>multis</strong></span> 
     </span>
    </p>
   </div>
   <div class='ocr_carea' id='block_1_57' title="bbox 129 2692 922 2726">
    <p class='ocr_par' dir='ltr' id='par_1_57' title="bbox 129 2692 922 2726">
     <span class='ocr_line' id='line_1_57' title="bbox 129 2692 922 2726; baseline 0.003 -7"><span class='ocrx_word' id='word_1_402' title='bbox 129 2692 287 2726; x_wconf 83' lang='lat' dir='ltr'><strong>sumptibus</strong></span> <span class='ocrx_word' id='word_1_403' title='bbox 309 2696 448 2719; x_wconf 82' lang='lat' dir='ltr'><strong>exstructa</strong></span> <span class='ocrx_word' id='word_1_404' title='bbox 466 2692 570 2722; x_wconf 83' lang='lat' dir='ltr'><strong>fuerat.</strong></span> <span class='ocrx_word' id='word_1_405' title='bbox 582 2693 671 2720; x_wconf 77' lang='lat' dir='ltr'><strong>Moses</strong></span> <span class='ocrx_word' id='word_1_406' title='bbox 684 2693 841 2720; x_wconf 84' lang='lat' dir='ltr'><strong>celebravit.</strong></span> <span class='ocrx_word' id='word_1_407' title='bbox 864 2694 922 2721; x_wconf 65' lang='lat' dir='ltr'><strong>Cae-</strong></span> 
     </span>
    </p>
   </div>
   <div class='ocr_carea' id='block_1_58' title="bbox 130 2739 920 2774">
    <p class='ocr_par' dir='ltr' id='par_1_58' title="bbox 130 2739 920 2774">
     <span class='ocr_line' id='line_1_58' title="bbox 130 2739 920 2774; baseline 0 -8"><span class='ocrx_word' id='word_1_408' title='bbox 130 2746 223 2766; x_wconf 80' lang='lat' dir='ltr'><strong>terum</strong></span> <span class='ocrx_word' id='word_1_409' title='bbox 249 2746 311 2766; x_wconf 85' lang='lat' dir='ltr'><strong>arca</strong></span> <span class='ocrx_word' id='word_1_410' title='bbox 340 2746 449 2774; x_wconf 91' lang='lat' dir='ltr'><strong>quoque</strong></span> <span class='ocrx_word' id='word_1_411' title='bbox 477 2739 627 2766; x_wconf 85' lang='lat' dir='ltr'><strong>testimonii</strong></span> <span class='ocrx_word' id='word_1_412' title='bbox 650 2739 703 2765; x_wconf 90' lang='lat' dir='ltr'><strong>dici</strong></span> <span class='ocrx_word' id='word_1_413' title='bbox 737 2740 824 2774; x_wconf 84' lang='lat' dir='ltr'><strong>possit</strong></span> <span class='ocrx_word' id='word_1_414' title='bbox 854 2739 920 2766; x_wconf 88' lang='lat' dir='ltr'><strong>illud</strong></span> 
     </span>
    </p>
   </div>
   <div class='ocr_carea' id='block_1_59' title="bbox 130 2784 919 2821">
    <p class='ocr_par' dir='ltr' id='par_1_59' title="bbox 130 2784 919 2821">
     <span class='ocr_line' id='line_1_59' title="bbox 130 2784 919 2821; baseline -0.001 -8"><span class='ocrx_word' id='word_1_415' title='bbox 130 2786 279 2821; x_wconf 86' lang='lat' dir='ltr'><strong>mysticum</strong></span> <span class='ocrx_word' id='word_1_416' title='bbox 305 2784 352 2812; x_wconf 89' lang='lat' dir='ltr'><strong>Dei</strong></span> <span class='ocrx_word' id='word_1_417' title='bbox 380 2784 525 2812; x_wconf 89' lang='lat' dir='ltr'><strong>consilium</strong></span> <span class='ocrx_word' id='word_1_418' title='bbox 551 2785 584 2812; x_wconf 89' lang='lat' dir='ltr'><strong>de</strong></span> <span class='ocrx_word' id='word_1_419' title='bbox 608 2785 688 2812; x_wconf 77' lang='lat' dir='ltr'><strong>Verbi</strong></span> <span class='ocrx_word' id='word_1_420' title='bbox 720 2786 919 2818; x_wconf 76' lang='lat' dir='ltr'><strong>incarnatione,</strong></span> 
     </span>
    </p>
   </div>
   <div class='ocr_carea' id='block_1_60' title="bbox 167 2873 757 2907">
    <p class='ocr_par' dir='ltr' id='par_1_60' title="bbox 167 2873 757 2907">
     <span class='ocr_line' id='line_1_60' title="bbox 167 2873 757 2907; baseline -0.003 -5"><span class='ocrx_word' id='word_1_421' title='bbox 167 2877 192 2893; x_wconf 77' lang='lat'>&quot;</span> <span class='ocrx_word' id='word_1_422' title='bbox 209 2876 278 2903; x_wconf 81' lang='lat' dir='ltr'><strong>Psal.</strong></span> <span class='ocrx_word' id='word_1_423' title='bbox 293 2883 402 2907; x_wconf 78' lang='lat' dir='ltr'><strong>cxxxvr,</strong></span> <span class='ocrx_word' id='word_1_424' title='bbox 419 2873 446 2900; x_wconf 69' lang='grc'><strong>4.</strong></span> <span class='ocrx_word' id='word_1_425' title='bbox 500 2873 521 2889; x_wconf 74' lang='grc'><strong>⁸⁷</strong></span> <span class='ocrx_word' id='word_1_426' title='bbox 533 2873 605 2901; x_wconf 84' lang='lat' dir='ltr'><strong>Psal.</strong></span> <span class='ocrx_word' id='word_1_427' title='bbox 621 2882 695 2902; x_wconf 69' lang='grc' dir='ltr'><strong>κως.</strong></span> <span class='ocrx_word' id='word_1_428' title='bbox 713 2873 757 2900; x_wconf 81' lang='lat' dir='ltr'><strong>I6.</strong></span> 
     </span>
    </p>
   </div>
   <div class='ocr_carea' id='block_1_61' title="bbox 130 2908 517 2942">
    <p class='ocr_par' dir='ltr' id='par_1_61' title="bbox 130 2908 517 2942">
     <span class='ocr_line' id='line_1_61' title="bbox 130 2908 517 2942; baseline -0.013 -1"><span class='ocrx_word' id='word_1_429' title='bbox 130 2919 226 2941; x_wconf 76' lang='lat' dir='ltr'><strong>xxx&quot;.</strong></span> <span class='ocrx_word' id='word_1_430' title='bbox 263 2910 380 2939; x_wconf 76' lang='lat' dir='ltr'><strong>“Exod.</strong></span> <span class='ocrx_word' id='word_1_431' title='bbox 396 2917 453 2942; x_wconf 69' lang='lat' dir='ltr'><strong>xix,</strong></span> <span class='ocrx_word' id='word_1_432' title='bbox 473 2908 517 2936; x_wconf 74' lang='grc'><strong>21.</strong></span> 
     </span>
    </p>
   </div>
   <div class='ocr_carea' id='block_1_62' title="bbox 814 2873 1102 2908">
    <p class='ocr_par' dir='ltr' id='par_1_62' title="bbox 814 2873 1102 2908">
     <span class='ocr_line' id='line_1_62' title="bbox 814 2873 1102 2908; baseline -0.003 -7"><span class='ocrx_word' id='word_1_433' title='bbox 814 2874 837 2890; x_wconf 77' lang='grc'>⁸⁸</span> <span class='ocrx_word' id='word_1_434' title='bbox 856 2873 936 2901; x_wconf 84' lang='lat' dir='ltr'><strong>Num.</strong></span> <span class='ocrx_word' id='word_1_435' title='bbox 944 2881 990 2906; x_wconf 87' lang='lat' dir='ltr'><strong>vn,</strong></span> <span class='ocrx_word' id='word_1_436' title='bbox 1001 2874 1012 2900; x_wconf 87' lang='lat' dir='ltr'><strong>I</strong></span> <span class='ocrx_word' id='word_1_437' title='bbox 1025 2881 1102 2908; x_wconf 85' lang='lat' dir='ltr'><strong>seqq.</strong></span> 
     </span>
    </p>
   </div>
   <div class='ocr_carea' id='block_1_63' title="bbox 560 2905 1375 2943">
    <p class='ocr_par' dir='ltr' id='par_1_63' title="bbox 560 2905 1375 2943">
     <span class='ocr_line' id='line_1_63' title="bbox 560 2905 1375 2943; baseline -0.005 -7"><span class='ocrx_word' id='word_1_438' title='bbox 560 2908 663 2937; x_wconf 82' lang='lat' dir='ltr'><strong>&quot;Psal.</strong></span> <span class='ocrx_word' id='word_1_439' title='bbox 678 2917 743 2943; x_wconf 84' lang='lat' dir='ltr'><strong>xcn,</strong></span> <span class='ocrx_word' id='word_1_440' title='bbox 763 2909 790 2937; x_wconf 83' lang='lat'><strong>5.</strong></span> <span class='ocrx_word' id='word_1_441' title='bbox 828 2909 851 2926; x_wconf 84' lang='lat'>&quot;</span> <span class='ocrx_word' id='word_1_442' title='bbox 870 2909 964 2936; x_wconf 82' lang='lat' dir='ltr'><strong>Matth.</strong></span> <span class='ocrx_word' id='word_1_443' title='bbox 980 2905 1113 2940; x_wconf 49' lang='lat' dir='ltr'><strong>“vn-1&#39;8.</strong></span> <span class='ocrx_word' id='word_1_444' title='bbox 1151 2908 1174 2923; x_wconf 67' lang='grc'><strong>’⁵</strong></span> <span class='ocrx_word' id='word_1_445' title='bbox 1187 2907 1267 2934; x_wconf 82' lang='lat' dir='ltr'><strong>Joan.</strong></span> <span class='ocrx_word' id='word_1_446' title='bbox 1284 2913 1310 2939; x_wconf 68' lang='grc' dir='ltr'><strong>ι,</strong></span> <span class='ocrx_word' id='word_1_447' title='bbox 1329 2905 1375 2932; x_wconf 72' lang='grc'><strong>22.</strong></span> 
     </span>
    </p>
   </div>
   <div class='ocr_carea' id='block_1_64' title="bbox 972 312 1762 349">
    <p class='ocr_par' dir='ltr' id='par_1_64' title="bbox 972 312 1762 349">
     <span class='ocr_line' id='line_1_64' title="bbox 972 312 1762 349; baseline 0.001 -9"><span class='ocrx_word' id='word_1_448' title='bbox 972 314 1068 345; x_wconf 86' lang='lat' dir='ltr'><strong>tendit,</strong></span> <span class='ocrx_word' id='word_1_449' title='bbox 1082 317 1109 340; x_wconf 90' lang='lat' dir='ltr'><strong>et</strong></span> <span class='ocrx_word' id='word_1_450' title='bbox 1125 312 1243 347; x_wconf 88' lang='lat' dir='ltr'><strong>Spiritus</strong></span> <span class='ocrx_word' id='word_1_451' title='bbox 1257 317 1382 345; x_wconf 82' lang='lat' dir='ltr'><strong>sanctus,</strong></span> <span class='ocrx_word' id='word_1_452' title='bbox 1398 313 1477 347; x_wconf 85' lang='lat' dir='ltr'><strong>cujus</strong></span> <span class='ocrx_word' id='word_1_453' title='bbox 1492 313 1606 348; x_wconf 76' lang='lat' dir='ltr'><strong>figuram</strong></span> <span class='ocrx_word' id='word_1_454' title='bbox 1623 315 1693 349; x_wconf 88' lang='lat' dir='ltr'><strong>gerit</strong></span> <span class='ocrx_word' id='word_1_455' title='bbox 1716 322 1762 341; x_wconf 89' lang='lat' dir='ltr'><strong>sa-</strong></span> 
     </span>
    </p>
   </div>
   <div class='ocr_carea' id='block_1_65' title="bbox 973 358 1763 394">
    <p class='ocr_par' dir='ltr' id='par_1_65' title="bbox 973 358 1763 394">
     <span class='ocr_line' id='line_1_65' title="bbox 973 358 1763 394; baseline 0.001 -8"><span class='ocrx_word' id='word_1_456' title='bbox 973 359 1051 394; x_wconf 88' lang='lat' dir='ltr'><strong>piens</strong></span> <span class='ocrx_word' id='word_1_457' title='bbox 1067 358 1196 391; x_wconf 82' lang='lat' dir='ltr'><strong>Bescleel,</strong></span> <span class='ocrx_word' id='word_1_458' title='bbox 1214 358 1307 386; x_wconf 86' lang='lat' dir='ltr'><strong>labore</strong></span> <span class='ocrx_word' id='word_1_459' title='bbox 1319 366 1371 386; x_wconf 85' lang='lat' dir='ltr'><strong>suo</strong></span> <span class='ocrx_word' id='word_1_460' title='bbox 1385 364 1412 386; x_wconf 92' lang='lat' dir='ltr'><strong>et</strong></span> <span class='ocrx_word' id='word_1_461' title='bbox 1429 358 1562 385; x_wconf 87' lang='lat' dir='ltr'><strong>industria</strong></span> <span class='ocrx_word' id='word_1_462' title='bbox 1577 360 1702 394; x_wconf 80' lang='lat' dir='ltr'><strong>perfecit,</strong></span> <span class='ocrx_word' id='word_1_463' title='bbox 1731 367 1763 388; x_wconf 84' lang='lat' dir='ltr'><strong>ac</strong></span> 
     </span>
    </p>
   </div>
   <div class='ocr_carea' id='block_1_66' title="bbox 978 404 1766 440">
    <p class='ocr_par' dir='ltr' id='par_1_66' title="bbox 978 404 1766 440">
     <span class='ocr_line' id='line_1_66' title="bbox 978 404 1766 440; baseline 0 -8"><span class='ocrx_word' id='word_1_464' title='bbox 978 405 1127 440; x_wconf 86' lang='lat' dir='ltr'><strong>spiritualis</strong></span> <span class='ocrx_word' id='word_1_465' title='bbox 1147 405 1234 431; x_wconf 86' lang='lat' dir='ltr'><strong>Moses</strong></span> <span class='ocrx_word' id='word_1_466' title='bbox 1247 404 1373 431; x_wconf 82' lang='lat' dir='ltr'><strong>Christus</strong></span> <span class='ocrx_word' id='word_1_467' title='bbox 1390 404 1495 438; x_wconf 82' lang='lat' dir='ltr'><strong>opiﬁcis</strong></span> <span class='ocrx_word' id='word_1_468' title='bbox 1515 405 1568 431; x_wconf 90' lang='lat' dir='ltr'><strong>ritu</strong></span> <span class='ocrx_word' id='word_1_469' title='bbox 1586 412 1633 439; x_wconf 88' lang='lat' dir='ltr'><strong>per</strong></span> <span class='ocrx_word' id='word_1_470' title='bbox 1650 413 1679 432; x_wconf 88' lang='lat' dir='ltr'><strong>se</strong></span> <span class='ocrx_word' id='word_1_471' title='bbox 1698 405 1766 432; x_wconf 68' lang='grc' dir='ltr'>επε-</span> 
     </span>
    </p>
   </div>
   <div class='ocr_carea' id='block_1_67' title="bbox 971 449 1764 484">
    <p class='ocr_par' dir='ltr' id='par_1_67' title="bbox 971 449 1764 484">
     <span class='ocr_line' id='line_1_67' title="bbox 971 449 1764 484; baseline -0.001 -6"><span class='ocrx_word' id='word_1_472' title='bbox 971 451 1008 478; x_wconf 87' lang='lat' dir='ltr'><strong>cit</strong></span> <span class='ocrx_word' id='word_1_473' title='bbox 1022 469 1030 482; x_wconf 85' lang='lat'><strong>,</strong></span> <span class='ocrx_word' id='word_1_474' title='bbox 1051 451 1197 477; x_wconf 88' lang='lat' dir='ltr'><strong>humanam</strong></span> <span class='ocrx_word' id='word_1_475' title='bbox 1215 449 1342 476; x_wconf 85' lang='lat' dir='ltr'><strong>videlicet</strong></span> <span class='ocrx_word' id='word_1_476' title='bbox 1365 454 1489 476; x_wconf 87' lang='lat' dir='ltr'><strong>naturam</strong></span> <span class='ocrx_word' id='word_1_477' title='bbox 1508 450 1535 476; x_wconf 94' lang='lat' dir='ltr'><strong>in</strong></span> <span class='ocrx_word' id='word_1_478' title='bbox 1553 457 1582 477; x_wconf 90' lang='lat' dir='ltr'><strong>se</strong></span> <span class='ocrx_word' id='word_1_479' title='bbox 1599 450 1659 484; x_wconf 88' lang='lat' dir='ltr'><strong>ipso</strong></span> <span class='ocrx_word' id='word_1_480' title='bbox 1688 458 1764 477; x_wconf 92' lang='lat' dir='ltr'><strong>com-</strong></span> 
     </span>
    </p>
   </div>
   <div class='ocr_carea' id='block_1_68' title="bbox 970 490 1765 531">
    <p class='ocr_par' dir='ltr' id='par_1_68' title="bbox 970 490 1765 531">
     <span class='ocr_line' id='line_1_68' title="bbox 970 490 1765 531; baseline 0.001 -8"><span class='ocrx_word' id='word_1_481' title='bbox 970 490 1084 531; x_wconf 63' lang='lat' dir='ltr'><strong>pingens</strong></span> <span class='ocrx_word' id='word_1_482' title='bbox 1101 503 1149 530; x_wconf 88' lang='lat' dir='ltr'><strong>per</strong></span> <span class='ocrx_word' id='word_1_483' title='bbox 1165 495 1364 530; x_wconf 88' lang='lat' dir='ltr'><strong>hypostaticam</strong></span> <span class='ocrx_word' id='word_1_484' title='bbox 1382 495 1520 522; x_wconf 91' lang='lat' dir='ltr'><strong>unionem.</strong></span> <span class='ocrx_word' id='word_1_485' title='bbox 1536 495 1607 523; x_wconf 82' lang='lat' dir='ltr'><strong>Arca</strong></span> <span class='ocrx_word' id='word_1_486' title='bbox 1626 501 1765 530; x_wconf 89' lang='lat' dir='ltr'><strong>postremo</strong></span> 
     </span>
    </p>
   </div>
   <div class='ocr_carea' id='block_1_69' title="bbox 970 541 1763 577">
    <p class='ocr_par' dir='ltr' id='par_1_69' title="bbox 970 541 1763 577">
     <span class='ocr_line' id='line_1_69' title="bbox 970 541 1763 577; baseline 0.001 -9"><span class='ocrx_word' id='word_1_487' title='bbox 970 549 1061 568; x_wconf 90' lang='lat' dir='ltr'><strong>rerum</strong></span> <span class='ocrx_word' id='word_1_488' title='bbox 1076 541 1198 568; x_wconf 90' lang='lat' dir='ltr'><strong>omnium</strong></span> <span class='ocrx_word' id='word_1_489' title='bbox 1215 541 1381 568; x_wconf 87' lang='lat' dir='ltr'><strong>creationem</strong></span> <span class='ocrx_word' id='word_1_490' title='bbox 1406 541 1549 576; x_wconf 85' lang='lat' dir='ltr'><strong>designare</strong></span> <span class='ocrx_word' id='word_1_491' title='bbox 1573 546 1665 576; x_wconf 84' lang='lat' dir='ltr'><strong>queat,</strong></span> <span class='ocrx_word' id='word_1_492' title='bbox 1681 550 1763 577; x_wconf 87' lang='lat' dir='ltr'><strong>quam</strong></span> 
     </span>
    </p>
   </div>
   <div class='ocr_carea' id='block_1_70' title="bbox 969 586 1764 621">
    <p class='ocr_par' dir='ltr' id='par_1_70' title="bbox 969 586 1764 621">
     <span class='ocr_line' id='line_1_70' title="bbox 969 586 1764 621; baseline 0.003 -7"><span class='ocrx_word' id='word_1_493' title='bbox 969 587 1049 614; x_wconf 82' lang='lat' dir='ltr'><strong>Pater</strong></span> <span class='ocrx_word' id='word_1_494' title='bbox 1060 590 1088 614; x_wconf 91' lang='lat' dir='ltr'><strong>ut</strong></span> <span class='ocrx_word' id='word_1_495' title='bbox 1096 594 1172 614; x_wconf 88' lang='lat' dir='ltr'><strong>mens</strong></span> <span class='ocrx_word' id='word_1_496' title='bbox 1183 587 1320 621; x_wconf 76' lang='lat' dir='ltr'><strong>cogitavit,</strong></span> <span class='ocrx_word' id='word_1_497' title='bbox 1332 586 1417 614; x_wconf 85' lang='lat' dir='ltr'><strong>Filius</strong></span> <span class='ocrx_word' id='word_1_498' title='bbox 1424 591 1454 614; x_wconf 94' lang='lat' dir='ltr'><strong>ut</strong></span> <span class='ocrx_word' id='word_1_499' title='bbox 1463 586 1579 614; x_wconf 81' lang='lat' dir='ltr'><strong>Verbum</strong></span> <span class='ocrx_word' id='word_1_500' title='bbox 1589 587 1723 618; x_wconf 87' lang='lat' dir='ltr'><strong>condidit.</strong></span> <span class='ocrx_word' id='word_1_501' title='bbox 1732 596 1764 616; x_wconf 85' lang='lat' dir='ltr'><strong>ac</strong></span> 
     </span>
    </p>
   </div>
   <div class='ocr_carea' id='block_1_71' title="bbox 969 631 1763 666">
    <p class='ocr_par' dir='ltr' id='par_1_71' title="bbox 969 631 1763 666">
     <span class='ocr_line' id='line_1_71' title="bbox 969 631 1763 666; baseline 0.003 -8"><span class='ocrx_word' id='word_1_502' title='bbox 969 631 1087 666; x_wconf 89' lang='lat' dir='ltr'><strong>denique</strong></span> <span class='ocrx_word' id='word_1_503' title='bbox 1100 631 1220 666; x_wconf 84' lang='lat' dir='ltr'><strong>Spiritus</strong></span> <span class='ocrx_word' id='word_1_504' title='bbox 1234 635 1346 659; x_wconf 79' lang='lat' dir='ltr'><strong>sanctus</strong></span> <span class='ocrx_word' id='word_1_505' title='bbox 1357 632 1487 659; x_wconf 88' lang='lat' dir='ltr'><strong>omnibus</strong></span> <span class='ocrx_word' id='word_1_506' title='bbox 1500 633 1621 660; x_wconf 80' lang='lat' dir='ltr'><strong>numeris</strong></span> <span class='ocrx_word' id='word_1_507' title='bbox 1632 633 1763 660; x_wconf 84' lang='lat' dir='ltr'><strong>absolvit.</strong></span> 
     </span>
    </p>
   </div>
   <div class='ocr_carea' id='block_1_72' title="bbox 1005 675 1761 712">
    <p class='ocr_par' dir='ltr' id='par_1_72' title="bbox 1005 675 1761 712">
     <span class='ocr_line' id='line_1_72' title="bbox 1005 675 1761 712; baseline 0.003 -9"><span class='ocrx_word' id='word_1_508' title='bbox 1005 676 1073 704; x_wconf 91' lang='lat' dir='ltr'><strong>Ibid.</strong></span> <span class='ocrx_word' id='word_1_509' title='bbox 1089 677 1121 703; x_wconf 74' lang='grc' dir='ltr'><strong>(Ζ.</strong></span> <span class='ocrx_word' id='word_1_510' title='bbox 1136 675 1200 702; x_wconf 74' lang='lat' dir='ltr'><strong>1am</strong></span> <span class='ocrx_word' id='word_1_511' title='bbox 1225 684 1334 712; x_wconf 84' lang='lat' dir='ltr'><strong>regnum</strong></span> <span class='ocrx_word' id='word_1_512' title='bbox 1357 684 1460 712; x_wconf 82' lang='lat' dir='ltr'><strong>quoque</strong></span> <span class='ocrx_word' id='word_1_513' title='bbox 1485 677 1582 704; x_wconf 81' lang='lat' dir='ltr'><strong>Davidt&#39;</strong></span> <span class='ocrx_word' id='word_1_514' title='bbox 1609 679 1761 705; x_wconf 82' lang='lat' dir='ltr'><strong>innovatum</strong></span> 
     </span>
    </p>
   </div>
   <div class='ocr_carea' id='block_1_73' title="bbox 969 722 1762 757">
    <p class='ocr_par' dir='ltr' id='par_1_73' title="bbox 969 722 1762 757">
     <span class='ocr_line' id='line_1_73' title="bbox 969 722 1762 757; baseline 0.003 -8"><span class='ocrx_word' id='word_1_515' title='bbox 969 727 1019 757; x_wconf 82' lang='lat' dir='ltr'><strong>est,</strong></span> <span class='ocrx_word' id='word_1_516' title='bbox 1035 727 1087 750; x_wconf 88' lang='lat' dir='ltr'><strong>etc.</strong></span> <span class='ocrx_word' id='word_1_517' title='bbox 1111 722 1192 749; x_wconf 84' lang='lat' dir='ltr'><strong>Prius</strong></span> <span class='ocrx_word' id='word_1_518' title='bbox 1219 722 1303 750; x_wconf 86' lang='lat' dir='ltr'><strong>David</strong></span> <span class='ocrx_word' id='word_1_519' title='bbox 1320 723 1475 750; x_wconf 81' lang='lat' dir='ltr'><strong>aSamuele</strong></span> <span class='ocrx_word' id='word_1_520' title='bbox 1498 723 1525 749; x_wconf 95' lang='lat' dir='ltr'><strong>in</strong></span> <span class='ocrx_word' id='word_1_521' title='bbox 1549 723 1686 751; x_wconf 72' lang='lat' dir='ltr'><strong>Bethleem</strong></span> <span class='ocrx_word' id='word_1_522' title='bbox 1710 734 1762 751; x_wconf 91' lang='lat' dir='ltr'><strong>un-</strong></span> 
     </span>
    </p>
   </div>
   <div class='ocr_carea' id='block_1_74' title="bbox 970 766 1760 802">
    <p class='ocr_par' dir='ltr' id='par_1_74' title="bbox 970 766 1760 802">
     <span class='ocr_line' id='line_1_74' title="bbox 970 766 1760 802; baseline 0.001 -7"><span class='ocrx_word' id='word_1_523' title='bbox 970 773 1032 796; x_wconf 87' lang='lat' dir='ltr'><strong>ctus</strong></span> <span class='ocrx_word' id='word_1_524' title='bbox 1045 772 1097 800; x_wconf 88' lang='lat' dir='ltr'><strong>est,</strong></span> <span class='ocrx_word' id='word_1_525' title='bbox 1119 771 1149 794; x_wconf 90' lang='lat' dir='ltr'><strong>ut</strong></span> <span class='ocrx_word' id='word_1_526' title='bbox 1170 768 1286 795; x_wconf 86' lang='lat' dir='ltr'><strong>habetur</strong></span> <span class='ocrx_word' id='word_1_527' title='bbox 1301 767 1312 794; x_wconf 91' lang='lat' dir='ltr'>I</span> <span class='ocrx_word' id='word_1_528' title='bbox 1329 768 1395 802; x_wconf 74' lang='lat' dir='ltr'><strong>Reg.</strong></span> <span class='ocrx_word' id='word_1_529' title='bbox 1411 775 1470 802; x_wconf 81' lang='lat' dir='ltr'><strong>cap.</strong></span> <span class='ocrx_word' id='word_1_530' title='bbox 1486 777 1513 796; x_wconf 80' lang='grc' dir='ltr'><strong>ν.</strong></span> <span class='ocrx_word' id='word_1_531' title='bbox 1529 766 1640 801; x_wconf 76' lang='lat' dir='ltr'><strong>Deinde,</strong></span> <span class='ocrx_word' id='word_1_532' title='bbox 1655 770 1760 797; x_wconf 84' lang='lat' dir='ltr'><strong>exstin-</strong></span> 
     </span>
    </p>
   </div>
   <div class='ocr_carea' id='block_1_75' title="bbox 970 813 1762 845">
    <p class='ocr_par' dir='ltr' id='par_1_75' title="bbox 970 813 1762 845">
     <span class='ocr_line' id='line_1_75' title="bbox 970 813 1762 845; baseline -0.001 -4"><span class='ocrx_word' id='word_1_533' title='bbox 970 817 1014 841; x_wconf 83' lang='lat' dir='ltr'><strong>cto</strong></span> <span class='ocrx_word' id='word_1_534' title='bbox 1031 813 1123 845; x_wconf 81' lang='lat' dir='ltr'><strong>Saule,</strong></span> <span class='ocrx_word' id='word_1_535' title='bbox 1140 813 1167 839; x_wconf 90' lang='lat' dir='ltr'><strong>in</strong></span> <span class='ocrx_word' id='word_1_536' title='bbox 1185 813 1292 840; x_wconf 87' lang='lat' dir='ltr'><strong>Hebron</strong></span> <span class='ocrx_word' id='word_1_537' title='bbox 1315 820 1362 840; x_wconf 89' lang='lat' dir='ltr'><strong>rex</strong></span> <span class='ocrx_word' id='word_1_538' title='bbox 1377 814 1511 840; x_wconf 84' lang='lat' dir='ltr'><strong>salutatus</strong></span> <span class='ocrx_word' id='word_1_539' title='bbox 1525 818 1578 845; x_wconf 88' lang='lat' dir='ltr'><strong>cst,</strong></span> <span class='ocrx_word' id='word_1_540' title='bbox 1597 818 1624 840; x_wconf 90' lang='lat' dir='ltr'><strong>ut</strong></span> <span class='ocrx_word' id='word_1_541' title='bbox 1646 818 1762 840; x_wconf 73' lang='lat' dir='ltr'><strong>testatur</strong></span> 
     </span>
    </p>
   </div>
   <div class='ocr_carea' id='block_1_76' title="bbox 973 857 1761 892">
    <p class='ocr_par' dir='ltr' id='par_1_76' title="bbox 973 857 1761 892">
     <span class='ocr_line' id='line_1_76' title="bbox 973 857 1761 892; baseline -0.003 -6"><span class='ocrx_word' id='word_1_542' title='bbox 973 859 1110 886; x_wconf 80' lang='lat' dir='ltr'><strong>secundus</strong></span> <span class='ocrx_word' id='word_1_543' title='bbox 1128 857 1213 890; x_wconf 86' lang='lat' dir='ltr'><strong>liber;</strong></span> <span class='ocrx_word' id='word_1_544' title='bbox 1229 857 1309 884; x_wconf 91' lang='lat' dir='ltr'><strong>tertio</strong></span> <span class='ocrx_word' id='word_1_545' title='bbox 1326 861 1386 892; x_wconf 91' lang='lat' dir='ltr'><strong>post</strong></span> <span class='ocrx_word' id='word_1_546' title='bbox 1411 857 1549 884; x_wconf 89' lang='lat' dir='ltr'><strong>interitum</strong></span> <span class='ocrx_word' id='word_1_547' title='bbox 1574 857 1761 892; x_wconf 86' lang='lat' dir='ltr'><strong>Mephiboseth</strong></span> 
     </span>
    </p>
   </div>
   <div class='ocr_carea' id='block_1_77' title="bbox 972 902 1760 938">
    <p class='ocr_par' dir='ltr' id='par_1_77' title="bbox 972 902 1760 938">
     <span class='ocr_line' id='line_1_77' title="bbox 972 902 1760 938; baseline -0.003 -7"><span class='ocrx_word' id='word_1_548' title='bbox 972 905 1007 932; x_wconf 88' lang='lat' dir='ltr'><strong>ab</strong></span> <span class='ocrx_word' id='word_1_549' title='bbox 1019 903 1157 931; x_wconf 87' lang='lat' dir='ltr'><strong>universis</strong></span> <span class='ocrx_word' id='word_1_550' title='bbox 1173 902 1309 930; x_wconf 85' lang='lat' dir='ltr'><strong>tribubus.</strong></span> <span class='ocrx_word' id='word_1_551' title='bbox 1328 903 1396 938; x_wconf 82' lang='lat' dir='ltr'><strong>Ergo</strong></span> <span class='ocrx_word' id='word_1_552' title='bbox 1412 908 1439 930; x_wconf 89' lang='lat' dir='ltr'><strong>et</strong></span> <span class='ocrx_word' id='word_1_553' title='bbox 1453 910 1516 930; x_wconf 92' lang='lat' dir='ltr'><strong>cum</strong></span> <span class='ocrx_word' id='word_1_554' title='bbox 1533 907 1593 937; x_wconf 89' lang='lat' dir='ltr'><strong>post</strong></span> <span class='ocrx_word' id='word_1_555' title='bbox 1606 902 1760 930; x_wconf 88' lang='lat' dir='ltr'><strong>unctionem</strong></span> 
     </span>
    </p>
   </div>
   <div class='ocr_carea' id='block_1_78' title="bbox 972 949 1762 986">
    <p class='ocr_par' dir='ltr' id='par_1_78' title="bbox 972 949 1762 986">
     <span class='ocr_line' id='line_1_78' title="bbox 972 949 1762 986; baseline -0.004 -7"><span class='ocrx_word' id='word_1_556' title='bbox 972 959 1086 986; x_wconf 88' lang='lat' dir='ltr'><strong>regnum</strong></span> <span class='ocrx_word' id='word_1_557' title='bbox 1108 951 1158 986; x_wconf 86' lang='lat' dir='ltr'><strong>ipsi</strong></span> <span class='ocrx_word' id='word_1_558' title='bbox 1175 955 1332 982; x_wconf 83' lang='lat' dir='ltr'><strong>neraretur,</strong></span> <span class='ocrx_word' id='word_1_559' title='bbox 1344 949 1445 977; x_wconf 87' lang='lat' dir='ltr'><strong>festum</strong></span> <span class='ocrx_word' id='word_1_560' title='bbox 1462 950 1611 977; x_wconf 87' lang='lat' dir='ltr'><strong>celebravit</strong></span> <span class='ocrx_word' id='word_1_561' title='bbox 1629 958 1636 976; x_wconf 89' lang='lat'><strong>:</strong></span> <span class='ocrx_word' id='word_1_562' title='bbox 1653 954 1681 977; x_wconf 88' lang='lat' dir='ltr'><strong>et</strong></span> <span class='ocrx_word' id='word_1_563' title='bbox 1698 958 1762 977; x_wconf 91' lang='lat' dir='ltr'><strong>rur-</strong></span> 
     </span>
    </p>
   </div>
   <div class='ocr_carea' id='block_1_79' title="bbox 973 995 1762 1031">
    <p class='ocr_par' dir='ltr' id='par_1_79' title="bbox 973 995 1762 1031">
     <span class='ocr_line' id='line_1_79' title="bbox 973 995 1762 1031; baseline -0.004 -6"><span class='ocrx_word' id='word_1_564' title='bbox 973 1005 1020 1025; x_wconf 84' lang='lat' dir='ltr'><strong>sus</strong></span> <span class='ocrx_word' id='word_1_565' title='bbox 1031 1005 1094 1025; x_wconf 91' lang='lat' dir='ltr'><strong>cum</strong></span> <span class='ocrx_word' id='word_1_566' title='bbox 1123 1003 1172 1031; x_wconf 88' lang='lat' dir='ltr'><strong>per</strong></span> <span class='ocrx_word' id='word_1_567' title='bbox 1199 996 1334 1023; x_wconf 71' lang='lat' dir='ltr'><strong>universas</strong></span> <span class='ocrx_word' id='word_1_568' title='bbox 1359 996 1454 1030; x_wconf 56' lang='lat' dir='ltr'><strong>{plebis</strong></span> <span class='ocrx_word' id='word_1_569' title='bbox 1487 995 1677 1023; x_wconf 88' lang='lat' dir='ltr'><strong>salutationem</strong></span> <span class='ocrx_word' id='word_1_570' title='bbox 1710 995 1762 1031; x_wconf 88' lang='lat' dir='ltr'><strong>ipsi</strong></span> 
     </span>
    </p>
   </div>
   <div class='ocr_carea' id='block_1_80' title="bbox 971 1042 1764 1080">
    <p class='ocr_par' dir='ltr' id='par_1_80' title="bbox 971 1042 1764 1080">
     <span class='ocr_line' id='line_1_80' title="bbox 971 1042 1764 1080; baseline 0 -10"><span class='ocrx_word' id='word_1_571' title='bbox 971 1044 1140 1080; x_wconf 87' lang='lat' dir='ltr'><strong>principatus</strong></span> <span class='ocrx_word' id='word_1_572' title='bbox 1164 1044 1351 1075; x_wconf 90' lang='lat' dir='ltr'><strong>innovaretur,</strong></span> <span class='ocrx_word' id='word_1_573' title='bbox 1368 1043 1438 1070; x_wconf 86' lang='lat' dir='ltr'><strong>diem</strong></span> <span class='ocrx_word' id='word_1_574' title='bbox 1460 1042 1535 1069; x_wconf 90' lang='lat' dir='ltr'><strong>illum</strong></span> <span class='ocrx_word' id='word_1_575' title='bbox 1554 1043 1646 1070; x_wconf 65' lang='lat' dir='ltr'><strong>laetitia</strong></span> <span class='ocrx_word' id='word_1_576' title='bbox 1668 1047 1695 1070; x_wconf 86' lang='lat' dir='ltr'><strong>et</strong></span> <span class='ocrx_word' id='word_1_577' title='bbox 1717 1050 1764 1070; x_wconf 90' lang='lat' dir='ltr'><strong>so-</strong></span> 
     </span>
    </p>
   </div>
   <div class='ocr_carea' id='block_1_81' title="bbox 972 1089 1761 1126">
    <p class='ocr_par' dir='ltr' id='par_1_81' title="bbox 972 1089 1761 1126">
     <span class='ocr_line' id='line_1_81' title="bbox 972 1089 1761 1126; baseline -0.004 -8"><span class='ocrx_word' id='word_1_578' title='bbox 972 1091 1113 1118; x_wconf 80' lang='lat' dir='ltr'><strong>lemnitate</strong></span> <span class='ocrx_word' id='word_1_579' title='bbox 1139 1095 1303 1126; x_wconf 84' lang='lat' dir='ltr'><strong>prosecutus</strong></span> <span class='ocrx_word' id='word_1_580' title='bbox 1319 1093 1379 1123; x_wconf 86' lang='lat' dir='ltr'><strong>est,</strong></span> <span class='ocrx_word' id='word_1_581' title='bbox 1397 1089 1471 1124; x_wconf 86' lang='lat' dir='ltr'><strong>regni</strong></span> <span class='ocrx_word' id='word_1_582' title='bbox 1496 1089 1761 1116; x_wconf 80' lang='lat' dir='ltr'><strong>administratio-rem</strong></span> 
     </span>
    </p>
   </div>
   <div class='ocr_carea' id='block_1_82' title="bbox 973 1135 1764 1172">
    <p class='ocr_par' dir='ltr' id='par_1_82' title="bbox 973 1135 1764 1172">
     <span class='ocr_line' id='line_1_82' title="bbox 973 1135 1764 1172; baseline -0.003 -8"><span class='ocrx_word' id='word_1_583' title='bbox 973 1145 1131 1172; x_wconf 78' lang='lat' dir='ltr'><strong>capessens.</strong></span> <span class='ocrx_word' id='word_1_584' title='bbox 1148 1136 1229 1164; x_wconf 87' lang='lat' dir='ltr'><strong>Juxta</strong></span> <span class='ocrx_word' id='word_1_585' title='bbox 1256 1136 1412 1171; x_wconf 84' lang='lat' dir='ltr'><strong>allegoriam</strong></span> <span class='ocrx_word' id='word_1_586' title='bbox 1430 1139 1521 1163; x_wconf 84' lang='lat' dir='ltr'><strong>autem</strong></span> <span class='ocrx_word' id='word_1_587' title='bbox 1536 1135 1686 1171; x_wconf 87' lang='lat' dir='ltr'><strong>spirituaiis</strong></span> <span class='ocrx_word' id='word_1_588' title='bbox 1712 1135 1764 1162; x_wconf 83' lang='lat' dir='ltr'><strong>Da-</strong></span> 
     </span>
    </p>
   </div>
   <div class='ocr_carea' id='block_1_83' title="bbox 975 1181 1762 1217">
    <p class='ocr_par' dir='ltr' id='par_1_83' title="bbox 975 1181 1762 1217">
     <span class='ocr_line' id='line_1_83' title="bbox 975 1181 1762 1217; baseline -0.004 -6"><span class='ocrx_word' id='word_1_589' title='bbox 975 1184 1020 1212; x_wconf 89' lang='lat' dir='ltr'><strong>vid</strong></span> <span class='ocrx_word' id='word_1_590' title='bbox 1039 1184 1166 1211; x_wconf 84' lang='lat' dir='ltr'><strong>Christus</strong></span> <span class='ocrx_word' id='word_1_591' title='bbox 1183 1187 1235 1214; x_wconf 87' lang='lat' dir='ltr'><strong>est,</strong></span> <span class='ocrx_word' id='word_1_592' title='bbox 1253 1189 1345 1214; x_wconf 85' lang='lat' dir='ltr'><strong>verus,</strong></span> <span class='ocrx_word' id='word_1_593' title='bbox 1370 1181 1500 1217; x_wconf 83' lang='lat' dir='ltr'><strong>inquam,</strong></span> <span class='ocrx_word' id='word_1_594' title='bbox 1517 1181 1562 1210; x_wconf 89' lang='lat' dir='ltr'><strong>ille</strong></span> <span class='ocrx_word' id='word_1_595' title='bbox 1577 1189 1624 1209; x_wconf 79' lang='lat' dir='ltr'><strong>rex</strong></span> <span class='ocrx_word' id='word_1_596' title='bbox 1642 1182 1704 1209; x_wconf 85' lang='lat' dir='ltr'><strong>novi</strong></span> <span class='ocrx_word' id='word_1_597' title='bbox 1722 1181 1762 1209; x_wconf 91' lang='lat' dir='ltr'><strong>ls-</strong></span> 
     </span>
    </p>
   </div>
   <div class='ocr_carea' id='block_1_84' title="bbox 972 1229 1762 1265">
    <p class='ocr_par' dir='ltr' id='par_1_84' title="bbox 972 1229 1762 1265">
     <span class='ocr_line' id='line_1_84' title="bbox 972 1229 1762 1265; baseline -0.005 -6"><span class='ocrx_word' id='word_1_598' title='bbox 972 1232 1052 1260; x_wconf 87' lang='lat' dir='ltr'><strong>raelis</strong></span> <span class='ocrx_word' id='word_1_599' title='bbox 1064 1238 1096 1258; x_wconf 84' lang='lat' dir='ltr'><strong>ac</strong></span> <span class='ocrx_word' id='word_1_600' title='bbox 1105 1230 1222 1258; x_wconf 82' lang='lat' dir='ltr'><strong>videntis</strong></span> <span class='ocrx_word' id='word_1_601' title='bbox 1228 1229 1323 1264; x_wconf 89' lang='lat' dir='ltr'><strong>Deum,</strong></span> <span class='ocrx_word' id='word_1_602' title='bbox 1331 1234 1360 1258; x_wconf 95' lang='lat' dir='ltr'><strong>ut</strong></span> <span class='ocrx_word' id='word_1_603' title='bbox 1370 1237 1402 1257; x_wconf 92' lang='lat' dir='ltr'><strong>ex</strong></span> <span class='ocrx_word' id='word_1_604' title='bbox 1413 1237 1512 1265; x_wconf 85' lang='lat' dir='ltr'><strong>genere</strong></span> <span class='ocrx_word' id='word_1_605' title='bbox 1519 1229 1602 1256; x_wconf 79' lang='lat' dir='ltr'><strong>David</strong></span> <span class='ocrx_word' id='word_1_606' title='bbox 1612 1229 1762 1256; x_wconf 79' lang='lat' dir='ltr'><strong>secundum</strong></span> 
     </span>
    </p>
   </div>
   <div class='ocr_carea' id='block_1_85' title="bbox 972 1276 1763 1311">
    <p class='ocr_par' dir='ltr' id='par_1_85' title="bbox 972 1276 1763 1311">
     <span class='ocr_line' id='line_1_85' title="bbox 972 1276 1763 1311; baseline -0.006 -6"><span class='ocrx_word' id='word_1_607' title='bbox 972 1285 1081 1306; x_wconf 87' lang='lat' dir='ltr'><strong>carnem</strong></span> <span class='ocrx_word' id='word_1_608' title='bbox 1092 1277 1296 1305; x_wconf 86' lang='lat' dir='ltr'><strong>oriundus.IIic</strong></span> <span class='ocrx_word' id='word_1_609' title='bbox 1310 1277 1336 1303; x_wconf 94' lang='lat' dir='ltr'><strong>in</strong></span> <span class='ocrx_word' id='word_1_610' title='bbox 1354 1276 1442 1311; x_wconf 91' lang='lat' dir='ltr'><strong>primo</strong></span> <span class='ocrx_word' id='word_1_611' title='bbox 1468 1283 1519 1303; x_wconf 91' lang='lat' dir='ltr'><strong>suo</strong></span> <span class='ocrx_word' id='word_1_612' title='bbox 1539 1276 1656 1302; x_wconf 86' lang='lat' dir='ltr'><strong>adventu</strong></span> <span class='ocrx_word' id='word_1_613' title='bbox 1676 1283 1763 1309; x_wconf 89' lang='lat' dir='ltr'><strong>quan-</strong></span> 
     </span>
    </p>
   </div>
   <div class='ocr_carea' id='block_1_86' title="bbox 975 1320 1764 1351">
    <p class='ocr_par' dir='ltr' id='par_1_86' title="bbox 975 1320 1764 1351">
     <span class='ocr_line' id='line_1_86' title="bbox 975 1320 1764 1351; baseline -0.006 0"><span class='ocrx_word' id='word_1_614' title='bbox 975 1328 1032 1351; x_wconf 89' lang='lat' dir='ltr'><strong>tum</strong></span> <span class='ocrx_word' id='word_1_615' title='bbox 1044 1323 1077 1350; x_wconf 90' lang='lat' dir='ltr'><strong>ad</strong></span> <span class='ocrx_word' id='word_1_616' title='bbox 1095 1323 1295 1350; x_wconf 86' lang='lat' dir='ltr'><strong>humanitatem</strong></span> <span class='ocrx_word' id='word_1_617' title='bbox 1308 1327 1407 1350; x_wconf 87' lang='lat' dir='ltr'><strong>unctus</strong></span> <span class='ocrx_word' id='word_1_618' title='bbox 1417 1326 1459 1348; x_wconf 90' lang='lat' dir='ltr'><strong>est</strong></span> <span class='ocrx_word' id='word_1_619' title='bbox 1472 1325 1517 1348; x_wconf 86' lang='lat' dir='ltr'><strong>:at</strong></span> <span class='ocrx_word' id='word_1_620' title='bbox 1527 1321 1554 1348; x_wconf 92' lang='lat' dir='ltr'><strong>in</strong></span> <span class='ocrx_word' id='word_1_621' title='bbox 1566 1321 1687 1348; x_wconf 84' lang='lat' dir='ltr'><strong>secundo</strong></span> <span class='ocrx_word' id='word_1_622' title='bbox 1697 1320 1764 1347; x_wconf 89' lang='lat' dir='ltr'><strong>etil-</strong></span> 
     </span>
    </p>
   </div>
   <div class='ocr_carea' id='block_1_87' title="bbox 973 1365 1764 1401">
    <p class='ocr_par' dir='ltr' id='par_1_87' title="bbox 973 1365 1764 1401">
     <span class='ocr_line' id='line_1_87' title="bbox 973 1365 1764 1401; baseline -0.006 -5"><span class='ocrx_word' id='word_1_623' title='bbox 973 1369 1055 1397; x_wconf 90' lang='lat' dir='ltr'><strong>lustri</strong></span> <span class='ocrx_word' id='word_1_624' title='bbox 1069 1374 1097 1395; x_wconf 88' lang='lat' dir='ltr'><strong>ut</strong></span> <span class='ocrx_word' id='word_1_625' title='bbox 1108 1369 1180 1396; x_wconf 83' lang='lat' dir='ltr'><strong>Deus</strong></span> <span class='ocrx_word' id='word_1_626' title='bbox 1188 1373 1214 1395; x_wconf 88' lang='lat' dir='ltr'><strong>et</strong></span> <span class='ocrx_word' id='word_1_627' title='bbox 1225 1367 1366 1399; x_wconf 78' lang='lat' dir='ltr'><strong>Dominus,</strong></span> <span class='ocrx_word' id='word_1_628' title='bbox 1377 1367 1520 1401; x_wconf 88' lang='lat' dir='ltr'><strong>omnisque</strong></span> <span class='ocrx_word' id='word_1_629' title='bbox 1531 1371 1662 1393; x_wconf 64' lang='lat' dir='ltr'><strong>creatura:</strong></span> <span class='ocrx_word' id='word_1_630' title='bbox 1673 1365 1728 1392; x_wconf 77' lang='lat' dir='ltr'><strong>Rex</strong></span> <span class='ocrx_word' id='word_1_631' title='bbox 1737 1370 1764 1392; x_wconf 87' lang='lat' dir='ltr'><strong>et</strong></span> 
     </span>
    </p>
   </div>
   <div class='ocr_carea' id='block_1_88' title="bbox 971 1411 1762 1449">
    <p class='ocr_par' dir='ltr' id='par_1_88' title="bbox 971 1411 1762 1449">
     <span class='ocr_line' id='line_1_88' title="bbox 971 1411 1762 1449; baseline -0.009 -6"><span class='ocrx_word' id='word_1_632' title='bbox 971 1415 1085 1443; x_wconf 87' lang='lat' dir='ltr'><strong>Creator</strong></span> <span class='ocrx_word' id='word_1_633' title='bbox 1099 1414 1327 1449; x_wconf 85' lang='lat' dir='ltr'><strong>proclamabitur,</strong></span> <span class='ocrx_word' id='word_1_634' title='bbox 1345 1412 1386 1439; x_wconf 88' lang='lat' dir='ltr'><strong>vel</strong></span> <span class='ocrx_word' id='word_1_635' title='bbox 1400 1412 1485 1439; x_wconf 78' lang='lat' dir='ltr'><strong>etiam</strong></span> <span class='ocrx_word' id='word_1_636' title='bbox 1503 1411 1687 1446; x_wconf 84' lang='lat' dir='ltr'><strong>proclamatus</strong></span> <span class='ocrx_word' id='word_1_637' title='bbox 1710 1415 1762 1443; x_wconf 78' lang='lat' dir='ltr'><strong>est,</strong></span> 
     </span>
    </p>
   </div>
   <div class='ocr_carea' id='block_1_89' title="bbox 970 1456 1764 1492">
    <p class='ocr_par' dir='ltr' id='par_1_89' title="bbox 970 1456 1764 1492">
     <span class='ocr_line' id='line_1_89' title="bbox 970 1456 1764 1492; baseline -0.008 -3"><span class='ocrx_word' id='word_1_638' title='bbox 970 1462 1033 1489; x_wconf 90' lang='lat' dir='ltr'><strong>data</strong></span> <span class='ocrx_word' id='word_1_639' title='bbox 1049 1461 1156 1488; x_wconf 84' lang='lat' dir='ltr'><strong>scilicet</strong></span> <span class='ocrx_word' id='word_1_640' title='bbox 1170 1459 1204 1491; x_wconf 86' lang='lat' dir='ltr'><strong>ei,</strong></span> <span class='ocrx_word' id='word_1_641' title='bbox 1220 1464 1249 1486; x_wconf 92' lang='lat' dir='ltr'><strong>ut</strong></span> <span class='ocrx_word' id='word_1_642' title='bbox 1261 1458 1376 1491; x_wconf 89' lang='lat' dir='ltr'><strong>homini,</strong></span> <span class='ocrx_word' id='word_1_643' title='bbox 1393 1459 1467 1485; x_wconf 90' lang='lat' dir='ltr'><strong>omni</strong></span> <span class='ocrx_word' id='word_1_644' title='bbox 1483 1462 1618 1492; x_wconf 81' lang='lat' dir='ltr'><strong>potestate</strong></span> <span class='ocrx_word' id='word_1_645' title='bbox 1644 1456 1670 1484; x_wconf 91' lang='lat' dir='ltr'><strong>in</strong></span> <span class='ocrx_word' id='word_1_646' title='bbox 1693 1457 1764 1483; x_wconf 66' lang='lat' dir='ltr'><strong>calo</strong></span> 
     </span>
    </p>
   </div>
   <div class='ocr_carea' id='block_1_90' title="bbox 970 1503 1764 1539">
    <p class='ocr_par' dir='ltr' id='par_1_90' title="bbox 970 1503 1764 1539">
     <span class='ocr_line' id='line_1_90' title="bbox 970 1503 1764 1539; baseline -0.005 -5"><span class='ocrx_word' id='word_1_647' title='bbox 970 1511 997 1534; x_wconf 86' lang='lat' dir='ltr'><strong>et</strong></span> <span class='ocrx_word' id='word_1_648' title='bbox 1013 1506 1039 1533; x_wconf 91' lang='lat' dir='ltr'><strong>in</strong></span> <span class='ocrx_word' id='word_1_649' title='bbox 1054 1510 1126 1533; x_wconf 88' lang='lat' dir='ltr'><strong>terra</strong></span> <span class='ocrx_word' id='word_1_650' title='bbox 1142 1505 1176 1532; x_wconf 88' lang='lat'><strong>&quot;.</strong></span> <span class='ocrx_word' id='word_1_651' title='bbox 1195 1504 1280 1531; x_wconf 88' lang='lat' dir='ltr'><strong>Porro</strong></span> <span class='ocrx_word' id='word_1_652' title='bbox 1293 1504 1381 1539; x_wconf 89' lang='lat' dir='ltr'><strong>ipsius</strong></span> <span class='ocrx_word' id='word_1_653' title='bbox 1393 1510 1519 1538; x_wconf 87' lang='lat' dir='ltr'><strong>regnum,</strong></span> <span class='ocrx_word' id='word_1_654' title='bbox 1531 1503 1554 1530; x_wconf 86' lang='lat' dir='ltr'><strong>si</strong></span> <span class='ocrx_word' id='word_1_655' title='bbox 1568 1503 1677 1537; x_wconf 88' lang='lat' dir='ltr'><strong>quidem</strong></span> <span class='ocrx_word' id='word_1_656' title='bbox 1690 1505 1764 1538; x_wconf 85' lang='lat' dir='ltr'><strong>prio-</strong></span> 
     </span>
    </p>
   </div>
   <div class='ocr_carea' id='block_1_91' title="bbox 972 1548 1766 1584">
    <p class='ocr_par' dir='ltr' id='par_1_91' title="bbox 972 1548 1766 1584">
     <span class='ocr_line' id='line_1_91' title="bbox 972 1548 1766 1584; baseline -0.004 -5"><span class='ocrx_word' id='word_1_657' title='bbox 972 1558 1029 1579; x_wconf 85' lang='lat' dir='ltr'><strong>rem</strong></span> <span class='ocrx_word' id='word_1_658' title='bbox 1049 1550 1206 1578; x_wconf 88' lang='lat' dir='ltr'><strong>unctionem</strong></span> <span class='ocrx_word' id='word_1_659' title='bbox 1226 1553 1391 1584; x_wconf 77' lang='lat' dir='ltr'><strong>spectemus,</strong></span> <span class='ocrx_word' id='word_1_660' title='bbox 1417 1549 1444 1575; x_wconf 93' lang='lat' dir='ltr'><strong>in</strong></span> <span class='ocrx_word' id='word_1_661' title='bbox 1469 1548 1655 1582; x_wconf 88' lang='lat' dir='ltr'><strong>conccptionis</strong></span> <span class='ocrx_word' id='word_1_662' title='bbox 1678 1549 1766 1584; x_wconf 80' lang='lat' dir='ltr'><strong>ipsius</strong></span> 
     </span>
    </p>
   </div>
   <div class='ocr_carea' id='block_1_92' title="bbox 933 1594 1765 1641">
    <p class='ocr_par' dir='ltr' id='par_1_92' title="bbox 933 1594 1765 1641">
     <span class='ocr_line' id='line_1_92' title="bbox 933 1594 1765 1641; baseline -0.002 -17"><span class='ocrx_word' id='word_1_663' title='bbox 933 1612 954 1641; x_wconf 69' lang='grc' dir='ltr'><strong>ο</strong></span> <span class='ocrx_word' id='word_1_664' title='bbox 974 1597 1016 1624; x_wconf 84' lang='lat' dir='ltr'><strong>vel</strong></span> <span class='ocrx_word' id='word_1_665' title='bbox 1034 1596 1186 1624; x_wconf 74' lang='lat' dir='ltr'><strong>nativitatis</strong></span> <span class='ocrx_word' id='word_1_666' title='bbox 1203 1595 1273 1622; x_wconf 88' lang='lat' dir='ltr'><strong>festo</strong></span> <span class='ocrx_word' id='word_1_667' title='bbox 1289 1595 1435 1622; x_wconf 88' lang='lat' dir='ltr'><strong>innovatur</strong></span> <span class='ocrx_word' id='word_1_668' title='bbox 1451 1603 1458 1621; x_wconf 88' lang='lat'>:</span> <span class='ocrx_word' id='word_1_669' title='bbox 1474 1594 1497 1621; x_wconf 89' lang='lat' dir='ltr'><strong>si</strong></span> <span class='ocrx_word' id='word_1_670' title='bbox 1515 1599 1605 1621; x_wconf 79' lang='lat' dir='ltr'><strong>autem</strong></span> <span class='ocrx_word' id='word_1_671' title='bbox 1617 1596 1765 1622; x_wconf 78' lang='lat' dir='ltr'><strong>secundam</strong></span> 
     </span>
    </p>
   </div>
   <div class='ocr_carea' id='block_1_93' title="bbox 971 1639 1725 1678">
    <p class='ocr_par' dir='ltr' id='par_1_93' title="bbox 971 1639 1725 1678">
     <span class='ocr_line' id='line_1_93' title="bbox 971 1639 1725 1678; baseline -0.003 -8"><span class='ocrx_word' id='word_1_672' title='bbox 971 1643 1225 1678; x_wconf 87' lang='lat' dir='ltr'><strong>proclamationem,</strong></span> <span class='ocrx_word' id='word_1_673' title='bbox 1246 1641 1273 1668; x_wconf 91' lang='lat' dir='ltr'><strong>in</strong></span> <span class='ocrx_word' id='word_1_674' title='bbox 1285 1640 1355 1668; x_wconf 89' lang='lat' dir='ltr'><strong>festo</strong></span> <span class='ocrx_word' id='word_1_675' title='bbox 1375 1640 1476 1668; x_wconf 88' lang='lat' dir='ltr'><strong>celebri</strong></span> <span class='ocrx_word' id='word_1_676' title='bbox 1494 1639 1725 1668; x_wconf 78' lang='lat' dir='ltr'><strong>Resurrectionis.</strong></span> 
     </span>
    </p>
   </div>
   <div class='ocr_carea' id='block_1_94' title="bbox 1005 1684 1763 1720">
    <p class='ocr_par' dir='ltr' id='par_1_94' title="bbox 1005 1684 1763 1720">
     <span class='ocr_line' id='line_1_94' title="bbox 1005 1684 1763 1720; baseline -0.005 -5"><span class='ocrx_word' id='word_1_677' title='bbox 1005 1686 1074 1715; x_wconf 91' lang='lat' dir='ltr'><strong>Ibid.</strong></span> <span class='ocrx_word' id='word_1_678' title='bbox 1089 1685 1175 1713; x_wconf 83' lang='lat' dir='ltr'><strong>Facta</strong></span> <span class='ocrx_word' id='word_1_679' title='bbox 1186 1690 1247 1713; x_wconf 86' lang='lat' dir='ltr'><strong>sunt</strong></span> <span class='ocrx_word' id='word_1_680' title='bbox 1261 1686 1340 1712; x_wconf 85' lang='lat' dir='ltr'><strong>etiam</strong></span> <span class='ocrx_word' id='word_1_681' title='bbox 1355 1685 1482 1712; x_wconf 68' lang='lat' dir='ltr'><strong>Encarnia</strong></span> <span class='ocrx_word' id='word_1_682' title='bbox 1498 1684 1701 1720; x_wconf 67' lang='lat' dir='ltr'><strong>Hierosolymis,</strong></span> <span class='ocrx_word' id='word_1_683' title='bbox 1711 1690 1763 1712; x_wconf 88' lang='lat' dir='ltr'><strong>etc.</strong></span> 
     </span>
    </p>
   </div>
   <div class='ocr_carea' id='block_1_95' title="bbox 970 1731 1765 1766">
    <p class='ocr_par' dir='ltr' id='par_1_95' title="bbox 970 1731 1765 1766">
     <span class='ocr_line' id='line_1_95' title="bbox 970 1731 1765 1766; baseline -0.005 -5"><span class='ocrx_word' id='word_1_684' title='bbox 970 1733 1098 1761; x_wconf 63' lang='lat' dir='ltr'><strong>Encania</strong></span> <span class='ocrx_word' id='word_1_685' title='bbox 1115 1734 1169 1760; x_wconf 89' lang='lat' dir='ltr'><strong>hoc</strong></span> <span class='ocrx_word' id='word_1_686' title='bbox 1188 1732 1248 1760; x_wconf 93' lang='lat' dir='ltr'><strong>loco</strong></span> <span class='ocrx_word' id='word_1_687' title='bbox 1265 1732 1402 1766; x_wconf 85' lang='lat' dir='ltr'><strong>intelligit,</strong></span> <span class='ocrx_word' id='word_1_688' title='bbox 1420 1739 1475 1757; x_wconf 90' lang='lat' dir='ltr'><strong>non</strong></span> <span class='ocrx_word' id='word_1_689' title='bbox 1494 1731 1595 1766; x_wconf 88' lang='lat' dir='ltr'><strong>prioris</strong></span> <span class='ocrx_word' id='word_1_690' title='bbox 1607 1732 1679 1758; x_wconf 89' lang='lat' dir='ltr'><strong>illius</strong></span> <span class='ocrx_word' id='word_1_691' title='bbox 1692 1735 1765 1758; x_wconf 81' lang='lat' dir='ltr'><strong>strn-</strong></span> 
     </span>
    </p>
   </div>
   <div class='ocr_carea' id='block_1_96' title="bbox 970 1776 1764 1813">
    <p class='ocr_par' dir='ltr' id='par_1_96' title="bbox 970 1776 1764 1813">
     <span class='ocr_line' id='line_1_96' title="bbox 970 1776 1764 1813; baseline -0.006 -6"><span class='ocrx_word' id='word_1_692' title='bbox 970 1785 1054 1808; x_wconf 72' lang='lat' dir='ltr'><strong>ctura&#39;:</strong></span> <span class='ocrx_word' id='word_1_693' title='bbox 1066 1779 1172 1813; x_wconf 87' lang='lat' dir='ltr'><strong>templi,</strong></span> <span class='ocrx_word' id='word_1_694' title='bbox 1187 1785 1248 1812; x_wconf 73' lang='lat' dir='ltr'><strong>quae</strong></span> <span class='ocrx_word' id='word_1_695' title='bbox 1262 1782 1395 1812; x_wconf 87' lang='lat' dir='ltr'><strong>regnante</strong></span> <span class='ocrx_word' id='word_1_696' title='bbox 1407 1776 1640 1811; x_wconf 65' lang='lat' dir='ltr'><strong>Salomonefaeta</strong></span> <span class='ocrx_word' id='word_1_697' title='bbox 1653 1781 1703 1807; x_wconf 81' lang='lat' dir='ltr'><strong>est,</strong></span> <span class='ocrx_word' id='word_1_698' title='bbox 1716 1777 1764 1803; x_wconf 85' lang='lat' dir='ltr'><strong>sed</strong></span> 
     </span>
    </p>
   </div>
   <div class='ocr_carea' id='block_1_97' title="bbox 970 1820 1765 1861">
    <p class='ocr_par' dir='ltr' id='par_1_97' title="bbox 970 1820 1765 1861">
     <span class='ocr_line' id='line_1_97' title="bbox 970 1820 1765 1861; baseline -0.006 -9"><span class='ocrx_word' id='word_1_699' title='bbox 970 1824 1132 1861; x_wconf 78' lang='lat' dir='ltr'><strong>posterioris</strong></span> <span class='ocrx_word' id='word_1_700' title='bbox 1146 1824 1231 1854; x_wconf 88' lang='lat' dir='ltr'><strong>illius,</strong></span> <span class='ocrx_word' id='word_1_701' title='bbox 1245 1829 1305 1856; x_wconf 61' lang='lat' dir='ltr'><strong>quas</strong></span> <span class='ocrx_word' id='word_1_702' title='bbox 1320 1822 1438 1848; x_wconf 88' lang='lat' dir='ltr'><strong>reditqu</strong></span> <span class='ocrx_word' id='word_1_703' title='bbox 1461 1820 1618 1847; x_wconf 71' lang='lat' dir='ltr'><strong>Judmorum</strong></span> <span class='ocrx_word' id='word_1_704' title='bbox 1633 1829 1666 1847; x_wconf 83' lang='lat' dir='ltr'><strong>ex</strong></span> <span class='ocrx_word' id='word_1_705' title='bbox 1678 1820 1765 1855; x_wconf 54' lang='lat' dir='ltr'><strong>Babyv</strong></span> 
     </span>
    </p>
   </div>
   <div class='ocr_carea' id='block_1_98' title="bbox 970 1866 1764 1903">
    <p class='ocr_par' dir='ltr' id='par_1_98' title="bbox 970 1866 1764 1903">
     <span class='ocr_line' id='line_1_98' title="bbox 970 1866 1764 1903; baseline -0.005 -5"><span class='ocrx_word' id='word_1_706' title='bbox 970 1872 1059 1899; x_wconf 88' lang='lat' dir='ltr'><strong>Ionica</strong></span> <span class='ocrx_word' id='word_1_707' title='bbox 1081 1869 1239 1903; x_wconf 88' lang='lat' dir='ltr'><strong>captivitate</strong></span> <span class='ocrx_word' id='word_1_708' title='bbox 1261 1872 1356 1895; x_wconf 88' lang='lat' dir='ltr'><strong>secuta</strong></span> <span class='ocrx_word' id='word_1_709' title='bbox 1383 1870 1436 1894; x_wconf 75' lang='lat' dir='ltr'><strong>e:t.</strong></span> <span class='ocrx_word' id='word_1_710' title='bbox 1451 1866 1520 1893; x_wconf 85' lang='lat' dir='ltr'><strong>Cum</strong></span> <span class='ocrx_word' id='word_1_711' title='bbox 1539 1867 1621 1901; x_wconf 87' lang='lat' dir='ltr'><strong>igitur</strong></span> <span class='ocrx_word' id='word_1_712' title='bbox 1639 1866 1764 1894; x_wconf 73' lang='lat' dir='ltr'><strong>Eucaerus</strong></span> 
     </span>
    </p>
   </div>
   <div class='ocr_carea' id='block_1_99' title="bbox 970 1913 1764 1945">
    <p class='ocr_par' dir='ltr' id='par_1_99' title="bbox 970 1913 1764 1945">
     <span class='ocr_line' id='line_1_99' title="bbox 970 1913 1764 1945; baseline -0.009 0"><span class='ocrx_word' id='word_1_713' title='bbox 970 1917 1016 1945; x_wconf 89' lang='lat' dir='ltr'><strong>illa</strong></span> <span class='ocrx_word' id='word_1_714' title='bbox 1040 1916 1211 1944; x_wconf 88' lang='lat' dir='ltr'><strong>celebrarent</strong></span> <span class='ocrx_word' id='word_1_715' title='bbox 1232 1914 1358 1941; x_wconf 70' lang='lat' dir='ltr'><strong>Israelitaa</strong></span> <span class='ocrx_word' id='word_1_716' title='bbox 1373 1933 1380 1944; x_wconf 88' lang='lat'><strong>.</strong></span> <span class='ocrx_word' id='word_1_717' title='bbox 1404 1920 1460 1940; x_wconf 91' lang='lat' dir='ltr'><strong>non</strong></span> <span class='ocrx_word' id='word_1_718' title='bbox 1489 1913 1569 1940; x_wconf 90' lang='lat' dir='ltr'><strong>modo</strong></span> <span class='ocrx_word' id='word_1_719' title='bbox 1593 1913 1681 1940; x_wconf 89' lang='lat' dir='ltr'><strong>hiems</strong></span> <span class='ocrx_word' id='word_1_720' title='bbox 1706 1919 1764 1939; x_wconf 81' lang='lat' dir='ltr'><strong>crat</strong></span> 
     </span>
    </p>
   </div>
   <div class='ocr_carea' id='block_1_100' title="bbox 970 1958 1764 1993">
    <p class='ocr_par' dir='ltr' id='par_1_100' title="bbox 970 1958 1764 1993">
     <span class='ocr_line' id='line_1_100' title="bbox 970 1958 1764 1993; baseline -0.008 -3"><span class='ocrx_word' id='word_1_721' title='bbox 970 1961 1103 1990; x_wconf 87' lang='lat' dir='ltr'><strong>naturalis</strong></span> <span class='ocrx_word' id='word_1_722' title='bbox 1119 1967 1151 1988; x_wconf 85' lang='lat' dir='ltr'><strong>ac</strong></span> <span class='ocrx_word' id='word_1_723' title='bbox 1165 1959 1302 1988; x_wconf 85' lang='lat' dir='ltr'><strong>sensibilis</strong></span> <span class='ocrx_word' id='word_1_724' title='bbox 1313 1978 1321 1991; x_wconf 90' lang='lat'><strong>,</strong></span> <span class='ocrx_word' id='word_1_725' title='bbox 1339 1958 1568 1993; x_wconf 86' lang='lat' dir='ltr'><strong>quemadmodum</strong></span> <span class='ocrx_word' id='word_1_726' title='bbox 1593 1967 1764 1986; x_wconf 87' lang='lat' dir='ltr'><strong>commemo-</strong></span> 
     </span>
    </p>
   </div>
   <div class='ocr_carea' id='block_1_101' title="bbox 970 2004 1763 2040">
    <p class='ocr_par' dir='ltr' id='par_1_101' title="bbox 970 2004 1763 2040">
     <span class='ocr_line' id='line_1_101' title="bbox 970 2004 1763 2040; baseline -0.006 -4"><span class='ocrx_word' id='word_1_727' title='bbox 970 2014 1012 2036; x_wconf 89' lang='lat' dir='ltr'><strong>rat</strong></span> <span class='ocrx_word' id='word_1_728' title='bbox 1025 2007 1144 2036; x_wconf 85' lang='lat' dir='ltr'><strong>Joannes</strong></span> <span class='ocrx_word' id='word_1_729' title='bbox 1155 2007 1189 2039; x_wconf 80' lang='grc'><strong>⁵⁵,</strong></span> <span class='ocrx_word' id='word_1_730' title='bbox 1215 2006 1262 2034; x_wconf 88' lang='lat' dir='ltr'><strong>sed</strong></span> <span class='ocrx_word' id='word_1_731' title='bbox 1276 2006 1359 2033; x_wconf 89' lang='lat' dir='ltr'><strong>etiam</strong></span> <span class='ocrx_word' id='word_1_732' title='bbox 1379 2004 1548 2040; x_wconf 83' lang='lat' dir='ltr'><strong>spiritualis,</strong></span> <span class='ocrx_word' id='word_1_733' title='bbox 1565 2012 1662 2040; x_wconf 84' lang='lat' dir='ltr'><strong>nempe</strong></span> <span class='ocrx_word' id='word_1_734' title='bbox 1683 2005 1763 2039; x_wconf 84' lang='lat' dir='ltr'><strong>perﬁ-</strong></span> 
     </span>
    </p>
   </div>
   <div class='ocr_carea' id='block_1_102' title="bbox 970 2051 1763 2086">
    <p class='ocr_par' dir='ltr' id='par_1_102' title="bbox 970 2051 1763 2086">
     <span class='ocr_line' id='line_1_102' title="bbox 970 2051 1763 2086; baseline -0.006 -3"><span class='ocrx_word' id='word_1_735' title='bbox 970 2056 1022 2084; x_wconf 63' lang='lat' dir='ltr'><strong>diae</strong></span> <span class='ocrx_word' id='word_1_736' title='bbox 1038 2060 1065 2082; x_wconf 88' lang='lat' dir='ltr'><strong>et</strong></span> <span class='ocrx_word' id='word_1_737' title='bbox 1080 2052 1292 2083; x_wconf 87' lang='lat' dir='ltr'><strong>incredulitatis,</strong></span> <span class='ocrx_word' id='word_1_738' title='bbox 1305 2056 1335 2079; x_wconf 94' lang='lat' dir='ltr'><strong>ut</strong></span> <span class='ocrx_word' id='word_1_739' title='bbox 1357 2051 1507 2086; x_wconf 84' lang='lat' dir='ltr'><strong>Gregorius</strong></span> <span class='ocrx_word' id='word_1_740' title='bbox 1529 2055 1623 2078; x_wconf 88' lang='lat' dir='ltr'><strong>noster</strong></span> <span class='ocrx_word' id='word_1_741' title='bbox 1639 2051 1763 2085; x_wconf 77' lang='lat' dir='ltr'><strong>exponit.</strong></span> 
     </span>
    </p>
   </div>
   <div class='ocr_carea' id='block_1_103' title="bbox 969 2095 1763 2131">
    <p class='ocr_par' dir='ltr' id='par_1_103' title="bbox 969 2095 1763 2131">
     <span class='ocr_line' id='line_1_103' title="bbox 969 2095 1763 2131; baseline -0.009 -3"><span class='ocrx_word' id='word_1_742' title='bbox 969 2102 1069 2128; x_wconf 79' lang='lat' dir='ltr'><strong>Aderat</strong></span> <span class='ocrx_word' id='word_1_743' title='bbox 1079 2103 1169 2127; x_wconf 89' lang='lat' dir='ltr'><strong>autem</strong></span> <span class='ocrx_word' id='word_1_744' title='bbox 1180 2103 1208 2126; x_wconf 90' lang='lat' dir='ltr'><strong>et</strong></span> <span class='ocrx_word' id='word_1_745' title='bbox 1215 2096 1358 2131; x_wconf 82' lang='lat' dir='ltr'><strong>Jesus,qui</strong></span> <span class='ocrx_word' id='word_1_746' title='bbox 1368 2100 1474 2131; x_wconf 84' lang='lat' dir='ltr'><strong>tempus</strong></span> <span class='ocrx_word' id='word_1_747' title='bbox 1483 2095 1593 2130; x_wconf 89' lang='lat' dir='ltr'><strong>quidem</strong></span> <span class='ocrx_word' id='word_1_748' title='bbox 1603 2103 1686 2123; x_wconf 90' lang='lat' dir='ltr'><strong>omne</strong></span> <span class='ocrx_word' id='word_1_749' title='bbox 1695 2103 1763 2131; x_wconf 73' lang='lat' dir='ltr'><strong>pra:-</strong></span> 
     </span>
    </p>
   </div>
   <div class='ocr_carea' id='block_1_104' title="bbox 969 2142 1762 2174">
    <p class='ocr_par' dir='ltr' id='par_1_104' title="bbox 969 2142 1762 2174">
     <span class='ocr_line' id='line_1_104' title="bbox 969 2142 1762 2174; baseline -0.005 -3"><span class='ocrx_word' id='word_1_750' title='bbox 969 2144 1041 2172; x_wconf 88' lang='lat' dir='ltr'><strong>cedit</strong></span> <span class='ocrx_word' id='word_1_751' title='bbox 1058 2148 1088 2171; x_wconf 94' lang='lat' dir='ltr'><strong>ut</strong></span> <span class='ocrx_word' id='word_1_752' title='bbox 1105 2142 1188 2174; x_wconf 86' lang='lat' dir='ltr'><strong>Deus,</strong></span> <span class='ocrx_word' id='word_1_753' title='bbox 1200 2149 1296 2169; x_wconf 86' lang='lat' dir='ltr'><strong>recens</strong></span> <span class='ocrx_word' id='word_1_754' title='bbox 1308 2144 1400 2168; x_wconf 88' lang='lat' dir='ltr'><strong>autem</strong></span> <span class='ocrx_word' id='word_1_755' title='bbox 1425 2145 1452 2167; x_wconf 87' lang='lat' dir='ltr'><strong>et</strong></span> <span class='ocrx_word' id='word_1_756' title='bbox 1479 2147 1566 2167; x_wconf 87' lang='lat' dir='ltr'><strong>novus</strong></span> <span class='ocrx_word' id='word_1_757' title='bbox 1580 2146 1639 2173; x_wconf 86' lang='lat' dir='ltr'><strong>est,</strong></span> <span class='ocrx_word' id='word_1_758' title='bbox 1653 2145 1682 2168; x_wconf 86' lang='lat' dir='ltr'><strong>ut</strong></span> <span class='ocrx_word' id='word_1_759' title='bbox 1696 2145 1762 2167; x_wconf 87' lang='lat' dir='ltr'><strong>tem-</strong></span> 
     </span>
    </p>
   </div>
   <div class='ocr_carea' id='block_1_105' title="bbox 969 2186 1763 2225">
    <p class='ocr_par' dir='ltr' id='par_1_105' title="bbox 969 2186 1763 2225">
     <span class='ocr_line' id='line_1_105' title="bbox 969 2186 1763 2225; baseline -0.004 -8"><span class='ocrx_word' id='word_1_760' title='bbox 969 2191 1044 2225; x_wconf 91' lang='lat' dir='ltr'><strong>plum</strong></span> <span class='ocrx_word' id='word_1_761' title='bbox 1062 2193 1089 2217; x_wconf 89' lang='lat' dir='ltr'><strong>et</strong></span> <span class='ocrx_word' id='word_1_762' title='bbox 1105 2187 1356 2223; x_wconf 56' lang='lat' dir='ltr'><strong>homozgtemplum,</strong></span> <span class='ocrx_word' id='word_1_763' title='bbox 1370 2186 1493 2221; x_wconf 92' lang='lat' dir='ltr'><strong>inquam.</strong></span> <span class='ocrx_word' id='word_1_764' title='bbox 1508 2187 1543 2213; x_wconf 84' lang='lat' dir='ltr'><strong>de</strong></span> <span class='ocrx_word' id='word_1_765' title='bbox 1561 2194 1615 2220; x_wconf 86' lang='lat' dir='ltr'><strong>quo</strong></span> <span class='ocrx_word' id='word_1_766' title='bbox 1637 2186 1763 2214; x_wconf 88' lang='lat' dir='ltr'><strong>Salvator</strong></span> 
     </span>
    </p>
   </div>
   <div class='ocr_carea' id='block_1_106' title="bbox 971 2231 1764 2270">
    <p class='ocr_par' dir='ltr' id='par_1_106' title="bbox 971 2231 1764 2270">
     <span class='ocr_line' id='line_1_106' title="bbox 971 2231 1764 2270; baseline -0.004 -8"><span class='ocrx_word' id='word_1_767' title='bbox 971 2235 1028 2270; x_wconf 87' lang='lat' dir='ltr'><strong>ipse</strong></span> <span class='ocrx_word' id='word_1_768' title='bbox 1037 2234 1103 2262; x_wconf 88' lang='lat' dir='ltr'><strong>dixit</strong></span> <span class='ocrx_word' id='word_1_769' title='bbox 1112 2242 1118 2260; x_wconf 91' lang='lat'><strong>:</strong></span> <span class='ocrx_word' id='word_1_770' title='bbox 1126 2233 1226 2261; x_wconf 75' lang='lat' dir='ltr'><strong>Solvite</strong></span> <span class='ocrx_word' id='word_1_771' title='bbox 1239 2232 1453 2268; x_wconf 78' lang='lat' dir='ltr'><strong>templum/toc,et</strong></span> <span class='ocrx_word' id='word_1_772' title='bbox 1461 2231 1488 2258; x_wconf 89' lang='lat' dir='ltr'><strong>in</strong></span> <span class='ocrx_word' id='word_1_773' title='bbox 1500 2231 1583 2258; x_wconf 84' lang='lat' dir='ltr'><strong>tribus</strong></span> <span class='ocrx_word' id='word_1_774' title='bbox 1593 2231 1683 2258; x_wconf 84' lang='lat' dir='ltr'><strong>diebus</strong></span> <span class='ocrx_word' id='word_1_775' title='bbox 1695 2231 1764 2259; x_wconf 84' lang='lat' dir='ltr'><strong>illud</strong></span> 
     </span>
    </p>
   </div>
   <div class='ocr_carea' id='block_1_107' title="bbox 971 2277 1765 2314">
    <p class='ocr_par' dir='ltr' id='par_1_107' title="bbox 971 2277 1765 2314">
     <span class='ocr_line' id='line_1_107' title="bbox 971 2277 1765 2314; baseline -0.004 -6"><span class='ocrx_word' id='word_1_776' title='bbox 971 2280 1090 2309; x_wconf 68' lang='lat' dir='ltr'><strong>excitabo</strong></span> <span class='ocrx_word' id='word_1_777' title='bbox 1099 2278 1265 2314; x_wconf 78' lang='lat' dir='ltr'><strong>&quot;.Corporis</strong></span> <span class='ocrx_word' id='word_1_778' title='bbox 1275 2279 1347 2306; x_wconf 88' lang='lat' dir='ltr'><strong>enim</strong></span> <span class='ocrx_word' id='word_1_779' title='bbox 1359 2277 1487 2311; x_wconf 88' lang='lat' dir='ltr'><strong>templum</strong></span> <span class='ocrx_word' id='word_1_780' title='bbox 1499 2284 1554 2304; x_wconf 92' lang='lat' dir='ltr'><strong>uno</strong></span> <span class='ocrx_word' id='word_1_781' title='bbox 1563 2277 1711 2312; x_wconf 83' lang='lat' dir='ltr'><strong>eodemque</strong></span> <span class='ocrx_word' id='word_1_782' title='bbox 1720 2277 1765 2305; x_wconf 80' lang='lat' dir='ltr'><strong>die</strong></span> 
     </span>
    </p>
   </div>
   <div class='ocr_carea' id='block_1_108' title="bbox 973 2323 1764 2361">
    <p class='ocr_par' dir='ltr' id='par_1_108' title="bbox 973 2323 1764 2361">
     <span class='ocr_line' id='line_1_108' title="bbox 973 2323 1764 2361; baseline -0.006 -8"><span class='ocrx_word' id='word_1_783' title='bbox 973 2324 1121 2361; x_wconf 84' lang='lat' dir='ltr'><strong>(passionis</strong></span> <span class='ocrx_word' id='word_1_784' title='bbox 1129 2324 1243 2358; x_wconf 82' lang='lat' dir='ltr'><strong>scilicet)</strong></span> <span class='ocrx_word' id='word_1_785' title='bbox 1250 2323 1368 2351; x_wconf 88' lang='lat' dir='ltr'><strong>solutum</strong></span> <span class='ocrx_word' id='word_1_786' title='bbox 1378 2326 1431 2353; x_wconf 87' lang='lat' dir='ltr'><strong>est.</strong></span> <span class='ocrx_word' id='word_1_787' title='bbox 1437 2329 1470 2349; x_wconf 80' lang='lat' dir='ltr'><strong>ac</strong></span> <span class='ocrx_word' id='word_1_788' title='bbox 1479 2323 1560 2349; x_wconf 87' lang='lat' dir='ltr'><strong>tertio</strong></span> <span class='ocrx_word' id='word_1_789' title='bbox 1568 2326 1629 2356; x_wconf 90' lang='lat' dir='ltr'><strong>post</strong></span> <span class='ocrx_word' id='word_1_790' title='bbox 1639 2323 1684 2350; x_wconf 88' lang='lat' dir='ltr'><strong>die</strong></span> <span class='ocrx_word' id='word_1_791' title='bbox 1691 2323 1764 2349; x_wconf 86' lang='lat' dir='ltr'><strong>exci-</strong></span> 
     </span>
    </p>
   </div>
   <div class='ocr_carea' id='block_1_109' title="bbox 973 2367 1765 2404">
    <p class='ocr_par' dir='ltr' id='par_1_109' title="bbox 973 2367 1765 2404">
     <span class='ocr_line' id='line_1_109' title="bbox 973 2367 1765 2404; baseline -0.008 -5"><span class='ocrx_word' id='word_1_792' title='bbox 973 2376 1058 2399; x_wconf 88' lang='lat' dir='ltr'><strong>tatutn</strong></span> <span class='ocrx_word' id='word_1_793' title='bbox 1077 2380 1084 2398; x_wconf 91' lang='lat'><strong>:</strong></span> <span class='ocrx_word' id='word_1_794' title='bbox 1102 2377 1152 2397; x_wconf 86' lang='lat' dir='ltr'><strong>nec</strong></span> <span class='ocrx_word' id='word_1_795' title='bbox 1165 2370 1221 2404; x_wconf 89' lang='lat' dir='ltr'><strong>jam</strong></span> <span class='ocrx_word' id='word_1_796' title='bbox 1248 2368 1375 2400; x_wconf 89' lang='lat' dir='ltr'><strong>moritur,</strong></span> <span class='ocrx_word' id='word_1_797' title='bbox 1402 2368 1460 2399; x_wconf 87' lang='lat' dir='ltr'><strong>sed,</strong></span> <span class='ocrx_word' id='word_1_798' title='bbox 1480 2372 1508 2394; x_wconf 92' lang='lat' dir='ltr'><strong>ut</strong></span> <span class='ocrx_word' id='word_1_799' title='bbox 1535 2367 1655 2394; x_wconf 86' lang='lat' dir='ltr'><strong>Danieiis</strong></span> <span class='ocrx_word' id='word_1_800' title='bbox 1673 2367 1765 2394; x_wconf 80' lang='lat' dir='ltr'><strong>verbis</strong></span> 
     </span>
    </p>
   </div>
   <div class='ocr_carea' id='block_1_110' title="bbox 974 2412 1763 2450">
    <p class='ocr_par' dir='ltr' id='par_1_110' title="bbox 974 2412 1763 2450">
     <span class='ocr_line' id='line_1_110' title="bbox 974 2412 1763 2450; baseline -0.008 -5"><span class='ocrx_word' id='word_1_801' title='bbox 974 2422 1049 2450; x_wconf 89' lang='lat' dir='ltr'><strong>utar,</strong></span> <span class='ocrx_word' id='word_1_802' title='bbox 1065 2420 1156 2444; x_wconf 90' lang='lat' dir='ltr'><strong>manet</strong></span> <span class='ocrx_word' id='word_1_803' title='bbox 1178 2416 1205 2442; x_wconf 93' lang='lat' dir='ltr'><strong>in</strong></span> <span class='ocrx_word' id='word_1_804' title='bbox 1224 2415 1334 2442; x_wconf 56' lang='lat' dir='ltr'><strong>secula.</strong></span> <span class='ocrx_word' id='word_1_805' title='bbox 1351 2414 1385 2441; x_wconf 89' lang='lat' dir='ltr'><strong>Et</strong></span> <span class='ocrx_word' id='word_1_806' title='bbox 1403 2413 1513 2448; x_wconf 90' lang='lat' dir='ltr'><strong>quidem</strong></span> <span class='ocrx_word' id='word_1_807' title='bbox 1541 2418 1656 2440; x_wconf 86' lang='lat' dir='ltr'><strong>mortem</strong></span> <span class='ocrx_word' id='word_1_808' title='bbox 1679 2412 1763 2440; x_wconf 86' lang='lat' dir='ltr'><strong>subiit</strong></span> 
     </span>
    </p>
   </div>
   <div class='ocr_carea' id='block_1_111' title="bbox 975 2458 1762 2494">
    <p class='ocr_par' dir='ltr' id='par_1_111' title="bbox 975 2458 1762 2494">
     <span class='ocr_line' id='line_1_111' title="bbox 975 2458 1762 2494; baseline -0.009 -2"><span class='ocrx_word' id='word_1_809' title='bbox 975 2464 1121 2494; x_wconf 85' lang='lat' dir='ltr'><strong>Christus,</strong></span> <span class='ocrx_word' id='word_1_810' title='bbox 1152 2466 1182 2489; x_wconf 92' lang='lat' dir='ltr'><strong>ut</strong></span> <span class='ocrx_word' id='word_1_811' title='bbox 1208 2461 1288 2491; x_wconf 88' lang='lat' dir='ltr'><strong>mibi,</strong></span> <span class='ocrx_word' id='word_1_812' title='bbox 1315 2461 1366 2487; x_wconf 86' lang='lat' dir='ltr'><strong>hoc</strong></span> <span class='ocrx_word' id='word_1_813' title='bbox 1395 2464 1456 2491; x_wconf 89' lang='lat' dir='ltr'><strong>est,</strong></span> <span class='ocrx_word' id='word_1_814' title='bbox 1482 2458 1610 2486; x_wconf 88' lang='lat' dir='ltr'><strong>omnibus</strong></span> <span class='ocrx_word' id='word_1_815' title='bbox 1645 2459 1762 2485; x_wconf 76' lang='lat' dir='ltr'><strong>salutent</strong></span> 
     </span>
    </p>
   </div>
   <div class='ocr_carea' id='block_1_112' title="bbox 975 2504 1764 2538">
    <p class='ocr_par' dir='ltr' id='par_1_112' title="bbox 975 2504 1764 2538">
     <span class='ocr_line' id='line_1_112' title="bbox 975 2504 1764 2538; baseline -0.01 0"><span class='ocrx_word' id='word_1_816' title='bbox 975 2511 1081 2538; x_wconf 83' lang='lat' dir='ltr'><strong>aII&#39;erat.</strong></span> <span class='ocrx_word' id='word_1_817' title='bbox 1100 2508 1228 2536; x_wconf 79' lang='lat' dir='ltr'><strong>Surrexit</strong></span> <span class='ocrx_word' id='word_1_818' title='bbox 1242 2510 1345 2536; x_wconf 86' lang='lat' dir='ltr'><strong>autem,</strong></span> <span class='ocrx_word' id='word_1_819' title='bbox 1368 2509 1398 2532; x_wconf 89' lang='lat' dir='ltr'><strong>ut</strong></span> <span class='ocrx_word' id='word_1_820' title='bbox 1422 2512 1466 2532; x_wconf 86' lang='lat' dir='ltr'><strong>me</strong></span> <span class='ocrx_word' id='word_1_821' title='bbox 1483 2511 1497 2530; x_wconf 90' lang='lat' dir='ltr'><strong>a</strong></span> <span class='ocrx_word' id='word_1_822' title='bbox 1514 2504 1597 2531; x_wconf 87' lang='lat' dir='ltr'><strong>veteri</strong></span> <span class='ocrx_word' id='word_1_823' title='bbox 1615 2505 1692 2538; x_wconf 90' lang='lat' dir='ltr'><strong>lapsu</strong></span> <span class='ocrx_word' id='word_1_824' title='bbox 1707 2504 1764 2531; x_wconf 89' lang='lat' dir='ltr'><strong>eri-</strong></span> 
     </span>
    </p>
   </div>
   <div class='ocr_carea' id='block_1_113' title="bbox 976 2549 1691 2592">
    <p class='ocr_par' dir='ltr' id='par_1_113' title="bbox 976 2549 1691 2592">
     <span class='ocr_line' id='line_1_113' title="bbox 976 2549 1691 2592; baseline -0.01 -9"><span class='ocrx_word' id='word_1_825' title='bbox 976 2561 1032 2592; x_wconf 84' lang='lat' dir='ltr'><strong>gat,</strong></span> <span class='ocrx_word' id='word_1_826' title='bbox 1049 2560 1128 2590; x_wconf 88' lang='lat' dir='ltr'><strong>atque</strong></span> <span class='ocrx_word' id='word_1_827' title='bbox 1144 2561 1178 2581; x_wconf 82' lang='lat' dir='ltr'><strong>ex</strong></span> <span class='ocrx_word' id='word_1_828' title='bbox 1190 2553 1273 2580; x_wconf 87' lang='lat' dir='ltr'><strong>veteri</strong></span> <span class='ocrx_word' id='word_1_829' title='bbox 1287 2559 1386 2579; x_wconf 86' lang='lat' dir='ltr'><strong>novum</strong></span> <span class='ocrx_word' id='word_1_830' title='bbox 1403 2550 1583 2578; x_wconf 87' lang='lat' dir='ltr'><strong>instaurando</strong></span> <span class='ocrx_word' id='word_1_831' title='bbox 1599 2549 1691 2577; x_wconf 76' lang='lat' dir='ltr'><strong>faciat.</strong></span> 
     </span>
    </p>
   </div>
   <div class='ocr_carea' id='block_1_114' title="bbox 1024 2595 1763 2632">
    <p class='ocr_par' dir='ltr' id='par_1_114' title="bbox 1024 2595 1763 2632">
     <span class='ocr_line' id='line_1_114' title="bbox 1024 2595 1763 2632; baseline -0.009 -4"><span class='ocrx_word' id='word_1_832' title='bbox 1024 2602 1084 2629; x_wconf 75' lang='lat' dir='ltr'><strong>Col.</strong></span> <span class='ocrx_word' id='word_1_833' title='bbox 1116 2600 1168 2627; x_wconf 84' lang='lat' dir='ltr'><strong>6I0</strong></span> <span class='ocrx_word' id='word_1_834' title='bbox 1192 2600 1224 2626; x_wconf 74' lang='grc' dir='ltr'><strong>Α.</strong></span> <span class='ocrx_word' id='word_1_835' title='bbox 1242 2599 1314 2632; x_wconf 84' lang='lat' dir='ltr'><strong>Quin</strong></span> <span class='ocrx_word' id='word_1_836' title='bbox 1338 2597 1444 2624; x_wconf 79' lang='lat' dir='ltr'><strong>divinus</strong></span> <span class='ocrx_word' id='word_1_837' title='bbox 1472 2604 1574 2630; x_wconf 76' lang='lat' dir='ltr'><strong>quoque</strong></span> <span class='ocrx_word' id='word_1_838' title='bbox 1599 2595 1686 2622; x_wconf 72' lang='lat' dir='ltr'><strong>Dat-id</strong></span> <span class='ocrx_word' id='word_1_839' title='bbox 1717 2603 1763 2622; x_wconf 73' lang='lat' dir='ltr'><strong>cor</strong></span> 
     </span>
    </p>
   </div>
   <div class='ocr_carea' id='block_1_115' title="bbox 972 2641 1764 2677">
    <p class='ocr_par' dir='ltr' id='par_1_115' title="bbox 972 2641 1764 2677">
     <span class='ocr_line' id='line_1_115' title="bbox 972 2641 1764 2677; baseline -0.011 -1"><span class='ocrx_word' id='word_1_840' title='bbox 972 2648 1099 2676; x_wconf 84' lang='lat' dir='ltr'><strong>mundum</strong></span> <span class='ocrx_word' id='word_1_841' title='bbox 1120 2648 1146 2674; x_wconf 80' lang='lat' dir='ltr'><strong>in</strong></span> <span class='ocrx_word' id='word_1_842' title='bbox 1161 2654 1189 2672; x_wconf 84' lang='lat' dir='ltr'><strong>se</strong></span> <span class='ocrx_word' id='word_1_843' title='bbox 1204 2653 1303 2676; x_wconf 81' lang='lat' dir='ltr'><strong>creare,</strong></span> <span class='ocrx_word' id='word_1_844' title='bbox 1316 2650 1370 2670; x_wconf 86' lang='lat' dir='ltr'><strong>etc.</strong></span> <span class='ocrx_word' id='word_1_845' title='bbox 1393 2643 1560 2677; x_wconf 80' lang='lat' dir='ltr'><strong>Intelligendi</strong></span> <span class='ocrx_word' id='word_1_846' title='bbox 1580 2642 1620 2669; x_wconf 85' lang='lat' dir='ltr'><strong>vis</strong></span> <span class='ocrx_word' id='word_1_847' title='bbox 1635 2647 1662 2668; x_wconf 89' lang='lat' dir='ltr'><strong>ct</strong></span> <span class='ocrx_word' id='word_1_848' title='bbox 1679 2641 1764 2668; x_wconf 70' lang='lat' dir='ltr'><strong>facul-</strong></span> 
     </span>
    </p>
   </div>
   <div class='ocr_carea' id='block_1_116' title="bbox 972 2686 1763 2722">
    <p class='ocr_par' dir='ltr' id='par_1_116' title="bbox 972 2686 1763 2722">
     <span class='ocr_line' id='line_1_116' title="bbox 972 2686 1763 2722; baseline -0.013 0"><span class='ocrx_word' id='word_1_849' title='bbox 972 2700 1013 2722; x_wconf 89' lang='lat' dir='ltr'><strong>tas</strong></span> <span class='ocrx_word' id='word_1_850' title='bbox 1025 2702 1040 2721; x_wconf 87' lang='lat' dir='ltr'><strong>a</strong></span> <span class='ocrx_word' id='word_1_851' title='bbox 1052 2693 1153 2720; x_wconf 86' lang='lat' dir='ltr'><strong>Davide</strong></span> <span class='ocrx_word' id='word_1_852' title='bbox 1167 2699 1215 2719; x_wconf 91' lang='lat' dir='ltr'><strong>eor</strong></span> <span class='ocrx_word' id='word_1_853' title='bbox 1229 2695 1343 2718; x_wconf 87' lang='lat' dir='ltr'><strong>vocatur</strong></span> <span class='ocrx_word' id='word_1_854' title='bbox 1360 2698 1367 2716; x_wconf 87' lang='lat'><strong>:</strong></span> <span class='ocrx_word' id='word_1_855' title='bbox 1384 2689 1538 2716; x_wconf 85' lang='lat' dir='ltr'><strong>intellectus</strong></span> <span class='ocrx_word' id='word_1_856' title='bbox 1562 2692 1651 2714; x_wconf 86' lang='lat' dir='ltr'><strong>autem</strong></span> <span class='ocrx_word' id='word_1_857' title='bbox 1678 2686 1763 2720; x_wconf 56' lang='lat' dir='ltr'><strong>agita—</strong></span> 
     </span>
    </p>
   </div>
   <div class='ocr_carea' id='block_1_117' title="bbox 972 2733 1763 2769">
    <p class='ocr_par' dir='ltr' id='par_1_117' title="bbox 972 2733 1763 2769">
     <span class='ocr_line' id='line_1_117' title="bbox 972 2733 1763 2769; baseline -0.011 -1"><span class='ocrx_word' id='word_1_858' title='bbox 972 2741 1060 2768; x_wconf 88' lang='lat' dir='ltr'><strong>tiones</strong></span> <span class='ocrx_word' id='word_1_859' title='bbox 1078 2738 1212 2766; x_wconf 80' lang='lat' dir='ltr'><strong>viscerum</strong></span> <span class='ocrx_word' id='word_1_860' title='bbox 1236 2736 1347 2764; x_wconf 90' lang='lat' dir='ltr'><strong>nomine</strong></span> <span class='ocrx_word' id='word_1_861' title='bbox 1364 2735 1546 2769; x_wconf 88' lang='lat' dir='ltr'><strong>appellantur.</strong></span> <span class='ocrx_word' id='word_1_862' title='bbox 1563 2734 1602 2760; x_wconf 85' lang='lat' dir='ltr'><strong>Ac</strong></span> <span class='ocrx_word' id='word_1_863' title='bbox 1624 2733 1763 2760; x_wconf 81' lang='lat' dir='ltr'><strong>facultatis</strong></span> 
     </span>
    </p>
   </div>
   <div class='ocr_carea' id='block_1_118' title="bbox 971 2778 1761 2818">
    <p class='ocr_par' dir='ltr' id='par_1_118' title="bbox 971 2778 1761 2818">
     <span class='ocr_line' id='line_1_118' title="bbox 971 2778 1761 2818; baseline -0.011 -6"><span class='ocrx_word' id='word_1_864' title='bbox 971 2783 1158 2813; x_wconf 83' lang='lat' dir='ltr'><strong>intellectricis</strong></span> <span class='ocrx_word' id='word_1_865' title='bbox 1169 2782 1318 2818; x_wconf 87' lang='lat' dir='ltr'><strong>puritatem</strong></span> <span class='ocrx_word' id='word_1_866' title='bbox 1334 2785 1362 2808; x_wconf 89' lang='lat' dir='ltr'><strong>et</strong></span> <span class='ocrx_word' id='word_1_867' title='bbox 1373 2780 1485 2815; x_wconf 85' lang='lat' dir='ltr'><strong>spiritus</strong></span> <span class='ocrx_word' id='word_1_868' title='bbox 1506 2778 1706 2806; x_wconf 81' lang='lat' dir='ltr'><strong>innovationem</strong></span> <span class='ocrx_word' id='word_1_869' title='bbox 1733 2786 1761 2803; x_wconf 80' lang='grc' dir='ltr'><strong>ιη</strong></span> 
     </span>
    </p>
   </div>
   <div class='ocr_carea' id='block_1_119' title="bbox 1159 2856 1756 2901">
    <p class='ocr_par' dir='ltr' id='par_1_119' title="bbox 1159 2856 1756 2901">
     <span class='ocr_line' id='line_1_119' title="bbox 1159 2856 1756 2901; baseline -0.008 -2"><span class='ocrx_word' id='word_1_870' title='bbox 1159 2872 1182 2889; x_wconf 68' lang='grc'><strong>⁵9</strong></span> <span class='ocrx_word' id='word_1_871' title='bbox 1196 2871 1281 2898; x_wconf 85' lang='lat' dir='ltr'><strong>Exod.</strong></span> <span class='ocrx_word' id='word_1_872' title='bbox 1294 2856 1358 2901; x_wconf 63' lang='lat' dir='ltr'><strong>x&#39;xv,</strong></span> <span class='ocrx_word' id='word_1_873' title='bbox 1371 2869 1415 2896; x_wconf 76' lang='grc'><strong>40.</strong></span> <span class='ocrx_word' id='word_1_874' title='bbox 1472 2869 1495 2885; x_wconf 77' lang='grc' dir='ltr'><strong>⁵ο</strong></span> <span class='ocrx_word' id='word_1_875' title='bbox 1508 2867 1663 2901; x_wconf 65' lang='grc' dir='ltr'><strong>Εκο;1.κιιι,</strong></span> <span class='ocrx_word' id='word_1_876' title='bbox 1678 2875 1756 2898; x_wconf 82' lang='lat' dir='ltr'><strong>xxxv.</strong></span> 
     </span>
    </p>
   </div>
   <div class='ocr_carea' id='block_1_120' title="bbox 1428 2902 1630 2931">
    <p class='ocr_par' dir='ltr' id='par_1_120' title="bbox 1428 2902 1630 2931">
     <span class='ocr_line' id='line_1_120' title="bbox 1428 2902 1630 2931; baseline -0.005 -1"><span class='ocrx_word' id='word_1_877' title='bbox 1428 2904 1450 2921; x_wconf 85' lang='lat'><strong>&quot;</strong></span> <span class='ocrx_word' id='word_1_878' title='bbox 1473 2902 1538 2931; x_wconf 76' lang='lat' dir='ltr'><strong>Ioan</strong></span> <span class='ocrx_word' id='word_1_879' title='bbox 1554 2911 1573 2930; x_wconf 84' lang='grc' dir='ltr'><strong>ι.</strong></span> <span class='ocrx_word' id='word_1_880' title='bbox 1587 2903 1630 2930; x_wconf 85' lang='lat'><strong>19.</strong></span> 
     </span>
    </p>
   </div>
  </div>
