  <div class='ocr_page' id='page_1' title='image "/cluster/home/n/w/nwhite01/storage/ocr_20150623/127/njp.32101077773040/836.png"; bbox 0 0 2058 3159; ppageno 0'>
   <div class='ocr_carea' id='block_1_1' title="bbox 196 139 264 173">
    <p class='ocr_par' dir='ltr' id='par_1_1' title="bbox 196 139 264 173">
     <span class='ocr_line' id='line_1_1' title="bbox 196 139 264 173; baseline 0.044 -3"><span class='ocrx_word' id='word_1_1' title='bbox 196 139 264 173; x_wconf 70' lang='grc'><strong>1417</strong></span> 
     </span>
    </p>
   </div>
   <div class='ocr_carea' id='block_1_2' title="bbox 650 106 1307 165">
    <p class='ocr_par' dir='ltr' id='par_1_2' title="bbox 650 106 1307 165">
     <span class='ocr_line' id='line_1_2' title="bbox 650 106 1307 165; baseline -0.011 -1"><span class='ocrx_word' id='word_1_2' title='bbox 650 106 812 165; x_wconf 63' lang='lat' dir='ltr'><strong>i‘IlCETdS</strong></span> <span class='ocrx_word' id='word_1_3' title='bbox 831 133 871 162; x_wconf 67' lang='grc' dir='ltr'><strong>ΙΝ</strong></span> <span class='ocrx_word' id='word_1_4' title='bbox 892 132 1002 162; x_wconf 85' lang='lat' dir='ltr'><strong>OllAT.</strong></span> <span class='ocrx_word' id='word_1_5' title='bbox 1023 131 1122 161; x_wconf 78' lang='lat' dir='ltr'><strong>XLIII</strong></span> <span class='ocrx_word' id='word_1_6' title='bbox 1144 130 1174 159; x_wconf 84' lang='lat' dir='ltr'><strong>S.</strong></span> <span class='ocrx_word' id='word_1_7' title='bbox 1194 129 1307 164; x_wconf 71' lang='lat' dir='ltr'><strong>GREG.</strong></span> 
     </span>
    </p>
   </div>
   <div class='ocr_carea' id='block_1_3' title="bbox 1752 125 1819 160">
    <p class='ocr_par' dir='ltr' id='par_1_3' title="bbox 1752 125 1819 160">
     <span class='ocr_line' id='line_1_3' title="bbox 1752 125 1819 160; baseline -0.045 0"><span class='ocrx_word' id='word_1_8' title='bbox 1752 125 1819 160; x_wconf 71' lang='lat' dir='ltr'><strong>iil8</strong></span> 
     </span>
    </p>
   </div>
   <div class='ocr_carea' id='block_1_4' title="bbox 197 186 1819 235">
    <p class='ocr_par' dir='ltr' id='par_1_4' title="bbox 197 186 1819 235">
     <span class='ocr_line' id='line_1_4' title="bbox 197 186 1819 235; baseline -0.01 -7"><span class='ocrx_word' id='word_1_9' title='bbox 197 208 227 228; x_wconf 81' lang='lat' dir='ltr'><strong>ac</strong></span> <span class='ocrx_word' id='word_1_10' title='bbox 240 204 331 235; x_wconf 84' lang='lat' dir='ltr'><strong>postea</strong></span> <span class='ocrx_word' id='word_1_11' title='bbox 348 197 505 231; x_wconf 78' lang='lat' dir='ltr'><strong>subjungat:</strong></span> <span class='ocrx_word' id='word_1_12' title='bbox 520 194 551 221; x_wconf 87' lang='lat' dir='ltr'><strong>Et</strong></span> <span class='ocrx_word' id='word_1_13' title='bbox 567 194 636 220; x_wconf 71' lang='lat' dir='ltr'><strong>dixit</strong></span> <span class='ocrx_word' id='word_1_14' title='bbox 649 192 806 220; x_wconf 81' lang='lat' dir='ltr'><strong>Deus:l-‘iat</strong></span> <span class='ocrx_word' id='word_1_15' title='bbox 819 191 866 218; x_wconf 73' lang='lat' dir='ltr'><strong>lux</strong></span> <span class='ocrx_word' id='word_1_16' title='bbox 879 191 981 225; x_wconf 75' lang='lat' dir='ltr'><strong>“,quid</strong></span> <span class='ocrx_word' id='word_1_17' title='bbox 999 195 1019 221; x_wconf 71' lang='grc' dir='ltr'>Α</span> <span class='ocrx_word' id='word_1_18' title='bbox 1039 189 1118 216; x_wconf 90' lang='lat' dir='ltr'><strong>Deus‘</strong></span> <span class='ocrx_word' id='word_1_19' title='bbox 1129 188 1289 224; x_wconf 75' lang='lat' dir='ltr'><strong>organicum</strong></span> <span class='ocrx_word' id='word_1_20' title='bbox 1310 194 1323 212; x_wconf 83' lang='lat' dir='ltr'><strong>a</strong></span> <span class='ocrx_word' id='word_1_21' title='bbox 1347 186 1481 221; x_wconf 86' lang='lat' dir='ltr'><strong>principio</strong></span> <span class='ocrx_word' id='word_1_22' title='bbox 1498 191 1671 222; x_wconf 81' lang='lat' dir='ltr'><strong>nequaquam</strong></span> <span class='ocrx_word' id='word_1_23' title='bbox 1690 187 1819 220; x_wconf 76' lang='lat' dir='ltr'><strong>ostendit,</strong></span> 
     </span>
    </p>
   </div>
   <div class='ocr_carea' id='block_1_5' title="bbox 197 240 982 277">
    <p class='ocr_par' dir='ltr' id='par_1_5' title="bbox 197 240 982 277">
     <span class='ocr_line' id='line_1_5' title="bbox 197 240 982 277; baseline -0.015 -4"><span class='ocrx_word' id='word_1_24' title='bbox 197 253 286 273; x_wconf 75' lang='lat' dir='ltr'><strong>causze</strong></span> <span class='ocrx_word' id='word_1_25' title='bbox 308 245 360 277; x_wconf 90' lang='lat' dir='ltr'><strong>sit,</strong></span> <span class='ocrx_word' id='word_1_26' title='bbox 389 251 437 272; x_wconf 88' lang='lat' dir='ltr'><strong>cur</strong></span> <span class='ocrx_word' id='word_1_27' title='bbox 455 241 611 276; x_wconf 79' lang='lat' dir='ltr'><strong>Thcologus</strong></span> <span class='ocrx_word' id='word_1_28' title='bbox 654 240 737 266; x_wconf 84' lang='lat' dir='ltr'><strong>Deum</strong></span> <span class='ocrx_word' id='word_1_29' title='bbox 767 246 835 272; x_wconf 85' lang='lat' dir='ltr'><strong>opus</strong></span> <span class='ocrx_word' id='word_1_30' title='bbox 868 245 947 264; x_wconf 80' lang='lat' dir='ltr'><strong>suum</strong></span> <span class='ocrx_word' id='word_1_31' title='bbox 969 244 982 262; x_wconf 84' lang='lat' dir='ltr'><strong>a</strong></span> 
     </span>
    </p>
   </div>
   <div class='ocr_carea' id='block_1_6' title="bbox 198 283 984 325">
    <p class='ocr_par' dir='ltr' id='par_1_6' title="bbox 198 283 984 325">
     <span class='ocr_line' id='line_1_6' title="bbox 198 283 984 325; baseline -0.013 -6"><span class='ocrx_word' id='word_1_32' title='bbox 198 292 300 319; x_wconf 89' lang='lat' dir='ltr'><strong>lumine</strong></span> <span class='ocrx_word' id='word_1_33' title='bbox 317 290 486 325; x_wconf 74' lang='lat' dir='ltr'><strong>auspicatum</strong></span> <span class='ocrx_word' id='word_1_34' title='bbox 504 295 565 315; x_wconf 86' lang='lat' dir='ltr'><strong>esse</strong></span> <span class='ocrx_word' id='word_1_35' title='bbox 575 287 659 313; x_wconf 84' lang='lat' dir='ltr'><strong>dicat.</strong></span> <span class='ocrx_word' id='word_1_36' title='bbox 679 285 756 318; x_wconf 92' lang='lat' dir='ltr'><strong>Quod</strong></span> <span class='ocrx_word' id='word_1_37' title='bbox 772 284 852 311; x_wconf 86' lang='lat' dir='ltr'><strong>etiam</strong></span> <span class='ocrx_word' id='word_1_38' title='bbox 867 291 918 310; x_wconf 89' lang='lat' dir='ltr'><strong>tton</strong></span> <span class='ocrx_word' id='word_1_39' title='bbox 935 283 984 309; x_wconf 84' lang='lat' dir='ltr'><strong>hoc</strong></span> 
     </span>
    </p>
   </div>
   <div class='ocr_carea' id='block_1_7' title="bbox 198 330 984 369">
    <p class='ocr_par' dir='ltr' id='par_1_7' title="bbox 198 330 984 369">
     <span class='ocr_line' id='line_1_7' title="bbox 198 330 984 369; baseline -0.013 -5"><span class='ocrx_word' id='word_1_40' title='bbox 198 343 301 365; x_wconf 89' lang='lat' dir='ltr'><strong>tantum</strong></span> <span class='ocrx_word' id='word_1_41' title='bbox 317 337 376 364; x_wconf 89' lang='lat' dir='ltr'><strong>loco</strong></span> <span class='ocrx_word' id='word_1_42' title='bbox 393 336 469 367; x_wconf 91' lang='lat' dir='ltr'><strong>dicit,</strong></span> <span class='ocrx_word' id='word_1_43' title='bbox 485 335 531 362; x_wconf 90' lang='lat' dir='ltr'><strong>sed</strong></span> <span class='ocrx_word' id='word_1_44' title='bbox 550 334 576 361; x_wconf 91' lang='lat' dir='ltr'><strong>in</strong></span> <span class='ocrx_word' id='word_1_45' title='bbox 590 332 664 369; x_wconf 88' lang='lat' dir='ltr'><strong>poesi</strong></span> <span class='ocrx_word' id='word_1_46' title='bbox 680 339 788 367; x_wconf 89' lang='lat' dir='ltr'><strong>quoque</strong></span> <span class='ocrx_word' id='word_1_47' title='bbox 806 338 866 363; x_wconf 87' lang='lat' dir='ltr'><strong>sua,</strong></span> <span class='ocrx_word' id='word_1_48' title='bbox 887 330 914 356; x_wconf 89' lang='lat' dir='ltr'><strong>in</strong></span> <span class='ocrx_word' id='word_1_49' title='bbox 932 337 984 364; x_wconf 85' lang='lat' dir='ltr'><strong>qua</strong></span> 
     </span>
    </p>
   </div>
   <div class='ocr_carea' id='block_1_8' title="bbox 198 383 368 410">
    <p class='ocr_par' dir='ltr' id='par_1_8' title="bbox 198 383 368 410">
     <span class='ocr_line' id='line_1_8' title="bbox 198 383 368 410; baseline -0.006 -1"><span class='ocrx_word' id='word_1_50' title='bbox 198 383 233 410; x_wconf 87' lang='lat' dir='ltr'><strong>ita</strong></span> <span class='ocrx_word' id='word_1_51' title='bbox 248 383 345 410; x_wconf 84' lang='lat' dir='ltr'><strong>cecinit</strong></span> <span class='ocrx_word' id='word_1_52' title='bbox 361 391 368 408; x_wconf 87' lang='lat'><strong>:</strong></span> 
     </span>
    </p>
   </div>
   <div class='ocr_carea' id='block_1_9' title="bbox 232 442 880 480">
    <p class='ocr_par' dir='ltr' id='par_1_9' title="bbox 232 442 880 480">
     <span class='ocr_line' id='line_1_9' title="bbox 232 442 880 480; baseline -0.006 -8"><span class='ocrx_word' id='word_1_53' title='bbox 232 445 367 480; x_wconf 83' lang='lat' dir='ltr'><strong>Principio</strong></span> <span class='ocrx_word' id='word_1_54' title='bbox 382 445 470 471; x_wconf 85' lang='lat' dir='ltr'><strong>lumen</strong></span> <span class='ocrx_word' id='word_1_55' title='bbox 486 452 604 480; x_wconf 67' lang='lat' dir='ltr'><strong>summus</strong></span> <span class='ocrx_word' id='word_1_56' title='bbox 621 443 772 480; x_wconf 71' lang='lat' dir='ltr'><strong>Moderator</strong></span> <span class='ocrx_word' id='word_1_57' title='bbox 782 442 880 478; x_wconf 82' lang='lat' dir='ltr'><strong>olympi</strong></span> 
     </span>
    </p>
   </div>
   <div class='ocr_carea' id='block_1_10' title="bbox 234 479 809 513">
    <p class='ocr_par' dir='ltr' id='par_1_10' title="bbox 234 479 809 513">
     <span class='ocr_line' id='line_1_10' title="bbox 234 479 809 513; baseline -0.003 -7"><span class='ocrx_word' id='word_1_58' title='bbox 234 479 319 512; x_wconf 81' lang='lat' dir='ltr'><strong>Fecit,</strong></span> <span class='ocrx_word' id='word_1_59' title='bbox 337 485 365 506; x_wconf 85' lang='lat' dir='ltr'><strong>ut</strong></span> <span class='ocrx_word' id='word_1_60' title='bbox 380 487 487 506; x_wconf 77' lang='lat' dir='ltr'><strong>accessu</strong></span> <span class='ocrx_word' id='word_1_61' title='bbox 502 480 568 506; x_wconf 75' lang='lat' dir='ltr'><strong>lucis</strong></span> <span class='ocrx_word' id='word_1_62' title='bbox 580 479 729 513; x_wconf 81' lang='lat' dir='ltr'><strong>jucundior</strong></span> <span class='ocrx_word' id='word_1_63' title='bbox 744 486 809 505; x_wconf 76' lang='lat' dir='ltr'><strong>esset</strong></span> 
     </span>
    </p>
   </div>
   <div class='ocr_carea' id='block_1_11' title="bbox 234 513 888 550">
    <p class='ocr_par' dir='ltr' id='par_1_11' title="bbox 234 513 888 550">
     <span class='ocr_line' id='line_1_11' title="bbox 234 513 888 550; baseline -0.005 -8"><span class='ocrx_word' id='word_1_64' title='bbox 234 516 301 542; x_wconf 84' lang='lat' dir='ltr'><strong>Tota</strong></span> <span class='ocrx_word' id='word_1_65' title='bbox 317 516 401 549; x_wconf 75' lang='lat' dir='ltr'><strong>operis</strong></span> <span class='ocrx_word' id='word_1_66' title='bbox 419 515 507 550; x_wconf 82' lang='lat' dir='ltr'><strong>magni</strong></span> <span class='ocrx_word' id='word_1_67' title='bbox 522 514 602 549; x_wconf 80' lang='lat' dir='ltr'><strong>[acies</strong></span> <span class='ocrx_word' id='word_1_68' title='bbox 616 522 626 550; x_wconf 62' lang='grc' dir='ltr'><em>ς</em></span> <span class='ocrx_word' id='word_1_69' title='bbox 643 521 673 540; x_wconf 86' lang='lat' dir='ltr'><strong>ac</strong></span> <span class='ocrx_word' id='word_1_70' title='bbox 689 519 780 548; x_wconf 72' lang='lat' dir='ltr'><strong>postea</strong></span> <span class='ocrx_word' id='word_1_71' title='bbox 795 513 888 550; x_wconf 62' lang='lat' dir='ltr'><strong>cretum</strong></span> 
     </span>
    </p>
   </div>
   <div class='ocr_carea' id='block_1_12' title="bbox 231 548 890 584">
    <p class='ocr_par' dir='ltr' id='par_1_12' title="bbox 231 548 890 584">
     <span class='ocr_line' id='line_1_12' title="bbox 231 548 890 584; baseline -0.005 -7"><span class='ocrx_word' id='word_1_72' title='bbox 231 548 380 580; x_wconf 77' lang='lat' dir='ltr'><strong>Sidemtm,</strong></span> <span class='ocrx_word' id='word_1_73' title='bbox 394 548 498 584; x_wconf 67' lang='lat' dir='ltr'><strong>facinus</strong></span> <span class='ocrx_word' id='word_1_74' title='bbox 514 549 644 582; x_wconf 80' lang='lat' dir='ltr'><strong>mirabile,</strong></span> <span class='ocrx_word' id='word_1_75' title='bbox 660 549 735 575; x_wconf 71' lang='lat' dir='ltr'><strong>duxit</strong></span> <span class='ocrx_word' id='word_1_76' title='bbox 748 550 775 575; x_wconf 85' lang='lat' dir='ltr'><strong>in</strong></span> <span class='ocrx_word' id='word_1_77' title='bbox 791 548 890 575; x_wconf 82' lang='lat' dir='ltr'><strong>orbem.</strong></span> 
     </span>
    </p>
   </div>
   <div class='ocr_carea' id='block_1_13' title="bbox 199 607 486 642">
    <p class='ocr_par' dir='ltr' id='par_1_13' title="bbox 199 607 486 642">
     <span class='ocr_line' id='line_1_13' title="bbox 199 607 486 642; baseline 0.003 -9"><span class='ocrx_word' id='word_1_78' title='bbox 199 607 231 633; x_wconf 86' lang='lat' dir='ltr'><strong>Et</strong></span> <span class='ocrx_word' id='word_1_79' title='bbox 249 614 309 642; x_wconf 68' lang='lat' dir='ltr'><strong>quae</strong></span> <span class='ocrx_word' id='word_1_80' title='bbox 324 611 486 641; x_wconf 79' lang='lat' dir='ltr'><strong>sequuntur.</strong></span> 
     </span>
    </p>
   </div>
   <div class='ocr_carea' id='block_1_14' title="bbox 235 651 987 679">
    <p class='ocr_par' dir='ltr' id='par_1_14' title="bbox 235 651 987 679">
     <span class='ocr_line' id='line_1_14' title="bbox 235 651 987 679; baseline -0.001 0"><span class='ocrx_word' id='word_1_81' title='bbox 235 652 288 679; x_wconf 86' lang='lat' dir='ltr'><strong>Sed</strong></span> <span class='ocrx_word' id='word_1_82' title='bbox 313 652 406 679; x_wconf 87' lang='lat' dir='ltr'><strong>multis</strong></span> <span class='ocrx_word' id='word_1_83' title='bbox 437 652 526 679; x_wconf 89' lang='lat' dir='ltr'><strong>modis</strong></span> <span class='ocrx_word' id='word_1_84' title='bbox 553 652 624 679; x_wconf 86' lang='lat' dir='ltr'><strong>hanc</strong></span> <span class='ocrx_word' id='word_1_85' title='bbox 651 651 852 679; x_wconf 87' lang='lat' dir='ltr'><strong>dubitationem</strong></span> <span class='ocrx_word' id='word_1_86' title='bbox 880 651 987 678; x_wconf 83' lang='lat' dir='ltr'><strong>solvere</strong></span> 
     </span>
    </p>
   </div>
   <div class='ocr_carea' id='block_1_15' title="bbox 199 696 989 733">
    <p class='ocr_par' dir='ltr' id='par_1_15' title="bbox 199 696 989 733">
     <span class='ocr_line' id='line_1_15' title="bbox 199 696 989 733; baseline -0.001 -8"><span class='ocrx_word' id='word_1_87' title='bbox 199 699 271 731; x_wconf 83' lang='lat' dir='ltr'><strong>licet,</strong></span> <span class='ocrx_word' id='word_1_88' title='bbox 293 702 375 732; x_wconf 89' lang='lat' dir='ltr'><strong>atque</strong></span> <span class='ocrx_word' id='word_1_89' title='bbox 396 698 540 725; x_wconf 85' lang='lat' dir='ltr'><strong>ostendere</strong></span> <span class='ocrx_word' id='word_1_90' title='bbox 556 697 697 733; x_wconf 73' lang='lat' dir='ltr'><strong>,Tlteologi</strong></span> <span class='ocrx_word' id='word_1_91' title='bbox 715 698 798 725; x_wconf 76' lang='lat' dir='ltr'><strong>verba</strong></span> <span class='ocrx_word' id='word_1_92' title='bbox 821 705 883 725; x_wconf 92' lang='lat' dir='ltr'><strong>cum</strong></span> <span class='ocrx_word' id='word_1_93' title='bbox 905 696 989 725; x_wconf 81' lang='lat' dir='ltr'><strong>Mosis</strong></span> 
     </span>
    </p>
   </div>
   <div class='ocr_carea' id='block_1_16' title="bbox 199 743 989 779">
    <p class='ocr_par' dir='ltr' id='par_1_16' title="bbox 199 743 989 779">
     <span class='ocr_line' id='line_1_16' title="bbox 199 743 989 779; baseline 0 -9"><span class='ocrx_word' id='word_1_94' title='bbox 199 744 290 770; x_wconf 68' lang='lat' dir='ltr'><strong>Verbis</strong></span> <span class='ocrx_word' id='word_1_95' title='bbox 311 751 482 778; x_wconf 86' lang='lat' dir='ltr'><strong>nequaquam</strong></span> <span class='ocrx_word' id='word_1_96' title='bbox 510 751 643 779; x_wconf 72' lang='lat' dir='ltr'><strong>pugnare.</strong></span> <span class='ocrx_word' id='word_1_97' title='bbox 671 743 791 770; x_wconf 89' lang='lat' dir='ltr'><strong>Primum</strong></span> <span class='ocrx_word' id='word_1_98' title='bbox 815 744 878 778; x_wconf 88' lang='lat' dir='ltr'><strong>quia</strong></span> <span class='ocrx_word' id='word_1_99' title='bbox 901 743 989 771; x_wconf 78' lang='lat' dir='ltr'><strong>Moses</strong></span> 
     </span>
    </p>
   </div>
   <div class='ocr_carea' id='block_1_17' title="bbox 200 789 988 824">
    <p class='ocr_par' dir='ltr' id='par_1_17' title="bbox 200 789 988 824">
     <span class='ocr_line' id='line_1_17' title="bbox 200 789 988 824; baseline 0.001 -10"><span class='ocrx_word' id='word_1_100' title='bbox 200 797 308 824; x_wconf 86' lang='lat' dir='ltr'><strong>quoque</strong></span> <span class='ocrx_word' id='word_1_101' title='bbox 338 790 396 822; x_wconf 83' lang='lat' dir='ltr'><strong>ipse</strong></span> <span class='ocrx_word' id='word_1_102' title='bbox 423 795 484 824; x_wconf 80' lang='lat' dir='ltr'><strong>post</strong></span> <span class='ocrx_word' id='word_1_103' title='bbox 507 789 587 824; x_wconf 88' lang='lat' dir='ltr'><strong>primi</strong></span> <span class='ocrx_word' id='word_1_104' title='bbox 616 789 678 817; x_wconf 59' lang='lat' dir='ltr'><strong>coeli</strong></span> <span class='ocrx_word' id='word_1_105' title='bbox 706 789 870 816; x_wconf 85' lang='lat' dir='ltr'><strong>creationem</strong></span> <span class='ocrx_word' id='word_1_106' title='bbox 897 789 988 816; x_wconf 82' lang='lat' dir='ltr'><strong>lumen</strong></span> 
     </span>
    </p>
   </div>
   <div class='ocr_carea' id='block_1_18' title="bbox 200 833 990 869">
    <p class='ocr_par' dir='ltr' id='par_1_18' title="bbox 200 833 990 869">
     <span class='ocr_line' id='line_1_18' title="bbox 200 833 990 869; baseline 0 -9"><span class='ocrx_word' id='word_1_107' title='bbox 200 835 316 867; x_wconf 81' lang='lat' dir='ltr'><strong>factum,</strong></span> <span class='ocrx_word' id='word_1_108' title='bbox 332 835 429 862; x_wconf 86' lang='lat' dir='ltr'><strong>deinde</strong></span> <span class='ocrx_word' id='word_1_109' title='bbox 447 836 660 868; x_wconf 84' lang='lat' dir='ltr'><strong>firmamentum,</strong></span> <span class='ocrx_word' id='word_1_110' title='bbox 679 834 706 861; x_wconf 92' lang='lat' dir='ltr'><strong>in</strong></span> <span class='ocrx_word' id='word_1_111' title='bbox 721 841 776 869; x_wconf 90' lang='lat' dir='ltr'><strong>quo</strong></span> <span class='ocrx_word' id='word_1_112' title='bbox 798 838 824 861; x_wconf 83' lang='lat' dir='ltr'><strong>et</strong></span> <span class='ocrx_word' id='word_1_113' title='bbox 845 833 931 861; x_wconf 77' lang='lat' dir='ltr'><strong>solent</strong></span> <span class='ocrx_word' id='word_1_114' title='bbox 963 839 990 860; x_wconf 90' lang='lat' dir='ltr'><strong>et</strong></span> 
     </span>
    </p>
   </div>
   <div class='ocr_carea' id='block_1_19' title="bbox 200 865 1028 909">
    <p class='ocr_par' dir='ltr' id='par_1_19' title="bbox 200 865 1028 909">
     <span class='ocr_line' id='line_1_19' title="bbox 200 865 1028 909; baseline -0.004 -1"><span class='ocrx_word' id='word_1_115' title='bbox 200 881 288 908; x_wconf 77' lang='lat' dir='ltr'><strong>sidera</strong></span> <span class='ocrx_word' id='word_1_116' title='bbox 312 881 443 907; x_wconf 82' lang='lat' dir='ltr'><strong>collocata</strong></span> <span class='ocrx_word' id='word_1_117' title='bbox 463 888 524 908; x_wconf 85' lang='lat' dir='ltr'><strong>esse</strong></span> <span class='ocrx_word' id='word_1_118' title='bbox 549 881 658 909; x_wconf 76' lang='lat' dir='ltr'><strong>asserit.</strong></span> <span class='ocrx_word' id='word_1_119' title='bbox 683 880 783 908; x_wconf 86' lang='lat' dir='ltr'><strong>Eodem</strong></span> <span class='ocrx_word' id='word_1_120' title='bbox 809 879 881 907; x_wconf 92' lang='lat' dir='ltr'><strong>cnim</strong></span> <span class='ocrx_word' id='word_1_121' title='bbox 909 878 991 906; x_wconf 91' lang='lat' dir='ltr'><strong>modo</strong></span> <span class='ocrx_word' id='word_1_122' title='bbox 1007 865 1028 892; x_wconf 72' lang='grc' dir='ltr'><strong>Β</strong></span> 
     </span>
    </p>
   </div>
   <div class='ocr_carea' id='block_1_20' title="bbox 201 924 992 962">
    <p class='ocr_par' dir='ltr' id='par_1_20' title="bbox 201 924 992 962">
     <span class='ocr_line' id='line_1_20' title="bbox 201 924 992 962; baseline 0 -10"><span class='ocrx_word' id='word_1_123' title='bbox 201 925 355 960; x_wconf 75' lang='lat' dir='ltr'><strong>Tbeologus</strong></span> <span class='ocrx_word' id='word_1_124' title='bbox 375 933 484 961; x_wconf 79' lang='lat' dir='ltr'><strong>quoque</strong></span> <span class='ocrx_word' id='word_1_125' title='bbox 504 927 592 954; x_wconf 86' lang='lat' dir='ltr'><strong>lucem</strong></span> <span class='ocrx_word' id='word_1_126' title='bbox 609 927 727 962; x_wconf 88' lang='lat' dir='ltr'><strong>printum</strong></span> <span class='ocrx_word' id='word_1_127' title='bbox 749 925 887 953; x_wconf 85' lang='lat' dir='ltr'><strong>conditam</strong></span> <span class='ocrx_word' id='word_1_128' title='bbox 908 924 992 952; x_wconf 86' lang='lat' dir='ltr'><strong>fuisse</strong></span> 
     </span>
    </p>
   </div>
   <div class='ocr_carea' id='block_1_21' title="bbox 201 970 991 1004">
    <p class='ocr_par' dir='ltr' id='par_1_21' title="bbox 201 970 991 1004">
     <span class='ocr_line' id='line_1_21' title="bbox 201 970 991 1004; baseline 0 -8"><span class='ocrx_word' id='word_1_129' title='bbox 201 970 248 1002; x_wconf 89' lang='lat' dir='ltr'><strong>ait,</strong></span> <span class='ocrx_word' id='word_1_130' title='bbox 275 970 373 998; x_wconf 83' lang='lat' dir='ltr'><strong>deinde</strong></span> <span class='ocrx_word' id='word_1_131' title='bbox 398 972 499 999; x_wconf 82' lang='lat' dir='ltr'><strong>coelum</strong></span> <span class='ocrx_word' id='word_1_132' title='bbox 531 971 582 998; x_wconf 92' lang='lat' dir='ltr'><strong>hoc</strong></span> <span class='ocrx_word' id='word_1_133' title='bbox 613 970 700 998; x_wconf 86' lang='lat' dir='ltr'><strong>stellis</strong></span> <span class='ocrx_word' id='word_1_134' title='bbox 723 971 892 1002; x_wconf 85' lang='lat' dir='ltr'><strong>distinctum,</strong></span> <span class='ocrx_word' id='word_1_135' title='bbox 919 970 991 1004; x_wconf 87' lang='lat' dir='ltr'><strong>quod</strong></span> 
     </span>
    </p>
   </div>
   <div class='ocr_carea' id='block_1_22' title="bbox 201 1016 992 1051">
    <p class='ocr_par' dir='ltr' id='par_1_22' title="bbox 201 1016 992 1051">
     <span class='ocr_line' id='line_1_22' title="bbox 201 1016 992 1051; baseline 0.001 -9"><span class='ocrx_word' id='word_1_136' title='bbox 201 1017 282 1043; x_wconf 78' lang='lat' dir='ltr'><strong>etiam</strong></span> <span class='ocrx_word' id='word_1_137' title='bbox 301 1016 504 1044; x_wconf 88' lang='lat' dir='ltr'><strong>firmamentum</strong></span> <span class='ocrx_word' id='word_1_138' title='bbox 532 1017 703 1044; x_wconf 88' lang='lat' dir='ltr'><strong>nontinatum</strong></span> <span class='ocrx_word' id='word_1_139' title='bbox 723 1021 775 1049; x_wconf 89' lang='lat' dir='ltr'><strong>est,</strong></span> <span class='ocrx_word' id='word_1_140' title='bbox 790 1024 822 1044; x_wconf 90' lang='lat' dir='ltr'><strong>ae</strong></span> <span class='ocrx_word' id='word_1_141' title='bbox 838 1017 926 1051; x_wconf 89' lang='lat' dir='ltr'><strong>priuto</strong></span> <span class='ocrx_word' id='word_1_142' title='bbox 941 1016 992 1043; x_wconf 88' lang='lat' dir='ltr'><strong>hoc</strong></span> 
     </span>
    </p>
   </div>
   <div class='ocr_carea' id='block_1_23' title="bbox 202 1062 993 1097">
    <p class='ocr_par' dir='ltr' id='par_1_23' title="bbox 202 1062 993 1097">
     <span class='ocr_line' id='line_1_23' title="bbox 202 1062 993 1097; baseline -0.003 -7"><span class='ocrx_word' id='word_1_143' title='bbox 202 1063 272 1090; x_wconf 75' lang='lat' dir='ltr'><strong>cado</strong></span> <span class='ocrx_word' id='word_1_144' title='bbox 296 1062 410 1090; x_wconf 87' lang='lat' dir='ltr'><strong>inferius</strong></span> <span class='ocrx_word' id='word_1_145' title='bbox 429 1067 481 1095; x_wconf 89' lang='lat' dir='ltr'><strong>est,</strong></span> <span class='ocrx_word' id='word_1_146' title='bbox 495 1062 568 1097; x_wconf 91' lang='lat' dir='ltr'><strong>quod</strong></span> <span class='ocrx_word' id='word_1_147' title='bbox 592 1062 713 1096; x_wconf 89' lang='lat' dir='ltr'><strong>profanis</strong></span> <span class='ocrx_word' id='word_1_148' title='bbox 724 1070 833 1097; x_wconf 89' lang='lat' dir='ltr'><strong>qttoque</strong></span> <span class='ocrx_word' id='word_1_149' title='bbox 852 1062 993 1095; x_wconf 88' lang='lat' dir='ltr'><strong>scriptori-</strong></span> 
     </span>
    </p>
   </div>
   <div class='ocr_carea' id='block_1_24' title="bbox 205 1107 993 1141">
    <p class='ocr_par' dir='ltr' id='par_1_24' title="bbox 205 1107 993 1141">
     <span class='ocr_line' id='line_1_24' title="bbox 205 1107 993 1141; baseline -0.004 -5"><span class='ocrx_word' id='word_1_150' title='bbox 205 1110 265 1141; x_wconf 87' lang='lat' dir='ltr'><strong>bus,</strong></span> <span class='ocrx_word' id='word_1_151' title='bbox 281 1108 364 1136; x_wconf 85' lang='lat' dir='ltr'><strong>Mosis</strong></span> <span class='ocrx_word' id='word_1_152' title='bbox 383 1108 535 1136; x_wconf 79' lang='lat' dir='ltr'><strong>doctrinam</strong></span> <span class='ocrx_word' id='word_1_153' title='bbox 552 1107 763 1141; x_wconf 82' lang='lat' dir='ltr'><strong>suﬂ‘urantibus,</strong></span> <span class='ocrx_word' id='word_1_154' title='bbox 780 1116 812 1135; x_wconf 90' lang='lat' dir='ltr'><strong>ac</strong></span> <span class='ocrx_word' id='word_1_155' title='bbox 828 1107 881 1136; x_wconf 87' lang='lat' dir='ltr'><strong>sibi</strong></span> <span class='ocrx_word' id='word_1_156' title='bbox 905 1107 993 1134; x_wconf 76' lang='lat' dir='ltr'><strong>vindi-</strong></span> 
     </span>
    </p>
   </div>
   <div class='ocr_carea' id='block_1_25' title="bbox 203 1153 994 1186">
    <p class='ocr_par' dir='ltr' id='par_1_25' title="bbox 203 1153 994 1186">
     <span class='ocr_line' id='line_1_25' title="bbox 203 1153 994 1186; baseline -0.003 -4"><span class='ocrx_word' id='word_1_157' title='bbox 203 1155 339 1186; x_wconf 86' lang='lat' dir='ltr'><strong>cantibus,</strong></span> <span class='ocrx_word' id='word_1_158' title='bbox 358 1155 455 1182; x_wconf 68' lang='lat' dir='ltr'><strong>caedum</strong></span> <span class='ocrx_word' id='word_1_159' title='bbox 476 1154 612 1182; x_wconf 83' lang='lat' dir='ltr'><strong>sideribus</strong></span> <span class='ocrx_word' id='word_1_160' title='bbox 628 1162 723 1182; x_wconf 82' lang='lat' dir='ltr'><strong>carens</strong></span> <span class='ocrx_word' id='word_1_161' title='bbox 742 1154 852 1182; x_wconf 90' lang='lat' dir='ltr'><strong>dicitur.</strong></span> <span class='ocrx_word' id='word_1_162' title='bbox 870 1153 994 1181; x_wconf 87' lang='lat' dir='ltr'><strong>Secundo</strong></span> 
     </span>
    </p>
   </div>
   <div class='ocr_carea' id='block_1_26' title="bbox 202 1201 992 1236">
    <p class='ocr_par' dir='ltr' id='par_1_26' title="bbox 202 1201 992 1236">
     <span class='ocr_line' id='line_1_26' title="bbox 202 1201 992 1236; baseline 0 -9"><span class='ocrx_word' id='word_1_163' title='bbox 202 1202 278 1235; x_wconf 80' lang='lat' dir='ltr'><strong>juxta</strong></span> <span class='ocrx_word' id='word_1_164' title='bbox 297 1201 419 1236; x_wconf 79' lang='lat' dir='ltr'><strong>Gregorii</strong></span> <span class='ocrx_word' id='word_1_165' title='bbox 438 1201 555 1236; x_wconf 82' lang='lat' dir='ltr'><strong>Nysseni</strong></span> <span class='ocrx_word' id='word_1_166' title='bbox 575 1206 738 1228; x_wconf 76' lang='lat' dir='ltr'><strong>sententiam</strong></span> <span class='ocrx_word' id='word_1_167' title='bbox 755 1201 791 1227; x_wconf 89' lang='lat' dir='ltr'><strong>ita</strong></span> <span class='ocrx_word' id='word_1_168' title='bbox 806 1201 879 1228; x_wconf 86' lang='lat' dir='ltr'><strong>bunc</strong></span> <span class='ocrx_word' id='word_1_169' title='bbox 892 1201 992 1227; x_wconf 92' lang='lat' dir='ltr'><strong>nodum</strong></span> 
     </span>
    </p>
   </div>
   <div class='ocr_carea' id='block_1_27' title="bbox 204 1246 992 1282">
    <p class='ocr_par' dir='ltr' id='par_1_27' title="bbox 204 1246 992 1282">
     <span class='ocr_line' id='line_1_27' title="bbox 204 1246 992 1282; baseline 0 -9"><span class='ocrx_word' id='word_1_170' title='bbox 204 1247 341 1282; x_wconf 79' lang='lat' dir='ltr'><strong>explicare</strong></span> <span class='ocrx_word' id='word_1_171' title='bbox 368 1254 515 1282; x_wconf 89' lang='lat' dir='ltr'><strong>possumus</strong></span> <span class='ocrx_word' id='word_1_172' title='bbox 541 1255 548 1274; x_wconf 89' lang='lat'>:</span> <span class='ocrx_word' id='word_1_173' title='bbox 573 1246 643 1274; x_wconf 87' lang='lat' dir='ltr'><strong>Deus</strong></span> <span class='ocrx_word' id='word_1_174' title='bbox 672 1247 827 1274; x_wconf 72' lang='lat' dir='ltr'><strong>universam</strong></span> <span class='ocrx_word' id='word_1_175' title='bbox 852 1247 992 1273; x_wconf 83' lang='lat' dir='ltr'><strong>materiam</strong></span> 
     </span>
    </p>
   </div>
   <div class='ocr_carea' id='block_1_28' title="bbox 205 1291 995 1327">
    <p class='ocr_par' dir='ltr' id='par_1_28' title="bbox 205 1291 995 1327">
     <span class='ocr_line' id='line_1_28' title="bbox 205 1291 995 1327; baseline -0.003 -7"><span class='ocrx_word' id='word_1_176' title='bbox 205 1292 286 1320; x_wconf 87' lang='lat' dir='ltr'><strong>simul</strong></span> <span class='ocrx_word' id='word_1_177' title='bbox 308 1292 422 1326; x_wconf 89' lang='lat' dir='ltr'><strong>creavit,</strong></span> <span class='ocrx_word' id='word_1_178' title='bbox 447 1300 480 1320; x_wconf 83' lang='lat' dir='ltr'><strong>ex</strong></span> <span class='ocrx_word' id='word_1_179' title='bbox 495 1300 549 1327; x_wconf 90' lang='lat' dir='ltr'><strong>qua</strong></span> <span class='ocrx_word' id='word_1_180' title='bbox 573 1292 665 1319; x_wconf 87' lang='lat' dir='ltr'><strong>omnia</strong></span> <span class='ocrx_word' id='word_1_181' title='bbox 692 1294 824 1327; x_wconf 89' lang='lat' dir='ltr'><strong>producta</strong></span> <span class='ocrx_word' id='word_1_182' title='bbox 847 1297 921 1319; x_wconf 89' lang='lat' dir='ltr'><strong>sunt.</strong></span> <span class='ocrx_word' id='word_1_183' title='bbox 939 1291 995 1318; x_wconf 84' lang='lat' dir='ltr'><strong>Hac</strong></span> 
     </span>
    </p>
   </div>
   <div class='ocr_carea' id='block_1_29' title="bbox 204 1336 994 1373">
    <p class='ocr_par' dir='ltr' id='par_1_29' title="bbox 204 1336 994 1373">
     <span class='ocr_line' id='line_1_29' title="bbox 204 1336 994 1373; baseline -0.001 -8"><span class='ocrx_word' id='word_1_184' title='bbox 204 1344 286 1372; x_wconf 87' lang='lat' dir='ltr'><strong>porro</strong></span> <span class='ocrx_word' id='word_1_185' title='bbox 297 1342 398 1369; x_wconf 89' lang='lat' dir='ltr'><strong>creata,</strong></span> <span class='ocrx_word' id='word_1_186' title='bbox 415 1337 499 1372; x_wconf 87' lang='lat' dir='ltr'><strong>prima</strong></span> <span class='ocrx_word' id='word_1_187' title='bbox 522 1337 579 1366; x_wconf 85' lang='lat' dir='ltr'><strong>lux.</strong></span> <span class='ocrx_word' id='word_1_188' title='bbox 593 1342 684 1372; x_wconf 89' lang='lat' dir='ltr'><strong>utpote</strong></span> <span class='ocrx_word' id='word_1_189' title='bbox 703 1337 791 1373; x_wconf 77' lang='lat' dir='ltr'><strong>magis</strong></span> <span class='ocrx_word' id='word_1_190' title='bbox 805 1337 910 1368; x_wconf 76' lang='lat' dir='ltr'><strong>efﬁcax,</strong></span> <span class='ocrx_word' id='word_1_191' title='bbox 932 1336 994 1364; x_wconf 89' lang='lat' dir='ltr'><strong>dis-</strong></span> 
     </span>
    </p>
   </div>
   <div class='ocr_carea' id='block_1_30' title="bbox 204 1383 995 1418">
    <p class='ocr_par' dir='ltr' id='par_1_30' title="bbox 204 1383 995 1418">
     <span class='ocr_line' id='line_1_30' title="bbox 204 1383 995 1418; baseline 0 -8"><span class='ocrx_word' id='word_1_192' title='bbox 204 1387 279 1411; x_wconf 87' lang='lat' dir='ltr'><strong>creta</strong></span> <span class='ocrx_word' id='word_1_193' title='bbox 305 1388 332 1410; x_wconf 91' lang='lat' dir='ltr'><strong>et</strong></span> <span class='ocrx_word' id='word_1_194' title='bbox 357 1387 481 1418; x_wconf 85' lang='lat' dir='ltr'><strong>separata</strong></span> <span class='ocrx_word' id='word_1_195' title='bbox 494 1388 545 1415; x_wconf 87' lang='lat' dir='ltr'><strong>est,</strong></span> <span class='ocrx_word' id='word_1_196' title='bbox 557 1389 640 1418; x_wconf 87' lang='lat' dir='ltr'><strong>atqtte</strong></span> <span class='ocrx_word' id='word_1_197' title='bbox 654 1384 766 1411; x_wconf 80' lang='lat' dir='ltr'><strong>exsiliit.</strong></span> <span class='ocrx_word' id='word_1_198' title='bbox 782 1383 846 1410; x_wconf 80' lang='lat' dir='ltr'><strong>Post</strong></span> <span class='ocrx_word' id='word_1_199' title='bbox 860 1384 912 1410; x_wconf 89' lang='lat' dir='ltr'><strong>alia</strong></span> <span class='ocrx_word' id='word_1_200' title='bbox 938 1391 995 1410; x_wconf 84' lang='lat' dir='ltr'><strong>ma-</strong></span> 
     </span>
    </p>
   </div>
   <div class='ocr_carea' id='block_1_31' title="bbox 205 1429 994 1460">
    <p class='ocr_par' dir='ltr' id='par_1_31' title="bbox 205 1429 994 1460">
     <span class='ocr_line' id='line_1_31' title="bbox 205 1429 994 1460; baseline -0.001 -4"><span class='ocrx_word' id='word_1_201' title='bbox 205 1429 274 1456; x_wconf 87' lang='lat' dir='ltr'><strong>teria</strong></span> <span class='ocrx_word' id='word_1_202' title='bbox 293 1429 325 1456; x_wconf 88' lang='lat' dir='ltr'><strong>ad</strong></span> <span class='ocrx_word' id='word_1_203' title='bbox 342 1429 403 1456; x_wconf 76' lang='lat' dir='ltr'><strong>cmli</strong></span> <span class='ocrx_word' id='word_1_204' title='bbox 425 1429 603 1460; x_wconf 84' lang='lat' dir='ltr'><strong>creationem,</strong></span> <span class='ocrx_word' id='word_1_205' title='bbox 629 1429 681 1456; x_wconf 82' lang='lat' dir='ltr'><strong>alia</strong></span> <span class='ocrx_word' id='word_1_206' title='bbox 711 1429 744 1456; x_wconf 87' lang='lat' dir='ltr'><strong>ad</strong></span> <span class='ocrx_word' id='word_1_207' title='bbox 768 1433 848 1456; x_wconf 73' lang='lat' dir='ltr'><strong>terra:</strong></span> <span class='ocrx_word' id='word_1_208' title='bbox 870 1435 994 1456; x_wconf 85' lang='lat' dir='ltr'><strong>constru-</strong></span> 
     </span>
    </p>
   </div>
   <div class='ocr_carea' id='block_1_32' title="bbox 207 1474 996 1511">
    <p class='ocr_par' dir='ltr' id='par_1_32' title="bbox 207 1474 996 1511">
     <span class='ocr_line' id='line_1_32' title="bbox 207 1474 996 1511; baseline 0.001 -9"><span class='ocrx_word' id='word_1_209' title='bbox 207 1476 325 1503; x_wconf 86' lang='lat' dir='ltr'><strong>ctionem</strong></span> <span class='ocrx_word' id='word_1_210' title='bbox 348 1482 488 1511; x_wconf 86' lang='lat' dir='ltr'><strong>assumpta</strong></span> <span class='ocrx_word' id='word_1_211' title='bbox 505 1481 556 1507; x_wconf 85' lang='lat' dir='ltr'><strong>est,</strong></span> <span class='ocrx_word' id='word_1_212' title='bbox 578 1480 660 1510; x_wconf 86' lang='lat' dir='ltr'><strong>atque</strong></span> <span class='ocrx_word' id='word_1_213' title='bbox 673 1476 709 1502; x_wconf 86' lang='lat' dir='ltr'><strong>ita</strong></span> <span class='ocrx_word' id='word_1_214' title='bbox 729 1474 887 1502; x_wconf 79' lang='lat' dir='ltr'><strong>universum</strong></span> <span class='ocrx_word' id='word_1_215' title='bbox 906 1474 996 1510; x_wconf 88' lang='lat' dir='ltr'><strong>perfe-</strong></span> 
     </span>
    </p>
   </div>
   <div class='ocr_carea' id='block_1_33' title="bbox 1037 232 1821 269">
    <p class='ocr_par' dir='ltr' id='par_1_33' title="bbox 1037 232 1821 269">
     <span class='ocr_line' id='line_1_33' title="bbox 1037 232 1821 269; baseline -0.005 -7"><span class='ocrx_word' id='word_1_216' title='bbox 1037 235 1062 262; x_wconf 93' lang='lat' dir='ltr'><strong>id</strong></span> <span class='ocrx_word' id='word_1_217' title='bbox 1081 240 1133 266; x_wconf 86' lang='lat' dir='ltr'><strong>est,</strong></span> <span class='ocrx_word' id='word_1_218' title='bbox 1149 234 1226 269; x_wconf 87' lang='lat' dir='ltr'><strong>quasi</strong></span> <span class='ocrx_word' id='word_1_219' title='bbox 1245 233 1272 260; x_wconf 94' lang='lat' dir='ltr'><strong>in</strong></span> <span class='ocrx_word' id='word_1_220' title='bbox 1289 239 1393 267; x_wconf 76' lang='lat' dir='ltr'><strong>Organo</strong></span> <span class='ocrx_word' id='word_1_221' title='bbox 1416 233 1532 267; x_wconf 88' lang='lat' dir='ltr'><strong>quodam</strong></span> <span class='ocrx_word' id='word_1_222' title='bbox 1559 237 1586 260; x_wconf 87' lang='lat' dir='ltr'><strong>et</strong></span> <span class='ocrx_word' id='word_1_223' title='bbox 1609 240 1722 267; x_wconf 85' lang='lat' dir='ltr'><strong>corpore</strong></span> <span class='ocrx_word' id='word_1_224' title='bbox 1737 232 1821 266; x_wconf 86' lang='lat' dir='ltr'><strong>(velut</strong></span> 
     </span>
    </p>
   </div>
   <div class='ocr_carea' id='block_1_34' title="bbox 1037 278 1823 316">
    <p class='ocr_par' dir='ltr' id='par_1_34' title="bbox 1037 278 1823 316">
     <span class='ocr_line' id='line_1_34' title="bbox 1037 278 1823 316; baseline -0.003 -9"><span class='ocrx_word' id='word_1_225' title='bbox 1037 282 1063 308; x_wconf 91' lang='lat' dir='ltr'><strong>in</strong></span> <span class='ocrx_word' id='word_1_226' title='bbox 1084 280 1159 316; x_wconf 76' lang='lat' dir='ltr'><strong>vase)</strong></span> <span class='ocrx_word' id='word_1_227' title='bbox 1174 279 1412 313; x_wconf 89' lang='lat' dir='ltr'><strong>circumscriptum</strong></span> <span class='ocrx_word' id='word_1_228' title='bbox 1428 283 1454 305; x_wconf 86' lang='lat' dir='ltr'><strong>et</strong></span> <span class='ocrx_word' id='word_1_229' title='bbox 1468 279 1641 310; x_wconf 87' lang='lat' dir='ltr'><strong>conclusum,</strong></span> <span class='ocrx_word' id='word_1_230' title='bbox 1654 278 1734 313; x_wconf 85' lang='lat' dir='ltr'><strong>quale</strong></span> <span class='ocrx_word' id='word_1_231' title='bbox 1750 286 1823 306; x_wconf 89' lang='lat' dir='ltr'><strong>nunc</strong></span> 
     </span>
    </p>
   </div>
   <div class='ocr_carea' id='block_1_35' title="bbox 1036 324 1823 358">
    <p class='ocr_par' dir='ltr' id='par_1_35' title="bbox 1036 324 1823 358">
     <span class='ocr_line' id='line_1_35' title="bbox 1036 324 1823 358; baseline -0.004 -5"><span class='ocrx_word' id='word_1_232' title='bbox 1036 326 1168 358; x_wconf 89' lang='lat' dir='ltr'><strong>cernitur,</strong></span> <span class='ocrx_word' id='word_1_233' title='bbox 1186 333 1247 353; x_wconf 87' lang='lat' dir='ltr'><strong>cum</strong></span> <span class='ocrx_word' id='word_1_234' title='bbox 1264 324 1330 352; x_wconf 90' lang='lat' dir='ltr'><strong>solis</strong></span> <span class='ocrx_word' id='word_1_235' title='bbox 1345 324 1410 351; x_wconf 77' lang='lat' dir='ltr'><strong>orbe</strong></span> <span class='ocrx_word' id='word_1_236' title='bbox 1428 324 1593 356; x_wconf 76' lang='lat' dir='ltr'><strong>continetur,</strong></span> <span class='ocrx_word' id='word_1_237' title='bbox 1610 332 1704 351; x_wconf 80' lang='lat' dir='ltr'><strong>verum</strong></span> <span class='ocrx_word' id='word_1_238' title='bbox 1730 324 1823 352; x_wconf 85' lang='lat' dir='ltr'><strong>incor—</strong></span> 
     </span>
    </p>
   </div>
   <div class='ocr_carea' id='block_1_36' title="bbox 1037 370 1824 407">
    <p class='ocr_par' dir='ltr' id='par_1_36' title="bbox 1037 370 1824 407">
     <span class='ocr_line' id='line_1_36' title="bbox 1037 370 1824 407; baseline -0.003 -8"><span class='ocrx_word' id='word_1_239' title='bbox 1037 379 1149 407; x_wconf 85' lang='lat' dir='ltr'><strong>poreum</strong></span> <span class='ocrx_word' id='word_1_240' title='bbox 1164 379 1196 399; x_wconf 90' lang='lat' dir='ltr'><strong>ac</strong></span> <span class='ocrx_word' id='word_1_241' title='bbox 1218 371 1284 399; x_wconf 90' lang='lat' dir='ltr'><strong>solis</strong></span> <span class='ocrx_word' id='word_1_242' title='bbox 1309 378 1416 406; x_wconf 76' lang='lat' dir='ltr'><strong>expers.</strong></span> <span class='ocrx_word' id='word_1_243' title='bbox 1436 370 1504 397; x_wconf 84' lang='lat' dir='ltr'><strong>Nam</strong></span> <span class='ocrx_word' id='word_1_244' title='bbox 1517 377 1579 397; x_wconf 91' lang='lat' dir='ltr'><strong>cum</strong></span> <span class='ocrx_word' id='word_1_245' title='bbox 1594 370 1716 397; x_wconf 88' lang='lat' dir='ltr'><strong>nondum</strong></span> <span class='ocrx_word' id='word_1_246' title='bbox 1741 371 1824 398; x_wconf 88' lang='lat' dir='ltr'><strong>solari</strong></span> 
     </span>
    </p>
   </div>
   <div class='ocr_carea' id='block_1_37' title="bbox 1038 417 1824 453">
    <p class='ocr_par' dir='ltr' id='par_1_37' title="bbox 1038 417 1824 453">
     <span class='ocr_line' id='line_1_37' title="bbox 1038 417 1824 453; baseline -0.004 -7"><span class='ocrx_word' id='word_1_247' title='bbox 1038 420 1103 447; x_wconf 89' lang='lat' dir='ltr'><strong>orbe</strong></span> <span class='ocrx_word' id='word_1_248' title='bbox 1114 418 1352 453; x_wconf 88' lang='lat' dir='ltr'><strong>circumscriptum</strong></span> <span class='ocrx_word' id='word_1_249' title='bbox 1373 421 1455 449; x_wconf 83' lang='lat' dir='ltr'><strong>esset,</strong></span> <span class='ocrx_word' id='word_1_250' title='bbox 1472 417 1660 451; x_wconf 81' lang='lat' dir='ltr'><strong>incorporeum</strong></span> <span class='ocrx_word' id='word_1_251' title='bbox 1676 421 1755 449; x_wconf 85' lang='lat' dir='ltr'><strong>erat;</strong></span> <span class='ocrx_word' id='word_1_252' title='bbox 1771 417 1824 444; x_wconf 87' lang='lat' dir='ltr'><strong>ltoc</strong></span> 
     </span>
    </p>
   </div>
   <div class='ocr_carea' id='block_1_38' title="bbox 1037 463 1826 500">
    <p class='ocr_par' dir='ltr' id='par_1_38' title="bbox 1037 463 1826 500">
     <span class='ocr_line' id='line_1_38' title="bbox 1037 463 1826 500; baseline -0.003 -8"><span class='ocrx_word' id='word_1_253' title='bbox 1037 466 1108 492; x_wconf 91' lang='lat' dir='ltr'><strong>enim</strong></span> <span class='ocrx_word' id='word_1_254' title='bbox 1142 464 1279 500; x_wconf 75' lang='lat' dir='ltr'><strong>significat</strong></span> <span class='ocrx_word' id='word_1_255' title='bbox 1309 464 1429 500; x_wconf 80' lang='grc' dir='ltr'><strong>ἀνήλιον.</strong></span> <span class='ocrx_word' id='word_1_256' title='bbox 1464 463 1562 491; x_wconf 79' lang='lat' dir='ltr'><strong>Postea</strong></span> <span class='ocrx_word' id='word_1_257' title='bbox 1591 463 1680 498; x_wconf 85' lang='lat' dir='ltr'><strong>ipsum</strong></span> <span class='ocrx_word' id='word_1_258' title='bbox 1713 463 1764 490; x_wconf 81' lang='lat' dir='ltr'><strong>soli</strong></span> <span class='ocrx_word' id='word_1_259' title='bbox 1793 470 1826 490; x_wconf 87' lang='lat' dir='ltr'><strong>ac</strong></span> 
     </span>
    </p>
   </div>
   <div class='ocr_carea' id='block_1_39' title="bbox 1038 509 1825 545">
    <p class='ocr_par' dir='ltr' id='par_1_39' title="bbox 1038 509 1825 545">
     <span class='ocr_line' id='line_1_39' title="bbox 1038 509 1825 545; baseline -0.005 -6"><span class='ocrx_word' id='word_1_260' title='bbox 1038 511 1176 539; x_wconf 85' lang='lat' dir='ltr'><strong>sideribus</strong></span> <span class='ocrx_word' id='word_1_261' title='bbox 1189 511 1274 543; x_wconf 83' lang='lat' dir='ltr'><strong>dedit,</strong></span> <span class='ocrx_word' id='word_1_262' title='bbox 1293 511 1344 539; x_wconf 87' lang='lat' dir='ltr'><strong>ltoc</strong></span> <span class='ocrx_word' id='word_1_263' title='bbox 1364 515 1417 542; x_wconf 91' lang='lat' dir='ltr'><strong>est,</strong></span> <span class='ocrx_word' id='word_1_264' title='bbox 1443 510 1636 545; x_wconf 75' lang='lat' dir='ltr'><strong>primigenium</strong></span> <span class='ocrx_word' id='word_1_265' title='bbox 1655 510 1745 537; x_wconf 87' lang='lat' dir='ltr'><strong>lumen</strong></span> <span class='ocrx_word' id='word_1_266' title='bbox 1771 509 1825 536; x_wconf 80' lang='lat' dir='ltr'><strong>illis</strong></span> 
     </span>
    </p>
   </div>
   <div class='ocr_carea' id='block_1_40' title="bbox 1040 555 1826 589">
    <p class='ocr_par' dir='ltr' id='par_1_40' title="bbox 1040 555 1826 589">
     <span class='ocr_line' id='line_1_40' title="bbox 1040 555 1826 589; baseline -0.003 -7"><span class='ocrx_word' id='word_1_267' title='bbox 1040 556 1222 583; x_wconf 89' lang='lat' dir='ltr'><strong>luminaribus</strong></span> <span class='ocrx_word' id='word_1_268' title='bbox 1249 563 1375 583; x_wconf 90' lang='lat' dir='ltr'><strong>summus</strong></span> <span class='ocrx_word' id='word_1_269' title='bbox 1404 555 1570 582; x_wconf 80' lang='lat' dir='ltr'><strong>architectus</strong></span> <span class='ocrx_word' id='word_1_270' title='bbox 1598 555 1727 589; x_wconf 82' lang='lat' dir='ltr'><strong>impoSuit</strong></span> <span class='ocrx_word' id='word_1_271' title='bbox 1747 563 1753 582; x_wconf 89' lang='lat'><strong>:</strong></span> <span class='ocrx_word' id='word_1_272' title='bbox 1771 562 1826 582; x_wconf 87' lang='lat' dir='ltr'><strong>non</strong></span> 
     </span>
    </p>
   </div>
   <div class='ocr_carea' id='block_1_41' title="bbox 1039 601 1826 638">
    <p class='ocr_par' dir='ltr' id='par_1_41' title="bbox 1039 601 1826 638">
     <span class='ocr_line' id='line_1_41' title="bbox 1039 601 1826 638; baseline -0.004 -8"><span class='ocrx_word' id='word_1_273' title='bbox 1039 603 1112 638; x_wconf 87' lang='lat' dir='ltr'><strong>quod</strong></span> <span class='ocrx_word' id='word_1_274' title='bbox 1140 601 1252 629; x_wconf 86' lang='lat' dir='ltr'><strong>luminis</strong></span> <span class='ocrx_word' id='word_1_275' title='bbox 1276 602 1389 629; x_wconf 88' lang='lat' dir='ltr'><strong>alterius</strong></span> <span class='ocrx_word' id='word_1_276' title='bbox 1405 602 1497 636; x_wconf 82' lang='lat' dir='ltr'><strong>inopia</strong></span> <span class='ocrx_word' id='word_1_277' title='bbox 1525 606 1704 636; x_wconf 83' lang='lat' dir='ltr'><strong>premeretur,</strong></span> <span class='ocrx_word' id='word_1_278' title='bbox 1721 601 1769 629; x_wconf 85' lang='lat' dir='ltr'><strong>sed</strong></span> <span class='ocrx_word' id='word_1_279' title='bbox 1792 609 1826 628; x_wconf 91' lang='lat' dir='ltr'><strong>ne</strong></span> 
     </span>
    </p>
   </div>
   <div class='ocr_carea' id='block_1_42' title="bbox 1040 647 1827 682">
    <p class='ocr_par' dir='ltr' id='par_1_42' title="bbox 1040 647 1827 682">
     <span class='ocr_line' id='line_1_42' title="bbox 1040 647 1827 682; baseline -0.004 -6"><span class='ocrx_word' id='word_1_280' title='bbox 1040 649 1130 676; x_wconf 82' lang='lat' dir='ltr'><strong>lumen</strong></span> <span class='ocrx_word' id='word_1_281' title='bbox 1163 648 1227 675; x_wconf 93' lang='lat' dir='ltr'><strong>illud</strong></span> <span class='ocrx_word' id='word_1_282' title='bbox 1254 649 1328 676; x_wconf 86' lang='lat' dir='ltr'><strong>iners</strong></span> <span class='ocrx_word' id='word_1_283' title='bbox 1353 655 1385 675; x_wconf 83' lang='lat' dir='ltr'><strong>ac</strong></span> <span class='ocrx_word' id='word_1_284' title='bbox 1413 648 1550 682; x_wconf 89' lang='lat' dir='ltr'><strong>torpidum</strong></span> <span class='ocrx_word' id='word_1_285' title='bbox 1574 652 1706 675; x_wconf 87' lang='lat' dir='ltr'><strong>maneret.</strong></span> <span class='ocrx_word' id='word_1_286' title='bbox 1733 647 1827 682; x_wconf 83' lang='lat' dir='ltr'><strong>Neque</strong></span> 
     </span>
    </p>
   </div>
   <div class='ocr_carea' id='block_1_43' title="bbox 1039 694 1828 729">
    <p class='ocr_par' dir='ltr' id='par_1_43' title="bbox 1039 694 1828 729">
     <span class='ocr_line' id='line_1_43' title="bbox 1039 694 1828 729; baseline -0.004 -6"><span class='ocrx_word' id='word_1_287' title='bbox 1039 696 1111 724; x_wconf 88' lang='lat' dir='ltr'><strong>enim</strong></span> <span class='ocrx_word' id='word_1_288' title='bbox 1141 695 1287 727; x_wconf 88' lang='lat' dir='ltr'><strong>luminare,</strong></span> <span class='ocrx_word' id='word_1_289' title='bbox 1322 694 1414 721; x_wconf 88' lang='lat' dir='ltr'><strong>lumen</strong></span> <span class='ocrx_word' id='word_1_290' title='bbox 1438 694 1529 729; x_wconf 86' lang='lat' dir='ltr'><strong>ipsum</strong></span> <span class='ocrx_word' id='word_1_291' title='bbox 1557 699 1608 727; x_wconf 87' lang='lat' dir='ltr'><strong>est,</strong></span> <span class='ocrx_word' id='word_1_292' title='bbox 1640 694 1687 722; x_wconf 89' lang='lat' dir='ltr'><strong>sed</strong></span> <span class='ocrx_word' id='word_1_293' title='bbox 1715 694 1828 721; x_wconf 87' lang='lat' dir='ltr'><strong>luminis</strong></span> 
     </span>
    </p>
   </div>
   <div class='ocr_carea' id='block_1_44' title="bbox 1041 740 1829 777">
    <p class='ocr_par' dir='ltr' id='par_1_44' title="bbox 1041 740 1829 777">
     <span class='ocr_line' id='line_1_44' title="bbox 1041 740 1829 777; baseline -0.004 -7"><span class='ocrx_word' id='word_1_294' title='bbox 1041 741 1281 777; x_wconf 84' lang='lat' dir='ltr'><strong>conceptaculum.</strong></span> <span class='ocrx_word' id='word_1_295' title='bbox 1296 740 1368 774; x_wconf 85' lang='lat' dir='ltr'><strong>Quid</strong></span> <span class='ocrx_word' id='word_1_296' title='bbox 1394 745 1486 767; x_wconf 84' lang='lat' dir='ltr'><strong>autem</strong></span> <span class='ocrx_word' id='word_1_297' title='bbox 1506 747 1597 768; x_wconf 80' lang='lat' dir='ltr'><strong>causae</strong></span> <span class='ocrx_word' id='word_1_298' title='bbox 1612 740 1674 773; x_wconf 88' lang='lat' dir='ltr'><strong>fuit,</strong></span> <span class='ocrx_word' id='word_1_299' title='bbox 1686 748 1736 768; x_wconf 87' lang='lat' dir='ltr'><strong>cur</strong></span> <span class='ocrx_word' id='word_1_300' title='bbox 1752 741 1829 775; x_wconf 87' lang='lat' dir='ltr'><strong>prius</strong></span> 
     </span>
    </p>
   </div>
   <div class='ocr_carea' id='block_1_45' title="bbox 1043 787 1830 822">
    <p class='ocr_par' dir='ltr' id='par_1_45' title="bbox 1043 787 1830 822">
     <span class='ocr_line' id='line_1_45' title="bbox 1043 787 1830 822; baseline -0.003 -7"><span class='ocrx_word' id='word_1_301' title='bbox 1043 789 1153 818; x_wconf 68' lang='lat' dir='ltr'><strong>lumen,</strong></span> <span class='ocrx_word' id='word_1_302' title='bbox 1171 787 1273 815; x_wconf 86' lang='lat' dir='ltr'><strong>deinde</strong></span> <span class='ocrx_word' id='word_1_303' title='bbox 1298 787 1413 815; x_wconf 87' lang='lat' dir='ltr'><strong>lumittis</strong></span> <span class='ocrx_word' id='word_1_304' title='bbox 1439 787 1680 822; x_wconf 88' lang='lat' dir='ltr'><strong>conceptaculutn,</strong></span> <span class='ocrx_word' id='word_1_305' title='bbox 1700 787 1751 814; x_wconf 90' lang='lat' dir='ltr'><strong>hoc</strong></span> <span class='ocrx_word' id='word_1_306' title='bbox 1777 791 1830 819; x_wconf 89' lang='lat' dir='ltr'><strong>est,</strong></span> 
     </span>
    </p>
   </div>
   <div class='ocr_carea' id='block_1_46' title="bbox 1043 831 1831 866">
    <p class='ocr_par' dir='ltr' id='par_1_46' title="bbox 1043 831 1831 866">
     <span class='ocr_line' id='line_1_46' title="bbox 1043 831 1831 866; baseline -0.005 -5"><span class='ocrx_word' id='word_1_307' title='bbox 1043 833 1160 861; x_wconf 85' lang='lat' dir='ltr'><strong>solarem</strong></span> <span class='ocrx_word' id='word_1_308' title='bbox 1189 833 1283 864; x_wconf 81' lang='lat' dir='ltr'><strong>orbem</strong></span> <span class='ocrx_word' id='word_1_309' title='bbox 1317 832 1442 860; x_wconf 70' lang='lat' dir='ltr'><strong>crearet?</strong></span> <span class='ocrx_word' id='word_1_310' title='bbox 1476 831 1611 859; x_wconf 83' lang='lat' dir='ltr'><strong>Nimirum</strong></span> <span class='ocrx_word' id='word_1_311' title='bbox 1643 835 1671 858; x_wconf 88' lang='lat' dir='ltr'><strong>ut</strong></span> <span class='ocrx_word' id='word_1_312' title='bbox 1703 839 1831 866; x_wconf 77' lang='lat' dir='ltr'><strong>magnum</strong></span> 
     </span>
    </p>
   </div>
   <div class='ocr_carea' id='block_1_47' title="bbox 1044 877 1830 914">
    <p class='ocr_par' dir='ltr' id='par_1_47' title="bbox 1044 877 1830 914">
     <span class='ocr_line' id='line_1_47' title="bbox 1044 877 1830 914; baseline -0.003 -8"><span class='ocrx_word' id='word_1_313' title='bbox 1044 878 1183 914; x_wconf 77' lang='lat' dir='ltr'><strong>quoddam</strong></span> <span class='ocrx_word' id='word_1_314' title='bbox 1203 882 1230 906; x_wconf 93' lang='lat' dir='ltr'><strong>et</strong></span> <span class='ocrx_word' id='word_1_315' title='bbox 1253 878 1362 913; x_wconf 74' lang='lat' dir='ltr'><strong>insigne</strong></span> <span class='ocrx_word' id='word_1_316' title='bbox 1382 877 1545 905; x_wconf 85' lang='lat' dir='ltr'><strong>miraculum</strong></span> <span class='ocrx_word' id='word_1_317' title='bbox 1561 877 1665 905; x_wconf 86' lang='lat' dir='ltr'><strong>ederet.</strong></span> <span class='ocrx_word' id='word_1_318' title='bbox 1685 877 1752 904; x_wconf 83' lang='lat' dir='ltr'><strong>Nam</strong></span> <span class='ocrx_word' id='word_1_319' title='bbox 1769 885 1830 904; x_wconf 87' lang='lat' dir='ltr'><strong>cum</strong></span> 
     </span>
    </p>
   </div>
   <div class='ocr_carea' id='block_1_48' title="bbox 1044 923 1834 960">
    <p class='ocr_par' dir='ltr' id='par_1_48' title="bbox 1044 923 1834 960">
     <span class='ocr_line' id='line_1_48' title="bbox 1044 923 1834 960; baseline -0.003 -8"><span class='ocrx_word' id='word_1_320' title='bbox 1044 926 1070 952; x_wconf 92' lang='lat' dir='ltr'><strong>in</strong></span> <span class='ocrx_word' id='word_1_321' title='bbox 1096 925 1210 960; x_wconf 83' lang='lat' dir='ltr'><strong>reliquis</strong></span> <span class='ocrx_word' id='word_1_322' title='bbox 1234 925 1369 952; x_wconf 86' lang='lat' dir='ltr'><strong>creaturis</strong></span> <span class='ocrx_word' id='word_1_323' title='bbox 1396 923 1538 951; x_wconf 85' lang='lat' dir='ltr'><strong>materiam</strong></span> <span class='ocrx_word' id='word_1_324' title='bbox 1563 923 1638 958; x_wconf 89' lang='lat' dir='ltr'><strong>prius</strong></span> <span class='ocrx_word' id='word_1_325' title='bbox 1662 923 1834 951; x_wconf 83' lang='lat' dir='ltr'><strong>condidisset</strong></span> 
     </span>
    </p>
   </div>
   <div class='ocr_carea' id='block_1_49' title="bbox 1044 970 1834 1007">
    <p class='ocr_par' dir='ltr' id='par_1_49' title="bbox 1044 970 1834 1007">
     <span class='ocr_line' id='line_1_49' title="bbox 1044 970 1834 1007; baseline -0.003 -8"><span class='ocrx_word' id='word_1_326' title='bbox 1044 972 1097 1007; x_wconf 83' lang='lat' dir='ltr'><strong>(est</strong></span> <span class='ocrx_word' id='word_1_327' title='bbox 1123 977 1213 999; x_wconf 87' lang='lat' dir='ltr'><strong>autent</strong></span> <span class='ocrx_word' id='word_1_328' title='bbox 1240 971 1356 998; x_wconf 85' lang='lat' dir='ltr'><strong>materia</strong></span> <span class='ocrx_word' id='word_1_329' title='bbox 1384 971 1422 1003; x_wconf 90' lang='lat' dir='ltr'><strong>id,</strong></span> <span class='ocrx_word' id='word_1_330' title='bbox 1452 970 1526 1005; x_wconf 86' lang='lat' dir='ltr'><strong>quod</strong></span> <span class='ocrx_word' id='word_1_331' title='bbox 1555 970 1706 1004; x_wconf 88' lang='lat' dir='ltr'><strong>unicuique</strong></span> <span class='ocrx_word' id='word_1_332' title='bbox 1733 970 1773 997; x_wconf 88' lang='lat' dir='ltr'><strong>rei</strong></span> <span class='ocrx_word' id='word_1_333' title='bbox 1799 971 1834 997; x_wconf 92' lang='lat' dir='ltr'><strong>ad</strong></span> 
     </span>
    </p>
   </div>
   <div class='ocr_carea' id='block_1_50' title="bbox 1044 1015 1833 1051">
    <p class='ocr_par' dir='ltr' id='par_1_50' title="bbox 1044 1015 1833 1051">
     <span class='ocr_line' id='line_1_50' title="bbox 1044 1015 1833 1051; baseline -0.004 -6"><span class='ocrx_word' id='word_1_334' title='bbox 1044 1018 1191 1045; x_wconf 86' lang='lat' dir='ltr'><strong>essentiam</strong></span> <span class='ocrx_word' id='word_1_335' title='bbox 1221 1017 1355 1051; x_wconf 70' lang='lat' dir='ltr'><strong>subiacet,</strong></span> <span class='ocrx_word' id='word_1_336' title='bbox 1383 1016 1458 1044; x_wconf 89' lang='lat' dir='ltr'><strong>velut</strong></span> <span class='ocrx_word' id='word_1_337' title='bbox 1488 1021 1606 1050; x_wconf 79' lang='lat' dir='ltr'><strong>quatuor</strong></span> <span class='ocrx_word' id='word_1_338' title='bbox 1630 1015 1786 1051; x_wconf 85' lang='lat' dir='ltr'><strong>elementa),</strong></span> <span class='ocrx_word' id='word_1_339' title='bbox 1800 1023 1833 1042; x_wconf 86' lang='lat' dir='ltr'><strong>ac</strong></span> 
     </span>
    </p>
   </div>
   <div class='ocr_carea' id='block_1_51' title="bbox 1044 1061 1833 1090">
    <p class='ocr_par' dir='ltr' id='par_1_51' title="bbox 1044 1061 1833 1090">
     <span class='ocr_line' id='line_1_51' title="bbox 1044 1061 1833 1090; baseline -0.001 0"><span class='ocrx_word' id='word_1_340' title='bbox 1044 1063 1142 1090; x_wconf 89' lang='lat' dir='ltr'><strong>deittde</strong></span> <span class='ocrx_word' id='word_1_341' title='bbox 1173 1062 1290 1089; x_wconf 88' lang='lat' dir='ltr'><strong>formam</strong></span> <span class='ocrx_word' id='word_1_342' title='bbox 1318 1062 1463 1089; x_wconf 82' lang='lat' dir='ltr'><strong>indidisset</strong></span> <span class='ocrx_word' id='word_1_343' title='bbox 1487 1070 1494 1087; x_wconf 90' lang='lat'>:</span> <span class='ocrx_word' id='word_1_344' title='bbox 1521 1061 1565 1088; x_wconf 81' lang='lat' dir='ltr'><strong>hic</strong></span> <span class='ocrx_word' id='word_1_345' title='bbox 1595 1066 1683 1088; x_wconf 87' lang='lat' dir='ltr'><strong>tamen</strong></span> <span class='ocrx_word' id='word_1_346' title='bbox 1718 1062 1833 1089; x_wconf 83' lang='lat' dir='ltr'><strong>formam</strong></span> 
     </span>
    </p>
   </div>
   <div class='ocr_carea' id='block_1_52' title="bbox 1046 1101 1835 1144">
    <p class='ocr_par' dir='ltr' id='par_1_52' title="bbox 1046 1101 1835 1144">
     <span class='ocr_line' id='line_1_52' title="bbox 1046 1101 1835 1144; baseline -0.003 -8"><span class='ocrx_word' id='word_1_347' title='bbox 1046 1109 1123 1144; x_wconf 89' lang='lat' dir='ltr'><strong>pritts</strong></span> <span class='ocrx_word' id='word_1_348' title='bbox 1144 1108 1258 1141; x_wconf 89' lang='lat' dir='ltr'><strong>ereavit,</strong></span> <span class='ocrx_word' id='word_1_349' title='bbox 1287 1109 1338 1135; x_wconf 86' lang='lat' dir='ltr'><strong>hoc</strong></span> <span class='ocrx_word' id='word_1_350' title='bbox 1354 1113 1407 1139; x_wconf 82' lang='lat' dir='ltr'><strong>est,</strong></span> <span class='ocrx_word' id='word_1_351' title='bbox 1435 1108 1527 1135; x_wconf 87' lang='lat' dir='ltr'><strong>lumett</strong></span> <span class='ocrx_word' id='word_1_352' title='bbox 1552 1107 1630 1142; x_wconf 89' lang='lat' dir='ltr'><strong>(solis</strong></span> <span class='ocrx_word' id='word_1_353' title='bbox 1653 1101 1726 1134; x_wconf 74' lang='lat' dir='ltr'><strong>enim</strong></span> <span class='ocrx_word' id='word_1_354' title='bbox 1748 1106 1835 1134; x_wconf 90' lang='lat' dir='ltr'><strong>forma</strong></span> 
     </span>
    </p>
   </div>
   <div class='ocr_carea' id='block_1_53' title="bbox 1046 1154 1836 1188">
    <p class='ocr_par' dir='ltr' id='par_1_53' title="bbox 1046 1154 1836 1188">
     <span class='ocr_line' id='line_1_53' title="bbox 1046 1154 1836 1188; baseline -0.001 -6"><span class='ocrx_word' id='word_1_355' title='bbox 1046 1155 1137 1182; x_wconf 88' lang='lat' dir='ltr'><strong>lumen</strong></span> <span class='ocrx_word' id='word_1_356' title='bbox 1165 1158 1224 1186; x_wconf 87' lang='lat' dir='ltr'><strong>est,</strong></span> <span class='ocrx_word' id='word_1_357' title='bbox 1254 1154 1296 1181; x_wconf 89' lang='lat' dir='ltr'><strong>sol</strong></span> <span class='ocrx_word' id='word_1_358' title='bbox 1324 1160 1414 1180; x_wconf 90' lang='lat' dir='ltr'><strong>autem</strong></span> <span class='ocrx_word' id='word_1_359' title='bbox 1428 1154 1540 1181; x_wconf 92' lang='lat' dir='ltr'><strong>luminis</strong></span> <span class='ocrx_word' id='word_1_360' title='bbox 1570 1154 1709 1188; x_wconf 89' lang='lat' dir='ltr'><strong>materia),</strong></span> <span class='ocrx_word' id='word_1_361' title='bbox 1740 1159 1836 1188; x_wconf 80' lang='lat' dir='ltr'><strong>postea</strong></span> 
     </span>
    </p>
   </div>
   <div class='ocr_carea' id='block_1_54' title="bbox 1046 1199 1835 1236">
    <p class='ocr_par' dir='ltr' id='par_1_54' title="bbox 1046 1199 1835 1236">
     <span class='ocr_line' id='line_1_54' title="bbox 1046 1199 1835 1236; baseline 0.001 -9"><span class='ocrx_word' id='word_1_362' title='bbox 1046 1205 1136 1227; x_wconf 88' lang='lat' dir='ltr'><strong>autem</strong></span> <span class='ocrx_word' id='word_1_363' title='bbox 1162 1200 1305 1226; x_wconf 84' lang='lat' dir='ltr'><strong>materiam</strong></span> <span class='ocrx_word' id='word_1_364' title='bbox 1323 1199 1439 1232; x_wconf 79' lang='lat' dir='ltr'><strong>efﬂuxit,</strong></span> <span class='ocrx_word' id='word_1_365' title='bbox 1461 1199 1513 1227; x_wconf 89' lang='lat' dir='ltr'><strong>ltoc</strong></span> <span class='ocrx_word' id='word_1_366' title='bbox 1537 1206 1589 1232; x_wconf 91' lang='lat' dir='ltr'><strong>est,</strong></span> <span class='ocrx_word' id='word_1_367' title='bbox 1608 1201 1699 1228; x_wconf 78' lang='lat' dir='ltr'><strong>solare</strong></span> <span class='ocrx_word' id='word_1_368' title='bbox 1723 1208 1835 1236; x_wconf 82' lang='lat' dir='ltr'><strong>corpus,</strong></span> 
     </span>
    </p>
   </div>
   <div class='ocr_carea' id='block_1_55' title="bbox 1046 1245 1837 1282">
    <p class='ocr_par' dir='ltr' id='par_1_55' title="bbox 1046 1245 1837 1282">
     <span class='ocr_line' id='line_1_55' title="bbox 1046 1245 1837 1282; baseline 0.001 -9"><span class='ocrx_word' id='word_1_369' title='bbox 1046 1254 1079 1273; x_wconf 89' lang='lat' dir='ltr'><strong>ac</strong></span> <span class='ocrx_word' id='word_1_370' title='bbox 1095 1246 1260 1273; x_wconf 81' lang='lat' dir='ltr'><strong>solem.diei</strong></span> <span class='ocrx_word' id='word_1_371' title='bbox 1277 1250 1416 1281; x_wconf 89' lang='lat' dir='ltr'><strong>parentetn</strong></span> <span class='ocrx_word' id='word_1_372' title='bbox 1433 1245 1583 1274; x_wconf 86' lang='lat' dir='ltr'><strong>fabricatus</strong></span> <span class='ocrx_word' id='word_1_373' title='bbox 1608 1252 1659 1274; x_wconf 87' lang='lat' dir='ltr'><strong>est.</strong></span> <span class='ocrx_word' id='word_1_374' title='bbox 1678 1247 1714 1273; x_wconf 92' lang='lat' dir='ltr'><strong>Ita</strong></span> <span class='ocrx_word' id='word_1_375' title='bbox 1732 1247 1837 1282; x_wconf 73' lang='lat' dir='ltr'><strong>produ-</strong></span> 
     </span>
    </p>
   </div>
   <div class='ocr_carea' id='block_1_56' title="bbox 1046 1293 1837 1328">
    <p class='ocr_par' dir='ltr' id='par_1_56' title="bbox 1046 1293 1837 1328">
     <span class='ocr_line' id='line_1_56' title="bbox 1046 1293 1837 1328; baseline -0.001 -7"><span class='ocrx_word' id='word_1_376' title='bbox 1046 1299 1090 1321; x_wconf 92' lang='lat' dir='ltr'><strong>cto</strong></span> <span class='ocrx_word' id='word_1_377' title='bbox 1110 1293 1216 1320; x_wconf 84' lang='lat' dir='ltr'><strong>lumine</strong></span> <span class='ocrx_word' id='word_1_378' title='bbox 1240 1294 1344 1328; x_wconf 88' lang='lat' dir='ltr'><strong>pritntts</strong></span> <span class='ocrx_word' id='word_1_379' title='bbox 1361 1293 1431 1324; x_wconf 87' lang='lat' dir='ltr'><strong>dies,</strong></span> <span class='ocrx_word' id='word_1_380' title='bbox 1453 1297 1481 1321; x_wconf 87' lang='lat' dir='ltr'><strong>et</strong></span> <span class='ocrx_word' id='word_1_381' title='bbox 1504 1294 1644 1321; x_wconf 81' lang='lat' dir='ltr'><strong>secundus</strong></span> <span class='ocrx_word' id='word_1_382' title='bbox 1668 1298 1837 1324; x_wconf 90' lang='lat' dir='ltr'><strong>ttumeratur,</strong></span> 
     </span>
    </p>
   </div>
   <div class='ocr_carea' id='block_1_57' title="bbox 1048 1339 1838 1374">
    <p class='ocr_par' dir='ltr' id='par_1_57' title="bbox 1048 1339 1838 1374">
     <span class='ocr_line' id='line_1_57' title="bbox 1048 1339 1838 1374; baseline 0 -6"><span class='ocrx_word' id='word_1_383' title='bbox 1048 1347 1081 1368; x_wconf 86' lang='lat' dir='ltr'><strong>ac</strong></span> <span class='ocrx_word' id='word_1_384' title='bbox 1107 1340 1148 1367; x_wconf 87' lang='lat' dir='ltr'><strong>sic</strong></span> <span class='ocrx_word' id='word_1_385' title='bbox 1172 1340 1304 1374; x_wconf 83' lang='lat' dir='ltr'><strong>deinceps</strong></span> <span class='ocrx_word' id='word_1_386' title='bbox 1331 1347 1419 1373; x_wconf 89' lang='lat' dir='ltr'><strong>usque</strong></span> <span class='ocrx_word' id='word_1_387' title='bbox 1442 1340 1478 1366; x_wconf 82' lang='lat' dir='ltr'><strong>ad</strong></span> <span class='ocrx_word' id='word_1_388' title='bbox 1504 1340 1661 1374; x_wconf 82' lang='lat' dir='ltr'><strong>septimum,</strong></span> <span class='ocrx_word' id='word_1_389' title='bbox 1691 1347 1746 1374; x_wconf 92' lang='lat' dir='ltr'><strong>quo</strong></span> <span class='ocrx_word' id='word_1_390' title='bbox 1766 1339 1838 1368; x_wconf 75' lang='lat' dir='ltr'><strong>Deus</strong></span> 
     </span>
    </p>
   </div>
   <div class='ocr_carea' id='block_1_58' title="bbox 1048 1386 1838 1422">
    <p class='ocr_par' dir='ltr' id='par_1_58' title="bbox 1048 1386 1838 1422">
     <span class='ocr_line' id='line_1_58' title="bbox 1048 1386 1838 1422; baseline -0.001 -8"><span class='ocrx_word' id='word_1_391' title='bbox 1048 1387 1183 1422; x_wconf 85' lang='lat' dir='ltr'><strong>requievit</strong></span> <span class='ocrx_word' id='word_1_392' title='bbox 1196 1387 1230 1415; x_wconf 79' lang='lat' dir='ltr'><strong>ab</strong></span> <span class='ocrx_word' id='word_1_393' title='bbox 1244 1386 1371 1414; x_wconf 92' lang='lat' dir='ltr'><strong>omnibus</strong></span> <span class='ocrx_word' id='word_1_394' title='bbox 1383 1387 1525 1421; x_wconf 86' lang='lat' dir='ltr'><strong>operibus,</strong></span> <span class='ocrx_word' id='word_1_395' title='bbox 1542 1393 1602 1421; x_wconf 68' lang='lat' dir='ltr'><strong>qua:</strong></span> <span class='ocrx_word' id='word_1_396' title='bbox 1615 1386 1727 1419; x_wconf 83' lang='lat' dir='ltr'><strong>fecerat,</strong></span> <span class='ocrx_word' id='word_1_397' title='bbox 1743 1394 1838 1421; x_wconf 90' lang='lat' dir='ltr'><strong>quem-</strong></span> 
     </span>
    </p>
   </div>
   <div class='ocr_carea' id='block_1_59' title="bbox 1049 1432 1839 1468">
    <p class='ocr_par' dir='ltr' id='par_1_59' title="bbox 1049 1432 1839 1468">
     <span class='ocr_line' id='line_1_59' title="bbox 1049 1432 1839 1468; baseline -0.003 -7"><span class='ocrx_word' id='word_1_398' title='bbox 1049 1434 1196 1461; x_wconf 88' lang='lat' dir='ltr'><strong>admodum</strong></span> <span class='ocrx_word' id='word_1_399' title='bbox 1219 1437 1335 1460; x_wconf 88' lang='lat' dir='ltr'><strong>testatur</strong></span> <span class='ocrx_word' id='word_1_400' title='bbox 1363 1432 1516 1468; x_wconf 86' lang='lat' dir='ltr'><strong>Scriptura.</strong></span> <span class='ocrx_word' id='word_1_401' title='bbox 1539 1433 1639 1460; x_wconf 89' lang='lat' dir='ltr'><strong>Diebus</strong></span> <span class='ocrx_word' id='word_1_402' title='bbox 1663 1432 1737 1460; x_wconf 90' lang='lat' dir='ltr'><strong>enim</strong></span> <span class='ocrx_word' id='word_1_403' title='bbox 1759 1433 1839 1468; x_wconf 87' lang='lat' dir='ltr'><strong>opill-</strong></span> 
     </span>
    </p>
   </div>
   <div class='ocr_carea' id='block_1_60' title="bbox 1049 1479 1837 1511">
    <p class='ocr_par' dir='ltr' id='par_1_60' title="bbox 1049 1479 1837 1511">
     <span class='ocr_line' id='line_1_60' title="bbox 1049 1479 1837 1511; baseline -0.003 -3"><span class='ocrx_word' id='word_1_404' title='bbox 1049 1481 1122 1510; x_wconf 87' lang='lat' dir='ltr'><strong>eium</strong></span> <span class='ocrx_word' id='word_1_405' title='bbox 1145 1479 1194 1507; x_wconf 88' lang='lat' dir='ltr'><strong>Dci</strong></span> <span class='ocrx_word' id='word_1_406' title='bbox 1219 1480 1360 1508; x_wconf 86' lang='lat' dir='ltr'><strong>dividitur.</strong></span> <span class='ocrx_word' id='word_1_407' title='bbox 1388 1480 1480 1507; x_wconf 89' lang='lat' dir='ltr'><strong>Primo</strong></span> <span class='ocrx_word' id='word_1_408' title='bbox 1501 1479 1601 1507; x_wconf 87' lang='lat' dir='ltr'><strong>ctenim</strong></span> <span class='ocrx_word' id='word_1_409' title='bbox 1619 1479 1664 1507; x_wconf 81' lang='lat' dir='ltr'><strong>lux</strong></span> <span class='ocrx_word' id='word_1_410' title='bbox 1690 1480 1762 1507; x_wconf 86' lang='lat' dir='ltr'><strong>facta</strong></span> <span class='ocrx_word' id='word_1_411' title='bbox 1786 1485 1837 1511; x_wconf 82' lang='lat' dir='ltr'><strong>est,</strong></span> 
     </span>
    </p>
   </div>
   <div class='ocr_carea' id='block_1_61' title="bbox 207 1521 1840 1569">
    <p class='ocr_par' dir='ltr' id='par_1_61' title="bbox 207 1521 1840 1569">
     <span class='ocr_line' id='line_1_61' title="bbox 207 1521 1840 1569; baseline 0.001 -18"><span class='ocrx_word' id='word_1_412' title='bbox 207 1528 281 1551; x_wconf 87' lang='lat' dir='ltr'><strong>ctum</strong></span> <span class='ocrx_word' id='word_1_413' title='bbox 295 1527 347 1551; x_wconf 85' lang='lat' dir='ltr'><strong>est.</strong></span> <span class='ocrx_word' id='word_1_414' title='bbox 368 1522 459 1550; x_wconf 86' lang='lat' dir='ltr'><strong>Tertia</strong></span> <span class='ocrx_word' id='word_1_415' title='bbox 475 1522 642 1550; x_wconf 74' lang='lat' dir='ltr'><strong>difﬁcultatis</strong></span> <span class='ocrx_word' id='word_1_416' title='bbox 661 1521 761 1550; x_wconf 85' lang='lat' dir='ltr'><strong>solutio</strong></span> <span class='ocrx_word' id='word_1_417' title='bbox 776 1530 863 1555; x_wconf 83' lang='lat' dir='ltr'><strong>eaque</strong></span> <span class='ocrx_word' id='word_1_418' title='bbox 877 1522 995 1550; x_wconf 80' lang='lat' dir='ltr'><strong>exactis-</strong></span> <span class='ocrx_word' id='word_1_419' title='bbox 1010 1542 1031 1569; x_wconf 74' lang='lat' dir='ltr'><strong>C</strong></span> <span class='ocrx_word' id='word_1_420' title='bbox 1049 1535 1111 1563; x_wconf 68' lang='lat' dir='ltr'><strong>quae</strong></span> <span class='ocrx_word' id='word_1_421' title='bbox 1138 1530 1164 1554; x_wconf 88' lang='lat' dir='ltr'><strong>ct</strong></span> <span class='ocrx_word' id='word_1_422' title='bbox 1191 1526 1290 1554; x_wconf 79' lang='lat' dir='ltr'><strong>diffusa</strong></span> <span class='ocrx_word' id='word_1_423' title='bbox 1314 1531 1340 1554; x_wconf 86' lang='lat' dir='ltr'><strong>et</strong></span> <span class='ocrx_word' id='word_1_424' title='bbox 1369 1527 1484 1554; x_wconf 86' lang='lat' dir='ltr'><strong>collecta</strong></span> <span class='ocrx_word' id='word_1_425' title='bbox 1516 1531 1571 1554; x_wconf 87' lang='lat' dir='ltr'><strong>tres</strong></span> <span class='ocrx_word' id='word_1_426' title='bbox 1598 1526 1657 1554; x_wconf 77' lang='lat' dir='ltr'><strong>dies</strong></span> <span class='ocrx_word' id='word_1_427' title='bbox 1682 1530 1744 1554; x_wconf 90' lang='lat' dir='ltr'><strong>ante</strong></span> <span class='ocrx_word' id='word_1_428' title='bbox 1773 1526 1840 1554; x_wconf 85' lang='lat' dir='ltr'><strong>solis</strong></span> 
     </span>
    </p>
   </div>
   <div class='ocr_carea' id='block_1_62' title="bbox 208 1567 996 1604">
    <p class='ocr_par' dir='ltr' id='par_1_62' title="bbox 208 1567 996 1604">
     <span class='ocr_line' id='line_1_62' title="bbox 208 1567 996 1604; baseline -0.001 -7"><span class='ocrx_word' id='word_1_429' title='bbox 208 1569 278 1597; x_wconf 86' lang='lat' dir='ltr'><strong>sima</strong></span> <span class='ocrx_word' id='word_1_430' title='bbox 289 1569 346 1597; x_wconf 56' lang='lat' dir='ltr'><strong>bac</strong></span> <span class='ocrx_word' id='word_1_431' title='bbox 360 1577 420 1596; x_wconf 82' lang='lat' dir='ltr'><strong>esse</strong></span> <span class='ocrx_word' id='word_1_432' title='bbox 436 1570 531 1604; x_wconf 91' lang='lat' dir='ltr'><strong>possit.</strong></span> <span class='ocrx_word' id='word_1_433' title='bbox 554 1567 625 1596; x_wconf 84' lang='lat' dir='ltr'><strong>inter</strong></span> <span class='ocrx_word' id='word_1_434' title='bbox 646 1569 818 1596; x_wconf 84' lang='lat' dir='ltr'><strong>effectionem</strong></span> <span class='ocrx_word' id='word_1_435' title='bbox 838 1572 865 1596; x_wconf 91' lang='lat' dir='ltr'><strong>et</strong></span> <span class='ocrx_word' id='word_1_436' title='bbox 877 1568 996 1596; x_wconf 88' lang='lat' dir='ltr'><strong>fabrica-</strong></span> 
     </span>
    </p>
   </div>
   <div class='ocr_carea' id='block_1_63' title="bbox 209 1615 997 1644">
    <p class='ocr_par' dir='ltr' id='par_1_63' title="bbox 209 1615 997 1644">
     <span class='ocr_line' id='line_1_63' title="bbox 209 1615 997 1644; baseline -0.001 -1"><span class='ocrx_word' id='word_1_437' title='bbox 209 1617 309 1644; x_wconf 89' lang='lat' dir='ltr'><strong>tionem</strong></span> <span class='ocrx_word' id='word_1_438' title='bbox 326 1616 471 1643; x_wconf 81' lang='lat' dir='ltr'><strong>discrimen</strong></span> <span class='ocrx_word' id='word_1_439' title='bbox 483 1616 653 1643; x_wconf 89' lang='lat' dir='ltr'><strong>constituunt</strong></span> <span class='ocrx_word' id='word_1_440' title='bbox 669 1623 731 1643; x_wconf 91' lang='lat' dir='ltr'><strong>cum</strong></span> <span class='ocrx_word' id='word_1_441' title='bbox 749 1615 796 1642; x_wconf 86' lang='lat' dir='ltr'><strong>alii</strong></span> <span class='ocrx_word' id='word_1_442' title='bbox 813 1615 889 1642; x_wconf 87' lang='lat' dir='ltr'><strong>tuulti</strong></span> <span class='ocrx_word' id='word_1_443' title='bbox 899 1615 997 1643; x_wconf 85' lang='lat' dir='ltr'><strong>eruditi</strong></span> 
     </span>
    </p>
   </div>
   <div class='ocr_carea' id='block_1_64' title="bbox 210 1661 996 1697">
    <p class='ocr_par' dir='ltr' id='par_1_64' title="bbox 210 1661 996 1697">
     <span class='ocr_line' id='line_1_64' title="bbox 210 1661 996 1697; baseline -0.003 -8"><span class='ocrx_word' id='word_1_444' title='bbox 210 1663 280 1695; x_wconf 80' lang='lat' dir='ltr'><strong>viri,</strong></span> <span class='ocrx_word' id='word_1_445' title='bbox 308 1667 362 1689; x_wconf 90' lang='lat' dir='ltr'><strong>tum</strong></span> <span class='ocrx_word' id='word_1_446' title='bbox 392 1667 503 1690; x_wconf 86' lang='lat' dir='ltr'><strong>sanctus</strong></span> <span class='ocrx_word' id='word_1_447' title='bbox 532 1665 559 1689; x_wconf 89' lang='lat' dir='ltr'><strong>et</strong></span> <span class='ocrx_word' id='word_1_448' title='bbox 598 1662 778 1697; x_wconf 89' lang='lat' dir='ltr'><strong>pbilosopbus</strong></span> <span class='ocrx_word' id='word_1_449' title='bbox 816 1665 843 1688; x_wconf 87' lang='lat' dir='ltr'><strong>et</strong></span> <span class='ocrx_word' id='word_1_450' title='bbox 874 1661 996 1697; x_wconf 80' lang='lat' dir='ltr'><strong>martyrii</strong></span> 
     </span>
    </p>
   </div>
   <div class='ocr_carea' id='block_1_65' title="bbox 211 1703 998 1735">
    <p class='ocr_par' dir='ltr' id='par_1_65' title="bbox 211 1703 998 1735">
     <span class='ocr_line' id='line_1_65' title="bbox 211 1703 998 1735; baseline -0.005 -1"><span class='ocrx_word' id='word_1_451' title='bbox 211 1707 290 1734; x_wconf 87' lang='lat' dir='ltr'><strong>laude</strong></span> <span class='ocrx_word' id='word_1_452' title='bbox 320 1707 411 1734; x_wconf 88' lang='lat' dir='ltr'><strong>clarus</strong></span> <span class='ocrx_word' id='word_1_453' title='bbox 435 1711 463 1734; x_wconf 86' lang='lat' dir='ltr'><strong>et</strong></span> <span class='ocrx_word' id='word_1_454' title='bbox 488 1705 603 1734; x_wconf 87' lang='lat' dir='ltr'><strong>celebris</strong></span> <span class='ocrx_word' id='word_1_455' title='bbox 628 1704 766 1732; x_wconf 67' lang='lat' dir='ltr'><strong>Justinus;</strong></span> <span class='ocrx_word' id='word_1_456' title='bbox 795 1703 862 1731; x_wconf 88' lang='lat' dir='ltr'><strong>Nam</strong></span> <span class='ocrx_word' id='word_1_457' title='bbox 890 1704 998 1735; x_wconf 88' lang='lat' dir='ltr'><strong>factor,</strong></span> 
     </span>
    </p>
   </div>
   <div class='ocr_carea' id='block_1_66' title="bbox 213 1750 1000 1787">
    <p class='ocr_par' dir='ltr' id='par_1_66' title="bbox 213 1750 1000 1787">
     <span class='ocr_line' id='line_1_66' title="bbox 213 1750 1000 1787; baseline -0.005 -7"><span class='ocrx_word' id='word_1_458' title='bbox 213 1754 287 1780; x_wconf 88' lang='lat' dir='ltr'><strong>ttulla</strong></span> <span class='ocrx_word' id='word_1_459' title='bbox 308 1753 360 1780; x_wconf 87' lang='lat' dir='ltr'><strong>alia</strong></span> <span class='ocrx_word' id='word_1_460' title='bbox 377 1761 406 1780; x_wconf 87' lang='lat' dir='ltr'><strong>re</strong></span> <span class='ocrx_word' id='word_1_461' title='bbox 422 1752 565 1787; x_wconf 73' lang='lat' dir='ltr'><strong>indigens,</strong></span> <span class='ocrx_word' id='word_1_462' title='bbox 587 1758 636 1778; x_wconf 87' lang='lat' dir='ltr'><strong>sua</strong></span> <span class='ocrx_word' id='word_1_463' title='bbox 665 1751 752 1784; x_wconf 82' lang='lat' dir='ltr'><strong>ipsius</strong></span> <span class='ocrx_word' id='word_1_464' title='bbox 768 1750 792 1777; x_wconf 87' lang='lat' dir='ltr'><strong>vi</strong></span> <span class='ocrx_word' id='word_1_465' title='bbox 814 1755 841 1777; x_wconf 87' lang='lat' dir='ltr'><strong>et</strong></span> <span class='ocrx_word' id='word_1_466' title='bbox 866 1755 1000 1784; x_wconf 82' lang='lat' dir='ltr'><strong>potestate</strong></span> 
     </span>
    </p>
   </div>
   <div class='ocr_carea' id='block_1_67' title="bbox 214 1795 1000 1834">
    <p class='ocr_par' dir='ltr' id='par_1_67' title="bbox 214 1795 1000 1834">
     <span class='ocr_line' id='line_1_67' title="bbox 214 1795 1000 1834; baseline -0.006 -8"><span class='ocrx_word' id='word_1_467' title='bbox 214 1807 282 1834; x_wconf 89' lang='lat' dir='ltr'><strong>opus</strong></span> <span class='ocrx_word' id='word_1_468' title='bbox 297 1798 390 1826; x_wconf 85' lang='lat' dir='ltr'><strong>eflicit.</strong></span> <span class='ocrx_word' id='word_1_469' title='bbox 411 1798 446 1824; x_wconf 87' lang='lat' dir='ltr'><strong>At</strong></span> <span class='ocrx_word' id='word_1_470' title='bbox 466 1797 625 1830; x_wconf 80' lang='lat' dir='ltr'><strong>fabricator,</strong></span> <span class='ocrx_word' id='word_1_471' title='bbox 643 1797 698 1823; x_wconf 86' lang='lat' dir='ltr'><strong>vim</strong></span> <span class='ocrx_word' id='word_1_472' title='bbox 723 1795 824 1832; x_wconf 89' lang='lat' dir='ltr'><strong>opificii</strong></span> <span class='ocrx_word' id='word_1_473' title='bbox 843 1796 885 1822; x_wconf 89' lang='lat' dir='ltr'><strong>sui</strong></span> <span class='ocrx_word' id='word_1_474' title='bbox 905 1803 920 1822; x_wconf 91' lang='lat' dir='ltr'><strong>a</strong></span> <span class='ocrx_word' id='word_1_475' title='bbox 941 1803 1000 1822; x_wconf 84' lang='lat' dir='ltr'><strong>ma-</strong></span> 
     </span>
    </p>
   </div>
   <div class='ocr_carea' id='block_1_68' title="bbox 215 1841 1000 1880">
    <p class='ocr_par' dir='ltr' id='par_1_68' title="bbox 215 1841 1000 1880">
     <span class='ocr_line' id='line_1_68' title="bbox 215 1841 1000 1880; baseline -0.006 -8"><span class='ocrx_word' id='word_1_476' title='bbox 215 1846 283 1873; x_wconf 88' lang='lat' dir='ltr'><strong>teria</strong></span> <span class='ocrx_word' id='word_1_477' title='bbox 306 1845 454 1880; x_wconf 84' lang='lat' dir='ltr'><strong>accipiens,</strong></span> <span class='ocrx_word' id='word_1_478' title='bbox 477 1851 546 1879; x_wconf 91' lang='lat' dir='ltr'><strong>opus</strong></span> <span class='ocrx_word' id='word_1_479' title='bbox 574 1843 733 1870; x_wconf 87' lang='lat' dir='ltr'><strong>fabricatur.</strong></span> <span class='ocrx_word' id='word_1_480' title='bbox 755 1841 890 1875; x_wconf 80' lang='lat' dir='ltr'><strong>Quoniam</strong></span> <span class='ocrx_word' id='word_1_481' title='bbox 916 1841 1000 1875; x_wconf 77' lang='lat' dir='ltr'><strong>igitur</strong></span> 
     </span>
    </p>
   </div>
   <div class='ocr_carea' id='block_1_69' title="bbox 214 1882 1000 1926">
    <p class='ocr_par' dir='ltr' id='par_1_69' title="bbox 214 1882 1000 1926">
     <span class='ocr_line' id='line_1_69' title="bbox 214 1882 1000 1926; baseline -0.006 -8"><span class='ocrx_word' id='word_1_482' title='bbox 214 1892 266 1919; x_wconf 90' lang='lat' dir='ltr'><strong>boc</strong></span> <span class='ocrx_word' id='word_1_483' title='bbox 286 1891 363 1926; x_wconf 88' lang='lat' dir='ltr'><strong>prius</strong></span> <span class='ocrx_word' id='word_1_484' title='bbox 379 1894 549 1924; x_wconf 82' lang='lat' dir='ltr'><strong>assumptum</strong></span> <span class='ocrx_word' id='word_1_485' title='bbox 566 1892 619 1921; x_wconf 89' lang='lat' dir='ltr'><strong>est,</strong></span> <span class='ocrx_word' id='word_1_486' title='bbox 637 1893 664 1915; x_wconf 85' lang='lat' dir='ltr'><strong>et</strong></span> <span class='ocrx_word' id='word_1_487' title='bbox 677 1882 726 1923; x_wconf 71' lang='lat' dir='ltr'><strong>pro</strong></span> <span class='ocrx_word' id='word_1_488' title='bbox 740 1892 815 1915; x_wconf 88' lang='lat' dir='ltr'><strong>certo</strong></span> <span class='ocrx_word' id='word_1_489' title='bbox 827 1894 859 1914; x_wconf 89' lang='lat' dir='ltr'><strong>ac</strong></span> <span class='ocrx_word' id='word_1_490' title='bbox 872 1886 1000 1914; x_wconf 86' lang='lat' dir='ltr'><strong>confesso</strong></span> 
     </span>
    </p>
   </div>
   <div class='ocr_carea' id='block_1_70' title="bbox 212 1932 1001 1969">
    <p class='ocr_par' dir='ltr' id='par_1_70' title="bbox 212 1932 1001 1969">
     <span class='ocr_line' id='line_1_70' title="bbox 212 1932 1001 1969; baseline -0.008 -5"><span class='ocrx_word' id='word_1_491' title='bbox 212 1937 338 1969; x_wconf 84' lang='lat' dir='ltr'><strong>habetur,</strong></span> <span class='ocrx_word' id='word_1_492' title='bbox 353 1937 482 1963; x_wconf 90' lang='lat' dir='ltr'><strong>nimirum</strong></span> <span class='ocrx_word' id='word_1_493' title='bbox 498 1935 629 1962; x_wconf 86' lang='lat' dir='ltr'><strong>factorem</strong></span> <span class='ocrx_word' id='word_1_494' title='bbox 650 1942 682 1961; x_wconf 80' lang='lat' dir='ltr'><strong>ex</strong></span> <span class='ocrx_word' id='word_1_495' title='bbox 709 1933 797 1960; x_wconf 86' lang='lat' dir='ltr'><strong>nihilo</strong></span> <span class='ocrx_word' id='word_1_496' title='bbox 815 1933 914 1964; x_wconf 86' lang='lat' dir='ltr'><strong>facere,</strong></span> <span class='ocrx_word' id='word_1_497' title='bbox 941 1932 1001 1967; x_wconf 92' lang='lat' dir='ltr'><strong>opi-</strong></span> 
     </span>
    </p>
   </div>
   <div class='ocr_carea' id='block_1_71' title="bbox 214 1979 1000 2015">
    <p class='ocr_par' dir='ltr' id='par_1_71' title="bbox 214 1979 1000 2015">
     <span class='ocr_line' id='line_1_71' title="bbox 214 1979 1000 2015; baseline -0.006 -5"><span class='ocrx_word' id='word_1_498' title='bbox 214 1985 290 2010; x_wconf 87' lang='lat' dir='ltr'><strong>ticcm</strong></span> <span class='ocrx_word' id='word_1_499' title='bbox 315 1988 404 2010; x_wconf 87' lang='lat' dir='ltr'><strong>autetn</strong></span> <span class='ocrx_word' id='word_1_500' title='bbox 420 1990 452 2009; x_wconf 85' lang='lat' dir='ltr'><strong>ex</strong></span> <span class='ocrx_word' id='word_1_501' title='bbox 476 1981 602 2015; x_wconf 86' lang='lat' dir='ltr'><strong>subjecta</strong></span> <span class='ocrx_word' id='word_1_502' title='bbox 627 1979 754 2012; x_wconf 83' lang='lat' dir='ltr'><strong>materia,</strong></span> <span class='ocrx_word' id='word_1_503' title='bbox 781 1979 928 2007; x_wconf 82' lang='lat' dir='ltr'><strong>videndum</strong></span> <span class='ocrx_word' id='word_1_504' title='bbox 943 1980 1000 2014; x_wconf 87' lang='lat' dir='ltr'><strong>jam</strong></span> 
     </span>
    </p>
   </div>
   <div class='ocr_carea' id='block_1_72' title="bbox 214 2028 1001 2065">
    <p class='ocr_par' dir='ltr' id='par_1_72' title="bbox 214 2028 1001 2065">
     <span class='ocr_line' id='line_1_72' title="bbox 214 2028 1001 2065; baseline -0.008 -8"><span class='ocrx_word' id='word_1_505' title='bbox 214 2035 295 2065; x_wconf 87' lang='lat' dir='ltr'><strong>atque</strong></span> <span class='ocrx_word' id='word_1_506' title='bbox 321 2028 593 2056; x_wconf 70' lang='lat' dir='ltr'><strong>animadvertendum</strong></span> <span class='ocrx_word' id='word_1_507' title='bbox 624 2031 720 2059; x_wconf 86' lang='lat' dir='ltr'><strong>restat,</strong></span> <span class='ocrx_word' id='word_1_508' title='bbox 741 2034 823 2062; x_wconf 90' lang='lat' dir='ltr'><strong>quam</strong></span> <span class='ocrx_word' id='word_1_509' title='bbox 849 2029 945 2052; x_wconf 78' lang='lat' dir='ltr'><strong>exacte</strong></span> <span class='ocrx_word' id='word_1_510' title='bbox 968 2032 1001 2052; x_wconf 90' lang='lat' dir='ltr'><strong>ac</strong></span> 
     </span>
    </p>
   </div>
   <div class='ocr_carea' id='block_1_73' title="bbox 214 2072 999 2109">
    <p class='ocr_par' dir='ltr' id='par_1_73' title="bbox 214 2072 999 2109">
     <span class='ocr_line' id='line_1_73' title="bbox 214 2072 999 2109; baseline -0.006 -6"><span class='ocrx_word' id='word_1_511' title='bbox 214 2083 278 2104; x_wconf 66' lang='lat' dir='ltr'><strong>\‘ere</strong></span> <span class='ocrx_word' id='word_1_512' title='bbox 304 2076 361 2102; x_wconf 59' lang='lat' dir='ltr'><strong>haec</strong></span> <span class='ocrx_word' id='word_1_513' title='bbox 390 2074 546 2109; x_wconf 82' lang='lat' dir='ltr'><strong>Tlteologus</strong></span> <span class='ocrx_word' id='word_1_514' title='bbox 573 2073 686 2101; x_wconf 80' lang='lat' dir='ltr'><strong>dixerit.</strong></span> <span class='ocrx_word' id='word_1_515' title='bbox 720 2073 781 2100; x_wconf 86' lang='lat' dir='ltr'><strong>Non</strong></span> <span class='ocrx_word' id='word_1_516' title='bbox 805 2072 879 2099; x_wconf 89' lang='lat' dir='ltr'><strong>ettim</strong></span> <span class='ocrx_word' id='word_1_517' title='bbox 909 2072 999 2099; x_wconf 80' lang='lat' dir='ltr'><strong>dixit:</strong></span> 
     </span>
    </p>
   </div>
   <div class='ocr_carea' id='block_1_74' title="bbox 213 2118 999 2152">
    <p class='ocr_par' dir='ltr' id='par_1_74' title="bbox 213 2118 999 2152">
     <span class='ocr_line' id='line_1_74' title="bbox 213 2118 999 2152; baseline -0.004 -4"><span class='ocrx_word' id='word_1_518' title='bbox 213 2122 399 2150; x_wconf 77' lang='lat' dir='ltr'><strong>Conveniebat</strong></span> <span class='ocrx_word' id='word_1_519' title='bbox 417 2120 473 2148; x_wconf 89' lang='lat' dir='ltr'><strong>Deo</strong></span> <span class='ocrx_word' id='word_1_520' title='bbox 494 2120 662 2147; x_wconf 88' lang='lat' dir='ltr'><strong>creationem</strong></span> <span class='ocrx_word' id='word_1_521' title='bbox 687 2127 703 2146; x_wconf 90' lang='lat' dir='ltr'><strong>a</strong></span> <span class='ocrx_word' id='word_1_522' title='bbox 730 2119 834 2146; x_wconf 90' lang='lat' dir='ltr'><strong>lumine</strong></span> <span class='ocrx_word' id='word_1_523' title='bbox 860 2118 999 2152; x_wconf 84' lang='lat' dir='ltr'><strong>exordiri;</strong></span> 
     </span>
    </p>
   </div>
   <div class='ocr_carea' id='block_1_75' title="bbox 216 2166 998 2201">
    <p class='ocr_par' dir='ltr' id='par_1_75' title="bbox 216 2166 998 2201">
     <span class='ocr_line' id='line_1_75' title="bbox 216 2166 998 2201; baseline -0.003 -5"><span class='ocrx_word' id='word_1_524' title='bbox 216 2177 278 2196; x_wconf 90' lang='lat' dir='ltr'><strong>nam</strong></span> <span class='ocrx_word' id='word_1_525' title='bbox 300 2169 326 2196; x_wconf 91' lang='lat' dir='ltr'><strong>id</strong></span> <span class='ocrx_word' id='word_1_526' title='bbox 344 2176 358 2196; x_wconf 89' lang='lat' dir='ltr'><strong>a</strong></span> <span class='ocrx_word' id='word_1_527' title='bbox 376 2169 491 2196; x_wconf 80' lang='lat' dir='ltr'><strong>veritate</strong></span> <span class='ocrx_word' id='word_1_528' title='bbox 512 2167 628 2194; x_wconf 86' lang='lat' dir='ltr'><strong>alienum</strong></span> <span class='ocrx_word' id='word_1_529' title='bbox 647 2166 765 2200; x_wconf 86' lang='lat' dir='ltr'><strong>fuisset;</strong></span> <span class='ocrx_word' id='word_1_530' title='bbox 784 2166 832 2193; x_wconf 89' lang='lat' dir='ltr'><strong>sed</strong></span> <span class='ocrx_word' id='word_1_531' title='bbox 847 2166 998 2201; x_wconf 81' lang='lat' dir='ltr'><strong>opificium,</strong></span> 
     </span>
    </p>
   </div>
   <div class='ocr_carea' id='block_1_76' title="bbox 1051 1571 1840 1605">
    <p class='ocr_par' dir='ltr' id='par_1_76' title="bbox 1051 1571 1840 1605">
     <span class='ocr_line' id='line_1_76' title="bbox 1051 1571 1840 1605; baseline -0.005 -3"><span class='ocrx_word' id='word_1_532' title='bbox 1051 1573 1218 1602; x_wconf 85' lang='lat' dir='ltr'><strong>creationem</strong></span> <span class='ocrx_word' id='word_1_533' title='bbox 1235 1572 1317 1605; x_wconf 82' lang='lat' dir='ltr'><strong>fecit;</strong></span> <span class='ocrx_word' id='word_1_534' title='bbox 1335 1571 1469 1602; x_wconf 90' lang='lat' dir='ltr'><strong>secundo,</strong></span> <span class='ocrx_word' id='word_1_535' title='bbox 1510 1571 1732 1605; x_wconf 83' lang='lat' dir='ltr'><strong>firmamentum;</strong></span> <span class='ocrx_word' id='word_1_536' title='bbox 1748 1572 1840 1602; x_wconf 84' lang='lat' dir='ltr'><strong>tertio,</strong></span> 
     </span>
    </p>
   </div>
   <div class='ocr_carea' id='block_1_77' title="bbox 1051 1618 1839 1655">
    <p class='ocr_par' dir='ltr' id='par_1_77' title="bbox 1051 1618 1839 1655">
     <span class='ocr_line' id='line_1_77' title="bbox 1051 1618 1839 1655; baseline -0.003 -8"><span class='ocrx_word' id='word_1_537' title='bbox 1051 1626 1187 1655; x_wconf 90' lang='lat' dir='ltr'><strong>aquarum</strong></span> <span class='ocrx_word' id='word_1_538' title='bbox 1203 1619 1340 1650; x_wconf 89' lang='lat' dir='ltr'><strong>collectio,</strong></span> <span class='ocrx_word' id='word_1_539' title='bbox 1362 1621 1496 1652; x_wconf 69' lang='lat' dir='ltr'><strong>tet-ratque</strong></span> <span class='ocrx_word' id='word_1_540' title='bbox 1517 1618 1703 1652; x_wconf 82' lang='lat' dir='ltr'><strong>germinatio;</strong></span> <span class='ocrx_word' id='word_1_541' title='bbox 1729 1622 1839 1652; x_wconf 76' lang='lat' dir='ltr'><strong>quarto,</strong></span> 
     </span>
    </p>
   </div>
   <div class='ocr_carea' id='block_1_78' title="bbox 1051 1664 1840 1700">
    <p class='ocr_par' dir='ltr' id='par_1_78' title="bbox 1051 1664 1840 1700">
     <span class='ocr_line' id='line_1_78' title="bbox 1051 1664 1840 1700; baseline -0.004 -7"><span class='ocrx_word' id='word_1_542' title='bbox 1051 1665 1213 1698; x_wconf 87' lang='lat' dir='ltr'><strong>luminaria;</strong></span> <span class='ocrx_word' id='word_1_543' title='bbox 1241 1665 1348 1700; x_wconf 85' lang='lat' dir='ltr'><strong>quinto,</strong></span> <span class='ocrx_word' id='word_1_544' title='bbox 1373 1664 1503 1691; x_wconf 87' lang='lat' dir='ltr'><strong>animalia</strong></span> <span class='ocrx_word' id='word_1_545' title='bbox 1529 1672 1562 1691; x_wconf 81' lang='lat' dir='ltr'><strong>ex</strong></span> <span class='ocrx_word' id='word_1_546' title='bbox 1586 1664 1665 1698; x_wconf 92' lang='lat' dir='ltr'><strong>aquis</strong></span> <span class='ocrx_word' id='word_1_547' title='bbox 1688 1665 1840 1699; x_wconf 83' lang='lat' dir='ltr'><strong>producta;</strong></span> 
     </span>
    </p>
   </div>
   <div class='ocr_carea' id='block_1_79' title="bbox 1052 1709 1839 1744">
    <p class='ocr_par' dir='ltr' id='par_1_79' title="bbox 1052 1709 1839 1744">
     <span class='ocr_line' id='line_1_79' title="bbox 1052 1709 1839 1744; baseline -0.003 -5"><span class='ocrx_word' id='word_1_548' title='bbox 1052 1717 1141 1744; x_wconf 75' lang='lat' dir='ltr'><strong>sexto,</strong></span> <span class='ocrx_word' id='word_1_549' title='bbox 1165 1710 1294 1738; x_wconf 87' lang='lat' dir='ltr'><strong>animalia</strong></span> <span class='ocrx_word' id='word_1_550' title='bbox 1319 1710 1474 1743; x_wconf 85' lang='lat' dir='ltr'><strong>terrestria,</strong></span> <span class='ocrx_word' id='word_1_551' title='bbox 1499 1715 1526 1737; x_wconf 87' lang='lat' dir='ltr'><strong>et</strong></span> <span class='ocrx_word' id='word_1_552' title='bbox 1542 1711 1634 1737; x_wconf 86' lang='lat' dir='ltr'><strong>homo.</strong></span> <span class='ocrx_word' id='word_1_553' title='bbox 1655 1709 1732 1743; x_wconf 87' lang='lat' dir='ltr'><strong>Quod</strong></span> <span class='ocrx_word' id='word_1_554' title='bbox 1748 1715 1839 1737; x_wconf 88' lang='lat' dir='ltr'><strong>autent</strong></span> 
     </span>
    </p>
   </div>
   <div class='ocr_carea' id='block_1_80' title="bbox 1052 1755 1841 1791">
    <p class='ocr_par' dir='ltr' id='par_1_80' title="bbox 1052 1755 1841 1791">
     <span class='ocr_line' id='line_1_80' title="bbox 1052 1755 1841 1791; baseline -0.003 -7"><span class='ocrx_word' id='word_1_555' title='bbox 1052 1757 1110 1784; x_wconf 58' lang='lat' dir='ltr'><strong>haec</strong></span> <span class='ocrx_word' id='word_1_556' title='bbox 1125 1764 1207 1791; x_wconf 84' lang='lat' dir='ltr'><strong>opera</strong></span> <span class='ocrx_word' id='word_1_557' title='bbox 1227 1764 1260 1783; x_wconf 86' lang='lat' dir='ltr'><strong>eo</strong></span> <span class='ocrx_word' id='word_1_558' title='bbox 1274 1755 1372 1782; x_wconf 90' lang='lat' dir='ltr'><strong>ordine</strong></span> <span class='ocrx_word' id='word_1_559' title='bbox 1394 1755 1544 1782; x_wconf 88' lang='lat' dir='ltr'><strong>constituta</strong></span> <span class='ocrx_word' id='word_1_560' title='bbox 1570 1756 1634 1787; x_wconf 78' lang='lat' dir='ltr'><strong>sint,</strong></span> <span class='ocrx_word' id='word_1_561' title='bbox 1659 1760 1690 1781; x_wconf 93' lang='lat' dir='ltr'><strong>ut</strong></span> <span class='ocrx_word' id='word_1_562' title='bbox 1715 1756 1789 1782; x_wconf 84' lang='lat' dir='ltr'><strong>aliud</strong></span> <span class='ocrx_word' id='word_1_563' title='bbox 1805 1756 1841 1782; x_wconf 82' lang='lat' dir='ltr'><strong>sit</strong></span> 
     </span>
    </p>
   </div>
   <div class='ocr_carea' id='block_1_81' title="bbox 1052 1800 1842 1837">
    <p class='ocr_par' dir='ltr' id='par_1_81' title="bbox 1052 1800 1842 1837">
     <span class='ocr_line' id='line_1_81' title="bbox 1052 1800 1842 1837; baseline -0.001 -9"><span class='ocrx_word' id='word_1_564' title='bbox 1052 1802 1184 1837; x_wconf 87' lang='lat' dir='ltr'><strong>primum,</strong></span> <span class='ocrx_word' id='word_1_565' title='bbox 1198 1800 1272 1827; x_wconf 86' lang='lat' dir='ltr'><strong>aliud</strong></span> <span class='ocrx_word' id='word_1_566' title='bbox 1286 1801 1447 1833; x_wconf 87' lang='lat' dir='ltr'><strong>secundum,</strong></span> <span class='ocrx_word' id='word_1_567' title='bbox 1470 1808 1503 1827; x_wconf 86' lang='lat' dir='ltr'><strong>ac</strong></span> <span class='ocrx_word' id='word_1_568' title='bbox 1523 1801 1647 1835; x_wconf 86' lang='lat' dir='ltr'><strong>deincps,</strong></span> <span class='ocrx_word' id='word_1_569' title='bbox 1666 1808 1720 1827; x_wconf 74' lang='lat' dir='ltr'><strong>non</strong></span> <span class='ocrx_word' id='word_1_570' title='bbox 1741 1805 1842 1828; x_wconf 81' lang='lat' dir='ltr'><strong>temere</strong></span> 
     </span>
    </p>
   </div>
   <div class='ocr_carea' id='block_1_82' title="bbox 1057 1846 1840 1881">
    <p class='ocr_par' dir='ltr' id='par_1_82' title="bbox 1057 1846 1840 1881">
     <span class='ocr_line' id='line_1_82' title="bbox 1057 1846 1840 1881; baseline 0 -7"><span class='ocrx_word' id='word_1_571' title='bbox 1057 1855 1089 1875; x_wconf 89' lang='lat' dir='ltr'><strong>ac</strong></span> <span class='ocrx_word' id='word_1_572' title='bbox 1105 1848 1208 1874; x_wconf 84' lang='lat' dir='ltr'><strong>frustra</strong></span> <span class='ocrx_word' id='word_1_573' title='bbox 1227 1846 1326 1874; x_wconf 89' lang='lat' dir='ltr'><strong>factutn</strong></span> <span class='ocrx_word' id='word_1_574' title='bbox 1351 1851 1404 1878; x_wconf 84' lang='lat' dir='ltr'><strong>est,</strong></span> <span class='ocrx_word' id='word_1_575' title='bbox 1422 1847 1468 1874; x_wconf 85' lang='lat' dir='ltr'><strong>sed</strong></span> <span class='ocrx_word' id='word_1_576' title='bbox 1492 1851 1602 1880; x_wconf 89' lang='lat' dir='ltr'><strong>propter</strong></span> <span class='ocrx_word' id='word_1_577' title='bbox 1620 1847 1740 1874; x_wconf 81' lang='lat' dir='ltr'><strong>rationes</strong></span> <span class='ocrx_word' id='word_1_578' title='bbox 1754 1853 1840 1881; x_wconf 74' lang='lat' dir='ltr'><strong>quas-</strong></span> 
     </span>
    </p>
   </div>
   <div class='ocr_carea' id='block_1_83' title="bbox 1054 1891 1841 1921">
    <p class='ocr_par' dir='ltr' id='par_1_83' title="bbox 1054 1891 1841 1921">
     <span class='ocr_line' id='line_1_83' title="bbox 1054 1891 1841 1921; baseline 0 -1"><span class='ocrx_word' id='word_1_579' title='bbox 1054 1893 1116 1920; x_wconf 87' lang='lat' dir='ltr'><strong>dam</strong></span> <span class='ocrx_word' id='word_1_580' title='bbox 1140 1899 1256 1919; x_wconf 86' lang='lat' dir='ltr'><strong>arcanas</strong></span> <span class='ocrx_word' id='word_1_581' title='bbox 1281 1895 1309 1918; x_wconf 88' lang='lat' dir='ltr'><strong>et</strong></span> <span class='ocrx_word' id='word_1_582' title='bbox 1331 1891 1494 1918; x_wconf 66' lang='lat' dir='ltr'><strong>ineffabiles.</strong></span> <span class='ocrx_word' id='word_1_583' title='bbox 1521 1891 1613 1919; x_wconf 81' lang='lat' dir='ltr'><strong>Rebus</strong></span> <span class='ocrx_word' id='word_1_584' title='bbox 1642 1892 1715 1919; x_wconf 88' lang='lat' dir='ltr'><strong>enim</strong></span> <span class='ocrx_word' id='word_1_585' title='bbox 1741 1893 1841 1921; x_wconf 86' lang='lat' dir='ltr'><strong>creatis</strong></span> 
     </span>
    </p>
   </div>
   <div class='ocr_carea' id='block_1_84' title="bbox 1052 1936 1842 1973">
    <p class='ocr_par' dir='ltr' id='par_1_84' title="bbox 1052 1936 1842 1973">
     <span class='ocr_line' id='line_1_84' title="bbox 1052 1936 1842 1973; baseline 0.001 -8"><span class='ocrx_word' id='word_1_586' title='bbox 1052 1939 1148 1966; x_wconf 86' lang='lat' dir='ltr'><strong>ordine</strong></span> <span class='ocrx_word' id='word_1_587' title='bbox 1162 1945 1231 1973; x_wconf 87' lang='lat' dir='ltr'><strong>opus</strong></span> <span class='ocrx_word' id='word_1_588' title='bbox 1247 1942 1315 1965; x_wconf 88' lang='lat' dir='ltr'><strong>erat.</strong></span> <span class='ocrx_word' id='word_1_589' title='bbox 1330 1936 1425 1966; x_wconf 85' lang='lat' dir='ltr'><strong>Ordini</strong></span> <span class='ocrx_word' id='word_1_590' title='bbox 1440 1944 1522 1972; x_wconf 92' lang='lat' dir='ltr'><strong>porro</strong></span> <span class='ocrx_word' id='word_1_591' title='bbox 1536 1937 1680 1965; x_wconf 85' lang='lat' dir='ltr'><strong>familiaris</strong></span> <span class='ocrx_word' id='word_1_592' title='bbox 1694 1942 1720 1965; x_wconf 84' lang='lat' dir='ltr'><strong>et</strong></span> <span class='ocrx_word' id='word_1_593' title='bbox 1733 1946 1842 1966; x_wconf 87' lang='lat' dir='ltr'><strong>accom-</strong></span> 
     </span>
    </p>
   </div>
   <div class='ocr_carea' id='block_1_85' title="bbox 1053 1983 1841 2019">
    <p class='ocr_par' dir='ltr' id='par_1_85' title="bbox 1053 1983 1841 2019">
     <span class='ocr_line' id='line_1_85' title="bbox 1053 1983 1841 2019; baseline 0 -8"><span class='ocrx_word' id='word_1_594' title='bbox 1053 1985 1151 2012; x_wconf 75' lang='lat' dir='ltr'><strong>modus</strong></span> <span class='ocrx_word' id='word_1_595' title='bbox 1169 1989 1211 2012; x_wconf 86' lang='lat' dir='ltr'><strong>est</strong></span> <span class='ocrx_word' id='word_1_596' title='bbox 1237 1991 1380 2016; x_wconf 84' lang='lat' dir='ltr'><strong>numerus;</strong></span> <span class='ocrx_word' id='word_1_597' title='bbox 1406 1989 1436 2011; x_wconf 93' lang='lat' dir='ltr'><strong>ut</strong></span> <span class='ocrx_word' id='word_1_598' title='bbox 1458 1983 1535 2010; x_wconf 83' lang='lat' dir='ltr'><strong>Philo</strong></span> <span class='ocrx_word' id='word_1_599' title='bbox 1562 1984 1692 2012; x_wconf 65' lang='lat' dir='ltr'><strong>Hebraeus</strong></span> <span class='ocrx_word' id='word_1_600' title='bbox 1719 1985 1841 2019; x_wconf 87' lang='lat' dir='ltr'><strong>scripsit.</strong></span> 
     </span>
    </p>
   </div>
   <div class='ocr_carea' id='block_1_86' title="bbox 1053 2029 1843 2065">
    <p class='ocr_par' dir='ltr' id='par_1_86' title="bbox 1053 2029 1843 2065">
     <span class='ocr_line' id='line_1_86' title="bbox 1053 2029 1843 2065; baseline 0 -8"><span class='ocrx_word' id='word_1_601' title='bbox 1053 2030 1171 2058; x_wconf 84' lang='lat' dir='ltr'><strong>Proinde</strong></span> <span class='ocrx_word' id='word_1_602' title='bbox 1195 2030 1266 2057; x_wconf 86' lang='lat' dir='ltr'><strong>haud</strong></span> <span class='ocrx_word' id='word_1_603' title='bbox 1291 2031 1383 2057; x_wconf 85' lang='lat' dir='ltr'><strong>subito</strong></span> <span class='ocrx_word' id='word_1_604' title='bbox 1403 2035 1485 2065; x_wconf 84' lang='lat' dir='ltr'><strong>atque</strong></span> <span class='ocrx_word' id='word_1_605' title='bbox 1500 2029 1646 2057; x_wconf 84' lang='lat' dir='ltr'><strong>confertim</strong></span> <span class='ocrx_word' id='word_1_606' title='bbox 1662 2030 1754 2065; x_wconf 80' lang='lat' dir='ltr'><strong>opifex</strong></span> <span class='ocrx_word' id='word_1_607' title='bbox 1777 2030 1843 2058; x_wconf 85' lang='lat' dir='ltr'><strong>Ver-</strong></span> 
     </span>
    </p>
   </div>
   <div class='ocr_carea' id='block_1_87' title="bbox 1054 2076 1841 2112">
    <p class='ocr_par' dir='ltr' id='par_1_87' title="bbox 1054 2076 1841 2112">
     <span class='ocr_line' id='line_1_87' title="bbox 1054 2076 1841 2112; baseline 0.001 -9"><span class='ocrx_word' id='word_1_608' title='bbox 1054 2076 1248 2112; x_wconf 87' lang='lat' dir='ltr'><strong>bum,Deique</strong></span> <span class='ocrx_word' id='word_1_609' title='bbox 1273 2076 1372 2107; x_wconf 86' lang='lat' dir='ltr'><strong>Filius,</strong></span> <span class='ocrx_word' id='word_1_610' title='bbox 1401 2077 1494 2104; x_wconf 88' lang='lat' dir='ltr'><strong>omnia</strong></span> <span class='ocrx_word' id='word_1_611' title='bbox 1523 2077 1550 2103; x_wconf 89' lang='lat' dir='ltr'><strong>in</strong></span> <span class='ocrx_word' id='word_1_612' title='bbox 1595 2085 1686 2103; x_wconf 85' lang='lat' dir='ltr'><strong>rerum</strong></span> <span class='ocrx_word' id='word_1_613' title='bbox 1718 2081 1841 2104; x_wconf 85' lang='lat' dir='ltr'><strong>naturam</strong></span> 
     </span>
    </p>
   </div>
   <div class='ocr_carea' id='block_1_88' title="bbox 1053 2122 1842 2158">
    <p class='ocr_par' dir='ltr' id='par_1_88' title="bbox 1053 2122 1842 2158">
     <span class='ocr_line' id='line_1_88' title="bbox 1053 2122 1842 2158; baseline 0 -8"><span class='ocrx_word' id='word_1_614' title='bbox 1053 2123 1172 2156; x_wconf 81' lang='lat' dir='ltr'><strong>extulit,</strong></span> <span class='ocrx_word' id='word_1_615' title='bbox 1197 2122 1260 2150; x_wconf 84' lang='lat' dir='ltr'><strong>licet</strong></span> <span class='ocrx_word' id='word_1_616' title='bbox 1283 2123 1387 2157; x_wconf 83' lang='lat' dir='ltr'><strong>alioqui</strong></span> <span class='ocrx_word' id='word_1_617' title='bbox 1414 2123 1507 2150; x_wconf 84' lang='lat' dir='ltr'><strong>omnia</strong></span> <span class='ocrx_word' id='word_1_618' title='bbox 1538 2122 1627 2150; x_wconf 83' lang='lat' dir='ltr'><strong>facere</strong></span> <span class='ocrx_word' id='word_1_619' title='bbox 1655 2124 1760 2158; x_wconf 85' lang='lat' dir='ltr'><strong>possit,</strong></span> <span class='ocrx_word' id='word_1_620' title='bbox 1786 2130 1842 2150; x_wconf 91' lang='lat' dir='ltr'><strong>non</strong></span> 
     </span>
    </p>
   </div>
   <div class='ocr_carea' id='block_1_89' title="bbox 1054 2169 1842 2205">
    <p class='ocr_par' dir='ltr' id='par_1_89' title="bbox 1054 2169 1842 2205">
     <span class='ocr_line' id='line_1_89' title="bbox 1054 2169 1842 2205; baseline 0.001 -9"><span class='ocrx_word' id='word_1_621' title='bbox 1054 2170 1136 2197; x_wconf 90' lang='lat' dir='ltr'><strong>modo</strong></span> <span class='ocrx_word' id='word_1_622' title='bbox 1149 2169 1231 2205; x_wconf 82' lang='lat' dir='ltr'><strong>jussu</strong></span> <span class='ocrx_word' id='word_1_623' title='bbox 1248 2177 1331 2204; x_wconf 82' lang='lat' dir='ltr'><strong>atque</strong></span> <span class='ocrx_word' id='word_1_624' title='bbox 1347 2170 1474 2204; x_wconf 79' lang='lat' dir='ltr'><strong>imperio.</strong></span> <span class='ocrx_word' id='word_1_625' title='bbox 1492 2170 1539 2197; x_wconf 84' lang='lat' dir='ltr'><strong>sed</strong></span> <span class='ocrx_word' id='word_1_626' title='bbox 1565 2171 1623 2198; x_wconf 84' lang='lat' dir='ltr'><strong>sola</strong></span> <span class='ocrx_word' id='word_1_627' title='bbox 1640 2171 1722 2197; x_wconf 83' lang='lat' dir='ltr'><strong>etiam</strong></span> <span class='ocrx_word' id='word_1_628' title='bbox 1738 2171 1842 2205; x_wconf 77' lang='lat' dir='ltr'><strong>cogita-</strong></span> 
     </span>
    </p>
   </div>
   <div class='ocr_carea' id='block_1_90' title="bbox 215 2213 1844 2252">
    <p class='ocr_par' dir='ltr' id='par_1_90' title="bbox 215 2213 1844 2252">
     <span class='ocr_line' id='line_1_90' title="bbox 215 2213 1844 2252; baseline -0.001 -8"><span class='ocrx_word' id='word_1_629' title='bbox 215 2216 288 2252; x_wconf 87' lang='lat' dir='ltr'><strong>quod</strong></span> <span class='ocrx_word' id='word_1_630' title='bbox 303 2215 411 2251; x_wconf 89' lang='lat' dir='ltr'><strong>quidem</strong></span> <span class='ocrx_word' id='word_1_631' title='bbox 427 2222 523 2242; x_wconf 87' lang='lat' dir='ltr'><strong>verum</strong></span> <span class='ocrx_word' id='word_1_632' title='bbox 551 2218 602 2241; x_wconf 90' lang='lat' dir='ltr'><strong>est.</strong></span> <span class='ocrx_word' id='word_1_633' title='bbox 626 2213 732 2241; x_wconf 73' lang='lat' dir='ltr'><strong>C(elum</strong></span> <span class='ocrx_word' id='word_1_634' title='bbox 759 2213 845 2244; x_wconf 87' lang='lat' dir='ltr'><strong>enim.</strong></span> <span class='ocrx_word' id='word_1_635' title='bbox 864 2217 891 2240; x_wconf 85' lang='lat' dir='ltr'><strong>et</strong></span> <span class='ocrx_word' id='word_1_636' title='bbox 915 2217 1001 2245; x_wconf 83' lang='lat' dir='ltr'><strong>terra.</strong></span> <span class='ocrx_word' id='word_1_637' title='bbox 1019 2217 1041 2246; x_wconf 84' lang='grc' dir='ltr'><strong>ι’)</strong></span> <span class='ocrx_word' id='word_1_638' title='bbox 1057 2215 1143 2243; x_wconf 88' lang='lat' dir='ltr'><strong>tione.</strong></span> <span class='ocrx_word' id='word_1_639' title='bbox 1172 2215 1233 2250; x_wconf 77' lang='lat' dir='ltr'><strong>Ipse</strong></span> <span class='ocrx_word' id='word_1_640' title='bbox 1256 2216 1328 2243; x_wconf 82' lang='lat' dir='ltr'><strong>enim</strong></span> <span class='ocrx_word' id='word_1_641' title='bbox 1343 2216 1423 2247; x_wconf 65' lang='lat' dir='ltr'><strong>dicit,</strong></span> <span class='ocrx_word' id='word_1_642' title='bbox 1442 2221 1467 2242; x_wconf 82' lang='lat' dir='ltr'><strong>et</strong></span> <span class='ocrx_word' id='word_1_643' title='bbox 1479 2216 1553 2250; x_wconf 76' lang='lat' dir='ltr'><strong>facta</strong></span> <span class='ocrx_word' id='word_1_644' title='bbox 1573 2222 1646 2247; x_wconf 81' lang='lat' dir='ltr'><strong>sunt;</strong></span> <span class='ocrx_word' id='word_1_645' title='bbox 1662 2217 1716 2250; x_wconf 77' lang='lat' dir='ltr'><strong>ipse</strong></span> <span class='ocrx_word' id='word_1_646' title='bbox 1729 2216 1844 2243; x_wconf 84' lang='lat' dir='ltr'><strong>manda-</strong></span> 
     </span>
    </p>
   </div>
   <div class='ocr_carea' id='block_1_91' title="bbox 215 2259 1003 2298">
    <p class='ocr_par' dir='ltr' id='par_1_91' title="bbox 215 2259 1003 2298">
     <span class='ocr_line' id='line_1_91' title="bbox 215 2259 1003 2298; baseline -0.005 -7"><span class='ocrx_word' id='word_1_647' title='bbox 215 2268 369 2298; x_wconf 66' lang='lat' dir='ltr'><strong>cmteraquc</strong></span> <span class='ocrx_word' id='word_1_648' title='bbox 388 2262 533 2292; x_wconf 88' lang='lat' dir='ltr'><strong>elementa,</strong></span> <span class='ocrx_word' id='word_1_649' title='bbox 559 2268 591 2287; x_wconf 81' lang='lat' dir='ltr'><strong>ex</strong></span> <span class='ocrx_word' id='word_1_650' title='bbox 616 2260 690 2287; x_wconf 89' lang='lat' dir='ltr'><strong>nulla</strong></span> <span class='ocrx_word' id='word_1_651' title='bbox 710 2259 823 2287; x_wconf 89' lang='lat' dir='ltr'><strong>materia</strong></span> <span class='ocrx_word' id='word_1_652' title='bbox 840 2260 1003 2294; x_wconf 71' lang='lat' dir='ltr'><strong>praejacente</strong></span> 
     </span>
    </p>
   </div>
   <div class='ocr_carea' id='block_1_92' title="bbox 217 2307 1004 2343">
    <p class='ocr_par' dir='ltr' id='par_1_92' title="bbox 217 2307 1004 2343">
     <span class='ocr_line' id='line_1_92' title="bbox 217 2307 1004 2343; baseline -0.005 -6"><span class='ocrx_word' id='word_1_653' title='bbox 217 2310 287 2337; x_wconf 86' lang='lat' dir='ltr'><strong>facta</strong></span> <span class='ocrx_word' id='word_1_654' title='bbox 305 2313 380 2341; x_wconf 87' lang='lat' dir='ltr'><strong>sunt,</strong></span> <span class='ocrx_word' id='word_1_655' title='bbox 395 2308 477 2343; x_wconf 88' lang='lat' dir='ltr'><strong>idque</strong></span> <span class='ocrx_word' id='word_1_656' title='bbox 500 2308 600 2334; x_wconf 84' lang='lat' dir='ltr'><strong>creatio</strong></span> <span class='ocrx_word' id='word_1_657' title='bbox 615 2307 715 2334; x_wconf 86' lang='lat' dir='ltr'><strong>dicitur</strong></span> <span class='ocrx_word' id='word_1_658' title='bbox 731 2313 738 2333; x_wconf 92' lang='lat'><strong>:</strong></span> <span class='ocrx_word' id='word_1_659' title='bbox 753 2311 780 2333; x_wconf 90' lang='lat' dir='ltr'><strong>at</strong></span> <span class='ocrx_word' id='word_1_660' title='bbox 794 2307 959 2339; x_wconf 82' lang='lat' dir='ltr'><strong>animantes,</strong></span> <span class='ocrx_word' id='word_1_661' title='bbox 976 2311 1004 2333; x_wconf 89' lang='lat' dir='ltr'><strong>et</strong></span> 
     </span>
    </p>
   </div>
   <div class='ocr_carea' id='block_1_93' title="bbox 217 2352 1001 2390">
    <p class='ocr_par' dir='ltr' id='par_1_93' title="bbox 217 2352 1001 2390">
     <span class='ocr_line' id='line_1_93' title="bbox 217 2352 1001 2390; baseline -0.005 -7"><span class='ocrx_word' id='word_1_662' title='bbox 217 2356 329 2390; x_wconf 76' lang='lat' dir='ltr'><strong>stirpes,</strong></span> <span class='ocrx_word' id='word_1_663' title='bbox 352 2360 379 2382; x_wconf 82' lang='lat' dir='ltr'><strong>et</strong></span> <span class='ocrx_word' id='word_1_664' title='bbox 405 2354 509 2382; x_wconf 88' lang='lat' dir='ltr'><strong>sentina</strong></span> <span class='ocrx_word' id='word_1_665' title='bbox 525 2361 558 2381; x_wconf 82' lang='lat' dir='ltr'><strong>ex</strong></span> <span class='ocrx_word' id='word_1_666' title='bbox 577 2354 618 2381; x_wconf 85' lang='lat' dir='ltr'><strong>bis</strong></span> <span class='ocrx_word' id='word_1_667' title='bbox 643 2352 713 2380; x_wconf 87' lang='lat' dir='ltr'><strong>facta</strong></span> <span class='ocrx_word' id='word_1_668' title='bbox 736 2358 810 2385; x_wconf 88' lang='lat' dir='ltr'><strong>sunt,</strong></span> <span class='ocrx_word' id='word_1_669' title='bbox 827 2353 879 2380; x_wconf 88' lang='lat' dir='ltr'><strong>hoc</strong></span> <span class='ocrx_word' id='word_1_670' title='bbox 895 2357 947 2384; x_wconf 80' lang='lat' dir='ltr'><strong>est,</strong></span> <span class='ocrx_word' id='word_1_671' title='bbox 968 2360 1001 2380; x_wconf 77' lang='lat' dir='ltr'><strong>ex</strong></span> 
     </span>
    </p>
   </div>
   <div class='ocr_carea' id='block_1_94' title="bbox 217 2399 1003 2436">
    <p class='ocr_par' dir='ltr' id='par_1_94' title="bbox 217 2399 1003 2436">
     <span class='ocr_line' id='line_1_94' title="bbox 217 2399 1003 2436; baseline -0.003 -8"><span class='ocrx_word' id='word_1_672' title='bbox 217 2408 334 2436; x_wconf 86' lang='lat' dir='ltr'><strong>quatuor</strong></span> <span class='ocrx_word' id='word_1_673' title='bbox 364 2402 516 2432; x_wconf 85' lang='lat' dir='ltr'><strong>elementis,</strong></span> <span class='ocrx_word' id='word_1_674' title='bbox 551 2405 633 2432; x_wconf 89' lang='lat' dir='ltr'><strong>terra,</strong></span> <span class='ocrx_word' id='word_1_675' title='bbox 661 2408 743 2435; x_wconf 87' lang='lat' dir='ltr'><strong>aqua,</strong></span> <span class='ocrx_word' id='word_1_676' title='bbox 774 2407 847 2432; x_wconf 88' lang='lat' dir='ltr'><strong>aere,</strong></span> <span class='ocrx_word' id='word_1_677' title='bbox 876 2404 903 2426; x_wconf 92' lang='lat' dir='ltr'><strong>et</strong></span> <span class='ocrx_word' id='word_1_678' title='bbox 931 2399 1003 2434; x_wconf 80' lang='lat' dir='ltr'><strong>igne,</strong></span> 
     </span>
    </p>
   </div>
   <div class='ocr_carea' id='block_1_95' title="bbox 219 2445 1003 2482">
    <p class='ocr_par' dir='ltr' id='par_1_95' title="bbox 219 2445 1003 2482">
     <span class='ocr_line' id='line_1_95' title="bbox 219 2445 1003 2482; baseline -0.004 -7"><span class='ocrx_word' id='word_1_679' title='bbox 219 2453 299 2482; x_wconf 80' lang='lat' dir='ltr'><strong>atque</strong></span> <span class='ocrx_word' id='word_1_680' title='bbox 324 2446 351 2474; x_wconf 90' lang='lat' dir='ltr'><strong>id</strong></span> <span class='ocrx_word' id='word_1_681' title='bbox 376 2447 514 2481; x_wconf 89' lang='lat' dir='ltr'><strong>opificium</strong></span> <span class='ocrx_word' id='word_1_682' title='bbox 540 2448 706 2474; x_wconf 82' lang='lat' dir='ltr'><strong>nominatur.</strong></span> <span class='ocrx_word' id='word_1_683' title='bbox 733 2446 826 2480; x_wconf 86' lang='lat' dir='ltr'><strong>Itaque</strong></span> <span class='ocrx_word' id='word_1_684' title='bbox 852 2445 923 2473; x_wconf 79' lang='lat' dir='ltr'><strong>Deus</strong></span> <span class='ocrx_word' id='word_1_685' title='bbox 950 2453 1003 2473; x_wconf 90' lang='lat' dir='ltr'><strong>nott</strong></span> 
     </span>
    </p>
   </div>
   <div class='ocr_carea' id='block_1_96' title="bbox 218 2492 1004 2527">
    <p class='ocr_par' dir='ltr' id='par_1_96' title="bbox 218 2492 1004 2527">
     <span class='ocr_line' id='line_1_96' title="bbox 218 2492 1004 2527; baseline -0.003 -6"><span class='ocrx_word' id='word_1_686' title='bbox 218 2494 397 2524; x_wconf 75' lang='lat' dir='ltr'><strong>creationem,</strong></span> <span class='ocrx_word' id='word_1_687' title='bbox 420 2493 466 2519; x_wconf 85' lang='lat' dir='ltr'><strong>sed</strong></span> <span class='ocrx_word' id='word_1_688' title='bbox 490 2493 621 2527; x_wconf 82' lang='lat' dir='ltr'><strong>opificium</strong></span> <span class='ocrx_word' id='word_1_689' title='bbox 642 2501 720 2520; x_wconf 88' lang='lat' dir='ltr'><strong>suum</strong></span> <span class='ocrx_word' id='word_1_690' title='bbox 748 2500 762 2519; x_wconf 94' lang='lat' dir='ltr'><strong>a</strong></span> <span class='ocrx_word' id='word_1_691' title='bbox 788 2492 890 2519; x_wconf 89' lang='lat' dir='ltr'><strong>lumine</strong></span> <span class='ocrx_word' id='word_1_692' title='bbox 924 2499 1004 2519; x_wconf 75' lang='lat' dir='ltr'><strong>orsus</strong></span> 
     </span>
    </p>
   </div>
   <div class='ocr_carea' id='block_1_97' title="bbox 219 2538 1003 2573">
    <p class='ocr_par' dir='ltr' id='par_1_97' title="bbox 219 2538 1003 2573">
     <span class='ocr_line' id='line_1_97' title="bbox 219 2538 1003 2573; baseline -0.001 -6"><span class='ocrx_word' id='word_1_693' title='bbox 219 2544 270 2567; x_wconf 89' lang='lat' dir='ltr'><strong>est.</strong></span> <span class='ocrx_word' id='word_1_694' title='bbox 291 2538 357 2565; x_wconf 83' lang='lat' dir='ltr'><strong>Nam</strong></span> <span class='ocrx_word' id='word_1_695' title='bbox 382 2545 445 2565; x_wconf 92' lang='lat' dir='ltr'><strong>cum</strong></span> <span class='ocrx_word' id='word_1_696' title='bbox 469 2545 502 2565; x_wconf 82' lang='lat' dir='ltr'><strong>ex</strong></span> <span class='ocrx_word' id='word_1_697' title='bbox 527 2539 669 2566; x_wconf 85' lang='lat' dir='ltr'><strong>elementis</strong></span> <span class='ocrx_word' id='word_1_698' title='bbox 684 2539 740 2573; x_wconf 77' lang='lat' dir='ltr'><strong>jam</strong></span> <span class='ocrx_word' id='word_1_699' title='bbox 767 2546 781 2565; x_wconf 93' lang='lat' dir='ltr'><strong>a</strong></span> <span class='ocrx_word' id='word_1_700' title='bbox 811 2546 841 2566; x_wconf 84' lang='lat' dir='ltr'><strong>se</strong></span> <span class='ocrx_word' id='word_1_701' title='bbox 861 2538 1003 2573; x_wconf 89' lang='lat' dir='ltr'><strong>productis</strong></span> 
     </span>
    </p>
   </div>
   <div class='ocr_carea' id='block_1_98' title="bbox 221 2584 1002 2618">
    <p class='ocr_par' dir='ltr' id='par_1_98' title="bbox 221 2584 1002 2618">
     <span class='ocr_line' id='line_1_98' title="bbox 221 2584 1002 2618; baseline -0.001 -6"><span class='ocrx_word' id='word_1_702' title='bbox 221 2585 374 2613; x_wconf 88' lang='lat' dir='ltr'><strong>anintantes</strong></span> <span class='ocrx_word' id='word_1_703' title='bbox 399 2589 426 2611; x_wconf 89' lang='lat' dir='ltr'><strong>et</strong></span> <span class='ocrx_word' id='word_1_704' title='bbox 451 2584 557 2618; x_wconf 78' lang='lat' dir='ltr'><strong>plantas</strong></span> <span class='ocrx_word' id='word_1_705' title='bbox 583 2591 614 2611; x_wconf 86' lang='lat' dir='ltr'><strong>ac</strong></span> <span class='ocrx_word' id='word_1_706' title='bbox 640 2584 744 2611; x_wconf 83' lang='lat' dir='ltr'><strong>sentina</strong></span> <span class='ocrx_word' id='word_1_707' title='bbox 774 2584 880 2611; x_wconf 80' lang='lat' dir='ltr'><strong>efficere</strong></span> <span class='ocrx_word' id='word_1_708' title='bbox 904 2584 1002 2617; x_wconf 86' lang='lat' dir='ltr'><strong>voluit,</strong></span> 
     </span>
    </p>
   </div>
   <div class='ocr_carea' id='block_1_99' title="bbox 222 2628 1006 2664">
    <p class='ocr_par' dir='ltr' id='par_1_99' title="bbox 222 2628 1006 2664">
     <span class='ocr_line' id='line_1_99' title="bbox 222 2628 1006 2664; baseline 0.003 -7"><span class='ocrx_word' id='word_1_709' title='bbox 222 2637 277 2658; x_wconf 89' lang='lat' dir='ltr'><strong>tum</strong></span> <span class='ocrx_word' id='word_1_710' title='bbox 292 2630 410 2664; x_wconf 88' lang='lat' dir='ltr'><strong>primunt</strong></span> <span class='ocrx_word' id='word_1_711' title='bbox 428 2629 496 2656; x_wconf 79' lang='lat' dir='ltr'><strong>dixit</strong></span> <span class='ocrx_word' id='word_1_712' title='bbox 513 2639 519 2656; x_wconf 88' lang='lat'><strong>:</strong></span> <span class='ocrx_word' id='word_1_713' title='bbox 541 2628 601 2656; x_wconf 81' lang='lat' dir='ltr'><strong>Fiat</strong></span> <span class='ocrx_word' id='word_1_714' title='bbox 620 2630 666 2656; x_wconf 75' lang='lat' dir='ltr'><strong>tua:</strong></span> <span class='ocrx_word' id='word_1_715' title='bbox 678 2630 699 2645; x_wconf 80' lang='lat'>“</span> <span class='ocrx_word' id='word_1_716' title='bbox 722 2639 728 2656; x_wconf 90' lang='lat'><strong>:</strong></span> <span class='ocrx_word' id='word_1_717' title='bbox 745 2631 851 2662; x_wconf 68' lang='lat' dir='ltr'><strong>deinde,</strong></span> <span class='ocrx_word' id='word_1_718' title='bbox 872 2631 1006 2659; x_wconf 71' lang='lat' dir='ltr'><strong>Carmine!</strong></span> 
     </span>
    </p>
   </div>
   <div class='ocr_carea' id='block_1_100' title="bbox 224 2674 1004 2708">
    <p class='ocr_par' dir='ltr' id='par_1_100' title="bbox 224 2674 1004 2708">
     <span class='ocr_line' id='line_1_100' title="bbox 224 2674 1004 2708; baseline 0.005 -8"><span class='ocrx_word' id='word_1_719' title='bbox 224 2680 293 2701; x_wconf 82' lang='lat' dir='ltr'><strong>terra</strong></span> <span class='ocrx_word' id='word_1_720' title='bbox 305 2675 327 2690; x_wconf 66' lang='grc' dir='ltr'>θ’</span> <span class='ocrx_word' id='word_1_721' title='bbox 341 2683 348 2702; x_wconf 88' lang='lat'>:</span> <span class='ocrx_word' id='word_1_722' title='bbox 362 2674 412 2701; x_wconf 82' lang='lat' dir='ltr'><strong>Et:</strong></span> <span class='ocrx_word' id='word_1_723' title='bbox 430 2674 583 2701; x_wconf 77' lang='lat' dir='ltr'><strong>Producant</strong></span> <span class='ocrx_word' id='word_1_724' title='bbox 593 2681 668 2708; x_wconf 74' lang='lat' dir='ltr'><strong>aqua:</strong></span> <span class='ocrx_word' id='word_1_725' title='bbox 681 2675 786 2708; x_wconf 67' lang='lat' dir='ltr'><strong>repulit:</strong></span> <span class='ocrx_word' id='word_1_726' title='bbox 801 2680 826 2702; x_wconf 74' lang='lat' dir='ltr'><strong>et</strong></span> <span class='ocrx_word' id='word_1_727' title='bbox 839 2676 958 2703; x_wconf 80' lang='lat' dir='ltr'><strong>volatilia</strong></span> <span class='ocrx_word' id='word_1_728' title='bbox 972 2678 1004 2704; x_wconf 73' lang='grc'><strong>⁵³.</strong></span> 
     </span>
    </p>
   </div>
   <div class='ocr_carea' id='block_1_101' title="bbox 225 2720 1006 2756">
    <p class='ocr_par' dir='ltr' id='par_1_101' title="bbox 225 2720 1006 2756">
     <span class='ocr_line' id='line_1_101' title="bbox 225 2720 1006 2756; baseline 0.003 -8"><span class='ocrx_word' id='word_1_729' title='bbox 225 2722 256 2748; x_wconf 76' lang='lat' dir='ltr'><strong>Et</strong></span> <span class='ocrx_word' id='word_1_730' title='bbox 269 2730 274 2748; x_wconf 91' lang='lat'><strong>:</strong></span> <span class='ocrx_word' id='word_1_731' title='bbox 294 2721 424 2747; x_wconf 75' lang='lat' dir='ltr'><strong>Producat</strong></span> <span class='ocrx_word' id='word_1_732' title='bbox 443 2727 515 2748; x_wconf 86' lang='lat' dir='ltr'><strong>terra</strong></span> <span class='ocrx_word' id='word_1_733' title='bbox 532 2722 648 2747; x_wconf 80' lang='lat' dir='ltr'><strong>animum</strong></span> <span class='ocrx_word' id='word_1_734' title='bbox 663 2720 801 2754; x_wconf 79' lang='lat' dir='ltr'><strong>virentem,</strong></span> <span class='ocrx_word' id='word_1_735' title='bbox 813 2723 1006 2756; x_wconf 79' lang='lat' dir='ltr'><strong>quadrupedia,</strong></span> 
     </span>
    </p>
   </div>
   <div class='ocr_carea' id='block_1_102' title="bbox 223 2766 1006 2801">
    <p class='ocr_par' dir='ltr' id='par_1_102' title="bbox 223 2766 1006 2801">
     <span class='ocr_line' id='line_1_102' title="bbox 223 2766 1006 2801; baseline 0.004 -8"><span class='ocrx_word' id='word_1_736' title='bbox 223 2773 246 2793; x_wconf 77' lang='lat' dir='ltr'><strong>et</strong></span> <span class='ocrx_word' id='word_1_737' title='bbox 269 2767 382 2800; x_wconf 68' lang='lat' dir='ltr'><strong>rapti/ia,</strong></span> <span class='ocrx_word' id='word_1_738' title='bbox 397 2772 419 2793; x_wconf 85' lang='lat' dir='ltr'><strong>et</strong></span> <span class='ocrx_word' id='word_1_739' title='bbox 435 2766 532 2793; x_wconf 72' lang='lat' dir='ltr'><strong>bestius</strong></span> <span class='ocrx_word' id='word_1_740' title='bbox 544 2767 576 2795; x_wconf 76' lang='grc'><strong>⁸⁸.</strong></span> <span class='ocrx_word' id='word_1_741' title='bbox 598 2768 686 2801; x_wconf 80' lang='lat' dir='ltr'><strong>Atque</strong></span> <span class='ocrx_word' id='word_1_742' title='bbox 703 2767 753 2792; x_wconf 85' lang='lat' dir='ltr'><strong>hoc</strong></span> <span class='ocrx_word' id='word_1_743' title='bbox 769 2768 898 2795; x_wconf 67' lang='lat' dir='ltr'><strong>sensibile</strong></span> <span class='ocrx_word' id='word_1_744' title='bbox 915 2769 1006 2796; x_wconf 75' lang='lat' dir='ltr'><strong>lumen</strong></span> 
     </span>
    </p>
   </div>
   <div class='ocr_carea' id='block_1_103' title="bbox 259 2844 1034 2878">
    <p class='ocr_par' dir='ltr' id='par_1_103' title="bbox 259 2844 1034 2878">
     <span class='ocr_line' id='line_1_103' title="bbox 259 2844 1034 2878; baseline 0.003 -7"><span class='ocrx_word' id='word_1_745' title='bbox 259 2844 280 2859; x_wconf 77' lang='lat'>&#39;°</span> <span class='ocrx_word' id='word_1_746' title='bbox 290 2844 356 2871; x_wconf 85' lang='lat' dir='ltr'><strong>Gen.</strong></span> <span class='ocrx_word' id='word_1_747' title='bbox 378 2852 396 2878; x_wconf 86' lang='lat' dir='ltr'><strong>t,</strong></span> <span class='ocrx_word' id='word_1_748' title='bbox 411 2845 436 2871; x_wconf 84' lang='grc'><strong>’5.</strong></span> <span class='ocrx_word' id='word_1_749' title='bbox 485 2846 504 2860; x_wconf 81' lang='lat'>“</span> <span class='ocrx_word' id='word_1_750' title='bbox 522 2845 598 2876; x_wconf 79' lang='lat' dir='ltr'><strong>ibid.,</strong></span> <span class='ocrx_word' id='word_1_751' title='bbox 614 2845 639 2871; x_wconf 77' lang='grc'><strong>5.</strong></span> <span class='ocrx_word' id='word_1_752' title='bbox 678 2846 700 2861; x_wconf 81' lang='grc'><strong>⁶¹</strong></span> <span class='ocrx_word' id='word_1_753' title='bbox 716 2845 781 2871; x_wconf 82' lang='lat' dir='ltr'><strong>ibid.</strong></span> <span class='ocrx_word' id='word_1_754' title='bbox 802 2846 844 2872; x_wconf 84' lang='grc'><strong>11.</strong></span> <span class='ocrx_word' id='word_1_755' title='bbox 876 2846 974 2873; x_wconf 77' lang='lat' dir='ltr'><strong>“ibid.</strong></span> <span class='ocrx_word' id='word_1_756' title='bbox 991 2846 1034 2873; x_wconf 72' lang='lat'><strong>&#39;20.</strong></span> 
     </span>
    </p>
   </div>
   <div class='ocr_carea' id='block_1_104' title="bbox 383 2891 776 2926">
    <p class='ocr_par' dir='ltr' id='par_1_104' title="bbox 383 2891 776 2926">
     <span class='ocr_line' id='line_1_104' title="bbox 383 2891 776 2926; baseline -0.003 -5"><span class='ocrx_word' id='word_1_757' title='bbox 383 2893 516 2926; x_wconf 69' lang='lat' dir='ltr'><strong>l&#39;ATllUL.</strong></span> <span class='ocrx_word' id='word_1_758' title='bbox 540 2891 597 2920; x_wconf 76' lang='lat' dir='ltr'><strong>GR.</strong></span> <span class='ocrx_word' id='word_1_759' title='bbox 623 2891 698 2920; x_wconf 62' lang='lat' dir='ltr'><strong>CXX</strong></span> <span class='ocrx_word' id='word_1_760' title='bbox 706 2891 776 2922; x_wconf 74' lang='lat' dir='ltr'><strong>Vll.</strong></span> 
     </span>
    </p>
   </div>
   <div class='ocr_carea' id='block_1_105' title="bbox 1056 2261 1845 2296">
    <p class='ocr_par' dir='ltr' id='par_1_105' title="bbox 1056 2261 1845 2296">
     <span class='ocr_line' id='line_1_105' title="bbox 1056 2261 1845 2296; baseline 0.004 -9"><span class='ocrx_word' id='word_1_761' title='bbox 1056 2261 1104 2293; x_wconf 81' lang='lat' dir='ltr'><strong>vit,</strong></span> <span class='ocrx_word' id='word_1_762' title='bbox 1117 2265 1142 2288; x_wconf 88' lang='lat' dir='ltr'><strong>et</strong></span> <span class='ocrx_word' id='word_1_763' title='bbox 1157 2267 1246 2288; x_wconf 83' lang='lat' dir='ltr'><strong>creata</strong></span> <span class='ocrx_word' id='word_1_764' title='bbox 1266 2262 1410 2288; x_wconf 62' lang='grc' dir='ltr'><strong>Μυκη-⁸⁵.</strong></span> <span class='ocrx_word' id='word_1_765' title='bbox 1429 2262 1498 2294; x_wconf 85' lang='lat' dir='ltr'><strong>Quid</strong></span> <span class='ocrx_word' id='word_1_766' title='bbox 1512 2266 1602 2289; x_wconf 90' lang='lat' dir='ltr'><strong>autent</strong></span> <span class='ocrx_word' id='word_1_767' title='bbox 1620 2262 1682 2289; x_wconf 83' lang='lat' dir='ltr'><strong>dico</strong></span> <span class='ocrx_word' id='word_1_768' title='bbox 1697 2270 1707 2290; x_wconf 88' lang='lat'><strong><em>:</em></strong></span> <span class='ocrx_word' id='word_1_769' title='bbox 1722 2263 1807 2296; x_wconf 69' lang='lat' dir='ltr'><strong>Dixit,</strong></span> <span class='ocrx_word' id='word_1_770' title='bbox 1820 2268 1845 2290; x_wconf 82' lang='lat' dir='ltr'><strong>et</strong></span> 
     </span>
    </p>
   </div>
   <div class='ocr_carea' id='block_1_106' title="bbox 1058 2306 1844 2342">
    <p class='ocr_par' dir='ltr' id='par_1_106' title="bbox 1058 2306 1844 2342">
     <span class='ocr_line' id='line_1_106' title="bbox 1058 2306 1844 2342; baseline 0.004 -10"><span class='ocrx_word' id='word_1_771' title='bbox 1058 2307 1131 2340; x_wconf 80' lang='lat' dir='ltr'><strong>facta</strong></span> <span class='ocrx_word' id='word_1_772' title='bbox 1152 2311 1225 2338; x_wconf 75' lang='lat' dir='ltr'><strong>sunt,</strong></span> <span class='ocrx_word' id='word_1_773' title='bbox 1242 2314 1303 2334; x_wconf 89' lang='lat' dir='ltr'><strong>cum</strong></span> <span class='ocrx_word' id='word_1_774' title='bbox 1316 2306 1448 2340; x_wconf 70' lang='lat' dir='ltr'><strong>cOgiIatio</strong></span> <span class='ocrx_word' id='word_1_775' title='bbox 1462 2307 1520 2334; x_wconf 82' lang='lat' dir='ltr'><strong>sola</strong></span> <span class='ocrx_word' id='word_1_776' title='bbox 1537 2309 1687 2341; x_wconf 78' lang='lat' dir='ltr'><strong>perfectum</strong></span> <span class='ocrx_word' id='word_1_777' title='bbox 1705 2316 1775 2342; x_wconf 89' lang='lat' dir='ltr'><strong>opus</strong></span> <span class='ocrx_word' id='word_1_778' title='bbox 1791 2309 1844 2335; x_wconf 87' lang='lat' dir='ltr'><strong>Deo</strong></span> 
     </span>
    </p>
   </div>
   <div class='ocr_carea' id='block_1_107' title="bbox 1059 2351 1843 2386">
    <p class='ocr_par' dir='ltr' id='par_1_107' title="bbox 1059 2351 1843 2386">
     <span class='ocr_line' id='line_1_107' title="bbox 1059 2351 1843 2386; baseline 0.004 -8"><span class='ocrx_word' id='word_1_779' title='bbox 1059 2351 1140 2379; x_wconf 80' lang='lat' dir='ltr'><strong>sistat</strong></span> <span class='ocrx_word' id='word_1_780' title='bbox 1170 2359 1203 2378; x_wconf 88' lang='lat' dir='ltr'><strong>ac</strong></span> <span class='ocrx_word' id='word_1_781' title='bbox 1240 2353 1436 2386; x_wconf 76' lang='lat' dir='ltr'><strong>reprzesetttet?</strong></span> <span class='ocrx_word' id='word_1_782' title='bbox 1458 2352 1559 2378; x_wconf 88' lang='lat' dir='ltr'><strong>Iloruut</strong></span> <span class='ocrx_word' id='word_1_783' title='bbox 1582 2357 1672 2379; x_wconf 89' lang='lat' dir='ltr'><strong>autent</strong></span> <span class='ocrx_word' id='word_1_784' title='bbox 1699 2354 1843 2381; x_wconf 89' lang='lat' dir='ltr'><strong>verborum</strong></span> 
     </span>
    </p>
   </div>
   <div class='ocr_carea' id='block_1_108' title="bbox 1059 2397 1842 2433">
    <p class='ocr_par' dir='ltr' id='par_1_108' title="bbox 1059 2397 1842 2433">
     <span class='ocr_line' id='line_1_108' title="bbox 1059 2397 1842 2433; baseline 0.001 -8"><span class='ocrx_word' id='word_1_785' title='bbox 1059 2397 1222 2425; x_wconf 85' lang='lat' dir='ltr'><strong>sententiam</strong></span> <span class='ocrx_word' id='word_1_786' title='bbox 1236 2397 1392 2432; x_wconf 80' lang='lat' dir='ltr'><strong>Tlteologus</strong></span> <span class='ocrx_word' id='word_1_787' title='bbox 1403 2405 1417 2424; x_wconf 84' lang='lat' dir='ltr'><strong>a</strong></span> <span class='ocrx_word' id='word_1_788' title='bbox 1432 2398 1501 2425; x_wconf 92' lang='lat' dir='ltr'><strong>libro</strong></span> <span class='ocrx_word' id='word_1_789' title='bbox 1518 2397 1610 2425; x_wconf 83' lang='lat' dir='ltr'><strong>Judith</strong></span> <span class='ocrx_word' id='word_1_790' title='bbox 1628 2400 1744 2433; x_wconf 86' lang='lat' dir='ltr'><strong>accepit,</strong></span> <span class='ocrx_word' id='word_1_791' title='bbox 1760 2400 1842 2427; x_wconf 90' lang='lat' dir='ltr'><strong>Deum</strong></span> 
     </span>
    </p>
   </div>
   <div class='ocr_carea' id='block_1_109' title="bbox 1059 2443 1845 2480">
    <p class='ocr_par' dir='ltr' id='par_1_109' title="bbox 1059 2443 1845 2480">
     <span class='ocr_line' id='line_1_109' title="bbox 1059 2443 1845 2480; baseline 0.003 -10"><span class='ocrx_word' id='word_1_792' title='bbox 1059 2443 1102 2471; x_wconf 91' lang='lat' dir='ltr'><strong>bis</strong></span> <span class='ocrx_word' id='word_1_793' title='bbox 1125 2443 1215 2470; x_wconf 77' lang='lat' dir='ltr'><strong>verbis</strong></span> <span class='ocrx_word' id='word_1_794' title='bbox 1243 2443 1408 2477; x_wconf 89' lang='lat' dir='ltr'><strong>alloquentis</strong></span> <span class='ocrx_word' id='word_1_795' title='bbox 1425 2452 1432 2469; x_wconf 71' lang='grc' dir='ltr'><em>τ</em></span> <span class='ocrx_word' id='word_1_796' title='bbox 1452 2443 1592 2478; x_wconf 80' lang='lat' dir='ltr'><strong>Cagitusti,</strong></span> <span class='ocrx_word' id='word_1_797' title='bbox 1616 2452 1647 2471; x_wconf 86' lang='lat' dir='ltr'><strong>ac</strong></span> <span class='ocrx_word' id='word_1_798' title='bbox 1668 2450 1765 2478; x_wconf 51' lang='lat' dir='ltr'><strong>praisto</strong></span> <span class='ocrx_word' id='word_1_799' title='bbox 1785 2445 1845 2480; x_wconf 84' lang='lat' dir='ltr'><strong>fue-</strong></span> 
     </span>
    </p>
   </div>
   <div class='ocr_carea' id='block_1_110' title="bbox 1058 2488 1846 2524">
    <p class='ocr_par' dir='ltr' id='par_1_110' title="bbox 1058 2488 1846 2524">
     <span class='ocr_line' id='line_1_110' title="bbox 1058 2488 1846 2524; baseline 0.003 -8"><span class='ocrx_word' id='word_1_800' title='bbox 1058 2493 1119 2516; x_wconf 81' lang='lat' dir='ltr'><strong>runt</strong></span> <span class='ocrx_word' id='word_1_801' title='bbox 1134 2489 1181 2516; x_wconf 82' lang='lat' dir='ltr'><strong>tibi</strong></span> <span class='ocrx_word' id='word_1_802' title='bbox 1202 2489 1304 2522; x_wconf 82' lang='lat' dir='ltr'><strong>ontnia,</strong></span> <span class='ocrx_word' id='word_1_803' title='bbox 1329 2496 1387 2523; x_wconf 73' lang='lat' dir='ltr'><strong>qua:</strong></span> <span class='ocrx_word' id='word_1_804' title='bbox 1408 2489 1494 2523; x_wconf 73' lang='lat' dir='ltr'><strong>fecisti</strong></span> <span class='ocrx_word' id='word_1_805' title='bbox 1508 2488 1541 2516; x_wconf 74' lang='grc'><strong>⁸⁷.</strong></span> <span class='ocrx_word' id='word_1_806' title='bbox 1558 2489 1636 2522; x_wconf 90' lang='lat' dir='ltr'><strong>Quod</strong></span> <span class='ocrx_word' id='word_1_807' title='bbox 1653 2490 1676 2518; x_wconf 87' lang='lat' dir='ltr'><strong>si</strong></span> <span class='ocrx_word' id='word_1_808' title='bbox 1693 2496 1846 2524; x_wconf 79' lang='lat' dir='ltr'><strong>postremus</strong></span> 
     </span>
    </p>
   </div>
   <div class='ocr_carea' id='block_1_111' title="bbox 1059 2536 1846 2572">
    <p class='ocr_par' dir='ltr' id='par_1_111' title="bbox 1059 2536 1846 2572">
     <span class='ocr_line' id='line_1_111' title="bbox 1059 2536 1846 2572; baseline 0.001 -9"><span class='ocrx_word' id='word_1_809' title='bbox 1059 2537 1141 2564; x_wconf 88' lang='lat' dir='ltr'><strong>bonto</strong></span> <span class='ocrx_word' id='word_1_810' title='bbox 1164 2536 1254 2564; x_wconf 88' lang='lat' dir='ltr'><strong>editus</strong></span> <span class='ocrx_word' id='word_1_811' title='bbox 1279 2541 1340 2568; x_wconf 85' lang='lat' dir='ltr'><strong>est,</strong></span> <span class='ocrx_word' id='word_1_812' title='bbox 1371 2537 1451 2571; x_wconf 85' lang='lat' dir='ltr'><strong>idque</strong></span> <span class='ocrx_word' id='word_1_813' title='bbox 1475 2544 1538 2563; x_wconf 92' lang='lat' dir='ltr'><strong>cum</strong></span> <span class='ocrx_word' id='word_1_814' title='bbox 1568 2537 1601 2564; x_wconf 89' lang='lat' dir='ltr'><strong>ad</strong></span> <span class='ocrx_word' id='word_1_815' title='bbox 1628 2537 1772 2572; x_wconf 79' lang='lat' dir='ltr'><strong>imaginem</strong></span> <span class='ocrx_word' id='word_1_816' title='bbox 1799 2537 1846 2564; x_wconf 86' lang='lat' dir='ltr'><strong>Dei</strong></span> 
     </span>
    </p>
   </div>
   <div class='ocr_carea' id='block_1_112' title="bbox 1058 2583 1847 2618">
    <p class='ocr_par' dir='ltr' id='par_1_112' title="bbox 1058 2583 1847 2618">
     <span class='ocr_line' id='line_1_112' title="bbox 1058 2583 1847 2618; baseline 0.001 -8"><span class='ocrx_word' id='word_1_817' title='bbox 1058 2583 1162 2616; x_wconf 88' lang='lat' dir='ltr'><strong>factus,</strong></span> <span class='ocrx_word' id='word_1_818' title='bbox 1190 2591 1328 2618; x_wconf 87' lang='lat' dir='ltr'><strong>ntanuque</strong></span> <span class='ocrx_word' id='word_1_819' title='bbox 1352 2583 1443 2610; x_wconf 89' lang='lat' dir='ltr'><strong>divina</strong></span> <span class='ocrx_word' id='word_1_820' title='bbox 1471 2583 1576 2610; x_wconf 84' lang='lat' dir='ltr'><strong>eflictus</strong></span> <span class='ocrx_word' id='word_1_821' title='bbox 1605 2583 1706 2615; x_wconf 81' lang='lat' dir='ltr'><strong>fuerit,</strong></span> <span class='ocrx_word' id='word_1_822' title='bbox 1733 2584 1847 2611; x_wconf 88' lang='lat' dir='ltr'><strong>mittinte</strong></span> 
     </span>
    </p>
   </div>
   <div class='ocr_carea' id='block_1_113' title="bbox 1056 2629 1847 2664">
    <p class='ocr_par' dir='ltr' id='par_1_113' title="bbox 1056 2629 1847 2664">
     <span class='ocr_line' id='line_1_113' title="bbox 1056 2629 1847 2664; baseline -0.003 -6"><span class='ocrx_word' id='word_1_823' title='bbox 1056 2631 1210 2658; x_wconf 88' lang='lat' dir='ltr'><strong>mirandum</strong></span> <span class='ocrx_word' id='word_1_824' title='bbox 1232 2635 1284 2657; x_wconf 85' lang='lat' dir='ltr'><strong>est.</strong></span> <span class='ocrx_word' id='word_1_825' title='bbox 1307 2629 1375 2657; x_wconf 82' lang='lat' dir='ltr'><strong>Nam</strong></span> <span class='ocrx_word' id='word_1_826' title='bbox 1397 2637 1459 2657; x_wconf 80' lang='lat' dir='ltr'><strong>Cum</strong></span> <span class='ocrx_word' id='word_1_827' title='bbox 1481 2637 1577 2657; x_wconf 88' lang='lat' dir='ltr'><strong>eorum</strong></span> <span class='ocrx_word' id='word_1_828' title='bbox 1603 2638 1664 2664; x_wconf 61' lang='lat' dir='ltr'><strong>qua:</strong></span> <span class='ocrx_word' id='word_1_829' title='bbox 1683 2635 1763 2658; x_wconf 66' lang='lat' dir='ltr'><strong>terra:</strong></span> <span class='ocrx_word' id='word_1_830' title='bbox 1789 2638 1847 2657; x_wconf 84' lang='lat' dir='ltr'><strong>am-</strong></span> 
     </span>
    </p>
   </div>
   <div class='ocr_carea' id='block_1_114' title="bbox 1057 2676 1848 2712">
    <p class='ocr_par' dir='ltr' id='par_1_114' title="bbox 1057 2676 1848 2712">
     <span class='ocr_line' id='line_1_114' title="bbox 1057 2676 1848 2712; baseline -0.003 -8"><span class='ocrx_word' id='word_1_831' title='bbox 1057 2678 1136 2712; x_wconf 83' lang='lat' dir='ltr'><strong>plexu</strong></span> <span class='ocrx_word' id='word_1_832' title='bbox 1152 2677 1338 2708; x_wconf 85' lang='lat' dir='ltr'><strong>continentur,</strong></span> <span class='ocrx_word' id='word_1_833' title='bbox 1356 2684 1469 2711; x_wconf 79' lang='lat' dir='ltr'><strong>regnum</strong></span> <span class='ocrx_word' id='word_1_834' title='bbox 1485 2684 1516 2704; x_wconf 89' lang='lat' dir='ltr'><strong>ac</strong></span> <span class='ocrx_word' id='word_1_835' title='bbox 1537 2677 1719 2711; x_wconf 86' lang='lat' dir='ltr'><strong>principatum</strong></span> <span class='ocrx_word' id='word_1_836' title='bbox 1737 2676 1848 2703; x_wconf 87' lang='lat' dir='ltr'><strong>habitu-</strong></span> 
     </span>
    </p>
   </div>
   <div class='ocr_carea' id='block_1_115' title="bbox 1059 2723 1848 2757">
    <p class='ocr_par' dir='ltr' id='par_1_115' title="bbox 1059 2723 1848 2757">
     <span class='ocr_line' id='line_1_115' title="bbox 1059 2723 1848 2757; baseline -0.003 -7"><span class='ocrx_word' id='word_1_837' title='bbox 1059 2732 1105 2751; x_wconf 85' lang='lat' dir='ltr'><strong>rus</strong></span> <span class='ocrx_word' id='word_1_838' title='bbox 1122 2727 1205 2755; x_wconf 90' lang='lat' dir='ltr'><strong>esset,</strong></span> <span class='ocrx_word' id='word_1_839' title='bbox 1235 2723 1426 2749; x_wconf 87' lang='lat' dir='ltr'><strong>adornanduttt</strong></span> <span class='ocrx_word' id='word_1_840' title='bbox 1451 2723 1529 2757; x_wconf 84' lang='lat' dir='ltr'><strong>prius</strong></span> <span class='ocrx_word' id='word_1_841' title='bbox 1555 2728 1614 2749; x_wconf 83' lang='lat' dir='ltr'><strong>erat</strong></span> <span class='ocrx_word' id='word_1_842' title='bbox 1644 2723 1784 2757; x_wconf 88' lang='lat' dir='ltr'><strong>palatium,</strong></span> <span class='ocrx_word' id='word_1_843' title='bbox 1821 2727 1848 2748; x_wconf 89' lang='lat' dir='ltr'><strong>et</strong></span> 
     </span>
    </p>
   </div>
   <div class='ocr_carea' id='block_1_116' title="bbox 1058 2767 1847 2804">
    <p class='ocr_par' dir='ltr' id='par_1_116' title="bbox 1058 2767 1847 2804">
     <span class='ocr_line' id='line_1_116' title="bbox 1058 2767 1847 2804; baseline -0.003 -8"><span class='ocrx_word' id='word_1_844' title='bbox 1058 2769 1210 2797; x_wconf 79' lang='lat' dir='ltr'><strong>animantia</strong></span> <span class='ocrx_word' id='word_1_845' title='bbox 1222 2777 1253 2796; x_wconf 88' lang='lat' dir='ltr'><strong>ea</strong></span> <span class='ocrx_word' id='word_1_846' title='bbox 1268 2769 1369 2804; x_wconf 88' lang='lat' dir='ltr'><strong>quibus</strong></span> <span class='ocrx_word' id='word_1_847' title='bbox 1383 2776 1503 2802; x_wconf 67' lang='lat' dir='ltr'><strong>praeesse</strong></span> <span class='ocrx_word' id='word_1_848' title='bbox 1523 2769 1648 2802; x_wconf 87' lang='lat' dir='ltr'><strong>debebat,</strong></span> <span class='ocrx_word' id='word_1_849' title='bbox 1665 2767 1847 2803; x_wconf 86' lang='lat' dir='ltr'><strong>procreanda,</strong></span> 
     </span>
    </p>
   </div>
   <div class='ocr_carea' id='block_1_117' title="bbox 1072 2846 1848 2882">
    <p class='ocr_par' dir='ltr' id='par_1_117' title="bbox 1072 2846 1848 2882">
     <span class='ocr_line' id='line_1_117' title="bbox 1072 2846 1848 2882; baseline -0.003 -9"><span class='ocrx_word' id='word_1_850' title='bbox 1072 2847 1094 2862; x_wconf 77' lang='lat'><strong>°‘</strong></span> <span class='ocrx_word' id='word_1_851' title='bbox 1109 2847 1175 2874; x_wconf 87' lang='lat' dir='ltr'><strong>ibid.</strong></span> <span class='ocrx_word' id='word_1_852' title='bbox 1188 2846 1233 2874; x_wconf 73' lang='lat' dir='ltr'><strong>2L</strong></span> <span class='ocrx_word' id='word_1_853' title='bbox 1257 2847 1317 2865; x_wconf 68' lang='grc'>⁸⁵⁷⁸⁸</span> <span class='ocrx_word' id='word_1_854' title='bbox 1330 2846 1401 2875; x_wconf 81' lang='lat' dir='ltr'><strong>Psal.</strong></span> <span class='ocrx_word' id='word_1_855' title='bbox 1417 2853 1528 2880; x_wconf 74' lang='lat' dir='ltr'><strong>cnvut,</strong></span> <span class='ocrx_word' id='word_1_856' title='bbox 1547 2846 1573 2874; x_wconf 80' lang='grc'><strong>5.</strong></span> <span class='ocrx_word' id='word_1_857' title='bbox 1613 2846 1636 2862; x_wconf 75' lang='grc'>⁸⁷</span> <span class='ocrx_word' id='word_1_858' title='bbox 1648 2846 1751 2873; x_wconf 84' lang='lat' dir='ltr'><strong>Juditlt.</strong></span> <span class='ocrx_word' id='word_1_859' title='bbox 1768 2853 1805 2878; x_wconf 70' lang='grc' dir='ltr'><strong>ιχ,</strong></span> <span class='ocrx_word' id='word_1_860' title='bbox 1823 2847 1848 2882; x_wconf 47' lang='grc'><strong>4,</strong></span> 
     </span>
    </p>
   </div>
   <div class='ocr_carea' id='block_1_118' title="bbox 1632 2890 1670 2920">
    <p class='ocr_par' dir='ltr' id='par_1_118' title="bbox 1632 2890 1670 2920">
     <span class='ocr_line' id='line_1_118' title="bbox 1632 2890 1670 2920; baseline 0 0"><span class='ocrx_word' id='word_1_861' title='bbox 1632 2890 1670 2920; x_wconf 78' lang='grc'><strong>45</strong></span> 
     </span>
    </p>
   </div>
  </div>
