2058 3159
265 135 332 171 ιιιρ

968 131 1156 162 ΑΒΒΕΝΟᾹ.

1817 131 1886 162 1420

264 194 358 226 sicque
375 189 485 217 demum
505 189 574 225 ipse,
590 189 717 216 omnibus
734 189 789 224 jam
805 188 863 216 suis
883 188 1048 215 satellitibus
1066 191 1086 218 Α
1103 187 1202 214 festum
1228 192 1254 214 ct
1278 189 1514 215 commemoratio.
1534 189 1622 223 Atque
1645 188 1713 216 adeo
1728 188 1816 223 prima
1840 190 1885 216 illa

264 239 393 272 stipatus,
413 235 627 264 introducendus
647 239 717 268 erat,
741 239 770 262 ιιι
792 234 924 262 tttundum
942 234 1046 268 ingres-

264 292 322 315 sas,
336 287 494 318 paupertate
506 286 586 316 atque
601 281 692 315 inopia
707 281 818 308 minime
833 281 982 313 laboraret,
999 280 1047 306 sed

264 329 367 356 divitiis
383 328 472 355 statim
489 332 516 354 et
531 327 616 361 copiis
630 326 763 353 alllueret.
882 350 904 367 ἃ

300 374 358 401 Col.
373 373 420 399 (ill
440 373 468 398 Β.
493 372 569 404 Quod
585 372 619 404 si,
637 373 706 406 quod
728 381 843 405 arantur,
857 373 1047 408 permansisse-

266 428 334 450 mus,
349 423 401 445 t-l(‘.
418 418 517 450 llomo,
536 426 584 445 nec
599 424 660 445 actu
674 419 808 450 mortalis,
824 426 873 446 nec
886 419 1047 446 itnmortalis

263 469 370 492 ert-atus
381 470 432 496 cst,
450 472 543 491 verum
561 465 666 492 medius
681 465 751 492 inter
765 464 847 492 Deum
864 470 891 492 et
906 465 1046 492 materiam

264 512 363 543 lactus,
392 511 418 537 in
447 519 477 538 ea
501 518 583 538 causa
605 516 676 542 erat,
699 516 726 538 ut
750 511 771 538 si
800 515 935 546 ιιι-πυροριο
955 511 1046 538 diiino

265 558 411 591 paruisset,
429 555 483 583 Deo
498 556 634 586 uniretur,
661 560 742 590 atque
763 556 791 582 in
813 556 1045 583 immortalitatem

263 609 430 631 :issererctur
448 611 455 629 ε
473 603 496 629 si
528 606 619 628 autem
651 602 736 636 legem
765 602 938 636 inl'rcgisset,
965 602 1046 628 morti

262 649 399 676 obnoxius
417 648 580 678 elliceretur,
602 654 634 674 ac
651 655 697 680 pro
717 647 876 681 itnpassibili
898 647 1045 681 passibilis,

263 703 310 729 pro
325 693 471 721 immortali
490 692 612 719 mortalis
629 692 713 718 lleret.
732 691 810 724 Quod
825 693 904 719 etiam
922 693 971 719 hoc
985 692 1046 719 loco

265 741 418 775 'lltenlogus
449 739 561 770 indicat,
593 745 653 765 cum
678 738 743 765 ait:
769 738 797 765 Si
827 738 899 773 quod
924 745 1045 770 eramus,

262 787 525 820 permansissentus,
540 784 593 810 ltoc
611 787 651 810 est
680 783 750 818 puri.
771 783 918 811 luisscmus
933 783 958 810 id
973 784 1044 818 quod

262 840 315 858 non
342 838 464 860 eramus.
499 830 550 856 hoc
579 833 621 856 est
653 829 829 861 immortales,
858 829 988 856 nimirum
1012 829 1045 856 ad

263 877 424 904 nmnortalis
449 877 510 903 vitae
529 876 643 910 lignum,
663 875 802 909 praeterito
817 876 938 903 scientiae
962 876 1044 911 ligno,
1061 863 1083 891 Β

262 924 434 951 accedentes.
461 922 591 955 Qutenam
617 926 707 948 autent
735 922 833 956 planta:
850 923 908 950 ista:
932 922 1044 953 fuerint,

261 970 327 997 satis
347 970 458 1004 copiose
480 969 507 996 in
528 968 677 1003 superioris
690 968 825 996 orationis
847 969 1045 996 commentario

262 1025 274 1043 a
291 1016 368 1043 nobis
387 1015 550 1050 explicatum
571 1021 622 1043 est.
646 1013 795 1050 Postquam
817 1020 907 1043 autem
925 1015 1000 1050 juvta
1018 1016 1044 1042 id

260 1063 332 1097 quod
355 1063 381 1089 in
400 1063 472 1089 libro
492 1063 639 1098 Sapientia:
658 1061 774 1091 habetur
789 1071 797 1090 :
812 1062 919 1090 Invidia
942 1062 1044 1089 diaboli

261 1120 328 1137 mors
345 1111 371 1137 in
389 1111 514 1137 mundum
530 1111 639 1138 intravit
652 1111 686 1143 ⁵⁵,
703 1119 734 1138 ae
756 1118 802 1145 per
817 1110 939 1137 fraudem
955 1110 1044 1137 ltomi-

259 1165 318 1183 nem
347 1158 498 1192 surripuit,
527 1157 630 1185 ideirco
663 1157 734 1184 Dens
768 1157 849 1184 homo
875 1156 922 1186 lit.
958 1164 1044 1191 coque

260 1204 428 1238 pzttpertatis
447 1204 532 1236 venit,
548 1208 577 1231 ut
594 1204 620 1231 in
633 1211 742 1232 carnem
756 1203 947 1238 compingatur
963 1207 1044 1238 atque

262 1254 423 1280 crassescat,
440 1254 470 1276 ut
490 1257 550 1281 nos,
574 1250 652 1284 juxta
672 1250 833 1285 Apostolum
847 1250 880 1282 ε’,
897 1250 957 1285 ejus
976 1256 1043 1283 pau-

258 1299 364 1328 pertate
391 1295 569 1323 ditescamus.
598 1296 636 1323 Ac
666 1296 789 1330 patitur,
822 1303 875 1322 non
907 1299 1044 1329 quatenus

261 1339 343 1370 Deus,
357 1340 402 1366 sed
418 1345 510 1368 nostra
524 1342 669 1375 passione;
687 1341 713 1368 id
728 1346 780 1373 est,
797 1345 933 1376 quatenus
948 1342 1042 1369 homo.

259 1385 386 1412 Nostrum
401 1386 474 1413 enim
489 1391 531 1414 est
550 1391 633 1421 atque
645 1387 796 1415 humanum
815 1388 855 1415 sic
871 1389 937 1423 pati.
957 1387 1044 1415 Porro

257 1431 489 1464 quemadmodum
508 1432 542 1458 ab
561 1432 756 1460 incarnatione
774 1434 876 1467 passio,
898 1433 935 1460 ita
951 1440 966 1460 a
982 1440 1043 1468 pas.

259 1478 335 1505 sione
355 1485 428 1505 mors
451 1477 528 1505 ﬂuxit
545 1487 552 1505 :
571 1482 628 1505 tum
654 1479 832 1510 resurrectio,
852 1486 868 1505 a
891 1486 945 1514 qua
973 1486 1043 1505 nuta

1100 233 1240 261 Dominica
1259 235 1331 261 velut
1344 234 1552 262 iuterliminium
1569 235 1705 270 quoddam
1722 240 1763 262 est
1780 235 1885 263 funeris

1099 289 1130 308 ac
1151 282 1307 316 sepultum,
1326 289 1387 316 qur
1413 282 1439 308 in
1464 289 1562 315 magno
1582 281 1701 308 Sabbato
1718 283 1884 316 celebratur,

1099 331 1125 353 et
1143 327 1364 357 resurrectionis,
1389 335 1449 362 qua:
1463 327 1556 354 cadent
1573 327 1630 361 ipsa
1649 327 1791 355 Dominica
1816 337 1884 356 con-

1099 373 1169 407 tigit.
1193 373 1342 407 sepultura:
1361 373 1470 407 quidem
1487 373 1579 406 linem,
1599 375 1810 402 resurtecdonis
1832 384 1883 402 au-

1099 423 1152 445 tem
1166 418 1332 453 principium
1357 419 1470 446 habens.
1488 419 1527 446 Ae
1544 420 1668 453 proinde.
1696 425 1725 447 ut
1750 422 1775 446 in
1794 422 1885 448 medio

1097 465 1196 500 posita,
1221 465 1358 492 maestitia
1375 473 1407 492 ac
1422 465 1567 500 voluptatis
1596 466 1723 500 utrinque
1748 468 1884 502 particeps

1099 517 1142 539 est
1159 521 1166 538 :
1184 519 1215 538 ac
1236 512 1293 538 lia-.c
1318 518 1387 538 nova
1409 511 1550 538 Dominica
1578 519 1631 538 non
1651 512 1706 545 jam
1733 513 1882 540 contiuiutn

1097 562 1149 590 est,
1179 561 1208 584 ut
1234 557 1312 585 triste
1340 557 1444 592 aliquid
1474 565 1566 585 secum
1595 557 1700 591 aﬂerat,
1726 559 1773 586 sed
1803 560 1883 593 plane

1099 604 1316 638 regenerationis
1337 608 1363 630 et
1381 603 1595 631 resurrectionis
1621 610 1674 636 est,
1701 610 1729 632 ttt
1749 607 1884 640 quemad-

1099 650 1208 677 modum
1229 649 1316 684 prima
1343 650 1448 677 creatio
1473 657 1489 676 a
1508 649 1648 677 Dominico
1672 651 1715 678 die
1742 653 1825 686 cmpit
1844 652 1882 681 (id

1099 699 1189 722 autent
1207 702 1240 721 ex
1258 702 1292 721 eo
1308 695 1491 730 liquidissime
1505 699 1622 728 constat,
1643 697 1715 731 qttod
1736 697 1763 724 in
1787 698 1883 725 mundi

1098 740 1235 768 creatione
1250 747 1264 767 a
1284 740 1425 768 Dominico
1447 741 1491 768 die
1508 743 1641 776 septimus
1659 742 1716 770 dies
1733 743 1882 771 Sabbatmn

1099 791 1269 818 numeratur,
1283 794 1338 822 quo
1355 787 1425 814 Deus
1442 787 1476 814 ab
1484 788 1612 823 operibus
1627 789 1685 816 suis
1700 791 1883 824 conquievit),

1098 832 1138 859 sic
1155 833 1236 859 etiam
1250 833 1368 860 secunda
1386 834 1488 860 creatio
1503 833 1536 860 ab
1547 834 1642 861 eodem
1659 835 1703 862 die
1718 835 1882 870 principium

1096 878 1223 913 accipiat.
1247 878 1335 913 Atque
1360 879 1426 906 illud
1442 880 1523 906 etiam
1539 880 1587 907 tibi
1610 880 1882 909 animadvertendum

1096 927 1149 954 est,
1172 930 1269 950 novam
1297 923 1367 951 lianc
1394 923 1577 956 Dominicam,
1597 929 1779 959 praeterquam
1807 927 1880 960 quod

1096 968 1206 996 easdem
1222 971 1416 1004 prmrogaliras
1437 970 1529 1001 habet,
1546 978 1614 1004 quas
1627 971 1715 1005 prima
1728 972 1883 1001 Dominica.

1096 1013 1149 1040 alia
1174 1013 1316 1049 privilegia
1341 1015 1452 1050 insuper
1475 1015 1586 1048 habere,
1604 1016 1705 1050 quibus
1727 1016 1773 1044 illa
1796 1023 1884 1044 caret.

1095 1057 1162 1085 Nam
1178 1063 1208 1086 ut
1224 1059 1268 1086 illa
1287 1060 1386 1094 prioris
1402 1060 1553 1088 creatinuis
1569 1061 1655 1095 pritna
1682 1066 1723 1088 est
1741 1071 1747 1088 :
1766 1061 1802 1088 ita
1825 1062 1883 1088 ba‘c

1095 1111 1204 1138 quoque
1226 1105 1362 1137 secundae,
1378 1105 1430 1132 ltoc
1453 1110 1505 1136 est,
1535 1113 1621 1132 novae.
1638 1106 1678 1132 Ad
1697 1107 1753 1133 lucc
1773 1114 1885 1141 queque

1096 1151 1182 1184 prima
1201 1155 1242 1178 est
1264 1158 1370 1181 earum,
1391 1158 1452 1185 qua?
1467 1157 1560 1185 postea
1585 1156 1751 1187 sequuntur.
1770 1152 1810 1179 Ad
1833 1152 1884 1178 hoc

1095 1195 1226 1223 eximium
1243 1197 1321 1224 habet
1346 1204 1414 1223 nova
1432 1196 1583 1229 Dominica,
1599 1198 1670 1232 quod
1686 1198 1768 1224 etiant
1788 1203 1884 1225 octava

1095 1242 1153 1270 dies
1174 1247 1217 1270 est
1233 1244 1267 1269 ab
1291 1242 1322 1270 iis
1351 1251 1412 1278 qua:
1427 1251 1487 1270 eam
1512 1248 1722 1278 praecesserunt.
1741 1243 1835 1276 Quare
1861 1245 1884 1270 si

1095 1289 1157 1326 quis
1173 1297 1269 1316 novam
1287 1289 1456 1316 Dominicam
1471 1297 1532 1316 cum
1548 1289 1676 1316 Resurrei
1686 1289 1767 1316 tionis
1788 1289 1881 1315 Domi-

1096 1336 1156 1363 nica
1176 1335 1300 1363 couferre
1316 1335 1444 1366 voluerit,
1465 1335 1652 1362 sublimiorem
1667 1335 1734 1362 lianc
1751 1339 1777 1362 et
1795 1343 1810 1362 a
1823 1336 1883 1361 'tni-

1095 1381 1248 1408 raliiliorem
1265 1388 1326 1408 esse
1342 1381 1497 1412 atlirmabit,
1514 1387 1543 1408 ut
1555 1389 1616 1415 quae
1629 1381 1777 1416 spiritualis
1794 1387 1883 1408 mate-

1095 1427 1197 1462 riazque
1223 1426 1342 1460 expertis
1370 1426 1516 1454 [toniinicaa
1544 1427 1623 1462 quasi
1652 1427 1810 1462 pratludium
1834 1427 1884 1458 sit,

1096 1474 1236 1507 beataaque
1253 1472 1313 1499 vita:
1332 1472 1469 1506 prituitizc.
1486 1475 1537 1500 hoc
1552 1477 1604 1506 est,
1620 1473 1749 1500 secunda:
1766 1474 1884 1500 creatio-

264 1527 403 1553 ereatura,
431 1522 455 1549 id
474 1527 527 1555 est,
551 1527 655 1550 naturae
679 1526 779 1550 nostrae
805 1524 940 1550 recreatio
963 1527 1043 1557 atque

1097 1518 1149 1549 nis,
1174 1526 1236 1552 qua:
1259 1519 1487 1546 resurrectionem
1511 1525 1706 1553 consequetur,
1735 1519 1775 1546 vel
1806 1526 1884 1546 non:

258 1567 432 1598 instauratio.
449 1567 544 1601 prima
561 1567 746 1602 generationis
764 1567 871 1602 lapsum
887 1575 918 1594 ac
933 1568 1042 1595 confra-

258 1610 378 1637 ctiouem
391 1618 493 1638 sanans
508 1615 535 1638 et
548 1612 667 1646 erigens.
684 1611 774 1645 Atque
793 1612 829 1638 ob
843 1611 915 1638 hanc
931 1619 1042 1639 causam

260 1659 321 1689 post
348 1655 447 1682 lestum
472 1655 585 1683 Pascha;
607 1655 707 1685 festum
730 1655 923 1684 Encaniorum
947 1665 1043 1686 omnes

257 1701 427 1729 celebramus
442 1708 450 1728 :
466 1708 499 1728 ac
521 1709 617 1729 rursus
637 1708 688 1737 ego
699 1702 905 1731 declamaturus
926 1703 1040 1738 prodeo,

258 1746 447 1774 linea-nimum
468 1748 549 1775 modo
563 1751 591 1775 et
611 1747 725 1783 ratione,
750 1747 847 1776 salutis
863 1756 929 1777 mea
941 1748 1041 1777 festum

257 1800 349 1826 agens.

294 1837 361 1865 ibid.
374 1837 412 1866 (1.
433 1837 504 1871 Quid
520 1838 611 1873 igitur,
625 1839 724 1866 dixerit
740 1839 884 1875 quispiam,
904 1845 957 1869 etc.
973 1841 1042 1869 Lum

259 1883 426 1911 Dominicam
453 1885 525 1912 hanc
545 1884 701 1913 Encaauium
723 1893 857 1920 vocasset,
882 1895 929 1922 per
948 1887 1045 1923 anthy-

257 1931 408 1964 pophoram
431 1931 588 1966 quempiam
613 1932 717 1961 inducit
737 1934 923 1961 sciscitantem
947 1933 1042 1967 :Quid

257 1978 317 2004 ais?
333 1977 375 2004 An
393 1977 534 2005 Dominica
547 1979 634 2014 prima
651 1978 807 2007 Encaanium
828 1988 881 2007 non
900 1986 968 2014 erat,
984 1981 1040 2013 illa,

257 2024 380 2057 inquam.
411 2032 472 2058 qua
498 2026 587 2060 magni
615 2025 726 2053 Sabbati
756 2032 882 2059 noctem,
912 2027 1042 2062 illamque

258 2069 390 2094 luminum
413 2070 603 2103 gestationem,
620 2077 681 2103 quae
699 2074 755 2096 tum
780 2069 942 2102 celebratur,
957 2078 1039 2097 erce.

259 2113 314 2146 pit?
334 2112 406 2145 Quid
424 2112 506 2148 igitur
525 2113 569 2139 hic
589 2113 715 2140 secunda:
732 2113 881 2141 Dominica:
901 2114 1041 2141 Encaznio-

258 2166 317 2184 ruin
334 2165 433 2185 nomen
449 2159 570 2185 tribuis?
596 2159 673 2187 Hanc
686 2159 868 2194 objectioucm
892 2161 928 2187 ita
948 2161 1038 2193 solvit,

258 2205 328 2237 quod
349 2204 395 2232 illa
414 2204 635 2232 Resurrectionis
651 2205 790 2232 Dominica
812 2207 953 2234 salutifera
976 2208 1037 2233 erit.
1058 2200 1078 2227 ο

257 2250 283 2274 ln
302 2251 357 2283 ipsa
384 2250 457 2276 enim
477 2250 592 2277 salutent
618 2252 759 2278 consecuti
775 2259 881 2283 sumus,
909 2253 1037 2280 nimirum

255 2294 312 2327 cius
332 2295 460 2322 beneficio
488 2303 519 2322 ex
541 2300 628 2323 morte
650 2301 677 2323 et
699 2298 875 2332 corruptione
897 2298 929 2325 ad
953 2299 1036 2326 vitant

254 2341 435 2368 immortalem
471 2347 498 2368 et
527 2342 757 2376 incorruptionem
781 2348 908 2370 aeternam
938 2345 1037 2372 immu-

256 2387 301 2411 tati
322 2395 328 2412 :
347 2386 402 2413 lucc
424 2390 515 2414 autem
532 2394 602 2414 nova
622 2387 774 2419 Dominica,
793 2389 882 2416 natale
908 2395 951 2416 est
977 2391 1052 2420 illius

254 2437 279 2457 cl
292 2432 527 2459 commemoratio.
549 2433 598 2459 illa
615 2433 687 2460 enim
703 2435 868 2462 resurrectio
883 2443 953 2468 erat,
980 2437 1037 2464 haec

256 2483 347 2504 antcm
374 2477 585 2504 resurrectionis
611 2477 683 2504 illius
708 2479 805 2506 l'cstunt
823 2485 849 2506 et
867 2480 1034 2508 Encamium.

258 2522 285 2547 iit
305 2522 535 2555 quemadmodum
553 2522 669 2550 uatalitii
687 2523 757 2556 dies,
769 2532 830 2551 cum
851 2525 1033 2559 celebrantur,

253 2575 348 2594 eorum
371 2568 417 2602 qui
436 2567 583 2602 gignuntur
620 2570 905 2598 commemorationem
924 2573 1032 2603 habent.

252 2621 342 2639 annuo
355 2613 481 2640 videlicet
494 2614 599 2642 circulo
613 2616 811 2649 procreationis
828 2617 946 2652 ipsorum
961 2619 1032 2646 diem

252 2660 396 2685 revellente
412 2667 419 2685 ;
433 2658 472 2686 sic
497 2658 578 2686 etiam
606 2667 675 2686 nova
693 2660 748 2688 ha:c
769 2662 920 2695 Dominica,
951 2672 1031 2698 quant

251 2705 421 2736 septenarius
438 2703 544 2730 dierum
565 2705 698 2732 circuitus
717 2706 807 2740 ellicit,
823 2707 881 2735 sive
904 2711 1032 2742 restituit,

251 2750 343 2782 prima}
370 2748 516 2777 Dominica:
544 2751 633 2778 natale
654 2751 764 2785 dicitur,
794 2754 867 2788 qttod
898 2755 973 2782 illius
998 2758 1033 2784 sit

289 2830 303 2841 "'
318 2828 380 2862 Sap.
398 2835 427 2861 tt,
443 2830 488 2857 2t.
528 2831 548 2846 εν
561 2830 582 2858 ll
598 2830 661 2858 Cor.
680 2840 739 2866 vut,
761 2833 786 2859 9.

1095 1564 1312 1591 conversationis
1341 1565 1510 1599 rationisque
1536 1565 1608 1596 vita',
1637 1572 1699 1599 quae
1725 1565 1752 1591 in
1784 1569 1884 1591 octavo

1095 1608 1219 1643 nullique
1243 1610 1412 1637 successioni
1440 1610 1562 1637 obnoxio
1585 1611 1687 1637 sznculo
1712 1609 1804 1637 futura
1825 1617 1881 1637 εει.

1098 1653 1157 1682 Hoc
1172 1654 1234 1683 loco
1254 1655 1377 1684 nonnulli
1391 1655 1574 1691 objectionem
1597 1661 1718 1696 movent,
1733 1657 1856 1684 dicentes
1874 1665 1882 1683 :

1093 1699 1166 1734 Quid
1193 1700 1302 1728 laudent
1322 1700 1488 1737 Theologus,
1507 1709 1570 1730 cum
1592 1701 1813 1729 Resurrectionis
1830 1701 1885 1728 Do-

1094 1747 1223 1774 minicam
1248 1746 1325 1774 festis
1351 1747 1478 1775 omnibus
1504 1747 1674 1782 superiorem
1691 1754 1750 1774 esse
1767 1747 1884 1779 dixerit,

1095 1799 1167 1820 nunc
1187 1798 1284 1820 rursus
1300 1792 1353 1820 diei
1369 1793 1588 1821 Resurrectionis
1602 1792 1791 1820 Eucamiorttm
1807 1793 1880 1820 diem

1095 1839 1251 1874 anteponit,
1280 1847 1312 1867 ac
1337 1840 1540 1875 quodammodo
1570 1849 1664 1869 secum
1688 1841 1812 1876 pugnat?
1840 1842 1881 1868 Ad

1094 1885 1176 1919 hujus
1196 1885 1538 1920 objectionissolutionem
1562 1895 1594 1915 ea
1607 1887 1705 1915 aﬂ‘erre
1722 1888 1797 1920 licet,
1818 1895 1882 1922 qua:

1094 1933 1120 1960 in
1135 1934 1185 1959 hac
1201 1932 1296 1960 eadem
1312 1932 1436 1960 oratione
1450 1934 1530 1968 paulo
1541 1934 1656 1962 inferius
1669 1935 1708 1962 ait
1722 1943 1730 1962 :
1745 1933 1801 1962 Nec
1815 1941 1883 1961 vero

1094 1979 1150 2006 haec
1165 1986 1200 2005 eo
1213 1986 1228 2005 a
1242 1986 1283 2005 me
1298 1978 1437 2012 dicuntur,
1450 1980 1522 2014 quod
1539 1986 1564 2008 te
1578 1982 1672 2008 eodem
1688 1988 1796 2016 semper
1806 1985 1881 2008 statu

1095 2032 1204 2052 manere
1225 2025 1318 2056 velim,
1343 2025 1390 2053 sed
1409 2031 1438 2052 ut
1454 2031 1584 2061 perpetuo
1606 2031 1633 2054 et
1655 2027 1782 2054 laudabili
1803 2033 1881 2054 ntotu

1093 2071 1216 2107 agiteris,
1241 2078 1272 2098 ac
1298 2078 1366 2098 nova
1392 2072 1505 2099 omnino
1524 2077 1649 2099 creatura
1672 2073 1722 2100 sis.
1741 2072 1883 2105 Quemad-

1093 2117 1203 2144 modum
1220 2119 1302 2152 igitur
1315 2125 1378 2145 eum
1397 2117 1444 2151 qui
1458 2117 1617 2152 innovaturl
1634 2118 1724 2152 seipso
1734 2118 1882 2146 sublimio-

1094 2170 1149 2190 rem
1168 2169 1195 2191 et
1208 2164 1372 2191 diviniorem
1390 2163 1447 2190 ﬁeri
1465 2164 1655 2198 perspicimus,
1670 2165 1779 2191 virtutis
1798 2165 1883 2192 niuti-

1094 2216 1153 2235 rum
1181 2209 1370 2244 progressibus
1395 2214 1421 2236 et
1450 2209 1625 2236 incrementis
1658 2209 1880 2244 lulgescentem:

1092 2255 1132 2282 sic
1146 2255 1226 2282 etiam
1244 2262 1340 2282 omnes
1355 2260 1448 2282 nostra
1465 2262 1547 2282 causa
1563 2256 1731 2290 excogitatos
1741 2257 1882 2283 solemnes

1092 2302 1149 2328 dies
1170 2301 1267 2335 seipsis
1291 2301 1465 2328 sublimiores
1483 2302 1509 2328 in
1533 2301 1613 2328 nobis
1627 2301 1685 2329 ﬁeri
1708 2302 1879 2329 credendum

1093 2352 1144 2378 cst.
1163 2354 1224 2374 cum
1239 2347 1412 2381 mysterium,
1424 2347 1495 2381 quod
1516 2354 1563 2381 per
1578 2354 1624 2374 eos
1640 2347 1807 2382 designatur,
1822 2348 1879 2374 vim

1091 2401 1167 2420 suam
1181 2399 1207 2420 et
1225 2392 1380 2419 facultatem
1399 2393 1522 2419 numeris
1534 2393 1664 2420 omnibus
1679 2393 1830 2420 absolutam
1851 2395 1878 2420 in

1095 2439 1174 2466 nobis
1190 2439 1255 2465 edit.
1271 2438 1403 2470 Quocirca
1417 2446 1471 2465 non
1487 2439 1535 2466 abs
1550 2447 1578 2466 re
1594 2446 1691 2466 novam
1705 2438 1876 2467 Dontiuicam

1092 2484 1202 2510 sublimi
1218 2483 1405 2511 sublimiorem
1420 2483 1574 2519 Tlteologus
1588 2484 1667 2516 dixit,
1679 2484 1751 2519 quod
1767 2492 1876 2519 semper

1093 2530 1190 2557 eadem
1214 2530 1272 2557 dies
1290 2530 1431 2558 nobiscum
1450 2531 1495 2562 sit,
1516 2538 1632 2566 seseque
1648 2535 1767 2566 superet.
1784 2531 1877 2558 Prima

1090 2577 1162 2602 enim
1191 2576 1332 2603 Dominica
1362 2577 1492 2611 mysterio
1522 2584 1573 2603 suo
1604 2577 1654 2603 ltoc
1681 2577 1769 2604 solum
1797 2578 1877 2604 nobis

1089 2622 1176 2653 alii-rt,
1194 2627 1222 2648 ut
1241 2622 1323 2648 vitam
1339 2622 1372 2648 ab
1394 2621 1468 2648 otuni
1484 2630 1577 2649 crassa
1598 2627 1624 2649 et
1638 2623 1759 2649 terrestri
1774 2623 1875 2657 imagi-

1089 2666 1199 2692 natione
1222 2671 1318 2700 purget
1335 2675 1341 2692 :
1358 2669 1385 2692 at
1408 2673 1486 2693 novae
1502 2665 1652 2694 Dominica:
1669 2667 1800 2695 beneﬁcio
1823 2668 1876 2695 hoc

1087 2711 1291 2746 consequimur,
1318 2716 1345 2737 ιιι
1374 2712 1452 2738 bonis
1481 2712 1621 2744 ontuibus,
1653 2719 1770 2746 quorum
1799 2713 1875 2747 prior

1090 2757 1227 2784 hoininica
1246 2757 1319 2784 velut
1345 2757 1480 2791 primitias
1497 2758 1629 2792 quasdam
1649 2758 1790 2790 attulerat,
1807 2765 1873 2793 per-
