2058 3159
190 144 255 178 14⁵21

645 140 809 172 ΝΙΕΕΤΑΞ
832 140 869 170 1Ν
890 138 999 168 ΟΗΛΤ.
1021 137 1119 167 XLlll
1142 137 1171 167 Β.
1193 137 1308 167 GREG.

1744 136 1812 168 1422

190 202 325 229 fruamur.
345 199 384 227 Ad
408 199 466 226 haec
481 198 568 234 prima
589 196 741 228 Dominica,
765 195 974 223 resurrectionis
992 197 1011 222 A
1028 194 1173 222 interd'cta
1194 192 1390 229 significatur),
1412 187 1444 222 ac
1468 199 1558 222 vetera
1582 194 1639 226 illa,
1663 202 1693 221 ex
1711 196 1811 229 quibus

191 248 278 279 illius,
303 254 356 281 qua
381 249 456 273 certo
470 244 556 272 animi
572 243 713 279 propesito
737 248 763 270 et
785 243 922 269 voluntate
943 242 976 268 ad

193 294 320 320 virtutem
332 292 496 322 excitamur,
511 290 623 325 ﬁguram
639 289 724 324 gerit;
740 289 859 316 secunda
873 292 974 318 autem,

197 337 343 365 voluntarii
359 337 470 364 habitus
486 335 520 362 ad
535 334 712 370 perfectionis
731 334 873 361 scientiam
892 333 974 368 figura

193 388 244 411 est.
263 383 348 415 Adde,
362 382 435 417 quod
452 382 497 409 illa
515 381 634 408 futuram
656 380 884 408 resurrectionem
902 379 977 406 desi-

192 434 279 464 gnat:
296 428 353 456 haec
376 428 464 463 ipsam
491 427 642 454 divinitatis
664 427 862 461 acceptionem.
886 425 978 458 Quare

193 476 298 510 optimo
325 476 388 510 jure
413 473 525 502 sublimi
551 473 639 508 prima
662 472 804 500 Dominica
832 472 977 500 sublimior

193 529 263 548 nova
283 521 355 548 dicta
368 525 409 548 est
427 529 434 548 :
449 519 680 555 quandoquidem.
693 523 720 546 et
732 518 868 546 deificatio
887 518 978 545 incor-

194 567 332 602 ruptione,
349 573 375 593 et
391 566 526 593 bonorum
540 565 680 600 perceptio
695 564 855 592 habitudine
868 572 882 591 a
897 564 976 590 malis

193 613 307 640 liberata
323 631 330 644 .
360 615 388 638 et
410 612 532 639 coelestis
558 615 640 646 atque
673 610 856 645 sempiternus
891 613 979 636 status

195 659 336 692 praesentis
361 658 423 685 vita;
451 662 524 685 statu
548 661 575 684 ct
594 656 750 684 conditione
775 655 920 683 sublimior
938 660 980 682 est

193 712 225 731 ac
239 705 423 738 przcstantior.
438 703 516 736 Quod
532 704 614 731 etiam
628 704 717 738 ipsum
734 703 864 730 Salomon
879 702 978 733 innuit,

193 757 254 777 cum
280 751 336 776 ait:
356 750 395 776 Da
420 755 521 785 partem
544 755 653 784 septem,
673 755 751 784 atque
771 749 852 775 etiam
875 747 978 779 octo”,

193 799 296 830 septem
324 796 435 830 quidem
463 796 534 823 hanc
562 796 645 823 vitam
677 796 833 828 nominans,
863 799 893 822 ut
919 801 980 829 quae

195 842 291 868 eadem
306 848 367 868 cum
389 840 549 875 septenario
569 848 683 868 numero
707 848 835 868 mensura
852 840 977 873 ﬁniatur;

1030 241 1214 275 transgressio
1230 241 1307 268 nobis
1323 245 1382 268 orta
1394 247 1446 272 est,
1460 242 1669 276 contrariosque
1682 249 1811 269 sensuum

1031 294 1108 317 usus.
1126 286 1152 312 in
1172 286 1223 313 hoc
1242 287 1332 313 solum
1348 286 1530 314 recot'demini
1547 291 1577 313 ut
1595 294 1628 314 ea
1644 287 1766 322 fugiatis,
1779 294 1814 314 ue

1029 341 1078 368 per
1092 332 1189 360 horum
1203 332 1367 361 oblivionem
1382 333 1410 360 in
1424 333 1548 360 eamdem
1563 340 1660 361 rursus
1673 333 1812 360 incidatis.

1028 379 1137 414 Alioqui
1159 379 1246 411 enim,
1276 386 1327 407 nec
1352 386 1384 406 ea
1409 379 1542 406 memoria
1568 379 1714 406 recolenda
1738 385 1813 412 sunt,

1030 425 1083 452 nisi
1107 425 1143 452 ob
1165 425 1236 452 hanc
1254 432 1335 451 unam
1360 432 1483 457 causam,
1510 429 1540 452 ut
1561 432 1592 452 ea
1613 424 1735 453 vitemus
1753 433 1815 460 qua:

1029 471 1110 498 nobis
1126 472 1382 499 condemnationem
1399 471 1563 499 attulerunt.

1066 517 1133 544 ibid.
1147 517 1176 544 Β.
1199 517 1313 544 Pulcher
1323 522 1381 544 erat
1394 518 1429 544 ad
1443 525 1588 552 aspectum.
1604 522 1657 546 etc.
1679 518 1730 546 llic
1753 527 1817 546 sen-

1030 571 1077 591 sus
1092 564 1214 596 instruit,
1231 572 1245 590 ει
1267 565 1368 598 quibus
1388 565 1468 592 morti
1490 565 1579 593 aditus
1595 567 1749 600 patefactus
1763 571 1816 593 est.

1031 609 1166 644 Scriptum
1190 610 1263 637 enim
1290 615 1331 638 est
1345 611 1371 638 in
1390 612 1459 638 libro
1473 611 1586 640 Genesis
1605 620 1612 639 :
1630 611 1664 638 Et
1677 613 1742 639 vidit
1758 621 1817 638 mn-

1031 655 1080 682 lier
1108 656 1179 690 quod
1195 656 1293 691 lignum
1311 656 1407 683 bonum
1424 663 1481 684 erat
1498 658 1533 684 ad
1542 666 1625 691 esum,
1641 663 1666 685 et
1679 658 1817 692 pulo/trum

1030 702 1064 728 ad
1081 702 1281 736 intelligendum
1302 703 1336 729 ⁷⁸.
1364 701 1498 735 Quoniam
1529 704 1611 739 igitur
1642 704 1746 731 fructus
1773 704 1817 730 ille

1030 751 1086 774 tum
1102 747 1161 775 visu
1183 748 1395 783 pulcherrimus,
1409 754 1464 776 tum
1482 755 1609 784 perceptu
1626 751 1816 780 suavissimus.

1031 801 1081 821 nos
1095 801 1143 828 per
1157 795 1259 828 primos
1277 800 1404 829 parentes
1421 795 1552 823 incscavit
1566 801 1648 831 atque
1671 797 1819 826 interemit.

1031 840 1154 866 colorum
1189 841 1292 867 nitores
1320 841 1431 874 posthac
1462 841 1609 876 fugiamus,
1655 842 1743 869 visum
1773 844 1819 876 qui

194 890 257 912 octo
270 892 359 913 autem
383 886 514 914 futuram.
539 886 563 914 Is
580 894 662 921 porro
684 894 763 913 suam
789 886 900 921 utrique
919 885 982 912 vitae
997 895 1017 922 Β
1033 886 1184 921 principem
1200 886 1272 913 inter
1293 895 1393 914 sensus
1408 887 1496 914 locum
1519 891 1602 920 tenet,
1624 888 1791 923 eastigantes
1810 898 1817 915 :

195 936 299 965 partem
328 932 394 965 dat,
421 933 468 967 qui
501 932 545 959 hic
575 932 686 967 quidem
717 932 797 959 bonis
827 931 982 959 actionibus

196 982 278 1012 atquc
293 977 423 1012 operibus
437 978 553 1010 studuit,
571 979 597 1004 in
615 978 699 1005 altero
720 983 809 1005 autem
830 985 888 1005 ἱενο
903 977 982 1005 resti-

198 1028 273 1051 tutus
287 1029 338 1055 cst,
368 1024 420 1051 hoc
444 1029 496 1055 est,
515 1025 543 1051 in
566 1025 718 1052 caelestium
737 1024 869 1051 bonorum
887 1031 981 1059 perce-

198 1070 290 1104 ptione
314 1070 492 1098 constitutus.
515 1071 604 1104 Atque
621 1070 703 1098 etiam
727 1070 812 1097 David
833 1071 896 1098 huic
914 1070 982 1098 duos

196 1115 317 1148 psalmos
338 1115 465 1142 accinerc
480 1115 598 1147 videtur,
617 1119 726 1142 sextum
745 1120 773 1143 et
795 1116 981 1148 undecimum,

195 1160 295 1193 quibus
312 1160 421 1187 titulum
439 1161 538 1188 indidit
554 1169 561 1187 :
579 1161 615 1188 De
630 1165 733 1194 octava,
751 1161 981 1196 quemadmodum

195 1209 223 1230 et
239 1203 301 1231 huic
312 1203 504 1231 Encaaniorum
517 1204 571 1231 diei
586 1206 766 1232 centesimum
780 1212 881 1232 nonum
898 1204 981 1236 dicat,

196 1252 399 1280 innovationem
415 1253 513 1281 domus
528 1254 692 1282 inscribens.
706 1253 762 1281 Nos
779 1259 869 1281 autem
889 1253 983 1286 hujus-

196 1298 269 1325 rnodi
295 1299 393 1327 domus
416 1308 522 1332 sumus,
547 1301 648 1335 quibus
673 1301 701 1327 in
723 1301 836 1327 honoris
860 1301 981 1328 habitum

194 1349 247 1373 cst.
266 1349 294 1371 ut
317 1346 445 1380 templum
462 1346 521 1378 Dei,
541 1351 567 1374 et
583 1347 682 1379 simus,
705 1352 732 1374 et
747 1346 935 1380 nominemur,
956 1351 982 1374 et

196 1389 390 1417 ttnciamur".
415 1391 487 1418 Deus
512 1392 585 1419 enim
615 1399 664 1427 per
686 1391 834 1419 Jeremiam
862 1393 982 1427 quodam

196 1435 256 1462 loco
276 1436 313 1463 ita
337 1436 482 1471 loquitur:
500 1436 661 1464 lnhabitabo
684 1438 712 1464 in
736 1437 791 1465 illis
815 1443 840 1464 et
858 1438 981 1465 inambu-

197 1481 308 1508 labo".
339 1482 440 1509 Paulus
467 1490 577 1517 quoque
598 1483 631 1510 ad
659 1483 817 1512 Corinthios
842 1485 876 1512 ad
909 1485 982 1512 hunc

197 1528 307 1553 modum
334 1527 431 1554 scribit
446 1535 454 1554 :
469 1527 605 1562 Temptant
621 1528 670 1555 Dei
690 1529 800 1556 viventis
822 1530 885 1556 erlis
898 1530 929 1557 ⁷³.
949 1530 981 1556 ΕΙ.

196 1579 294 1600 rursus
314 1581 320 1599 :
338 1572 377 1599 Art
402 1574 520 1607 nescitis,
545 1573 615 1608 quod
639 1575 764 1608 templum
786 1575 833 1602 Dei
858 1576 932 1608 estis,
958 1581 983 1603 et

197 1618 314 1653 Spiritus
332 1619 381 1646 Dei
394 1620 496 1647 habitat
514 1621 541 1647 in
563 1621 656 1649 vobis?
670 1621 699 1648 Si
713 1622 770 1656 quis
796 1623 922 1656 templum
938 1622 986 1649 Dei

196 1664 343 1697 violaverit,
362 1665 494 1699 disperdet
507 1665 582 1692 illum
598 1665 681 1692 Deus.
700 1665 837 1699 Templum
851 1667 921 1693 enim
937 1666 986 1693 Dei

196 1717 318 1737 sanctum
341 1715 391 1743 est,
410 1712 480 1745 quod
511 1712 575 1738 estis
595 1711 684 1738 vos".
705 1711 745 1738 En
759 1712 898 1745 quomodo
915 1713 985 1747 apud

195 1755 340 1783 .leremiam
368 1756 467 1784 domus
494 1756 552 1788 Dei,
577 1756 648 1791 apud
669 1756 829 1792 Apostolum
854 1757 985 1792 templum

201 1801 247 1828 Dei
275 1801 462 1829 nominemur.
491 1802 516 1829 ls
539 1809 620 1836 porro
644 1802 777 1836 templum
807 1801 854 1829 Dei
883 1802 987 1829 violare

198 1848 310 1880 dicitur,
335 1848 382 1883 qui
406 1849 535 1876 obscenis
551 1855 583 1875 ac
609 1848 774 1876 meretriciis
794 1848 987 1883 congressibus

199 1901 309 1922 carnem
333 1895 469 1929 inquinat,
489 1902 521 1922 ac
536 1902 616 1923 caeno
631 1895 756 1922 involvit.

233 1941 293 1968 Col.
314 1941 367 1968 6M
391 1941 424 1968 A.
446 1941 634 1968 Encwniorum
660 1941 790 1968 rationem
812 1940 924 1968 habetis.
952 1941 986 1968 At

198 1995 242 2014 vos
273 1987 453 2018 innovemini,
488 1991 541 2014 etc.
573 1986 766 2013 Ericteniorum
793 1986 928 2013 rationem
960 1991 987 2013 et

199 2032 410 2066 explicationem
438 2031 586 2059 didicistis.
609 2031 753 2066 Reliquum
777 2035 830 2064 est,
852 2036 882 2058 ut
908 2031 987 2059 inno-

200 2078 312 2110 vemini,
335 2082 428 2110 atque,
447 2082 478 2105 ut
503 2077 650 2112 Apostolus
674 2077 799 2112 loquitur
813 2078 848 2110 ⁷⁵,
867 2082 986 2105 veterem

201 2124 354 2157 hominem,
372 2124 423 2151 hoc
439 2128 494 2157 est,
514 2129 671 2158 peccatum,
685 2124 760 2158 quod
784 2124 892 2151 senium
907 2124 987 2152 nobis

202 2176 229 2198 et
258 2175 424 2198 vetustatem
454 2170 623 2205 importavit,
653 2170 808 2205 abjiciatis;
834 2176 926 2205 atque,
959 2175 988 2197 ut

201 2217 272 2244 idem
289 2217 438 2251 Apostolus
459 2217 633 2248 admonet",
657 2216 685 2243 in
709 2216 830 2244 novitate
845 2216 906 2243 vitae
929 2223 987 2243 am-
1003 2234 1025 2262 Β

199 2263 311 2296 huletis,
332 2270 365 2290 ac
389 2263 549 2296 versemini,
576 2263 629 2290 hoc
645 2267 697 2294 est,
713 2270 774 2290 cum
791 2263 902 2294 virtute,
924 2270 986 2297 quae

203 2310 327 2338 alumnos
351 2317 416 2338 suos
431 2310 554 2342 innovat,
577 2317 610 2336 ac
629 2309 745 2345 juvenes
768 2309 859 2341 eflicit,
875 2309 984 2336 vivatis.

201 2355 229 2382 Id
259 2360 350 2384 autem
381 2356 586 2391 assequemini,
624 2356 647 2383 si
678 2355 875 2383 continentiam
909 2355 986 2381 velut

204 2402 325 2434 frenum,
341 2403 470 2430 omnibus
491 2410 622 2430 sensuum
645 2402 837 2429 instrumentis
859 2401 986 2435 injeceri-

203 2448 238 2474 tis
257 2449 303 2481 (ex
328 2448 428 2482 quibus
444 2449 542 2476 anima:
560 2456 636 2476 mors
656 2448 756 2480 oritur,
770 2448 847 2482 juxta
864 2448 890 2474 id
913 2447 985 2482 quod

202 2494 241 2521 ait
261 2493 396 2521 Jeremias
414 2503 420 2521 :
437 2494 562 2521 Ascendit
588 2502 657 2521 mors
679 2502 725 2529 per
748 2494 876 2528 fenestras
886 2492 938 2527 ’7);
963 2492 986 2519 si

204 2549 259 2568 non
285 2541 337 2568 hoc
366 2545 414 2567 aut
447 2540 515 2566 illud
543 2541 717 2573 membrum,
751 2540 799 2566 sed
831 2540 921 2565 omnia
952 2539 986 2565 ita

202 2587 340 2620 rexeritis,
368 2593 396 2613 ut
422 2587 638 2621 utrumquodque
667 2587 722 2621 regi
745 2591 827 2620 atque
852 2586 879 2612 in
898 2585 987 2612 officio

202 2635 337 2661 c0ntineri
352 2634 537 2668 eastigarique
560 2637 658 2659 natura
677 2637 865 2666 comparatum
881 2636 923 2659 est
940 2641 947 2664 ;
964 2632 986 2658 si

202 2681 322 2714 denique
347 2680 474 2706 vitiosam
507 2686 616 2706 omnem
649 2678 713 2712 ligni
742 2678 817 2705 veliti
842 2677 1019 2703 manduan

204 2725 303 2752 tionem
330 2723 510 2752 exsecrcmini
539 2725 599 2758 (per
630 2723 733 2758 lignum
768 2723 841 2750 enim
866 2723 989 2756 voluptas

238 2794 259 2809 ⁷ο
272 2793 361 2821 Eccle.
377 2793 445 2822 x12.
484 2794 506 2809 7‘
519 2793 540 2821 ll
559 2794 662 2824 COLVI,
679 2793 722 2820 10.

205 2872 241 2898 vr,
258 2864 294 2890 25
310 2873 386 2901 seqq.

762 2793 783 2807 '”
797 2793 862 2824 lum,
874 2791 960 2818 Levit.
976 2790 1102 2823 xxvr,lr2;
1125 2789 1133 2815 l
1150 2789 1213 2816 Cor.
1231 2790 1314 2822 vt,lG.

205 2829 248 2862 16,
263 2830 307 2865 17.
347 2831 369 2845 7"
381 2829 487 2857 Coluss.
507 2837 547 2861 ιιι,
563 2831 588 2856 υ.
627 2829 649 2845 ⁷⁸
664 2828 742 2855 Rom.
761 2835 797 2860 vi,
815 2829 839 2854 4.
879 2828 899 2843 ⁵⁷
912 2827 981 2854 Ιι-ιυι

1038 2836 1063 2859 x,
1080 2829 1127 2865 2t.
1163 2825 1184 2840 ⁷⁸
1204 2824 1270 2852 Gen.
1287 2826 1363 2858 ιιι,6.

1035 939 1084 959 nec
1101 932 1134 959 ad
1151 937 1276 964 externo,
1294 933 1339 959 scd
1355 932 1388 959 ad
1407 940 1458 960 nos
1471 933 1545 968 ipsos
1560 933 1654 961 oculos
1667 934 1819 966 flectanms.

1032 979 1110 1012 juxta
1127 978 1192 1005 illud
1206 978 1406 1006 Deuteronomii
1425 984 1590 1014 praeceptum
1611 989 1618 1007 :
1639 980 1750 1007 Attende
1773 981 1821 1007 tibi

1035 1025 1085 1058 ipsi
1099 1024 1133 1056 ",
1147 1029 1229 1059 atque
1251 1024 1462 1052 Provcrltiorum
1487 1030 1626 1053 auctorem
1647 1026 1820 1054 Salomonem

1035 1069 1178 1096 audiamus
1209 1069 1343 1097 dicentem
1359 1070 1382 1085 ⁸ο
1400 1079 1406 1096 :
1424 1069 1462 1097 Nc
1482 1074 1507 1098 te
1522 1075 1630 1105 superet
1644 1071 1750 1098 eximiae
1766 1071 1822 1099 for-

1035 1122 1085 1141 ma:
1102 1114 1251 1148 cupiditas,
1267 1122 1386 1148 nec-uua
1406 1122 1467 1142 cum
1486 1115 1624 1151 palpebris
1638 1115 1664 1143 in
1683 1120 1822 1144 transver-

1034 1167 1094 1187 sum
1123 1160 1279 1195 abripiaris,
1297 1159 1352 1188 non
1374 1161 1464 1189 solum
1492 1169 1526 1188 ex
1553 1169 1623 1189 vano
1655 1167 1684 1189 et
1713 1163 1823 1190 curioso

1034 1200 1157 1241 aspectu,
1171 1206 1229 1238 sed,
1246 1207 1269 1234 si
1287 1207 1344 1234 fieri
1362 1211 1463 1242 potest,
1478 1215 1512 1235 ne
1531 1215 1564 1235 ex
1582 1207 1693 1236 fortuito
1713 1209 1822 1243 quidem

1033 1257 1116 1287 atque
1130 1253 1218 1280 obiter
1233 1260 1294 1280 sese
1308 1253 1466 1288 obiiciente;
1483 1261 1577 1281 verum
1600 1255 1717 1289 teipsum
1735 1255 1775 1282 vel
1790 1255 1825 1282 ad

1034 1300 1118 1326 levem
1129 1305 1215 1333 usque
1226 1306 1258 1326 ac
1274 1298 1426 1333 neglectum
1437 1304 1612 1333 prospectum
1620 1301 1770 1333 communi,
1780 1305 1824 1327 at-

1033 1353 1086 1380 que
1102 1345 1196 1373 oculos
1208 1345 1369 1380 comprime.
1384 1345 1518 1372 Ctetcrum
1532 1351 1642 1381 propter
1658 1347 1696 1374 rei
1707 1347 1824 1374 dillicul-

1034 1396 1114 1419 tatem
1129 1391 1249 1419 additum
1265 1395 1316 1418 est:
1329 1390 1356 1418 Si
1373 1391 1430 1418 ﬁeri
1447 1391 1645 1426 potest.Videre
1653 1400 1735 1427 porro
1758 1393 1825 1420 nihil

1032 1438 1105 1465 aliud
1118 1442 1170 1471 est.
1187 1444 1270 1472 quam
1284 1437 1447 1472 simpliciter
1458 1438 1602 1473 inspicere.
1615 1438 1685 1467 Huic
1697 1441 1825 1476 utrinque

1033 1489 1210 1519 opponuntur
1239 1485 1349 1512 curiose
1378 1484 1492 1517 intueri,
1515 1489 1542 1513 et
1571 1486 1715 1520 neglectim
1743 1493 1825 1523 atque

1034 1530 1124 1557 obiter
1138 1527 1271 1564 aspicere,
1286 1530 1360 1557 velut
1375 1537 1507 1558 excessus
1524 1535 1552 1558 et
1575 1531 1707 1559 defectus.
1725 1532 1827 1560 Viden-

997 1564 1019 1595 ο
1036 1573 1100 1600 dum
1117 1573 1210 1608 itaque
1225 1574 1274 1601 tibi
1290 1579 1340 1605 est,
1363 1581 1397 1601 ne
1423 1582 1486 1601 cum
1510 1575 1648 1610 palpebris
1669 1577 1826 1611 abripiaris,

1036 1623 1118 1653 atque
1137 1618 1191 1645 Eva
1223 1618 1271 1646 tibi
1301 1619 1393 1646 animo
1420 1622 1606 1655 proponenda,
1633 1629 1694 1657 qua;
1716 1624 1827 1657 quidem

1037 1664 1128 1692 dulcis
1143 1664 1294 1699 impostura
1308 1668 1377 1697 crat,
1396 1664 1432 1692 ob
1457 1666 1635 1700 conspicuam
1663 1667 1750 1701 ipsius
1770 1668 1828 1695 for-

1037 1717 1121 1741 mam,
1147 1715 1174 1737 ct
1200 1710 1350 1738 incantatio
1370 1710 1465 1742 chara,
1490 1716 1600 1746 propter
1624 1713 1782 1741 illicientem
1801 1719 1826 1742 ct

1037 1755 1213 1782 deliuicntem
1226 1755 1406 1790 voluptatem.
1432 1755 1545 1783 Femina
1564 1758 1649 1788 enim,
1664 1758 1738 1786 velut
1752 1767 1827 1792 esca,

1037 1808 1140 1827 marem
1156 1800 1190 1827 ad
1204 1807 1233 1827 se
1249 1801 1342 1833 trahit,
1364 1808 1395 1828 ac
1420 1808 1527 1829 veneno
1556 1802 1653 1834 inficit,
1684 1804 1827 1839 voluptuo-

1038 1846 1141 1879 riisque
1157 1846 1290 1880 geSIibus,
1317 1851 1343 1873 et
1369 1848 1553 1876 sermonibus.
1581 1856 1613 1876 ac
1641 1850 1732 1884 rebus,
1747 1851 1825 1885 quasi

1037 1890 1204 1925 quibusdam
1220 1891 1376 1926 praestigiis,
1393 1891 1561 1924 ludificatur,
1577 1893 1678 1927 quibus
1695 1895 1728 1921 ad
1748 1902 1826 1922 acer-

1039 1936 1181 1963 bissimum
1210 1937 1309 1964 anima:
1339 1937 1480 1964 interitum
1514 1943 1541 1965 et
1571 1939 1684 1966 exitium
1720 1941 1827 1969 illectus

1038 1982 1216 2016 pertrahitur.
1228 1981 1295 2009 Nam
1323 1983 1346 2010 si
1370 1983 1415 2010 illa
1430 2003 1437 2016 ,
1456 1991 1516 2018 quae
1529 1985 1638 2019 propria
1654 1990 1722 2018 erat,
1739 1987 1830 2014 socia-

1037 2035 1090 2061 que
1104 2032 1131 2054 et
1146 2027 1305 2056 auxiliatrix
1319 2029 1380 2056 data
1399 2030 1496 2062 fuerat,
1510 2031 1598 2058 virum
1617 2031 1745 2066 perdidit,
1771 2040 1826 2067 quo

1038 2079 1117 2109 pacto
1133 2075 1263 2102 meretrix
1290 2079 1317 2102 et
1348 2075 1437 2103 aliena
1463 2076 1546 2104 saluti
1570 2076 1662 2104 futura
1675 2078 1827 2106 est?0culi

1038 2121 1122 2156 igitur
1152 2121 1192 2148 sic
1219 2128 1399 2149 coerceantur
1435 2122 1461 2149 in
1490 2123 1639 2158 palpebris,
1659 2131 1713 2151 non
1746 2132 1826 2152 secus

1038 2167 1158 2202 atquein
1173 2167 1288 2202 nuptiali
1304 2168 1436 2199 t'lmlamo,
1451 2168 1574 2203 virgineo
1588 2176 1664 2196 more
1674 2174 1827 2202 versantes,

1039 2223 1089 2242 nec
1117 2214 1282 2250 procacibus
1314 2219 1342 2241 et
1367 2215 1513 2249 impudicis
1546 2215 1668 2242 motibus
1702 2215 1828 2243 aculeum

1038 2263 1198 2291 excitantes.
1215 2262 1302 2296 Atque
1324 2262 1406 2288 etiam
1431 2262 1543 2296 insuper
1558 2262 1724 2296 voluptatem
1744 2270 1830 2297 usque

1039 2309 1072 2335 ad
1090 2312 1186 2342 gustus
1213 2315 1323 2334 sensum
1356 2311 1382 2333 et
1413 2306 1505 2333 fauces
1536 2313 1673 2339 aversare,
1699 2306 1732 2332 ad
1760 2314 1829 2340 quas

1040 2353 1117 2380 cibus
1131 2352 1221 2379 omnis
1237 2352 1389 2378 devolvitur
1405 2360 1411 2378 ;
1429 2356 1466 2382 et.
1489 2351 1562 2384 quod
1593 2354 1656 2377 ante
1674 2352 1830 2385 perceptio-

1039 2407 1102 2426 nem
1126 2398 1242 2426 eharom
1264 2397 1428 2429 habebatur,
1445 2396 1515 2423 idem
1532 2401 1690 2430 perceptum
1710 2398 1831 2424 vanescit

1039 2449 1066 2472 et
1078 2443 1271 2472 contemnitur.
1301 2442 1372 2476 Quin
1402 2442 1467 2468 illud
1484 2443 1532 2469 tibi
1549 2449 1659 2476 quoque
1677 2443 1830 2470 cavendum

1041 2495 1094 2523 est,
1114 2499 1146 2518 ne
1177 2494 1203 2517 te
1231 2489 1350 2517 olfactus
1381 2488 1529 2515 cﬂ‘cminct.
1549 2487 1640 2522 Turpe
1658 2489 1730 2515 enim
1745 2493 1788 2516 est
1804 2494 1831 2515 et

1042 2537 1173 2564 muliebre
1196 2541 1276 2570 atque
1306 2543 1320 2562 τι
1346 2535 1403 2561 viro
1421 2535 1540 2562 alienum
1565 2535 1709 2569 unguentis
1724 2540 1750 2561 et
1765 2535 1831 2561 mlo-

1043 2591 1102 2609 rtttn
1132 2582 1314 2609 suavitatihns
1342 2581 1379 2607 uti
1402 2581 1528 2612 :alioqui
1556 2582 1636 2607 etiarn
1668 2581 1830 2608 immodicus

1043 2629 1198 2663 hujusmodi
1219 2636 1308 2654 rerum
1327 2635 1392 2654 usus
1417 2627 1567 2654 salaciores
1590 2633 1681 2654 mares
1700 2631 1782 2660 atque
1797 2629 1831 2654 1111

1043 2683 1188 2702 venereum
1205 2682 1382 2708 Cllllgl‘CsStllll
1400 2674 1592 2708 propensiores
1605 2673 1704 2700 reddit.
1728 2673 1830 2700 Ferunt

1043 2723 1115 2748 enim
1144 2721 1324 2748 Conuuoilum
1352 2721 1562 2754 imperatorem,
1593 2727 1655 2746 cum
1689 2725 1832 2754 grassante

1371 2788 1424 2814 ⁷³11
1441 2788 1504 2815 Cor.
1520 2796 1556 2819 vt,
1576 2787 1616 2813 IG.

1412 2825 1433 2839 ⁷³
1453 2824 1530 2850 Deut.
1547 2831 1630 2854 xxvii,
1651 2823 1676 2850 9.

1655 2786 1696 2812 7"I
1715 2787 1776 2812 (lor.
1790 2794 1830 2817 ιιι,

1709 2823 1730 2837 ’⁸⁷
1753 2823 1792 2847 ιἰλι
1806 2830 1832 2849 ν.
