2058 3159
272 159 282 190 i
290 157 339 189 £23

976 154 1164 183 ADDENDA.

1819 156 1886 186 1421

268 213 414 250 aliquando
431 216 506 247 peste
525 210 672 246 unguentis
690 216 755 236 usus
776 212 857 240 esset,
879 216 909 235 cx
925 215 955 235 ea
974 216 1002 235 re
1017 208 1050 234 ad
1066 211 1089 239 Α
1105 207 1156 233 cali
1172 207 1313 241 abju-icns,
1331 212 1412 242 atque
1436 207 1606 236 innovatoris
1626 208 1745 243 Spiritus
1758 217 1839 244 opera
1854 213 1887 239 ad

269 261 406 287 libidinem
423 258 537 293 majores
552 257 674 284 ﬂammas
685 255 852 289 concepisse.
872 254 988 282 Proinde
1004 261 1052 281 nec

268 315 315 340 per
330 305 455 332 nlfaetum
474 301 652 334 eﬂ'i'mineris,
666 308 715 328 nec
729 308 777 335 per
799 305 900 327 tactum
915 299 1051 326 encrreris

268 357 294 376 et
310 349 477 380 emolliat-is;
495 354 587 375 rerum
614 347 742 374 Izevitates
760 353 855 373 onmes
876 350 904 373 et
925 345 1051 372 mollities

267 399 340 432 fuge.
365 397 478 422 Tactnm
511 397 601 421 autent
627 393 704 427 dicit,
724 400 776 420 non
801 400 864 420 cum
881 396 985 419 tantum
1003 392 1050 427 qui

267 450 348 469 nmtru
364 441 402 473 Iit.
415 440 461 468 sed
487 447 549 467 cum
576 439 657 467 etiam
675 438 722 474 qui
747 439 773 466 in
792 443 848 466 toto
861 446 976 473 corpore
990 446 1050 466 ser-

265 494 353 515 vatur.
380 486 425 514 \‘is
450 488 523 513 enim
551 490 579 513 et
604 485 720 513 facultas
742 485 867 520 tangendi
889 492 937 520 per
966 489 1049 511 totam

265 542 373 562 rarnem
389 541 483 568 sparsa
513 538 541 560 et
568 531 665 560 diffusa
691 537 743 564 est,
760 531 881 566 exceptis
896 531 970 566 pilis,
983 531 1052 558 ossi-

266 583 326 614 bus,
346 580 496 615 unguibus,
522 587 554 606 ac
575 578 677 606 nervis.
705 577 767 605 Ilaec
792 577 864 606 enim
893 577 950 604 sola
967 585 1050 605 sensu

264 629 367 652 (arent.
396 624 465 657 Quid
492 623 645 659 prrrterea?
676 622 792 650 Auditus
825 627 850 650 te
878 623 905 649 in
928 622 1050 650 fraudem

264 672 368 706 inierit,
387 679 418 698 ac
435 671 653 698 circumventum
666 677 785 697 rursusa
804 670 916 696 veritate
926 669 1049 701 abduxit,

263 717 494 753 quemadmodum
528 716 592 742 olim
620 715 724 751 primos
756 719 893 749 parentes.
921 714 962 742 Nc
992 714 1050 750 ipse

263 764 372 798 quidem
391 763 418 790 in
434 767 573 798 posterum
600 762 705 789 solutus
727 761 774 792 sit,
790 761 836 788 sed
854 760 933 788 bonis
947 767 1050 788 Sermo-

265 810 344 837 nibus
358 813 460 843 pateat,
493 808 526 835 ad
552 807 641 842 turpia
665 811 754 834 antem
771 806 851 833 verba
867 809 894 833 et
915 807 947 832 ad
976 805 1050 833 frau-

263 858 322 883 dem
349 861 373 883 et
405 855 592 883 curiositatem
623 853 771 888 composita
795 853 963 880 obstruatur.
978 852 1047 879 Audi

265 901 438 929 Salomoncm
457 901 492 933 ",
512 904 594 936 atque
618 907 649 927 os
678 904 752 926 tuum
786 898 860 933 aperi
888 898 970 930 verbo
990 897 1049 930 Dei,

264 948 314 974 hoc
337 951 390 980 est,
412 954 473 973 cum
498 946 590 973 utilem
609 945 753 980 quemdam
769 949 795 972 et
811 943 971 979 frugiferum
990 952 1048 972 ser-

262 1001 371 1020 monem
397 992 544 1020 habiturus
560 999 602 1024 es,
619 996 675 1019 tum
695 991 803 1018 demum
821 999 850 1018 os
869 996 944 1018 tuum
962 991 1048 1026 aperi,

263 1045 291 1066 ut
308 1047 370 1066 cum
382 1038 482 1066 Davide
494 1038 551 1072 ipse
565 1045 675 1072 quoque
688 1038 778 1065 dicas:
792 1037 828 1064 0:
845 1045 930 1064 meum
947 1037 1048 1071 aperui,

262 1090 286 1111 ct
303 1084 406 1111 attraxi
421 1084 543 1118 spiritum
559 1081 592 1109 ⁸⁸.
620 1082 698 1115 Quod
727 1083 750 1108 si
777 1083 809 1108 ad
835 1082 943 1109 sordida
960 1086 987 1109 et
1001 1081 1050 1108 ob-

263 1137 341 1157 scena
367 1129 447 1156 verba
475 1128 638 1164 proferenda
662 1136 693 1156 os
718 1133 793 1155 tuum
817 1129 968 1162 aperueris,
992 1132 1048 1154 tum

266 1177 392 1210 spiritum
404 1176 516 1202 minime
528 1175 658 1208 attrabcs,
677 1175 724 1201 sed
734 1180 852 1201 mortem
869 1175 969 1208 potius.
982 1173 1047 1200 Nam

263 1230 294 1249 os
320 1227 444 1249 nostrum
473 1229 524 1248 una
548 1228 578 1248 ex
611 1220 737 1247 fenestris
764 1220 816 1248 illis
839 1225 890 1251 cst,
911 1227 958 1254 per
969 1227 1049 1255 quas,

262 1275 324 1295 cum
343 1275 515 1302 nequaquam
545 1271 615 1294 tecte
637 1268 807 1301 aperiuntur,
827 1273 939 1294 mortem
954 1274 1049 1294 ascen-

260 1315 327 1341 dere
347 1313 479 1340 Jeremias
498 1318 613 1340 testatur
629 1313 663 1340 ".

300 1361 366 1388 Ibid.
393 1361 424 1387 (Ξ.
453 1359 518 1387 Cum
547 1360 683 1394 quidpiam
703 1367 803 1391 eorum,
831 1367 888 1394 qua:
911 1359 1049 1385 interdicta

262 1412 332 1440 sunt,
363 1411 416 1434 etc.
452 1406 547 1433 Docuit
581 1405 738 1441 Theologus
766 1406 903 1440 quomodo
930 1406 1050 1440 quinque

262 1454 386 1481 sensibus
404 1453 442 1480 uti
456 1453 605 1480 debeamus
620 1461 626 1480 :
645 1460 676 1479 ex
699 1452 800 1487 quibus
815 1452 890 1480 visus
911 1453 943 1479 al
962 1458 1050 1480 rectas

265 1500 348 1526 lineas
366 1499 463 1532 cernit,
488 1499 605 1526 olfactus
621 1504 712 1526 autem
728 1503 755 1525 ct
772 1499 880 1526 auditus
895 1506 946 1525 non
960 1498 1047 1526 solum

261 1546 295 1573 ad
323 1551 426 1573 rectam
454 1545 564 1579 lillt'ﬂul,
580 1545 627 1572 sed
661 1545 843 1580 undecunque
863 1544 971 1578 propria
997 1544 1047 1572 sibi

262 1592 372 1618 sensilia
387 1591 533 1626 arripiunt,
551 1591 679 1617 nimirum
705 1590 749 1616 ille
769 1589 878 1620 odores,
897 1589 941 1616 hic
957 1596 1046 1616 voces.

264 1637 348 1663 l‘orru
361 1642 459 1668 taetris,
479 1637 524 1671 qui
538 1637 661 1663 omnium
690 1635 869 1662 animantium
896 1634 1048 1662 communis

261 1687 312 1714 est,
330 1687 356 1709 et
367 1688 474 1717 gustus,
492 1689 541 1708 nec
565 1682 714 1708 Secundum
743 1685 843 1707 rectam
871 1680 980 1710 lineam,
999 1687 1048 1706 nec

263 1728 446 1762 undecunque
472 1727 596 1762 subjecta
633 1726 684 1753 sibi
719 1726 830 1752 sensilia
859 1729 1046 1758 cogam-cunt:

263 1782 357 1801 verum
383 1779 438 1800 tum
467 1774 567 1805 solum,
585 1781 647 1800 cum
667 1773 817 1807 propinqua
844 1772 912 1806 ipsis
936 1771 1047 1798 fuerint.

264 1820 410 1854 Postquam
429 1819 511 1854 igitur
530 1820 563 1846 de
588 1819 630 1846 his
648 1818 833 1853 pertractarit,
855 1825 928 1844 nune
942 1818 975 1843 dc
992 1826 1048 1844 tne-

263 1867 387 1895 morandi
411 1874 519 1902 quoque
542 1865 670 1894 facultate
695 1865 814 1896 disserit.
833 1872 894 1899 quae
909 1865 1048 1892 memoria:

263 1919 291 1941 et
309 1913 519 1941 reminiscentia:
535 1919 616 1939 causa
644 1917 670 1939 et
694 1911 911 1946 promptuarium
926 1915 977 1938 est.
998 1909 1048 1937 Or-

262 1967 363 1995 ganum
387 1963 477 1986 autem
498 1966 530 1985 ac
555 1958 634 1986 sedes
653 1957 726 1984 illius
750 1961 791 1984 est
808 1957 942 1991 posterior
959 1957 1048 1983 tunica

262 2004 379 2034 cerebri.
393 2003 548 2031 Meminisse
566 2008 656 2030 autem
678 2003 770 2030 anima
789 2002 899 2033 dicitur,
915 2009 977 2029 cum
993 2001 1048 2028 for-

265 2060 324 2079 mas
339 2057 421 2086 atque
441 2050 634 2085 impressiones
653 2057 746 2076 carum
775 2056 878 2080 rerum,
900 2055 969 2083 quas
987 2048 1046 2082 upi-

264 2099 346 2125 nione
366 2096 500 2131 concepit,
527 2095 633 2122 retinet.
652 2094 735 2129 Igitur
755 2094 788 2121 de
801 2094 826 2121 vi
847 2094 1046 2127 memoratrice,

262 2143 377 2178 ejusque
387 2148 448 2169 actu
466 2146 594 2173 tractans,
609 2141 646 2167 ait
663 2149 670 2167 :
687 2141 716 2167 Si
730 2140 795 2175 quid
807 2148 900 2168 eorum
921 2148 983 2175 qua:
994 2147 1046 2166 non

261 2196 402 2220 cencessa,
414 2188 460 2215 sed
479 2187 621 2214 interdicta
644 2185 763 2218 fuerunt,
790 2186 915 2214 illecebra
929 2185 1046 2220 quadam

1103 253 1230 280 virtutem
1246 254 1367 287 migrans
1387 259 1484 289 :tequc
1502 256 1537 281 ita
1553 263 1692 290 compara,
1705 262 1735 283 ut
1749 258 1838 284 intror.
1851 260 1888 285 tio

1104 306 1135 326 ac
1153 299 1213 325 vitae
1231 299 1256 325 in
1274 300 1371 327 melius
1398 300 1539 327 immutata
1567 304 1634 329 ratio
1664 303 1760 330 animm
1786 304 1885 331 festum

1104 343 1149 370 tibi
1166 344 1209 370 sit.

1138 388 1205 417 Ibid.
1237 390 1282 416 Ira
1312 392 1359 418 tibi
1382 391 1509 419 adversus
1539 398 1684 427 serpentem
1713 395 1799 421 solum
1816 396 1888 422 exsi-

1103 440 1168 467 stat,
1183 441 1236 464 etc.
1253 436 1399 472 Postquam
1415 446 1514 466 sensus
1524 440 1590 466 satis
1601 447 1727 467 accurate
1743 442 1886 474 instruxit,

1102 488 1175 509 nunc
1201 482 1283 509 etiam
1315 483 1347 510 de
1375 485 1461 511 tribus
1483 485 1580 512 animae
1604 486 1728 520 partibus
1754 494 1886 522 praecepta

1102 528 1195 556 tradit.
1216 529 1368 557 Facultalcs
1386 531 1458 557 enim
1476 531 1574 558 animm
1591 531 1618 557 in
1642 537 1744 566 partem
1766 533 1886 560 rationa-

1102 574 1166 607 lem,
1184 580 1211 602 et
1228 576 1341 603 ratiorris
1354 582 1490 612 expertem
1503 577 1671 604 dividuntur.
1691 578 1777 606 Partis
1788 579 1887 606 deinde

1102 627 1117 646 a
1148 620 1253 648 ratione
1277 622 1373 649 aliena:
1396 628 1486 657 partes
1512 628 1577 650 sunt
1605 623 1674 656 duae,
1703 624 1797 657 altera,
1827 633 1887 659 qua:

1102 667 1234 694 rationem
1262 669 1336 695 nullo
1361 669 1441 696 modo
1463 670 1550 701 audit,
1580 671 1626 697 sed
1654 676 1756 698 natura:
1774 671 1886 706 imperio

1101 712 1279 746 gubernatur,
1296 713 1450 748 cujusmodi
1473 720 1515 742 est
1536 723 1567 741 ea
1596 723 1657 750 qua).
1677 716 1765 743 alendi
1791 725 1824 744 ac
1846 719 1886 751 gi-

1101 758 1198 792 gnendi
1225 759 1276 786 vim
1309 759 1400 793 habet,
1425 768 1457 788 ac
1485 761 1599 788 far-ultas
1619 769 1650 788 ea
1674 770 1726 797 qua
1745 764 1886 797 pulsantur

1100 804 1217 831 arteriae.
1229 805 1334 838 Altera,
1345 813 1406 840 qua:
1417 807 1515 834 rationi
1529 807 1715 842 obtemperat,
1728 816 1790 843 qua:
1804 810 1885 836 etiam

1102 849 1129 876 in
1155 850 1222 877 iram
1248 855 1275 877 ct
1301 851 1476 886 cupiditatem
1501 852 1643 880 dividitur.
1664 854 1708 880 Est
1725 860 1817 882 autem
1835 856 1887 886 ira,

1067 894 1087 922 Β
1101 894 1179 928 quasi
1205 894 1283 922 miles
1301 895 1424 929 quidam,
1446 896 1561 924 rationis
1590 898 1711 929 satelles,
1729 900 1887 933 cupiditatis

1101 939 1210 967 vindex.
1232 939 1300 967 Nam
1315 948 1377 968 cum
1397 942 1516 976 alicujus
1542 944 1579 970 rei
1606 945 1754 978 cupiditate
1770 947 1886 981 corripi-

1101 994 1174 1019 mur,
1193 991 1275 1022 atque
1291 995 1305 1014 a
1324 989 1452 1023 quopiam
1475 989 1552 1016 nobis
1570 990 1793 1024 impedimentum
1808 993 1889 1021 διιεῖ-

1101 1038 1156 1065 tur',
1177 1033 1216 1060 ira
1245 1034 1378 1061 adversus
1402 1042 1463 1061 cum
1496 1035 1679 1068 incendimur,
1697 1038 1768 1064 velut
1787 1038 1887 1072 injuria

1101 1080 1201 1112 τιίΥι-ςιί,
1221 1080 1350 1107 nimirum
1380 1081 1485 1108 ratione
1506 1090 1565 1108 eam
1586 1090 1642 1117 rem
1661 1083 1702 1110 ira
1718 1089 1745 1110 et
1764 1085 1889 1119 indigna-

1101 1126 1174 1152 tione
1187 1125 1295 1160 dignam
1307 1126 1458 1161 judicante.
1474 1127 1698 1163 Quandoquidem
1714 1130 1796 1164 igitur
1814 1131 1887 1158 nulla

1102 1173 1180 1200 nobis
1196 1172 1296 1208 injuria
1323 1177 1398 1200 tanta
1420 1181 1436 1201 a
1449 1175 1576 1210 quopiam
1597 1175 1671 1203 illata
1690 1182 1742 1208 est,
1756 1184 1858 1212 quanta
1872 1186 1886 1205 a

1100 1223 1236 1252 serpentc,
1251 1224 1278 1246 et
1293 1226 1326 1247 eo
1345 1219 1391 1254 qui
1407 1227 1456 1254 per
1473 1221 1561 1254 ipsum
1581 1226 1609 1249 et
1626 1221 1654 1248 in
1678 1223 1737 1257 ipso
1758 1223 1888 1258 loqueba-

1102 1271 1156 1296 tur,
1174 1265 1400 1300 diabolo(ipsius
1428 1268 1501 1294 enim
1533 1266 1630 1294 fraude
1653 1273 1682 1295 et
1703 1269 1817 1300 scelere,
1830 1274 1887 1296 tum

1100 1312 1238 1346 paradiso,
1267 1318 1323 1340 tum
1345 1313 1547 1341 immortalitate
1572 1315 1754 1350 excidimus),
1785 1316 1888 1344 idcirco

1100 1359 1167 1385 dicit
1182 1358 1338 1394 'I‘heologus
1354 1369 1360 1386 :
1383 1358 1419 1386 Ita
1438 1358 1490 1386 tibi
1503 1360 1587 1394 juste,
1603 1365 1632 1387 et
1641 1362 1790 1389 secundum
1807 1369 1886 1389 natu-

1101 1413 1170 1437 rain,
1185 1405 1317 1433 adversus
1347 1411 1499 1440 serpentem
1517 1407 1664 1440 excitetur,
1679 1415 1693 1434 a
1709 1415 1764 1442 quo
1784 1410 1886 1443 gravis-

1100 1451 1168 1477 sime
1182 1449 1265 1477 IL‘sus
1282 1458 1322 1481 es,
1347 1458 1407 1478 cum
1426 1459 1481 1485 quo
1497 1452 1578 1478 etiam
1605 1451 1764 1479 inimicitias
1793 1461 1888 1487 gerere

1101 1495 1148 1522 tibi
1163 1496 1322 1530 imperatum
1336 1502 1388 1523 est.
1406 1496 1563 1524 Inimicitias
1578 1498 1662 1530 enim,
1683 1498 1780 1532 inquit,
1792 1506 1888 1533 ponam

1101 1542 1168 1568 inter
1182 1546 1206 1568 te
1220 1547 1244 1568 et
1262 1543 1330 1568 inter
1344 1549 1487 1577 serpentem
1503 1543 1536 1570 ⁵⁵.
1553 1543 1779 1578 Concupiseentia
1795 1550 1887 1571 autem

1100 1588 1133 1614 ad
1149 1587 1250 1614 nullout
1266 1596 1320 1616 rem
1335 1590 1443 1616 noxiam
1459 1595 1485 1617 et
1499 1590 1745 1625 periculosam,sed
1756 1591 1790 1618 ad
1803 1591 1886 1618 Deum

1100 1635 1191 1662 omnis
1211 1635 1379 1667 intendatur,
1411 1644 1490 1670 quem
1515 1642 1545 1663 ut
1570 1644 1603 1663 ex
1632 1641 1688 1663 toto
1706 1638 1788 1664 corde
1812 1645 1888 1664 ames

1101 1681 1147 1708 tibi
1162 1681 1201 1708 lex
1221 1682 1279 1716 Icge
1292 1682 1466 1717 pra'scripsit,
1485 1687 1514 1709 ut
1528 1690 1589 1709 cum
1607 1682 1707 1710 Davide
1721 1691 1784 1710 vere
1796 1684 1889 1710 dicrre

1100 1727 1190 1761 possis
1207 1735 1214 1754 :
1232 1727 1353 1759 Domine,
1370 1733 1430 1754 ante
1444 1734 1469 1755 te
1483 1737 1558 1755 autne
1572 1728 1731 1756 desiderium
1748 1738 1835 1756 meum
1851 1730 1886 1757 ⁸⁸.

1100 1772 1179 1800 Ratio
1210 1775 1437 1807 prazstantissima
1476 1782 1540 1810 pars
1568 1776 1685 1807 animae,
1714 1776 1887 1810 maximeque

1099 1818 1200 1850 divina,
1218 1819 1290 1846 velut
1312 1819 1406 1854 auriga
1421 1820 1542 1854 quidam,
1558 1820 1688 1848 omnibus
1712 1821 1816 1854 pnesit,
1835 1821 1886 1848 hoc

1099 1871 1152 1896 est,
1181 1869 1207 1892 et
1236 1865 1283 1892 ira:
1309 1870 1335 1892 et
1365 1865 1507 1900 cupiditati
1530 1871 1556 1893 et
1579 1867 1716 1898 sensibus,
1744 1875 1794 1893 nec
1813 1868 1886 1901 quod

1099 1910 1275 1945 praestantius
1286 1916 1337 1942 est,
1350 1911 1435 1944 idest,
1444 1919 1520 1939 mcns
1530 1912 1565 1939 ab
1574 1912 1695 1939 inferiori
1707 1913 1887 1947 deprimatur.

1100 1957 1151 1984 huc
1165 1962 1216 1988 est,
1232 1957 1266 1984 ab
1281 1965 1313 1984 ea
1332 1962 1418 1992 parte,
1435 1965 1494 1992 qua:
1508 1958 1649 1986 affectibus
1669 1959 1787 1993 agitatur
1806 1963 1887 1993 atque

1099 2010 1114 2029 a
1129 2002 1235 2030 ratione
1249 2010 1344 2030 aversa
1360 2008 1411 2031 est.
1432 2004 1499 2030 Illud
1517 2004 1599 2031 etiam
1612 2005 1776 2037 cavendum,
1789 2014 1821 2032 nc
1837 2013 1888 2040 pro

1099 2054 1225 2083 serpente
1253 2049 1364 2076 fratrem
1403 2050 1466 2077 odio
1492 2050 1646 2083 insecteris,
1669 2051 1749 2084 idque
1773 2051 1886 2078 frustra.

1099 2094 1197 2127 Quidni
1211 2095 1283 2123 enim
1301 2095 1414 2127 frustra,
1433 2103 1494 2122 cum
1513 2096 1567 2123 alio
1579 2101 1675 2130 agente
1695 2102 1721 2124 et
1734 2097 1888 2131 impellente

1099 2141 1143 2167 alii
1157 2142 1213 2176 ipse
1229 2149 1402 2175 succenseas,
1414 2143 1590 2178 idemqnetibi
1606 2143 1711 2171 accidat
1723 2143 1794 2178 quod
1810 2144 1888 2170 cani-

1099 2189 1160 2220 bus,
1177 2190 1223 2224 qui
1239 2189 1344 2224 lapides
1360 2190 1495 2222 mordent,
1515 2197 1562 2217 eos
1580 2189 1627 2224 qui
1642 2190 1814 2224 projccerttnt
1832 2197 1886 2216 non

262 2235 382 2262 animum
396 2239 472 2261 tuutn
489 2237 584 2264 tentet,
599 2239 631 2260 ac
655 2231 712 2267 iam
739 2232 854 2268 jamque
878 2232 904 2259 in
923 2232 1044 2259 fraudem
1062 2242 1083 2269 υ
1098 2235 1256 2269 attingunt?
1284 2235 1325 2263 Ad
1347 2236 1511 2263 homicidam
1535 2236 1610 2263 illum
1625 2236 1819 2270 indignationis
1835 2242 1887 2263 tua:

263 2279 445 2315 impulsurum
466 2278 512 2311 sit,
532 2277 559 2304 in
575 2277 707 2304 memoria
724 2277 792 2304 habe
808 2276 934 2312 quisnam
962 2276 1046 2304 fueris

262 2331 325 2354 ante
356 2326 486 2354 violatum
521 2324 566 2352 Dei
594 2328 770 2358 praeceptum,
804 2331 900 2358 nempe
926 2323 1044 2359 paradisi

262 2372 340 2404 civis,
352 2375 378 2399 et
401 2378 448 2398 rex
469 2377 561 2398 eorum
577 2377 638 2405 qua:
651 2374 730 2398 terra:
747 2369 892 2404 complexu
907 2375 1044 2403 tenentur,

263 2424 344 2450 atque.
375 2416 403 2443 in
433 2415 518 2443 beata-
534 2415 596 2442 vita:
623 2415 727 2442 ratione
746 2415 863 2450 positus,
880 2423 894 2441 a
911 2423 963 2450 qua
984 2423 1048 2450 pro-

263 2464 355 2498 lapsus
370 2462 485 2497 periisti.
501 2462 528 2488 Si
546 2462 656 2496 paulum
672 2468 687 2488 a
700 2469 762 2488 vera
780 2465 809 2489 et
830 2465 904 2488 recta
920 2460 1045 2489 doctrina

263 2509 441 2541 aberraveris,
467 2512 572 2534 rectum
597 2507 647 2534 iter
677 2515 774 2534 rursus
791 2507 892 2542 arripe,
911 2511 992 2541 atque
1011 2506 1046 2534 ab

262 2562 356 2582 errore
377 2560 404 2582 et
426 2554 596 2588 digressione
614 2554 647 2581 ad
669 2554 786 2588 tcipsum
811 2554 1046 2588 redi,priusquam

261 2601 374 2627 omnino
398 2607 412 2627 a
434 2601 538 2626 ratione
553 2599 672 2631 excidas,
689 2604 770 2634 atque
791 2600 816 2626 in
840 2600 980 2626 lrrutorum
1001 2607 1049 2626 na-

262 2653 351 2674 turam
365 2646 523 2681 degeneres,
539 2653 712 2681 prmccpsquu
743 2647 775 2672 ad
800 2647 913 2673 exitium
934 2646 1047 2672 animie-

261 2701 315 2727 que
330 2693 468 2719 interitum
482 2699 555 2718 ruas.
572 2691 660 2726 Atque
674 2700 706 2719 cx
724 2693 806 2720 veteri
831 2700 919 2720 novus
929 2692 1048 2726 efficere,

262 2738 287 2764 id
306 2737 462 2769 cst,bonns
492 2743 525 2762 ex
552 2736 686 2770 improbo,
714 2737 810 2764 50rdes
837 2737 963 2764 ridciieet
984 2745 1047 2772 pce-

612 2824 637 2840 “
657 2825 727 2852 Psal.
750 2817 850 2856 curnt,
862 2825 921 2852 I5I.

557 2858 578 2874 ""
601 2859 677 2886 Itozn.
695 2867 752 2892 vni,
768 2861 813 2887 23.

295 2826 316 2840 '"
339 2824 418 2851 Prov.
440 2832 514 2856 xxxi,
529 2825 556 2852 8.

262 2861 284 2876 “
301 2859 379 2886 Korn.
397 2867 453 2891 xw,
475 2860 518 2887 I5.

978 2825 1001 2841 ⁸³
1020 2825 1120 2852 Jerem.
1138 2834 1175 2857 Is,
1191 2827 1235 2855 21.

851 2860 1013 2894 “habui,
1031 2861 1075 2887 ‘25.

1097 2280 1232 2308 flammam
1247 2286 1387 2314 converte,
1404 2281 1438 2308 ad
1454 2281 1529 2308 illum
1551 2282 1655 2316 peccati
1669 2283 1848 2308 architectum
1860 2287 1888 2309 et

1097 2324 1222 2360 opiﬁcem
1244 2333 1251 2352 :
1270 2325 1380 2353 fratrem
1399 2330 1503 2359 autem,
1519 2325 1566 2361 qui
1593 2326 1665 2353 illius
1690 2327 1808 2361 impulsu
1824 2334 1888 2361 pec-

1097 2375 1152 2403 cat,
1167 2371 1309 2402 miserare,
1319 2378 1368 2405 pro
1384 2379 1448 2406 quo,
1460 2373 1533 2399 sicut
1544 2371 1690 2407 Apostolus
1702 2373 1734 2399 af
1746 2372 1888 2400 Romanos

1098 2416 1192 2443 scribit
1208 2416 1240 2447 ⁸⁸,
1256 2416 1381 2444 Christus
1403 2422 1527 2445 mortuus
1550 2422 1601 2449 est,
1624 2423 1651 2445 ct
1672 2425 1735 2445 cum
1761 2418 1832 2445 Deus
1855 2426 1887 2446 ac

1102 2462 1231 2489 Dominus
1249 2468 1330 2493 esset.
1346 2463 1429 2490 frater
1450 2469 1514 2491 tuus
1532 2463 1644 2492 eerctus
1659 2469 1711 2492 est.
1726 2463 1786 2498 Ipse
1801 2464 1886 2496 enim,

1101 2513 1129 2535 ut
1145 2508 1246 2536 Paulus
1272 2514 1387 2537 testatur
1404 2509 1438 2541 ",
1454 2515 1497 2537 est
1512 2510 1708 2545 primogenitus
1739 2510 1764 2536 in
1792 2510 1887 2537 multis

1099 2556 1242 2584 fratribus.
1259 2557 1348 2591 Atque
1361 2558 1428 2584 adeo
1441 2557 1497 2592 ipse
1507 2557 1577 2592 apud
1591 2556 1716 2584 Davidem
1728 2563 1743 2583 a
1755 2557 1761 2582 I
1775 2555 1886 2583 Patrem

1099 2604 1136 2630 ita
1149 2603 1267 2638 loquitur
1280 2613 1286 2629 :
1302 2603 1426 2630 Narrabo
1441 2612 1532 2630 nomen
1549 2608 1621 2630 tuum
1635 2603 1762 2637 fratribus
1777 2604 1840 2629 nisi;
1850 2602 1886 2631 ⁸⁸.

1099 2648 1137 2675 Ac
1167 2652 1296 2682 praeterea
1331 2648 1445 2682 ipsemet
1478 2648 1504 2675 in
1531 2647 1675 2682 Emnguho
1695 2647 1728 2674 ad
1755 2647 1887 2674 mulieres

1099 2694 1227 2721 dicebat:
1248 2693 1299 2726 lle,
1321 2695 1479 2720 annuntiat:
1497 2693 1626 2728 fratribus
1649 2694 1712 2720 meis
1725 2693 1758 2719 π’.
1772 2691 1814 2725 Ei,
1838 2692 1887 2727 qui

1099 2740 1228 2766 virtutum
1257 2739 1401 2774 splendore
1424 2745 1451 2766 et
1480 2740 1565 2774 gloria
1582 2739 1669 2770 ﬂoret,
1691 2747 1726 2766 ne
1750 2739 1886 2772 inrideas,

1287 2828 1311 2844 ⁸⁵
1321 2827 1390 2855 Gen.
1407 2836 1446 2860 ιιι,
1467 2828 1508 2855 IS.

1113 2863 1136 2878 ⁸³
1153 2863 1246 2888 Matth.
1265 2870 1359 2896 χιιι-ιιι,
1380 2863 1422 2890 I0.

1567 2828 1590 2844 ⁸⁵
1610 2827 1681 2855 I‘sal.
1702 2835 1804 2859 sum,
1836 2828 1883 2855 10.
