2058 3159
207 263 276 295 1425

647 268 807 298 NICETAS
830 269 869 299 IN
889 269 1002 300 ORAT.
1023 270 1120 301 XLII]
1143 272 1173 302 S.
1192 272 1306 302 GREG.

1758 277 1825 308 “26

204 319 268 347 illud
289 325 423 355 cogitans.
437 323 510 356 quod
539 327 567 350 tu
595 331 705 358 quoque
733 325 863 353 invidiam
888 326 988 354 diaboli
1006 331 1025 358 Α
1043 333 1067 353 rt
1080 329 1233 357 institutum
1249 330 1394 366 delegeris,
1410 333 1443 360 da
1464 340 1574 364 operam
1601 338 1629 360 ut
1648 335 1673 360 in
1694 344 1726 362 eo
1740 344 1824 365 novos

204 365 326 398 sensisti,
341 366 375 393 ab
399 374 488 402 eoque
515 369 552 395 ita
574 368 691 396 inﬂexus
711 378 750 402 es,
771 378 800 398 ut
819 371 913 403 Dettm,
928 380 989 399 eum

202 409 366 443 cognitionis
381 411 454 446 ligno
467 413 661 447 interdixisset,
679 415 725 443 tibi
743 417 862 443 invidere
876 425 989 452 persua—

201 455 279 482 deres
293 463 300 482 :
315 463 376 491 quae
394 458 441 484 tibi
457 459 638 494 prolapsionis
648 469 731 489 causa
750 461 809 489 fuit.
828 462 988 499 Lacrymam

202 501 320 531 hominis
336 503 362 531 in
379 508 405 532 te
425 505 557 534 intuentis
571 512 597 534 et
612 508 788 543 plorantis,ae
802 510 989 538 misericordia

201 547 360 583 indigentis,
377 558 410 578 ne
425 552 571 580 crudeliter
586 559 756 588 contemnas,
772 557 837 584 illud
849 561 988 591 reputans,

201 598 227 620 te
242 595 336 622 multis
351 603 460 631 quoque
483 598 612 634 lacrymis
634 600 714 635 digna
732 609 843 635 passum
859 610 930 636 esse,
946 603 988 630 ni-

152 647 158 653 -
201 639 299 666 mirum
315 642 443 675 paradiso
455 645 642 678 exturbatum,
661 647 743 674 morti
767 652 795 674 et
817 649 988 683 corruptionl

201 684 348 719 addictum,
357 690 492 716 sexcentis
501 695 673 724 peccatorum
683 693 828 727 generibus
837 694 988 722 involutum

200 735 283 766 alque
296 740 520 768 conspurcatum.
539 736 570 763 Et
587 742 676 765 tamen
693 739 909 767 misericordiam
923 748 989 768 con-

201 780 312 804 secutus
325 785 365 810 es,
384 780 550 814 paradisum,
573 790 655 816 quem
679 785 781 811 veteris
793 785 889 812 Adatui
908 786 988 820 culpa

202 822 371 857 perdideras,
385 826 447 851 novi
462 826 557 853 Adami
578 828 709 856 beneﬁcio
724 836 820 857 rursus
833 835 987 860 assecutus.

199 866 349 902 l’aupercm
367 878 481 898 vacuant
498 881 530 899 ne
546 881 560 900 a
585 878 609 900 tc
627 875 703 902 abire
723 875 820 909 iubeas
835 885 842 903 :
858 878 987 912 quoniam

199 920 262 941 cum
278 919 306 942 tu
323 924 432 950 quoque
445 923 564 946 extrema
580 921 701 948 omnium
717 922 852 950 bonorum
870 928 990 958 egestate

200 961 373 993 premereris,
393 970 426 990 eo
441 964 597 992 divitiarmu
612 973 660 1000 per
681 967 847 1002 baptismum
862 970 986 1003 evasisti,

1041 375 1163 408 quotidie
1179 383 1340 411 progressus
1357 378 1450 406 iacias.

1074 421 1134 448 Col.
1155 422 1207 450 615
1224 422 1253 450 Β.
1274 423 1341 456 Quae
1355 426 1402 452 sub
1413 426 1478 460 jugo
1493 428 1565 459 eam,
1581 427 1633 456 Deo
1649 437 1747 464 quoque
1761 438 1826 457 uou-

1041 466 1107 494 nihil
1141 468 1202 495 date
1227 478 1233 496 :
1260 477 1464 505 prcoccupatat,
1495 477 1547 500 etc.
1577 473 1663 509 Leges
1682 477 1825 503 constituit

1041 511 1193 548 Theologus
1209 518 1262 541 tam
1280 516 1433 550 conjugatis
1450 517 1622 549 mulieribus,
1638 526 1719 554 quam
1736 527 1751 546 a
1769 528 1827 547 ma.

1040 558 1161 586 trimonii
1186 559 1253 595 jugo
1289 561 1401 593 liberis,
1433 563 1605 591 occasionem
1636 564 1670 591 ab
1696 565 1827 600 Apostolo

1041 609 1148 636 nactus,
1166 605 1212 640 qui
1234 606 1267 633 ad
1286 606 1443 636 Corinthios
1459 609 1581 636 scribens
1607 611 1715 645 nuptias
1731 611 1826 638 vincu-

1040 649 1095 676 lunl
1121 650 1255 683 nominat,
1279 652 1461 687 virginitatem
1488 658 1577 682 autem
1607 655 1770 683 solutionem
1795 662 1827 685 et

1039 697 1204 724 libertatem.
1217 697 1263 725 Ait
1275 698 1346 725 enim
1365 708 1371 725 :
1389 699 1521 733 Alligatus
1536 709 1563 728 ει
1577 703 1673 729 uxori?
1686 703 1740 729 noli
1755 711 1826 738 qure-

1041 750 1097 769 rere
1107 743 1274 771 solutionem.
1288 744 1399 771 Solutus
1414 753 1441 772 et
1463 745 1495 772 ab
1516 748 1619 774 uxore?
1643 749 1698 775 noli
1711 757 1826 783 (μων-ενι

1040 796 1148 815 timorem
1164 791 1198 817 ".
1219 789 1251 817 Et
1264 797 1361 818 rursus
1378 799 1384 817 τ
1402 791 1468 823 Qum
1493 800 1543 818 non
1566 794 1665 827 nupsit,
1679 800 1754 821 curat
1769 803 1827 830 quin

1039 840 1099 862 sunt
1115 836 1232 868 Domini,
1247 842 1275 863 ut
1285 837 1318 864 sit
1331 842 1424 864 sancto
1439 846 1547 874 corpore
1564 844 1589 866 et
1604 841 1709 874 spiritu.
1720 841 1786 874 Qua:
1799 843 1827 868 in

1041 882 1211 910 matrimonio
1234 889 1282 916 est,
1295 889 1371 910 curat
1396 893 1454 918 qute
1477 886 1641 912 matrimonii
1668 892 1740 918 sunt,
1762 895 1827 922 quo-

1040 927 1117 953 modo
1134 929 1267 961 placitura
1289 930 1321 956 sit
1341 931 1397 956 viro
1412 930 1447 958 ".
1477 929 1623 958 Videamus
1645 932 1728 967 igitur
1743 940 1825 968 quam

1040 973 1152 1006 pulchre
1167 974 1297 1010 Theologi
1312 976 1457 1004 consilium
1480 984 1542 1004 cum
1560 978 1716 1012 apostolicis
1734 979 1826 1006 verbis

200 1009 229 1031 ut
245 1005 314 1034 deus
329 1008 442 1036 ell‘ertus
459 1011 505 1037 sis.
526 1011 640 1040 Divinos
660 1014 733 1041 enim
748 1015 901 1049 baptismus
915 1017 986 1044 divi-
1001 1022 1024 1051 Β
1039 1024 1179 1046 consonet.
1207 1020 1283 1053 Quae,
1302 1022 1401 1056 inquit,
1420 1023 1471 1050 sub
1485 1023 1551 1057 jugo
1565 1024 1641 1055 estis,
1658 1024 1825 1051 matrimonii

200 1052 293 1081 uitatis
306 1059 346 1082 est
363 1056 489 1083 arrhabo.
507 1058 585 1091 Quod
609 1061 630 1086 si
643 1062 772 1096 pauperis
787 1063 906 1098 inopiam
923 1064 989 1091 libe-

200 1098 306 1125 ralitate
320 1103 365 1127 tua
381 1101 524 1130 Suhlevare
542 1111 596 1130 non
619 1105 669 1136 vis.
689 1111 716 1133 at
735 1107 800 1133 illud
818 1109 913 1135 saltent
931 1117 944 1136 a
963 1113 988 1137 te

199 1143 368 1179 impetretur,
379 1155 412 1175 ne
423 1149 455 1175 ad
471 1151 597 1184 pauperis
609 1154 815 1187 oppressionem
828 1155 986 1183 divitiarum

198 1191 301 1218 auxilio
316 1193 449 1221 abutaris.
466 1194 533 1222 Nam
551 1196 576 1222 id
589 1205 697 1233 quoque
708 1207 761 1226 non
775 1202 851 1234 parvi
864 1201 986 1228 beuelleii

198 1236 258 1263 loco
285 1237 441 1266 ducendum
468 1247 519 1273 est,
549 1250 610 1269 cum
641 1245 716 1271 avari
746 1247 780 1273 ab
808 1247 907 1281 injuria
935 1248 986 1275 sibi

197 1287 358 1317 t-uuperant.
375 1284 551 1320 Peregrinum
576 1297 610 1317 ne
637 1295 807 1326 contemnas,
829 1301 863 1320 ne
890 1302 986 1322 rursus

197 1328 323 1362 paradiso
335 1331 461 1358 exsulare
474 1334 581 1367 cogaris
596 1343 603 1367 ;
622 1343 717 1363 verum
746 1337 835 1371 ipsum
866 1339 984 1374 suscipe,

195 1374 324 1406 quoniam
345 1375 402 1410 ipse
424 1378 506 1404 etiam
522 1378 648 1408 Christus
664 1388 776 1417 propter
795 1391 857 1411 eum
873 1393 985 1420 peregre

195 1420 264 1453 apud
290 1429 340 1448 nos
365 1429 489 1451 versatus
514 1431 565 1455 est.
589 1427 694 1455 Etenim
721 1430 801 1464 quasi
827 1431 933 1459 alienus
950 1433 983 1460 ad

195 1466 302 1500 propria
319 1468 402 1500 venit,
418 1474 447 1496 ut
473 1472 646 1506 peregrinum
672 1480 784 1502 ornaret
811 1480 894 1511 atque
923 1477 985 1504 illu~

194 1516 304 1540 straret.
331 1513 416 1548 Cujus
445 1516 555 1551 quidem
585 1517 687 1547 Christi
711 1528 808 1549 omnes
833 1523 944 1550 adventu
958 1528 985 1550 et

195 1559 316 1593 hospites
333 1569 438 1594 sumus,
475 1569 529 1590 ttun
561 1565 624 1599 quia
648 1566 715 1592 nihil
741 1569 882 1601 proprium
900 1569 983 1596 babe-

194 1611 272 1632 mus:
292 1606 376 1640 ipsius
390 1608 460 1635 enim
474 1615 538 1636 sunt
551 1611 655 1643 omnia,
667 1612 744 1646 juxta
760 1613 826 1640 illud
849 1613 958 1642 Davidis
973 1624 981 1642 :

194 1651 299 1679 Domini
315 1658 353 1680 est
367 1659 437 1681 terra
453 1660 476 1682 ινι
494 1656 629 1690 plenitudo
644 1658 702 1690 eius
721 1659 763 1692 "’;
781 1663 839 1686 tum
857 1662 921 1695 quia
940 1663 983 1689 hic

193 1699 297 1726 lirmam
314 1707 345 1727 ac
362 1701 486 1728 stabilem
504 1703 594 1730 sedem
614 1712 667 1731 non
685 1705 826 1737 habemus,
845 1714 936 1734 verum
949 1709 982 1735 ad
996 1700 1017 1728 (ἶ

191 1750 204 1770 s
217 1751 337 1778 :pernam
354 1748 467 1781 patriam
486 1755 676 1782 properamus.
698 1750 725 1777 id
743 1752 814 1785 quod
832 1759 881 1780 nec
903 1753 982 1780 Davi-

191 1790 251 1816 dem
269 1791 346 1825 fugit,
371 1799 402 1818 ac
427 1793 537 1827 proinde
562 1795 594 1820 ad
621 1794 704 1822 Deum
730 1796 981 1826 dicebat2Advcna

189 1843 236 1870 ego
254 1845 311 1863 sum
332 1838 403 1871 apud
425 1843 447 1865 te
470 1844 494 1865 et
511 1842 676 1875 peregrinus,
695 1843 763 1869 sicut
783 1852 871 1871 ontnes
891 1851 980 1879 patres

191 1882 288 1910 mei".
312 1881 405 1917 Egenti
427 1889 541 1918 tectum,
570 1892 682 1918 vestem,
707 1889 798 1915 cibum
826 1891 980 1923 suppedila,

190 1927 241 1954 hoc
258 1932 310 1961 est,
334 1936 446 1963 parvum
474 1930 665 1963 diversorium.
683 1937 710 1959 et
734 1934 939 1968 indumentum,
955 1927 996 1964 et.

189 1981 298 2006 panem,
314 1979 341 2001 et
359 1982 402 2002 res
417 1977 599 2008 necessarias,
615 1978 716 2011 quibus
732 1979 799 2013 ipse,
817 1981 886 2007 ultra
898 1989 979 2016 quam

189 2027 256 2045 usus
274 2020 403 2054 postulet,
419 2021 548 2048 deliciosc
561 2022 662 2050 alliuis.
674 2022 767 2059 Neque
780 2026 852 2053 eniln
868 2027 979 2055 domum

189 2066 349 2099 simpliciter
363 2067 457 2100 habes,
475 2068 521 2095 sed
538 2069 655 2104 amplam
668 2075 695 2097 et
715 2073 887 2106 magnilicam
905 2081 911 2106 ;
929 2081 980 2102 nec

189 2112 376 2139 imlmncntum
398 2121 491 2145 llllllill,
508 2115 555 2142 sed
572 2116 656 2142 multa
679 2121 704 2143 et
724 2118 799 2144 vario
816 2126 897 2153 opere
911 2126 978 2147 cou—

189 2158 258 2185 t’ecta
276 2167 281 2191 ;
303 2167 351 2185 nec
364 2167 459 2193 panem
473 2160 506 2187 ad
519 2162 642 2195 corporis
659 2163 851 2191 necessitatem
868 2164 979 2193 demen-

187 2212 259 2236 sum,
277 2205 322 2231 sed
345 2205 444 2232 horrea
473 2207 548 2233 omni
574 2207 713 2236 fructuum
742 2217 841 2244 genere
865 2210 977 2240 referta.

189 2249 301 2277 Divitias
320 2259 351 2276 ne
367 2255 488 2286 expetas,
510 2253 560 2279 nisi
579 2253 726 2289 indigentis
739 2255 837 2290 inopiae
849 2257 976 2284 solatium

187 2297 321 2324 allaturus
338 2297 384 2324 sis.
409 2297 526 2325 Remitte
542 2299 664 2334 debenti,
683 2301 706 2328 si
725 2301 789 2336 quid
810 2302 901 2335 debet,
920 2304 978 2331 sive

187 2343 327 2377 pecunias,
353 2344 410 2371 sive
432 2345 572 2379 injuriam,
597 2346 655 2374 sive
679 2347 797 2383 denique
824 2349 975 2384 simplicem

187 2391 334 2423 quamdam
362 2392 608 2425 cxpostulationem
641 2401 648 2420 :
683 2394 901 2429 quandoquidem
928 2395 975 2422 tibi

185 2443 294 2470 quoque
308 2435 433 2463 Christus
450 2443 560 2471 peccata
577 2439 710 2465 adversus
725 2439 811 2474 ipsum
829 2441 975 2468 commissa

187 2483 361 2511 eoudouavit.
387 2484 516 2512 illiset-are
543 2487 732 2515 misericordia
753 2488 864 2523 dignum
883 2497 889 2516 ε
906 2497 974 2523 quo-

187 2530 259 2557 niam
276 2531 323 2558 tibi
336 2539 447 2566 quoque
464 2534 678 2562 misericordiam
694 2534 826 2569 impertiit
837 2535 972 2562 Christus.

187 2576 364 2604 Humanitate
388 2585 451 2614 erga
475 2579 628 2614 indigentes
652 2580 699 2607 Dei
713 2581 906 2615 benignitnletn
923 2581 974 2607 hu.

187 2624 401 2659 manitatemque
419 2626 465 2652 tibi
489 2626 603 2653 concilia
621 2627 728 2661 (justus
741 2629 812 2653 enim
830 2627 873 2653 illc
890 2627 970 2662 jmlex

187 2671 403 2698 miseric0rdiam
419 2678 496 2698 suam
513 2676 605 2698 nostra
621 2672 807 2699 misericordia
823 2673 971 2707 expendit)

185 2718 306 2752 quaudiu
332 2718 393 2744 vitze
423 2722 528 2753 tempus
561 2718 692 2753 suppetit.
731 2719 782 2745 Per
807 2719 970 2747 laudabilem

185 2763 398 2798 praeclaramque
424 2762 641 2790 immutationem
677 2767 750 2789 tuam
782 2764 864 2791 vitam
894 2765 971 2791 vitre-

187 2817 240 2843 que
267 2809 397 2836 rationem
429 2810 538 2842 innova,
568 2810 619 2836 hoc
650 2813 702 2840 cst.
719 2809 775 2835 sive
805 2809 970 2843 ctelibalum,

187 2856 245 2882 sive
262 2855 477 2886 tuatrimonium,
495 2856 552 2882 sive
568 2855 640 2882 aliud
655 2854 790 2889 quoddam
808 2855 869 2882 vita:
885 2862 970 2890 genus

223 2971 245 2988 9°
262 2971 425 3004 l’sal..xxul,
442 2972 464 2999 Ι.

504 2972 523 2987 ⁵¹
545 2971 616 3000 Psal.
633 2979 747 3005 xxxvi”,
769 2971 809 2998 l5.
829 2972 851 2987 θ’
865 2971 873 2998 l
888 2971 941 2998 Cor
968 2977 1015 3003 vlt,
1031 2969 1076 2996 27.

1039 1064 1104 1099 jugo
1120 1065 1252 1100 copulata).
1267 1075 1274 1092 :
1292 1067 1513 1102 quandoquidem
1530 1074 1725 1104 praeoccupato:
1747 1070 1824 1102 estis,

1041 1110 1090 1137 hoc
1113 1115 1165 1143 est,
1187 1118 1328 1147 praecepta:
1362 1118 1445 1148 atque
1471 1115 1630 1148 prazstrictte
1659 1115 1823 1142 matrimonii

1039 1156 1164 1188 vinculis,
1181 1157 1263 1185 facite
1280 1163 1307 1185 ut
1328 1159 1486 1186 nonnullam
1500 1167 1607 1195 quoque
1623 1161 1703 1187 vcslri
1721 1165 1823 1196 partem

1040 1203 1093 1231 Deo
1115 1203 1195 1236 detis,
1221 1212 1270 1232 nec
1290 1206 1392 1232 mundo
1412 1214 1525 1240 prorsus
1548 1207 1749 1242 astringamini.
1770 1208 1823 1236 Vos

1038 1254 1126 1278 autem
1144 1252 1273 1286 virgines,
1286 1260 1346 1287 qua:
1362 1254 1443 1281 nullis
1455 1254 1571 1281 vinculis
1587 1255 1688 1282 tumulo
1705 1257 1824 1283 astricta:

1038 1297 1112 1329 estis,
1130 1297 1177 1325 sed
1194 1304 1225 1324 ea
1244 1302 1360 1331 tantum,
1377 1307 1437 1333 qua:
1452 1299 1496 1325 Dei
1513 1305 1588 1331 sunt,
1600 1301 1712 1333 curatis,
1730 1302 1822 1327 omnia

1038 1343 1064 1369 in
1077 1343 1235 1371 universum
1251 1345 1324 1371 date.
1346 1344 1438 1380 Neque
1457 1346 1528 1372 enim
1553 1346 1604 1373 sub
1619 1346 1682 1385 jugo
1701 1347 1776 1381 estis.
1795 1352 1824 1374 ut

1038 1397 1099 1424 pars
1117 1391 1203 1419 solum
1228 1392 1318 1427 aliqua
1340 1399 1353 1418 a
1379 1393 1456 1419 vobis
1472 1395 1634 1430 postulanda
1651 1397 1685 1423 sit
1704 1406 1710 1422 :
1729 1404 1821 1423 verum

1037 1436 1143 1468 solutae,
1160 1442 1240 1472 atque
1263 1446 1277 1464 τι
1309 1437 1402 1464 mundi
1429 1442 1504 1468 curis
1524 1442 1624 1468 liberte.
1650 1441 1688 1468 Ac
1710 1441 1823 1475 proinde

1036 1483 1108 1517 quod
1126 1490 1189 1517 pars
1204 1483 1368 1519 conjugatis,
1393 1486 1444 1514 hoc
1468 1487 1544 1514 vobis
1560 1486 1713 1522 virginibus
1738 1490 1822 1514 lotum

1035 1535 1087 1557 cst.
1112 1530 1179 1558 Illud
1205 1535 1296 1559 autem
1320 1533 1373 1566 his,
1393 1541 1454 1568 qua:
1476 1533 1546 1560 dicta
1575 1537 1650 1566 sunt,
1665 1533 1823 1560 necessario

1035 1576 1235 1611 adjungendum
1257 1584 1310 1613 est,
1328 1580 1400 1614 quod
1426 1579 1531 1607 etiamsi
1552 1579 1615 1614 quis
1639 1583 1769 1614 quantum
1789 1580 1822 1606 ad

1035 1629 1134 1656 corpus
1159 1623 1341 1658 virginitatem
1366 1625 1455 1653 colere
1480 1625 1613 1660 videatur,
1638 1626 1661 1654 si
1686 1629 1776 1653 tamen
1796 1625 1822 1652 in

1035 1668 1125 1694 anima
1148 1676 1259 1703 parvam
1275 1671 1419 1705 quamdam
1444 1672 1675 1707 concupiscentite
1703 1672 1821 1699 radicem

1033 1715 1161 1749 excipiat,
1182 1715 1203 1742 is
1224 1716 1280 1750 jam
1306 1724 1356 1744 nec
1378 1717 1529 1744 libertatem
1563 1725 1614 1745 nec
1640 1717 1822 1752 Vll'glltllalt‘lll

1032 1761 1130 1788 retinet
1145 1770 1153 1788 :
1170 1762 1218 1788 sed
1239 1770 1271 1788 ex
1285 1763 1356 1796 turpi
1372 1771 1404 1790 ac
1418 1763 1488 1790 fmda
1510 1763 1646 1798 voluptate
1660 1772 1740 1798 quam
1759 1772 1820 1790 sur-

1034 1807 1128 1842 ripuit,
1145 1808 1170 1834 iu
1188 1808 1347 1835 servitutem
1366 1809 1472 1839 incidit,
1489 1810 1653 1843 virginitatis
1669 1810 1819 1836 libertatem

1032 1853 1093 1887 luga
1110 1852 1252 1880 deserens.
1273 1852 1350 1886 Quod
1368 1861 1432 1881 cum
1460 1854 1630 1889 exploratum
1654 1855 1787 1886 habeatis,
1804 1864 1821 1881 υ

1031 1899 1160 1934 virgines,
1182 1906 1216 1926 eo
1227 1899 1377 1926 studiosius
1394 1899 1471 1927 vobis
1489 1900 1706 1934 prospiciendum
1722 1905 1773 1933 est,
1788 1909 1821 1928 ne

1033 1944 1147 1978 turpiter
1160 1949 1186 1972 et
1202 1945 1311 1973 sordide
1328 1952 1360 1971 ac
1373 1944 1466 1972 furtim
1484 1946 1619 1980 impuram
1632 1950 1658 1974 et
1669 1946 1817 1973 adulteram

1031 1989 1195 2024 voluptatem
1214 1991 1337 2026 rapiatis,
1360 1999 1409 2019 nec
1428 1992 1577 2026 virgineam
1603 1992 1753 2020 libertatem
1777 1992 1817 2019 lu-

1031 2035 1121 2070 giatis,
1144 2038 1273 2065 nimirum
1292 2046 1354 2066 cum
1371 2038 1404 2066 iis
1419 2038 1583 2070 habitantes,
1600 2046 1669 2073 quos
1693 2039 1818 2065 συνεισά-

1030 2091 1122 2115 κτους,
1141 2083 1192 2111 hoc
1206 2088 1257 2115 est,
1279 2084 1478 2112 introductitios
1506 2085 1618 2118 dicunt;
1643 2086 1689 2120 qui
1710 2085 1817 2120 quidem

1031 2128 1083 2156 etsi
1102 2130 1268 2157 matrimonii
1281 2130 1338 2166 iege
1363 2139 1536 2166 nequaquam
1565 2131 1613 2159 viri
1642 2132 1720 2159 vestri
1745 2136 1818 2162 sunt,

1030 2181 1128 2202 natura
1159 2180 1249 2203 tamen
1283 2177 1333 2203 viri
1368 2181 1443 2205 sunt.
1473 2177 1558 2204 Porro
1585 2177 1815 2212 quemadmodum

1029 2221 1199 2255 periculosus
1212 2226 1256 2249 est.
1271 2222 1340 2257 ignis
1355 2223 1461 2257 stipula:
1473 2222 1612 2254 admotus,
1625 2223 1718 2249 eodem
1737 2223 1816 2248 modo

1029 2271 1124 2298 parum
1140 2269 1229 2293 tntum
1244 2271 1286 2294 est
1309 2267 1461 2302 virginibus
1477 2275 1549 2294 cura:
1568 2271 1649 2302 atque
1665 2267 1742 2294 ollieii
1762 2266 1809 2293 fras

1029 2309 1098 2335 terni
1126 2313 1254 2342 praetextu
1280 2310 1481 2337 introductitios
1507 2311 1580 2337 viros
1597 2311 1697 2337 habere
1720 2314 1814 2336 contu-

994 2369 1014 2396 υ
1030 2352 1166 2379 hcrnales.
1191 2352 1258 2379 Nam
1283 2353 1389 2381 etiamsi
1410 2353 1527 2381 lortassc
1552 2354 1691 2388 pudicitim‘
1707 2354 1813 2381 laudem

1030 2396 1156 2428 habeant,
1186 2396 1243 2423 lieri
1272 2401 1361 2423 tamen
1393 2404 1446 2422 non
1471 2401 1558 2429 potest
1576 2397 1653 2430 quin,
1679 2404 1741 2424 eum
1768 2405 1815 2425 eos

1029 2442 1178 2474 intuentur,
1199 2442 1345 2476 voluptatis
1356 2441 1520 2476 cogitatione
1535 2446 1688 2476 tangantur,
1705 2450 1736 2468 ac
1753 2450 1813 2477 per-

1028 2487 1116 2522 petuis
1137 2487 1238 2514 amoris
1260 2487 1443 2513 incitamentis
1468 2487 1631 2518 crucientur,
1647 2486 1815 2521 llatnmmque

1027 2533 1225 2561 suscitabulum
1249 2537 1331 2567 atque
1358 2532 1503 2567 igniculum
1531 2533 1656 2559 habeant.
1679 2532 1733 2567 Ego
1751 2540 1813 2559 vero

1030 2585 1082 2605 non
1098 2577 1254 2611 hujusmodi
1273 2581 1378 2603 tantum
1395 2576 1565 2604 contubernii
1583 2575 1812 2603 necessitudinem

1028 2624 1197 2651 interdictam
1213 2623 1284 2654 volo,
1300 2623 1346 2650 sed
1357 2630 1418 2650 eam
1434 2630 1542 2658 quoque
1556 2630 1683 2649 exsecror
1698 2629 1811 2649 consue‘

1027 2670 1158 2701 tudinem,
1174 2676 1234 2703 qua:
1252 2668 1450 2703 prospiciendis
1465 2673 1539 2695 trans
1563 2667 1697 2695 fenestras
1715 2672 1811 2702 pl‘al'le-

1026 2715 1166 2742 reuutibus
1189 2723 1236 2750 per
1263 2714 1380 2741 medium
1401 2721 1490 2741 acrem
1519 2713 1701 2742 contrahitur.
1732 2713 1810 2747 Saepe

1024 2762 1095 2789 enim
1121 2761 1229 2793 accidit,
1247 2766 1276 2788 ut
1293 2768 1341 2796 per
1355 2760 1540 2795 importunum
1559 2764 1697 2794 aspectum
1721 2759 1810 2786 aculei

1025 2807 1120 2835 mortis
1138 2806 1164 2833 in
1180 2811 1275 2841 pectus
1291 2806 1421 2840 irrepant.
1434 2804 1562 2831 Nonnulli
1574 2808 1664 2831 autent
1681 2805 1810 2838 ignoran-

1024 2859 1073 2886 tes,
1082 2860 1110 2881 ut
1123 2853 1237 2887 videtur,
1247 2853 1358 2888 quinam
1370 2852 1423 2880 sint
1436 2851 1514 2887 ii,qui
1527 2850 1704 2878 introductitii
1718 2850 1813 2878 dicun—

1115 2970 1137 2986 ⁵³³
1155 2969 1220 2997 ibid.
1233 2970 1276 2997 ‘22.
