2058 3159
260 252 327 284 i427

962 253 1152 282 ADDEXDL

1813 250 1881 282 1428

260 315 314 342 tur,
326 318 383 340 eos,
394 314 461 344 quos
474 310 516 335 hic
529 317 582 335 non
594 309 666 336 viros
675 309 794 344 quidem.
808 309 854 336 sed
870 310 940 337 viros
951 315 1041 336 tamen
1057 318 1078 343 Α
1096 312 1186 338 omnia
1213 312 1345 346 experiris
1359 332 1365 343 ,
1381 320 1412 338 ae
1439 314 1578 345 propterea
1597 310 1688 337 animo
1706 318 1735 336 es
1751 309 1831 336 hilari
1852 315 1881 336 et

260 357 376 390 appellat
398 355 564 390 Gregorius,
585 356 727 383 eunuchos
751 363 811 382 esse
833 356 1043 390 haudquaquam

261 407 333 428 recte
348 402 573 435 interpretantur,
588 401 721 436 aiuntque
741 402 840 428 multas
862 402 1000 433 mulieres,
1017 406 1045 428 ut

261 447 424 481 virginitatis
440 447 595 481 opinionem
612 447 682 482 apud
695 447 792 483 vulgus
806 447 944 482 colligant,
959 455 1046 474 eunu-

260 493 319 520 chis
335 501 435 528 corpus
451 502 532 521 suum
548 494 723 522 substernere
739 494 838 526 solere,
853 494 925 528 quod
943 494 1046 521 semine

259 544 392 565 careant:
407 539 454 572 qui
474 539 583 574 quidem
602 547 652 567 nec
670 539 720 566 viri
741 539 849 566 dieeudi
870 539 935 570 sint,
954 543 1046 572 utpote

261 585 438 619 progignendi
455 586 507 612 vim
523 593 577 612 non
593 586 740 618 habentes,
753 589 780 612 et
797 591 886 611 tamen
904 585 952 611 viri
971 584 1025 611 sint
1038 604 1044 615 ,

259 630 388 664 quoniam
406 638 468 658 cum
485 631 646 658 mulieribus
661 631 749 665 stupri
763 630 960 658 commercium
977 629 1047 656 inire

261 682 382 710 possunt.

295 721 354 750 Col.
366 723 418 750 615
427 723 457 752 Β.
470 723 605 756 Proceres,
613 725 784 758 potentiorem
796 724 896 757 timete,
905 727 958 751 etc.
968 723 1047 751 Plin-

261 769 337 803 cipes
352 776 383 795 ac
408 769 550 802 praefectos
568 770 697 804 congruis
723 769 889 804 utilibusque
907 768 1048 803 praceptis

261 814 372 841 instruit
395 814 560 850 Theologus.
577 814 718 849 Principes
730 836 737 848 ,
755 816 860 850 inquit,
882 814 985 847 Deum,
1003 815 1047 849 qui

262 866 312 886 Vos
323 861 441 894 potentia
460 865 592 895 superat,
615 861 717 892 timete,
735 868 784 888 nec
809 865 943 895 potestate
960 865 1048 888 vestra

263 905 298 932 ad
310 905 450 933 avaritiam
463 906 617 933 abutimini.
630 906 664 934 Et
672 908 719 941 qut
732 906 758 933 in
770 907 933 934 sublimibus
944 906 1048 934 thronis

263 951 341 978 vobis
356 952 479 986 placetis,
496 957 522 979 et
538 952 713 987 supercilium
731 952 1047 983 attollitis.Altissimum

263 997 443 1030 extimescite,
460 1005 511 1024 nec
529 998 661 1025 adversus
677 997 820 1025 inferiores
835 997 952 1031 superbe
966 1001 1049 1032 atque

265 1047 425 1077 arroganter
437 1043 604 1077 etl‘eramini,
618 1051 669 1071 nec
684 1043 786 1078 iniquis
799 1042 912 1078 judiciis
924 1043 1048 1071 subditos

265 1093 370 1116 vestros
386 1089 557 1123 opprimatis.

302 1133 343 1161 Ne
356 1135 420 1169 quid
439 1136 579 1163 admireris
591 1158 598 1169 ,
618 1141 670 1164 etc.
688 1136 833 1172 Postquam
848 1137 1006 1172 separatim,
1023 1141 1049 1164 et

264 1180 441 1215 coniugatis,
469 1186 497 1209 et
522 1181 684 1217 virginitatis
701 1183 871 1216 cultoribus,
901 1189 929 1211 et
955 1191 1050 1211 rursus

266 1226 435 1261 principibus
450 1234 482 1255 ac
497 1227 631 1261 prarfectis
647 1233 780 1263 praecepta
797 1229 887 1263 dedit,
903 1234 1051 1264 aptumque

265 1271 364 1305 cuique
376 1271 465 1299 ordini
481 1273 625 1305 consilium
638 1274 768 1308 porrexit,
780 1281 855 1302 nunc
869 1275 1051 1302 communiter

267 1315 425 1344 universum
441 1318 548 1352 piorum
566 1323 665 1346 coetum
683 1320 842 1354 alloquitur,
860 1320 902 1348 his
915 1321 1004 1348 verbis
1017 1321 1051 1348 ad

268 1369 488 1397 unumquemque
504 1364 651 1392 utenszNe
680 1365 835 1398 admireris,
852 1373 868 1392 ο
884 1366 975 1400 homo,
991 1375 1051 1402 quae

266 1407 475 1435 admirationem
490 1409 532 1435 sui
548 1409 667 1437 excitare
683 1417 736 1437 n0n
755 1410 863 1444 debent,
876 1412 966 1446 qualia
977 1417 1051 1444 sunt,

266 1460 327 1486 quae
340 1461 394 1480 non
411 1459 568 1482 constanter
581 1459 702 1489 manent,
717 1457 762 1483 sed
777 1464 827 1485 nos
842 1458 988 1492 deSerunt;
1002 1466 1052 1486 nec

268 1506 377 1524 rursum
396 1499 576 1528 admiratione
588 1501 669 1536 digna
682 1503 857 1537 contemptim
872 1505 1051 1536 transmittas.

267 1544 421 1577 cuiusmodi
433 1551 497 1573 sunt.
511 1555 554 1575 res
566 1552 645 1575 certa:
658 1553 685 1575 et
697 1549 810 1577 stabiles
822 1557 829 1576 :
842 1557 929 1584 neque
942 1557 973 1577 ea
992 1559 1053 1585 qua:

269 1597 330 1615 cum
359 1595 505 1625 tenentur,
523 1593 659 1627 perﬂuunt
673 1614 680 1627 ,
701 1595 872 1629 constringas
885 1615 892 1628 ,
919 1596 997 1630 quasi
1021 1603 1051 1623 ea

270 1641 436 1666 retenturus.
453 1639 684 1671 Quemadmodum
708 1641 780 1667 enim
801 1642 859 1668 ficri
875 1649 929 1669 non
953 1647 1052 1677 potest,

270 1685 298 1706 ut
323 1682 370 1715 qui
395 1689 494 1716 aquam
514 1690 597 1710 manu
620 1685 740 1719 ceperit,
764 1692 823 1712 eam
841 1687 1053 1722 constringendo

271 1727 385 1754 retineat
396 1728 454 1762 (per
469 1729 574 1756 tuedios
588 1729 662 1757 enim
677 1731 776 1765 digitos
791 1732 938 1767 elabetur),
957 1734 1052 1761 eodem

270 1772 351 1798 modo
369 1772 445 1799 fluxa:
462 1774 570 1808 divitiaa,
590 1775 613 1802 si
629 1776 739 1803 retineri
757 1781 862 1807 tentes.
877 1778 996 1806 eltlueut.
1015 1779 1054 1806 Ac

271 1823 413 1852 propterea
433 1819 515 1846 David
531 1820 639 1848 diccbat
656 1830 662 1848 :
682 1821 788 1850 Diritia:
809 1824 832 1850 si
846 1824 949 1857 ﬂuunt,
972 1825 1053 1851 nolite

269 1872 314 1890 cor
339 1873 469 1899 opponere
480 1866 514 1893 “.
541 1867 654 1894 Ardenti
683 1869 773 1896 studio
799 1877 831 1897 ea
860 1878 919 1904 qua:
945 1871 1055 1898 invidia}

270 1911 387 1937 o‘:.noxia
412 1917 491 1943 sunt,
509 1912 535 1939 id
560 1919 611 1944 est,
629 1914 757 1947 praclara
780 1919 806 1941 et
821 1915 967 1942 laudabilia
990 1923 1055 1949 eon-

270 1961 384 1983 scctare.
409 1957 473 1990 Quae
488 1964 577 1986 autem
600 1967 654 1987 non
669 1960 816 1988 invidiosus
827 1981 834 1993 ,
850 1962 896 1988 scd
913 1962 1014 1990 invisos
1029 1967 1054 1989 et

270 2010 369 2030 exosus
383 2004 507 2032 homines
525 2005 659 2037 reddunt,
676 2006 729 2033 hoc
749 2011 801 2038 est,
821 2007 895 2041 vitia,
909 2015 943 2034 ne
958 2007 1055 2042 cupide

269 2054 392 2084 expetas.
408 2049 446 2078 Nc
460 2051 542 2079 altius
556 2052 702 2084 attollaris,
712 2061 746 2080 ne
757 2053 916 2088 profundius
929 2061 1053 2082 corruas.

272 2094 306 2121 Ut
320 2096 403 2127 enim,
425 2096 502 2130 juxta
518 2104 627 2124 sensum
641 2103 668 2124 et
685 2104 834 2132 aspectum,
850 2099 896 2134 qui
916 2101 1025 2134 paulum
1040 2108 1054 2126 a

271 2146 342 2167 terra
355 2142 447 2175 distat,
462 2150 495 2169 ne
511 2143 532 2169 si
548 2143 646 2177 saepius
659 2144 768 2178 quidem
785 2145 921 2178 ceciderit,
938 2146 1056 2172 disrum-

271 2187 355 2221 pitur,
382 2189 428 2222 qui
449 2193 540 2216 autem
558 2197 720 2224 magnopere
735 2191 822 2218 elatus
848 2196 908 2224 est,
926 2196 1008 2226 atque
1028 2193 1053 2219 in

271 2241 406 2261 summam
423 2234 592 2262 altitudinem
608 2235 754 2263 subvectus
765 2257 772 2268 ,
788 2237 811 2264 si
832 2237 894 2264 inde
912 2237 1055 2272 prolapsus

273 2278 373 2311 fuerit,
400 2279 471 2307 haud
494 2280 576 2308 dubie
589 2281 778 2316 opprimetur:
803 2283 842 2309 sic
858 2283 939 2310 etiam
951 2303 958 2315 ,
978 2283 1054 2318 juxta

271 2325 439 2359 spiritualem
454 2334 576 2359 sensum,
590 2335 644 2362 quo
656 2327 717 2362 quis
729 2328 809 2355 altius
822 2329 940 2363 seipsqu
955 2337 1002 2364 per
1013 2338 1054 2357 ar-

271 2372 424 2406 rogantiam
444 2374 580 2406 extulerit,
598 2382 632 2401 eo
651 2374 736 2409 magis
748 2375 909 2409 deprimitur
921 2380 948 2402 et
961 2376 1052 2404 cadit:

270 2426 302 2445 ac
327 2419 463 2454 prolapsio
488 2420 531 2447 illa
557 2420 692 2447 altitudini
719 2421 853 2455 superbia:
879 2422 1055 2456 proportione

271 2465 426 2498 respondet.
453 2465 491 2493 Ne
518 2467 591 2492 inani
613 2467 698 2502 gloria
717 2467 853 2499 alliciaris,
869 2474 902 2493 ac
925 2475 1053 2501 maguum

272 2509 402 2543 quiddam
422 2515 448 2538 te
462 2511 592 2545 consequi
615 2512 765 2545 existimes,
779 2512 803 2539 si
819 2512 906 2540 malos
919 2519 1030 2545 superes
1046 2520 1053 2538 :

272 2563 366 2582 verum
390 2564 482 2584 annuo
506 2557 674 2585 discruciare
686 2579 694 2591 ,
711 2557 782 2592 quod
803 2565 817 2584 a
835 2558 913 2585 bonis
928 2557 1055 2585 vinceris.

274 2601 378 2637 Lapsus
388 2607 430 2629 est
442 2610 474 2629 ac
487 2603 608 2637 peccavit
621 2603 712 2635 frater,
726 2611 760 2630 ne
772 2603 810 2630 illi
822 2604 945 2634 insultes,
961 2610 1055 2630 verum

274 2648 386 2682 provide
406 2656 440 2675 ne
462 2648 519 2682 ipsc
539 2656 649 2684 quoque
674 2649 780 2677 cadas:
797 2654 878 2684 atque
901 2649 951 2683 ipsi
973 2649 1054 2675 etiam

273 2693 372 2727 iacenti
393 2692 522 2721 auxilium
538 2694 615 2726 all'er,
643 2699 674 2722 ut.
698 2702 731 2721 ex
760 2694 807 2721 illo
835 2702 898 2721 casu
922 2698 1055 2728 resurgat.

273 2740 369 2766 Gravis
380 2740 490 2775 quidam
502 2740 585 2766 animi
599 2747 701 2768 maeror
713 2740 747 2767 ob
759 2739 892 2767 infelicem
904 2739 1057 2774 cuiuspiam

274 2785 312 2811 rei
330 2792 490 2813 successum
512 2786 635 2813 animum
656 2791 732 2813 tuum
748 2786 872 2813 obsedit?
897 2785 936 2812 Ne
960 2793 1058 2813 secun-

273 2830 357 2858 dioris
368 2831 483 2858 fortuna:
493 2837 602 2867 spemet
610 2831 786 2867 cupiditatem
798 2831 921 2866 abjicias.
932 2831 1056 2859 Secunda

309 2919 332 2934 ’³
350 2919 418 2961 Psal.
441 2929 495 2961 uti.
507 2920 549 2961 ιιι.
589 2922 611 2937 ⁰³
628 2921 709 2961 Eccli.
727 2929 803 2954 iniu,
820 2921 865 2948 2‘5.
903 2922 936 2937 π’
949 2920 1033 2948 Exod.

1104 2927 1126 2952 lt,
1153 2920 1199 2952 l5;
1221 2919 1296 2946 Dcul.
1317 2917 1422 2950 ut,l6.

277 2961 365 2984 turi,
385 2954 424 2979 il.
465 2956 485 2970 ’⁷
507 2955 579 2982 liii".
597 2965 642 2987 xv,
667 2956 692 2982 5.

1067 986 1084 1014 l'l

1073 2334 1092 2360 D

1096 357 1263 392 tranquillo?
1284 357 1439 384 Mmstitiam
1455 357 1537 383 etiam
1554 361 1688 390 exspecta,
1703 363 1736 382 ex
1757 356 1882 382 adversi-

1097 407 1151 429 tatc
1172 408 1338 430 nascentem.
1357 403 1480 435 Quatuor
1502 407 1565 429 sunt
1579 403 1641 429 anni
1664 407 1785 436 tempora
1799 422 1805 433 ,
1822 410 1878 432 ver.

1097 453 1186 480 aestas,
1209 453 1367 480 autumnus,
1383 449 1470 475 hiems
1486 458 1492 475 :
1512 456 1566 475 uno
1583 453 1671 474 autent
1688 449 1820 482 temporis
1835 455 1881 474 ai-

1097 493 1191 525 ticulo.
1218 493 1310 520 multa:
1337 501 1426 520 rerum
1452 493 1616 520 mutationes
1631 494 1768 519 oriuntur.
1792 493 1882 526 Atque

1099 539 1149 566 hoc
1167 542 1228 566 loco
1240 539 1305 567 illud
1318 539 1508 566 Demosthenis
1520 547 1568 573 per
1581 539 1757 573 paraphrasin
1771 547 1881 573 expres-

1097 585 1132 611 sit
1151 594 1157 611 :
1184 585 1315 612 Futurum
1329 585 1457 612 omnibus
1481 584 1641 611 mortalibus
1663 584 1810 610 obscurum
1826 588 1880 614 est,

1098 639 1129 659 ac
1144 639 1225 666 parva
1248 638 1369 666 tempora
1396 639 1556 666 magnarum
1584 635 1783 657 rerum‘causa:
1806 635 1881 657 sunt.

1098 678 1229 711 Quocirca
1246 678 1272 704 in
1289 677 1427 712 prosperis
1446 677 1527 703 rebus
1548 677 1692 703 moderato
1712 676 1803 702 animo
1822 683 1880 703 esse

1098 725 1238 756 debemus,
1263 732 1295 752 ac
1322 724 1412 750 futura
1432 722 1597 757 prospicere.
1625 721 1750 757 Ejusdem
1775 721 1882 756 generis

1099 776 1140 798 est
1155 770 1220 798 illud
1238 770 1331 798 Sirach
1358 769 1474 797 dicentis
1491 778 1497 795 :
1516 770 1537 796 Α
1554 776 1630 795 tuane
1650 775 1731 802 usque
1746 767 1780 794 ad
1797 775 1883 801 vespe-

1100 825 1158 843 ram
1177 820 1356 844 commutatur
1384 821 1485 849 tempua
1495 815 1530 842 ".
1557 814 1622 846 Ome
1655 821 1716 840 cum
1744 813 1883 848 explorata

1101 864 1211 894 habeas.
1230 863 1254 889 id
1271 862 1318 889 tibi
1332 862 1426 888 sedulo
1438 861 1590 888 curandum
1605 864 1655 891 est,
1670 864 1699 886 ut
1713 859 1734 886 si
1748 859 1884 893 voluptate

1100 909 1238 942 animique
1254 907 1395 934 alacritate
1411 911 1438 934 ct
1454 906 1545 934 laetitia
1563 905 1678 936 frueris,
1693 912 1753 932 eam
1770 912 1838 931 cura
1857 910 1884 930 et

1100 953 1265 988 cogbatione
1281 951 1399 978 sinistra:
1412 950 1568 977 mutationis
1586 956 1754 982 compescas.
1773 947 1819 975 Sin
1832 957 1882 975 au-

1100 1004 1153 1026 tem
1173 1005 1273 1033 angore
1289 1003 1316 1024 et
1332 996 1456 1023 molestia
1479 995 1596 1023 afﬁceris
1609 1016 1616 1028 ,
1634 1002 1692 1021 eam
1718 1002 1813 1021 rursus
1836 1001 1884 1027 spe

1100 1044 1206 1071 meliori
1227 1044 1414 1078 comprimes,
1442 1041 1507 1069 illud
1533 1046 1622 1068 tecum
1653 1045 1803 1075 reputans,
1830 1048 1884 1066 non

1099 1091 1194 1119 eodem
1218 1098 1325 1124 semper
1351 1093 1422 1116 statu
1447 1096 1491 1115 res
1509 1093 1569 1115 tuas
1592 1087 1667 1120 fore,
1685 1087 1732 1114 scd
1756 1087 1885 1121 gaudium

1101 1137 1211 1166 mcerori
1235 1142 1439 1164 successurum.
1458 1134 1513 1161 liae
1540 1134 1643 1160 ratione
1659 1133 1742 1159 homo
1760 1132 1885 1158 innovati

1101 1189 1200 1220 potest.
1225 1183 1274 1210 Hic
1290 1181 1478 1209 Encaeniorum
1496 1188 1577 1208 verus
1594 1184 1636 1207 est
1656 1180 1753 1210 honor,
1768 1178 1816 1212 qui
1833 1186 1885 1204 non
1913 1176 1919 1180 '

1103 1232 1128 1258 in
1145 1229 1333 1265 corporalibus
1347 1226 1510 1258 deliciis,sed
1528 1226 1555 1253 in
1572 1225 1773 1260 spiritualihus,
1789 1231 1844 1250 non
1860 1223 1886 1250 in

1102 1276 1276 1305 seusibilibus
1288 1275 1367 1303 cibis.
1383 1274 1430 1301 sed
1443 1274 1468 1300 in
1483 1271 1686 1299 intellectilibus
1702 1270 1851 1305 peragitur.

1137 1322 1206 1350 Ibid.
1222 1322 1253 1349 C.
1271 1321 1332 1349 Non
1348 1320 1484 1354 apparebis
1497 1339 1505 1351 ,
1523 1323 1575 1345 etc.
1600 1318 1629 1345 In
1643 1316 1736 1344 Exodo
1748 1321 1775 1344 et
1789 1315 1884 1343 Deuteo

1104 1370 1228 1397 ronomio
1251 1377 1297 1404 per
1324 1367 1423 1394 Mosen:
1450 1367 1488 1392 ait
1513 1365 1583 1391 Deus
1597 1373 1604 1390 :
1619 1363 1681 1390 Non
1703 1363 1840 1397 apparebit
1861 1362 1886 1388 iu

1104 1419 1241 1449 conspectu
1266 1421 1323 1440 meo
1340 1412 1491 1443 vacuus”,
1510 1411 1537 1438 iu
1564 1410 1636 1437 nulla
1653 1409 1779 1437 videlicet
1806 1409 1885 1435 trium

1104 1460 1234 1488 festontm
1257 1458 1425 1490 celebritate,
1445 1457 1496 1484 hoc
1521 1460 1580 1488 est,
1594 1455 1772 1490 Azymorum,
1794 1453 1886 1480 Pente-

1103 1511 1204 1538 costes,
1215 1511 1242 1532 et
1255 1503 1447 1539 Sceuopegize;
1462 1510 1555 1530 verum
1569 1500 1796 1536 praestantissima
1813 1507 1887 1534 qua:-

1104 1560 1157 1586 que
1172 1557 1259 1579 tecum
1275 1550 1382 1578 all'eres.
1398 1550 1438 1576 Ac
1454 1556 1527 1576 nunc
1550 1555 1637 1575 novus
1651 1554 1762 1582 appare,
1778 1553 1831 1573 non
1846 1553 1887 1572 sc-

1104 1599 1221 1626 cundum
1244 1598 1314 1624 hanc
1330 1597 1495 1631 scripturam
1510 1593 1557 1621 τοῦ
1576 1593 1666 1626 κενοῦ,
1683 1593 1710 1620 id
1735 1597 1785 1623 est,
1811 1591 1888 1618 vacui

1105 1653 1136 1672 ac
1151 1643 1218 1672 nihil
1233 1643 1369 1674 habentis;
1383 1642 1431 1670 sed
1444 1642 1522 1676 juxta
1534 1641 1647 1668 alteram
1662 1638 1889 1674 signiﬁcationem

1104 1690 1152 1716 τοῦ
1164 1689 1272 1722 καινοῦ,
1288 1689 1313 1716 id
1328 1693 1380 1721 est,
1396 1687 1470 1720 novi,
1485 1694 1516 1714 ac
1529 1694 1576 1721 per
1594 1684 1701 1712 virtutis
1713 1690 1889 1718 progrchum

1104 1741 1131 1763 et
1147 1735 1346 1762 incrementum
1365 1732 1486 1760 innovati
1501 1731 1663 1766 penitusque
1682 1727 1830 1759 immutati,
1850 1727 1890 1754 vel

1106 1789 1119 1807 a
1137 1780 1204 1807 vitio
1221 1779 1254 1807 ad
1269 1780 1406 1810 virtutem,
1433 1777 1475 1804 vel
1495 1784 1510 1804 a
1526 1775 1623 1803 minori
1641 1775 1738 1801 virtute
1754 1773 1788 1800 ad
1802 1772 1890 1806 majo-

1106 1833 1173 1853 rem.
1209 1825 1302 1852 Vetera
1320 1824 1492 1855 transierunt,
1507 1822 1544 1850 ait
1559 1821 1715 1858 Apostolus,
1731 1827 1788 1846 ecce
1801 1819 1890 1845 omnia

1105 1881 1170 1900 nova
1187 1872 1259 1907 facta
1273 1871 1374 1897 sunt".
1390 1868 1484 1896 Vetera
1508 1872 1603 1895 autem
1623 1866 1812 1900 intelligimus,
1835 1871 1889 1891 non

1105 1919 1194 1947 solum
1218 1917 1315 1952 legalia
1339 1920 1366 1943 et
1388 1915 1547 1942 adumbrata
1561 1933 1567 1946 ,
1583 1920 1643 1948 quae
1659 1912 1692 1939 ad
1711 1911 1832 1938 veritatis
1849 1910 1890 1936 in-

1106 1971 1229 2000 gressum
1245 1962 1445 1997 praeterierunt.
1461 1960 1507 1987 sed
1524 1966 1555 1986 ea
1567 1959 1659 1989 etiam,
1673 1964 1733 1991 quae
1748 1963 1810 1982 cum
1825 1955 1890 1982 vitio

1106 2015 1171 2037 sunt
1186 2009 1342 2044 conjuncta.
1360 2007 1427 2034 Nam
1445 2014 1506 2034 cum
1523 2004 1674 2040 spiritualis
1690 2003 1743 2030 vita
1759 2002 1890 2036 fulgorem

1106 2063 1184 2084 suum
1199 2062 1310 2082 exerere
1325 2053 1446 2087 coepvrit,
1462 2051 1563 2079 carnali
1576 2051 1630 2084 iam
1644 2050 1705 2076 vitae
1721 2048 1792 2075 nulla
1808 2054 1890 2081 opera

1106 2102 1196 2128 datur.
1215 2099 1272 2127 Hoc
1287 2086 1372 2134 igitur
1386 2103 1413 2125 tu
1434 2105 1541 2132 quoque
1556 2097 1630 2123 velut
1647 2095 1747 2122 donum
1771 2098 1799 2120 et
1816 2093 1890 2120 ubla-
1918 2086 1924 2091 ”

1108 2147 1206 2174 tionem
1225 2145 1412 2172 Encmuiurum
1428 2144 1495 2171 festo
1509 2142 1586 2173 aiter,
1606 2146 1637 2168 ut
1658 2139 1830 2167 laudabiliter
1846 2139 1891 2164 im-

1107 2193 1230 2220 muteris.
1254 2192 1292 2219 Ac
1316 2191 1338 2218 si
1364 2190 1390 2217 id
1420 2194 1562 2216 assecutus
1580 2187 1664 2214 fueris
1677 2205 1686 2218 ,
1702 2193 1753 2213 nec
1768 2185 1890 2212 animum

1108 2240 1226 2272 attollas,
1241 2246 1334 2266 verum
1350 2237 1394 2264 die
1406 2244 1468 2264 cum
1484 2236 1582 2263 Davide
1597 2243 1603 2261 :
1619 2234 1683 2261 Ηωσ
1698 2233 1822 2263 mutatio,
1837 2239 1891 2266 qua

1107 2294 1156 2321 ego
1172 2286 1332 2312 immutatus
1347 2291 1419 2315 sum,
1431 2282 1545 2309 dexterw
1556 2280 1663 2307 Επειεὶ
1674 2279 1784 2311 "',non
1801 2283 1890 2304 autem

1109 2339 1175 2358 meae
1196 2329 1337 2357 industriae
1353 2329 1394 2355 vel
1422 2327 1558 2362 potentiae.
1583 2325 1650 2353 Nam
1674 2324 1747 2359 quod
1771 2323 1805 2350 ad
1829 2329 1891 2349 eum

1110 2375 1280 2404 referendum
1293 2375 1338 2405 sit.
1353 2373 1483 2408 quidquid
1501 2372 1625 2399 homines
1643 2370 1771 2405 prmelare
1784 2373 1891 2403 gerunt,

1110 2423 1167 2457 ipse
1177 2421 1351 2456 pronuntiat:
1363 2419 1434 2452 Quia
1443 2419 1498 2446 sine
1509 2426 1549 2445 me
1565 2416 1633 2444 nihil
1642 2415 1749 2451 potestis
1761 2415 1848 2448 facere
1859 2414 1892 2440 ⁸⁷.

1109 2468 1253 2495 Enimvero
1277 2474 1339 2494 cum
1355 2465 1450 2492 audis:
1467 2463 1559 2491 Novus
1575 2461 1685 2490 eiﬁcere
1698 2482 1705 2494 ,
1719 2461 1771 2488 hoc
1785 2460 1833 2487 tibi
1850 2461 1892 2487 in-

1110 2512 1286 2548 telligendum
1303 2516 1345 2538 est
1356 2529 1365 2542 ,
1381 2509 1424 2537 his
1439 2508 1529 2536 verbis
1543 2507 1592 2534 abs
1606 2511 1631 2533 te
1646 2505 1717 2540 exigi
1730 2524 1739 2536 ,
1753 2509 1783 2530 ut
1797 2511 1849 2530 non
1867 2505 1892 2529 in

1110 2559 1204 2587 eodem
1221 2565 1309 2585 rerqu
1330 2561 1401 2584 statu
1423 2561 1596 2590 perseveres,
1611 2552 1659 2579 sed
1674 2549 1802 2578 laudabili
1820 2555 1893 2576 motu

1111 2612 1217 2640 semper
1231 2603 1352 2639 agiteris,
1362 2607 1444 2636 atque
1458 2607 1555 2628 novam
1576 2597 1689 2625 omnino
1699 2601 1725 2624 te
1739 2600 1893 2624 creaturam

1111 2655 1240 2686 praestes;
1266 2648 1445 2683 apostolicum
1463 2647 1533 2674 cnim
1558 2648 1721 2679 praeceptum
1749 2643 1801 2670 hoc
1826 2648 1841 2668 a
1869 2646 1893 2668 te

1110 2696 1237 2730 postulat.
1257 2699 1286 2722 ut
1301 2695 1323 2721 si
1334 2693 1441 2728 quidem
1458 2699 1564 2727 pecces,
1583 2689 1610 2717 in
1629 2689 1692 2716 vitio
1708 2695 1761 2715 non
1778 2688 1893 2718 haerens.

1109 2742 1155 2770 Sed
1169 2741 1202 2769 ad
1221 2741 1347 2767 virtutem
1364 2738 1472 2765 resilias
1487 2745 1493 2762 :
1509 2737 1550 2764 sin
1567 2740 1658 2763 autem
1675 2738 1745 2761 recte
1761 2737 1842 2766 atque
1861 2738 1892 2757 cx

1110 2786 1196 2814 otlicio
1213 2786 1286 2813 viras
1297 2805 1305 2817 ,
1320 2784 1448 2812 virtutem
1464 2783 1587 2816 ignavam
1602 2788 1656 2807 non
1673 2779 1784 2809 habeas.
1798 2776 1892 2804 nullis-

1110 2839 1162 2865 que
1185 2829 1359 2857 incrementis
1381 2832 1462 2862 atque
1480 2824 1686 2854 accessionibus
1710 2826 1829 2852 auctam,
1846 2820 1892 2848 sed

1761 2911 1794 2928 ⁵⁵⁸
1820 2910 1892 2937 l’sal.

1469 2916 1491 2932 "
1505 2915 1525 2942 ll
1540 2915 1601 2942 Cor.
1622 2922 1647 2946 ν,
1665 2913 1704 2939 ΙἹ.
