2058 3159
203 258 273 288 1429

643 258 803 289 NICETAS
823 260 865 289 IN
886 259 999 290 ORA'I'.

1021 259 1121 290 XLIII
1143 260 1172 290 S.
1193 261 1308 291 GREG.
1751 263 1823 296 liﬁﬁ

202 322 311 340 cntsnzn
328 313 471 345 acu-lcres,
491 317 572 347 atque
587 314 618 340 ad
635 321 676 346 ea,
694 323 755 349 qua:
770 323 784 342 a
803 315 890 343 fronte
908 319 981 347 sttut,
999 317 1020 344 Α
1035 317 1093 342 cole
1106 336 1113 348 ,
1131 321 1157 343 ct
1171 317 1240 344 alios
1268 322 1449 352 temperantes
1477 319 1569 346 redde.
1596 319 1652 347 Iloc
1681 321 1753 348 enim
1771 322 1818 348 τοῦ

201 358 367 385 exteudaris.
491 388 501 392 ‘

234 404 291 432 Col.
317 404 369 431 618
395 404 426 431 Α.
451 403 516 431 Heri
539 405 574 431 ad
597 407 723 440 temporis
749 406 910 439 arbitrium,
931 412 982 434 etc.

202 450 332 482 Quoniam
348 450 475 477 dixerat:
490 449 518 477 Si
533 456 605 478 recte
617 451 695 485 vivis,
711 459 823 479 cursum
839 453 982 484 conti-nde;

201 497 221 522 si
234 500 322 523 autem
337 503 443 531 peccas,
460 496 590 531 resipisce
606 504 613 523 :
629 496 707 524 docet
719 505 802 530 nunc,
814 506 866 532 qua
879 499 983 524 ratione

201 543 319 568 converti
340 542 401 576 quis
415 542 511 575 possit,
532 542 624 576 aitque
648 551 655 569 τ
673 543 736 569 IIeri
768 551 816 577 pro
832 549 983 578 temporum

199 592 269 613 statu
285 587 358 614 varie
379 587 493 620 teipsum
519 587 666 622 efﬁttgcbas
680 609 686 621 ,
703 596 734 615 ac
751 589 829 615 ﬁdem
855 593 928 616 tuam
951 589 984 616 ad

200 638 320 667 tmnpus,
330 640 385 667 quo
395 633 513 660 haeretici
529 641 618 660 rerum
636 632 817 668 potiebantur,
831 642 984 661 accommo-

199 679 301 710 dabas;
319 678 400 705 hodie
420 678 466 705 Dei
484 679 561 705 tidem
577 679 697 707 addisce.
716 680 856 714 Quousque
877 685 985 714 utroque

199 725 295 758 poplite
311 723 476 751 claudit-abis
488 725 511 741 ’³
525 725 536 751 i
554 725 580 752 id
595 730 647 757 est,
666 726 692 752 in
713 731 856 760 utramque
869 730 984 760 partem.

201 772 227 797 iu
237 774 331 797 neutra
341 771 391 797 fide
401 776 475 798 recto
483 771 548 805 pede
557 771 985 804 incedens,sedetsecundumDei

200 815 363 848 doctrinam,
377 820 404 842 et
419 817 567 843 secundum
583 821 733 852 temporum
749 817 828 844 tidem
840 823 984 852 aegrotans.

201 861 267 888 Nam
286 862 339 889 nisi
356 867 519 897 aagrotares,
538 863 749 899 haudquaquam
766 868 820 891 tam
836 863 915 892 facile
934 865 986 891 im-

202 908 356 935 mutareris.
371 907 433 935 Elite
447 916 528 943 porro
537 908 594 936 haec
608 908 687 936 verba
703 913 776 941 sunt,
793 909 825 936 ad
839 910 986 944 prophetas

202 953 399 987 ignominiosos
416 954 452 981 ita
472 954 608 989 loquentis
624 954 790 989 :Quousque
811 959 920 990 utroque
937 962 985 989 pa-

201 999 264 1031 piile
281 1000 469 1027 claudicabitis
480 1019 488 1031 ,
502 1008 575 1027 nunc
590 1000 666 1032 Baal,
684 1009 757 1028 nunc
775 1001 828 1028 Deo
844 1001 985 1028 adiutaren-

202 1045 341 1072 teslNam
358 1045 496 1077 Israclitm,
513 1047 558 1081 qui
576 1047 690 1082 imperio
708 1047 801 1074 Achab
817 1047 986 1079 tenebantur,

203 1092 283 1118 simul
302 1096 328 1118 et
355 1092 488 1119 idolorum
515 1093 597 1119 cultui
625 1093 723 1120 addicti
741 1097 837 1124 erant.
861 1097 888 1120 et
905 1093 987 1119 Deum

203 1138 362 1166 adorabant.
381 1138 460 1166 Unde
481 1138 633 1174 subiunxit.
663 1140 694 1167 Si
711 1139 778 1167 Deus
794 1145 832 1167 est
849 1140 994 1172 Dominus,-

203 1185 425 1219 sequiminicum;
443 1187 465 1213 si
475 1191 561 1213 autent
569 1185 696 1218 Baalut,
711 1187 853 1221 sequimini
868 1195 926 1214 eum
942 1189 986 1215 “‘.

195 1230 270 1257 Nam
283 1239 336 1259 nec
357 1231 439 1264 Deus,
455 1233 563 1267 inquit,
580 1233 774 1260 commentitiis
790 1233 843 1261 diis
859 1233 989 1262 honorem

204 1274 297 1304 haberi
314 1277 391 1308 vult,
417 1284 466 1304 nec
486 1277 512 1304 bi
539 1285 634 1305 verum
652 1277 735 1306 Deum
761 1279 869 1306 adorari
885 1280 990 1308 volunt.

204 1321 259 1349 Vos
282 1326 371 1350 autem
386 1342 393 1355 ,
412 1329 469 1350 tum
487 1324 562 1356 hrec,
579 1328 634 1351 tum
661 1323 705 1352 illa
732 1324 864 1352 facientes
876 1344 883 1356 .
902 1325 990 1352 neutri

201 1366 419 1395 benevolentiam
432 1372 533 1396 certam
546 1374 572 1396 et
585 1373 755 1397 constantem
769 1370 896 1398 servatis.
910 1370 992 1398 Clau-

203 1411 277 1439 dicat
291 1417 382 1440 autem
403 1413 535 1441 ambobus
554 1414 711 1449 poplitibus,
726 1415 773 1450 qui
790 1421 907 1451 utroque
924 1417 991 1452 pede

202 1459 317 1487 claudus
332 1463 384 1486 est.
406 1459 508 1493 Ἶγνὺαι
521 1460 594 1487 enim
610 1460 740 1488 dicuntur
762 1462 930 1496 posteriores
947 1470 992 1498 ge-

204 1511 288 1531 nuum
308 1509 434 1539 partes,a
450 1505 533 1532 verbo
550 1504 699 1540 ᾶγνυσθαι,
710 1507 782 1541 qttod
800 1506 937 1542 significat
950 1508 992 1535 in-

204 1550 286 1584 fringi
306 1554 386 1585 atque
410 1551 520 1585 inﬂecti.
538 1550 577 1578 Ne
596 1558 713 1586 semper,
740 1553 856 1580 consilio
872 1553 992 1589 quodam

204 1595 319 1629 scilicet,
337 1601 364 1623 at
380 1604 432 1624 non
448 1604 480 1624 ex
495 1597 597 1630 animo,
612 1605 643 1625 ea
659 1598 734 1626 dicas
750 1602 797 1625 aut
813 1598 898 1627 facias
909 1619 917 1632 ,
933 1607 994 1635 quae

205 1649 258 1669 non
275 1637 440 1670 conveniunt
451 1651 459 1669 :
472 1643 539 1678 quin
555 1644 660 1678 potius,
676 1645 806 1679 quoniam
831 1645 988 1680 huiusmodi
1002 1654 1024 1684 ε

205 1688 372 1723 dispensatio
381 1688 417 1716 ad
433 1689 579 1724 perniciem
591 1694 618 1717 et
629 1690 799 1717 eversionem
812 1690 861 1718 abs
873 1695 898 1718 te
909 1699 992 1719 exco-

205 1734 288 1768 gitata
300 1738 351 1766 est,
369 1735 425 1762 haec
441 1735 523 1762 missa
538 1734 589 1765 fac,
615 1739 697 1769 atque
711 1735 858 1770 aliquando
871 1737 991 1771 tandem,

207 1778 248 1805 ch
273 1783 324 1806 tuae
342 1779 439 1813 ipsius,
464 1779 509 1814 qui
537 1778 666 1814 pestifera
682 1779 807 1808 doctrina
832 1781 951 1810 infectus
966 1787 993 1810 et

206 1828 353 1859 corruptus
369 1831 398 1852 es
411 1844 419 1857 ,
435 1825 476 1852 vel
492 1825 609 1852 aliorunt
622 1844 629 1858 ,
646 1826 745 1860 quibus
770 1826 929 1860 huiusmodi
947 1833 993 1855 tua

205 1871 373 1906 dispensatio
399 1871 471 1906 parit
497 1871 714 1905 oﬁ'endiculum,
749 1873 831 1904 saluti
868 1874 992 1901 consule.

207 1916 269 1944 Ileri
294 1916 474 1944 honoriﬁcum
487 1917 683 1949 existimabas,
704 1917 739 1950 si,
755 1918 795 1944 vel
808 1918 926 1952 sapiens,
953 1920 994 1946 vel

206 1962 308 1995 iustus,
331 1962 375 1989 vel
400 1963 461 1998 pius
482 1962 629 1996 videreris,
644 1970 704 1989 cum
719 1963 753 1990 ab
777 1963 819 1990 his
847 1963 994 1991 virtutibus

208 2008 315 2035 alienus
345 2014 432 2039 esses,
460 2014 492 2035 ac
524 2007 626 2034 frustra
645 2012 673 2034 et
701 2008 852 2035 insolenter
880 2016 926 2036 eas
945 2009 993 2035 tibi

208 2061 350 2089 arrogat-cs
366 2063 372 2080 :
390 2053 472 2080 hodie
484 2073 491 2087 ,
509 2054 559 2080 hac
581 2053 784 2081 existimatione
810 2055 902 2081 relicta
915 2075 922 2086 ,
940 2061 993 2081 non

208 2100 294 2127 videri
307 2119 315 2132 ,
329 2099 376 2128 sed
393 2106 453 2127 esse
468 2099 589 2134 optimus
605 2099 693 2126 stude.
709 2098 807 2134 Opinio
824 2099 895 2127 enim
911 2098 992 2126 fallax

208 2152 249 2174 est
263 2145 441 2174 insomnium.
455 2144 585 2172 Videntur
596 2144 667 2171 enim
680 2144 759 2172 nobis
772 2144 843 2172 inter
854 2145 994 2171 somnian-

189 2192 273 2221 'dum
294 2202 326 2221 ac
348 2193 540 2221 dormiendum
569 2192 673 2228 aliquid
701 2192 811 2226 habere,
840 2201 889 2221 nec
905 2198 994 2221 tamen

211 2240 353 2266 habemus.
369 2240 403 2266 At
429 2239 516 2274 ipsum
534 2246 595 2266 esse
608 2259 615 2271 ,
633 2246 723 2265 rerum
741 2239 881 2266 veritatem
903 2239 994 2266 habet.

210 2285 295 2312 Porro
307 2285 418 2317 divitiae,
432 2292 492 2320 qua
505 2284 631 2311 manibus
644 2288 781 2316 tenentur,
793 2285 995 2318 pnestantiores

1001 985 1024 1014 B

1036 361 1221 397 σωφρονιστοῦ
1232 363 1370 398 proprium
1384 369 1435 391 est.
1453 364 1537 392 Hodie
1551 374 1626 393 mero
1639 367 1820 402 Ingnrgitatus

1035 415 1065 435 cs
1081 416 1087 434 :
1102 416 1162 435 cras
1183 416 1260 443 aquae
1275 409 1386 443 potione
1401 411 1473 437 sitim
1490 412 1567 439 seda.
1584 411 1670 440 Ilodie
1688 414 1721 440 ab
1738 414 1820 441 Attius

1036 453 1165 488 propheta
1186 455 1294 482 miseris
1315 456 1401 483 modis
1425 456 1571 490 exagitaris
1586 478 1594 490 ,
1631 462 1663 484 ut
1700 458 1727 485 in
1744 459 1820 486 lectis

1037 499 1164 526 eburneis
1174 500 1274 527 lascive
1290 501 1471 534 decumbens,
1484 509 1515 528 ac
1533 502 1671 536 primariis
1683 509 1710 531 et
1725 506 1822 538 exqui-

1037 545 1083 571 siti
1102 546 1182 579 prctit
1207 547 1352 581 unguentis
1367 548 1504 575 delibutus
1517 549 1540 564 "
1557 558 1564 575 :
1584 547 1626 575 lac
1643 549 1766 576 crastino
1780 549 1821 576 (Ii-.2

1037 591 1132 618 beatus
1151 591 1307 626 prmdiccris
1322 613 1329 625 ,
1351 594 1481 621 nimirum
1502 595 1596 622 humili
1612 600 1698 622 strato
1713 604 1745 622 ac
1761 603 1821 630 pcr-

1036 636 1130 672 vigilio
1149 638 1301 666 hesternam
1319 641 1460 668 mollitiem
1479 649 1590 668 curans.
1605 642 1704 676 Atque,
1722 647 1750 669 ut
1767 650 1822 668 rem

1038 689 1091 709 uno
1103 683 1188 711 verbo
1204 684 1353 718 absolvam,
1371 686 1555 720 pulcherrima
1570 695 1684 722 quaeque
1700 695 1748 721 pro
1765 692 1822 713 tur-

1038 728 1160 762 pissimis
1178 729 1334 765 quibusque
1350 731 1486 759 substitue
1496 752 1503 765 ,
1531 739 1580 766 pro
1593 733 1650 759 risu
1664 733 1822 767 gravitatem

1037 778 1064 802 ct
1078 775 1215 802 tristitiam
1229 794 1237 807 ,
1254 782 1303 810 pro
1319 775 1463 803 ambitioso
1487 776 1560 804 circa
1583 778 1710 804 vestitum
1735 779 1823 806 studio

1038 819 1139 847 cultum
1155 820 1305 855 simplicem
1322 821 1490 857 minimeque
1512 827 1673 850 accuratum
1685 843 1692 855 ,
1709 831 1758 858 pro
1779 831 1824 850 ξιιμ

1039 866 1131 900 perbia
1147 870 1175 894 et
1191 867 1275 894 animi
1291 872 1397 895 tumore
1413 868 1544 896 vilitatem
1564 870 1590 896 in
1606 870 1728 898 externis
1744 870 1825 898 rebus

1037 918 1064 939 et
1082 913 1259 948 inaspectum
1278 913 1454 946 cadentibus,
1472 922 1522 949 pro
1541 916 1693 950 magnificis
1710 917 1825 946 aedibus,

1038 966 1069 985 ac
1080 959 1253 993 laquearibus
1262 959 1352 987 aureis
1362 959 1539 994 fulgentibus,
1548 967 1693 995 angustant
1702 961 1823 991 domum,

1039 1009 1086 1036 pro
1098 1002 1207 1030 sublimi
1224 1003 1298 1030 vultu
1315 1007 1341 1030 et
1365 1007 1437 1030 recta
1454 1003 1480 1030 in
1501 1003 1584 1031 altum
1605 1005 1710 1032 cervice
1724 1005 1824 1032 demi.»-

1038 1055 1098 1075 sum
1118 1047 1221 1074 vultum
1243 1051 1270 1075 et
1286 1048 1432 1083 abiectum.
1452 1049 1510 1076 Hoc
1527 1050 1549 1076 si
1565 1049 1662 1077 feceris
1674 1068 1682 1080 .
1699 1050 1751 1077 erit
1766 1051 1825 1081 tibi,

1039 1098 1069 1120 ut
1081 1100 1142 1120 cum
1156 1093 1222 1120 Isaia
1235 1093 1330 1129 quttar
1339 1095 1384 1128 ”',
1400 1094 1498 1122 ccelum
1513 1102 1612 1122 novmn
1625 1100 1652 1123 et
1661 1102 1732 1124 terra
1746 1104 1825 1124 nota

1039 1139 1106 1167 Nam
1127 1148 1189 1167 cum
1216 1140 1273 1168 haec
1292 1144 1355 1168 ante
1369 1141 1520 1170 Salvatoris
1541 1142 1758 1170 incarnationem
1774 1144 1825 1170 alia

1039 1185 1208 1218 viderentur,
1220 1186 1270 1213 alia
1284 1191 1374 1221 postea
1390 1187 1499 1222 cognita
1514 1191 1588 1215 sunt.
1601 1186 1678 1215 Prius
1691 1187 1824 1221 siquidem

1040 1232 1077 1259 dii
1095 1232 1274 1264 habebantur,
1287 1236 1380 1267 postea
1396 1238 1486 1260 autem
1497 1237 1641 1261 creaturae.
1658 1233 1720 1261 Tibi
1735 1237 1825 1261 autem

1041 1276 1095 1305 alio
1117 1276 1199 1304 modo
1221 1276 1278 1304 haec
1293 1284 1367 1312 .nova
1385 1282 1486 1310 erunt,
1505 1285 1568 1305 eum
1588 1277 1641 1305 alia
1666 1278 1827 1313 percipient:

1041 1325 1123 1356 atque
1147 1321 1305 1355 intelligenti
1317 1343 1326 1355 ,
1344 1322 1427 1349 veluti
1445 1323 1528 1350 situm
1542 1342 1550 1355 ,
1568 1322 1683 1356 ﬁguram
1694 1342 1701 1354 ,
1717 1322 1826 1357 elegan—

1018 1385 1022 1390 .
1043 1365 1120 1398 tiam,
1131 1366 1355 1401 magnitudinem,
1365 1366 1586 1400 ntilitatem,tum
1596 1366 1708 1400 insuper
1716 1373 1827 1393 causam

1041 1415 1069 1439 et
1088 1411 1234 1444 rationem,
1252 1416 1363 1447 propter
1373 1419 1455 1446 quam
1469 1412 1502 1440 ad
1520 1412 1592 1439 hunc
1606 1412 1715 1438 modum
1730 1411 1828 1438 horum

1044 1458 1257 1492 unumquodque
1271 1457 1373 1485 factum
1389 1461 1440 1485 est.
1451 1457 1499 1484 Sic
1513 1457 1596 1490 enim,
1611 1462 1639 1484 ut
1654 1457 1756 1484 dictum
1775 1463 1828 1487 est,

1043 1502 1184 1536 cogitanti,
1200 1502 1320 1538 cognitio
1335 1509 1443 1536 quoque
1458 1502 1517 1535 ipsa
1533 1501 1560 1529 in
1577 1501 1673 1528 melius
1697 1501 1826 1528 immuta-

1044 1548 1127 1575 hitur.
1137 1547 1285 1576 Possumus
1295 1548 1376 1576 etiam
1391 1548 1445 1575 alio
1458 1548 1539 1576 modo
1554 1548 1626 1575 hunc
1645 1547 1733 1575 locum
1746 1549 1830 1580 expli»

1044 1601 1122 1627 care,
1140 1599 1170 1621 ut
1184 1602 1245 1621 cum
1255 1594 1385 1630 Gregorio
1400 1593 1523 1630 Nysseno
1535 1601 1582 1629 per
1600 1594 1700 1621 coelum
1717 1601 1829 1623 novum.

1045 1639 1245 1668 ﬁrmamentum
1268 1640 1329 1668 ﬁdei
1351 1641 1378 1667 in
1399 1639 1537 1668 Christum
1561 1640 1763 1674 intelligamus;
1784 1647 1830 1674 per

1045 1689 1144 1712 terram
1167 1690 1258 1712 autem
1276 1693 1373 1713 novam
1389 1692 1438 1713 cor
1453 1693 1550 1720 purum
1567 1689 1593 1712 et
1607 1685 1754 1720 integrum,
1769 1685 1830 1712 illa-

1044 1730 1154 1758 bentem
1171 1730 1198 1757 in
1215 1738 1244 1757 se
1263 1730 1382 1764 pluviam
1399 1730 1505 1757 bibens.

1081 1781 1146 1809 Ibid.
1161 1781 1191 1809 C.
1209 1781 1261 1809 Sed
1272 1782 1331 1815 jam
1346 1781 1380 1808 ad
1396 1782 1521 1815 temporis
1536 1789 1637 1815 quoque
1653 1782 1760 1815 festum,
1777 1786 1830 1808 ctc.

1044 1827 1197 1860 Quoniam,
1228 1827 1336 1861 inquit,
1372 1834 1468 1853 novatn
1498 1826 1666 1853 Dominicam
1703 1826 1829 1854 laudibus

1045 1872 1181 1907 prosocuti
1191 1879 1297 1903 smnus,
1306 1871 1435 1899 abeamus
1443 1871 1511 1906 iam,
1524 1875 1589 1899 utet
1599 1879 1712 1898 vernum
1722 1876 1830 1905 tempus

1046 1926 1165 1953 congrua
1198 1917 1344 1945 festivitate
1369 1917 1549 1944 celebremus.
1578 1917 1724 1944 Concurrit
1757 1918 1829 1945 enim

1047 1964 1098 1991 hoc
1109 1969 1215 1997 tempus
1224 1971 1286 1990 cum
1300 1962 1488 1990 Encanniorum
1501 1963 1580 1996 festo,
1590 1971 1622 1990 ac
1633 1963 1759 1990 videntur
1771 1971 1828 1991 om-

1046 2010 1091 2038 nia
1102 2010 1203 2038 Christi
1215 2009 1408 2037 resurrectioni
1423 2009 1565 2044 gratulari.
1576 2009 1663 2044 Atque
1680 2015 1708 2036 ut
1717 2010 1831 2043 iucundi

1047 2055 1176 2090 temporis
1198 2055 1428 2091 iucundissimam
1447 2055 1656 2091 descriptionem
1673 2055 1830 2085 aﬁ‘eramus,

1046 2102 1184 2137 pictricem
1201 2101 1364 2133 orationem,
1379 2102 1458 2137 quasi
1473 2107 1652 2137 spectatores,
1673 2109 1832 2137 sequamur,

1046 2156 1078 2176 ac
1094 2148 1246 2180 videamus,
1262 2156 1385 2183 quaenam
1403 2149 1551 2178 describat.
1564 2153 1589 2175 et
1601 2149 1674 2176 velut
1685 2149 1720 2175 ob
1738 2150 1831 2176 oculos

1046 2199 1139 2230 ponat.
1158 2194 1230 2222 Intcr
1246 2195 1310 2222 anni
1329 2199 1449 2230 tempora
1477 2195 1658 2230 principatum
1685 2202 1730 2221 ver
1747 2199 1832 2225 tenet,

1047 2246 1160 2275 pr0ptcr
1175 2248 1222 2267 cas
1237 2241 1443 2273 oblectationes,
1459 2249 1529 2276 quas
1543 2240 1632 2268 aﬁ‘ert.
1648 2240 1832 2274 Principatum

1047 2286 1140 2313 itidem
1151 2290 1224 2312 tenet
1236 2286 1305 2313 inter
1317 2286 1373 2313 dies
1385 2286 1524 2313 Dominica
1536 2287 1591 2316 illa.
1605 2286 1696 2320 inqua
1706 2285 1833 2313 Christus

210 2335 274 2359 Sunt
300 2331 354 2359 illis
378 2339 439 2366 quae
456 2339 506 2367 per
530 2331 669 2359 somnium
698 2331 847 2366 tinguntur.
877 2331 994 2358 Proinde
1012 2320 1033 2348 Β
1049 2332 1207 2359 resurrexit.
1233 2331 1326 2366 Itaque
1343 2339 1390 2358 rex
1414 2336 1583 2365 temporum,
1599 2332 1650 2358 hoc
1674 2335 1726 2362 est,
1752 2339 1833 2357 verna

211 2381 291 2404 certae
309 2385 339 2405 ac
354 2377 528 2405 subsistentis
544 2377 680 2409 veritatis,
696 2384 779 2411 quam
796 2384 870 2403 vanze
889 2376 994 2410 opinio-

211 2421 271 2454 nis,
288 2422 428 2456 antiquius
443 2422 489 2450 tibi
509 2421 543 2450 sit
569 2421 702 2449 stttdium.
721 2421 782 2448 Heri
800 2421 876 2448 vanis
891 2426 997 2456 specta—

211 2466 280 2494 culis
305 2466 424 2493 aninutm
447 2468 612 2501 adiiciehas,
639 2474 671 2494 ac
698 2467 786 2495 visum
800 2487 807 2500 ,
826 2467 999 2502 reliquosque

215 2513 609 2548 omneslseusu5,0bscettarum
627 2522 717 2541 rerutn
733 2518 843 2548 aspectu
857 2513 978 2541 fmdabas
991 2522 997 2539 :

219 2559 299 2586 hodie
312 2566 326 2585 a
343 2559 424 2586 rebus
445 2566 555 2586 sensum
581 2560 754 2587 moventibus
767 2559 882 2586 abducta
897 2564 998 2593 mente,

167 2628 172 2634 .
217 2605 436 2633 intellectualiter
456 2611 579 2639 operare,
599 2606 624 2632 in
649 2606 875 2640 scmpiternarum
907 2613 997 2632 rerum

216 2651 401 2685 speculatione
435 2650 557 2677 studium
584 2655 611 2677 ct
640 2658 750 2684 operata
787 2658 901 2685 ponens.
935 2650 998 2678 Heri

215 2697 383 2725 conviciator
397 2704 457 2724 eras
486 2701 513 2723 et
541 2696 685 2731 petulans,
714 2697 740 2723 id
758 2702 809 2730 est,
841 2697 958 2725 crudelis
973 2701 1000 2724 ct

215 2744 359 2778 impudens
389 2752 396 2770 :
425 2743 505 2770 hodie
538 2742 635 2770 faustis
660 2742 751 2770 verbis
778 2751 1002 2778 unumquemque

215 2795 390 2823 prosequere,
409 2793 490 2824 atque
505 2795 537 2814 cx
557 2788 665 2815 feritate
678 2792 705 2814 et
721 2788 883 2815 truculentia
900 2788 933 2815 ad
953 2789 1002 2815 hu-

216 2833 373 2860 manitatem
390 2834 484 2867 migra.
502 2833 565 2861 llcri
580 2833 826 2861 comessationibus
843 2837 869 2860 et
885 2834 1002 2869 crapula:

217 2879 326 2907 deditus
353 2886 415 2907 eras
435 2888 441 2906 :
460 2880 542 2907 hodie
558 2879 719 2915 gravitatem
741 2886 772 2907 ac
793 2879 1000 2914 temperantiam

251 2961 272 2976 θ’
292 2958 326 2985 IIl
351 2958 416 2994 llr-g.
433 2965 508 2992 xvttt,
527 2958 572 2986 2i.
610 2958 642 2974 "‘
661 2957 724 2986 ibid.
775 2958 796 2974 ’³⁸
812 2958 893 2986 Amos
911 2967 945 2991 vt,
961 2958 986 2986 4.

1046 2377 1205 2405 constitutio
1218 2397 1225 2409 ,
1243 2377 1308 2414 huic
1325 2378 1432 2404 dierum
1449 2377 1557 2411 regium,
1572 2376 1597 2402 id
1618 2380 1668 2409 est,
1685 2376 1832 2403 Dominica,

1048 2431 1175 2459 pompam
1192 2423 1279 2450 laetam
1297 2423 1420 2457 peragit,
1439 2422 1464 2448 id
1479 2426 1530 2454 est,
1549 2422 1730 2448 ministerium
1747 2423 1834 2456 quod-

1050 2471 1111 2497 dam
1130 2469 1179 2504 ipsi
1203 2469 1262 2496 obit
1278 2477 1284 2494 :
1302 2474 1329 2495 ct
1346 2476 1408 2502 pars
1427 2467 1502 2501 anni,
1518 2466 1662 2501 imperium
1679 2467 1732 2493 diei
1754 2467 1834 2502 huius

1052 2521 1215 2548 agnoscens,
1236 2514 1314 2548 quasi
1341 2513 1443 2540 [amula
1469 2513 1596 2544 dominm,
1620 2511 1753 2546 quidquid
1773 2513 1835 2545 pub

1052 2560 1216 2587 (-hcrrimum
1232 2567 1263 2586 ac
1288 2559 1412 2586 sensibus
1431 2557 1614 2593 gratissimum
1631 2558 1722 2591 habet,
1747 2557 1835 2584 oﬁ‘rtt.

1055 2607 1103 2638 Ac,
1122 2605 1242 2638 silibet,
1262 2604 1337 2632 verni
1359 2605 1489 2638 temporis
1504 2604 1677 2631 amceuitates
1693 2611 1836 2630 receuSea-
1871 2613 1875 2617 ~

1053 2660 1123 2679 mus.
1135 2651 1213 2679 Nunc
1223 2652 1321 2679 coelum
1329 2651 1506 2685 splendidius,
1518 2650 1645 2676 nimirum
1658 2649 1836 2676 tenebricos’n

1053 2704 1079 2725 et
1098 2697 1254 2733 caliginosis
1274 2697 1392 2724 nubibus
1408 2716 1414 2729 ,
1430 2696 1506 2730 quasi
1523 2699 1598 2723 vestc
1621 2695 1737 2729 quadam
1765 2699 1835 2725 att'u,

1052 2748 1175 2772 exutum.
1201 2742 1279 2771 Nunc
1294 2743 1334 2770 sol
1351 2742 1512 2775 sublimior;
1533 2742 1586 2776 iam
1602 2741 1674 2768 enim
1695 2740 1728 2767 ab
1746 2740 1836 2766 hutni~

1051 2789 1165 2817 tioribus
1182 2794 1208 2816 et
1229 2789 1393 2816 australibus
1411 2788 1534 2823 partibus
1547 2787 1581 2814 ad
1599 2786 1735 2817 Borcales,
1754 2790 1790 2817 ct,
1810 2791 1838 2811 ut

1051 2834 1103 2862 dici
1131 2834 1284 2866 consuevit,
1315 2841 1424 2861 currum
1453 2833 1592 2860 Arcticum
1641 2831 1837 2867 progreditur,

1053 2879 1160 2906 tametsi
1180 2878 1287 2906 interim
1306 2879 1338 2906 ab
1354 2877 1552 2914 lEquiuoctiali
1578 2886 1631 2905 non
1660 2878 1740 2913 longe
1755 2876 1824 2904 absit

1026 2958 1058 2975 ”'
1075 2957 1124 2986 lsa.
1146 2964 1206 2991 uv,
1228 2957 1269 2985 I7.
