2058 3159
241 246 304 274 H31

941 240 1130 269 ADDENDA.

1787 233 1859 265 1432

240 298 316 325 Nunc
327 299 397 326 lunae
409 299 483 326 ortis
495 298 626 325 illustrior
643 307 649 323 :
667 298 754 324 hieme
766 298 838 325 enim
852 297 953 325 tristior
966 302 1025 326 erat
1039 299 1060 326 A
1076 305 1108 324 ae
1125 304 1234 324 sursum
1259 295 1354 323 oculos
1381 294 1413 322 ad
1441 293 1524 321 Deum
1543 293 1637 325 tendit,
1654 292 1809 326 ipsumque,
1827 297 1859 317 ιιι

241 348 266 370 et
282 344 435 374 obscurior,
463 349 572 378 propter
587 343 659 371 aeris
676 343 840 371 crassitie-nn.
856 343 890 370 Et
904 344 1023 371 siderum

241 391 341 417 chorus
366 389 459 421 purior
480 389 551 417 veris
571 393 693 424 tempore
710 399 717 417 :
734 390 863 424 quoniam
891 397 944 417 non
970 390 1025 424 jam

241 440 350 470 propter
377 435 552 462 immodicam
580 435 768 463 humiditatem
797 443 914 470 vapores
940 435 1027 464 crassi

241 481 405 508 excitantur.
422 480 501 509 Nunc
525 480 636 514 fluctus,
666 482 761 514 nubes,
781 482 874 514 venti,
891 486 976 513 terra,
1001 486 1028 509 et

241 527 338 561 plantae
353 531 455 561 pacata:
480 531 546 554 sunt
559 532 586 554 et
601 527 766 562 tranquillae,
783 528 889 555 etiamsi
908 535 956 562 per
972 527 1028 554 hie~

240 580 311 599 mem
327 573 498 608 gravissimis
514 573 635 600 dissidiis
650 578 677 599 et
691 573 769 600 bellis
784 574 854 600 inter
870 580 899 600 se
913 571 1026 600 conﬂic-

240 623 372 646 tarentur.
400 618 562 652 Priusquam
581 620 653 646 enim
676 619 829 653 jucundum
855 623 882 646 et
899 619 1026 646 blandum

240 673 287 692 ver
298 666 377 692 nobis
390 665 534 696 illuxisset,
547 665 645 692 fluctus
659 665 760 699 impetu
772 665 923 692 vehementi
938 665 1027 693 littora

240 711 437 744 verberabant,
455 717 482 738 et
504 712 592 739 nubes
612 712 695 738 solem
711 711 898 743 obduci-bant,
913 717 940 739 et
954 711 1028 738 venti

239 766 330 786 aerem
357 758 578 786 commovebant.
605 757 689 785 Terra
707 758 818 792 insuper
837 756 944 791 plantas
960 765 1027 785 con-

241 808 318 831 sueto
337 803 466 830 alimento
488 803 614 837 privabat
633 810 640 829 :
667 803 718 830 illa;
743 803 835 830 itidem
861 803 1026 838 voluptatem

241 850 328 877 oculis
346 850 525 884 denegabant.
540 850 667 881 Atnunc,
690 854 835 884 postquam
850 849 1030 884 verisladven-

242 902 287 923 tus
306 897 363 923 hare
376 896 489 923 dissidia
502 896 673 930 compressit,
690 895 789 922 ﬂuctus
803 895 858 930 jam
875 893 1030 929 tranquilli-

243 947 298 970 tate
309 942 445 975 fruentur,
457 942 549 969 littora
566 942 726 974 salutantes,
739 948 769 968 ac
784 940 879 968 leniter
892 940 1030 975 complec-

243 994 352 1016 tentes:
371 988 456 1016 nubes
482 988 548 1015 solis
572 987 720 1014 luminibus
747 987 873 1014 crassitie
897 994 946 1014 sua
971 994 1024 1013 non

242 1035 287 1062 oﬂi
307 1035 378 1066 ient,
411 1042 458 1061 aer
476 1034 567 1069 quiete
588 1033 753 1068 perfruetur,
775 1035 874 1067 stirpes
891 1032 1028 1066 germina-

243 1080 311 1106 bnnt
323 1100 330 1112 ,
348 1084 420 1107 terra
452 1080 525 1114 ipsas
542 1079 662 1114 parentis
680 1079 766 1106 instar
785 1079 929 1111 nutriente,
948 1083 1028 1113 atque

245 1126 278 1153 ad
305 1126 540 1161 producendorum
561 1125 699 1152 fructuum
724 1123 858 1160 principia
874 1131 919 1151 eas
935 1123 1030 1157 impel-

242 1173 334 1200 lente:
349 1180 380 1200 ac
395 1172 523 1206 deinceps
540 1171 636 1198 harum
653 1178 742 1198 rerum
759 1170 939 1198 oblectatione
956 1169 1027 1197 oculi

243 1220 328 1246 nostri
343 1219 577 1246 exhilarabuntur.
593 1218 671 1245 Nunc
692 1217 782 1245 fontes
800 1224 908 1252 quoque
937 1216 1028 1250 limpi-

242 1266 304 1293 dius
318 1266 484 1297 scaturiunt,
494 1270 523 1293 ut
537 1266 582 1300 qui
598 1273 651 1292 non
667 1265 785 1299 amplius
799 1263 1029 1291 avehementibns

242 1312 376 1339 imbribus
402 1313 563 1341 turbentur.
587 1311 632 1337 sed
662 1318 744 1345 puros
772 1310 865 1337 latices
893 1309 1028 1336 emittant.

243 1357 319 1384 Nunc
329 1364 424 1383 amnes
436 1356 575 1383 uberiores
589 1355 684 1387 ﬂuunt,
698 1355 885 1390 colliquefacta
900 1354 1028 1381 nimirum

243 1403 326 1435 nive,
346 1402 486 1437 glacieque
513 1401 632 1429 resoluta
658 1411 664 1428 :
693 1401 793 1436 quibus
822 1401 903 1428 rebus
933 1399 1030 1428 hiemis

244 1454 365 1483 tempore
393 1447 560 1482 proﬁuviutn
594 1454 690 1474 eorum
719 1445 919 1481 impediebatur
948 1450 1030 1480 atque

242 1495 425 1523 inhibebatnr.
443 1495 513 1528 Quin
530 1495 611 1522 etiam
631 1499 707 1528 prata
723 1499 750 1522 et
764 1494 835 1521 horti
850 1500 947 1520 suaves
961 1492 1029 1520 odo-

243 1549 287 1569 res
317 1541 412 1572 edunt,
433 1549 466 1568 ac
485 1541 583 1575 planta
600 1541 758 1571 virescunt,
787 1544 868 1574 atque
885 1545 1031 1566 ornamen-

243 1592 299 1614 tum
316 1595 394 1614 suum
416 1586 578 1621 proferunt;
595 1591 621 1612 et
636 1593 732 1613 recens
750 1590 844 1612 exorta
869 1584 952 1611 herba
969 1588 1029 1610 ton-

243 1634 339 1666 detur,
354 1633 471 1667 agnique
495 1631 596 1659 teneris
612 1631 726 1665 pedibus
742 1631 768 1657 in
788 1630 940 1656 virentibus
955 1628 1029 1655 arvis
1044 1647 1066 1677 ϐ

244 1679 344 1706 lascive
358 1678 490 1706 saltitant.
900 1701 903 1705 .

277 1723 336 1750 Col.
360 1723 411 1751 618
430 1723 459 1749 D.
498 1721 577 1749 Nunc
598 1722 671 1749 navis
689 1729 749 1748 cum
770 1721 949 1752 celeumatis,
976 1724 1028 1747 etc.

243 1767 294 1802 Qui
311 1768 344 1795 de
360 1768 441 1795 rebus
457 1767 628 1794 naturalibus
642 1770 804 1798 tractarunt,
826 1773 888 1792 cum
905 1765 957 1791 alia
973 1765 1031 1791 ele-

245 1819 351 1842 menta.
376 1819 432 1840 tum
458 1821 570 1848 aquam,
586 1812 746 1847 sphaericam
781 1811 883 1839 habere
916 1811 1030 1845 ﬁguram

244 1859 391 1887 affirmant.
423 1859 544 1891 Idcirco,
567 1867 628 1886 cum
657 1858 733 1886 navis
750 1866 766 1886 e
783 1863 862 1892 portu
891 1857 919 1884 in
946 1857 1031 1883 altum

244 1904 341 1936 fertur,
354 1904 504 1938 ἀνάγεσθαι
523 1903 635 1936 dicitur,
652 1903 726 1930 velut
751 1902 786 1930 ab
818 1901 956 1930 humiliori
971 1902 1031 1928 loco

245 1950 280 1977 ab
295 1949 483 1977 sublimiorem
507 1949 658 1980 ascendens
673 1957 754 1976 :cum
774 1954 865 1976 autem
885 1955 899 1974 a
917 1947 985 1974 mari
1004 1947 1030 1974 in

246 1999 356 2030 partum
372 1996 492 2031 appellit,
511 2000 577 2023 tune
592 1995 755 2029 κατάγεται,
771 1994 798 2022 id
818 1998 870 2027 est,
886 1993 1030 2026 descendit,

247 2042 375 2068 nimirum
404 2042 438 2068 ab
457 2041 512 2068 alta
526 2046 553 2068 et
566 2048 685 2068 convexa
708 2045 785 2075 parte
804 2040 832 2066 in
847 2039 1031 2067 humiliorem.

246 2086 322 2120 Quod
334 2091 505 2121 perspectum
517 2087 618 2113 habens
626 2086 792 2121 Theologus;
805 2086 842 2113 ait
852 2095 859 2113 :
869 2085 946 2112 Nunc
956 2085 1031 2112 navis

246 2140 308 2159 cum
337 2132 513 2159 celeusmatis
527 2139 542 2158 e
560 2136 639 2166 portu
651 2131 742 2158 solvit.
757 2131 928 2159 Celeusmata
943 2136 1031 2157 autem

246 2177 388 2204 cautiones
403 2177 455 2203 illa:
472 2180 547 2209 sunt,
564 2185 632 2211 quas
648 2181 748 2208 nautae,
763 2185 823 2204 cum
835 2177 895 2204 vela
922 2183 1031 2203 sursum

247 2223 372 2255 tendunt,
385 2222 517 2249 modulari
533 2222 632 2249 solent.
650 2222 704 2249 Deo
715 2229 797 2256 porro
809 2226 884 2257 grata
897 2229 929 2248 ea
942 2225 1031 2254 vocat,

247 2269 334 2296 utDci
350 2270 508 2295 memoriam
528 2268 747 2302 complectentia,
759 2272 841 2302 atque
856 2268 942 2302 ipsius
955 2267 1034 2295 auxi-

246 2316 312 2342 lium
329 2314 481 2342 invocanlia
500 2324 507 2348 ;

246 2362 286 2388 nit
301 2361 521 2392 instrui,.navem
547 2360 668 2387 adhibito
691 2361 752 2388 velo
773 2360 848 2390 dicit,
866 2360 983 2387 fortasse
1000 2360 1035 2387 ab

246 2406 363 2435 llomero
384 2408 454 2434 hanc
476 2415 571 2434 vocem
598 2411 750 2440 mutuatus,
772 2407 835 2442 quia
856 2406 913 2434 vela
933 2414 1036 2441 pennas

247 2453 323 2480 navis
351 2453 505 2488 appellavit,
522 2453 657 2480 veletiam
685 2452 801 2480 fortasse
830 2453 864 2480 ab
889 2452 968 2485 Isaia,
999 2453 1033 2480 de

246 2500 408 2535 quibusdam
423 2500 459 2526 ita
473 2500 601 2534 loquente
615 2509 620 2526 :
640 2498 771 2526 Volabant
788 2499 815 2525 in
831 2498 952 2525 navibus.
974 2496 1034 2530 Quo

247 2546 329 2573 verbo
342 2546 484 2581 navigandi
497 2550 523 2572 ct
539 2545 688 2580 remigandi
702 2545 868 2572 celeritatem
888 2543 1032 2578 expressit,

247 2600 307 2620 cum
320 2591 475 2626 hujusmodi
488 2592 662 2624 agitationem
678 2598 738 2617 cum
755 2590 844 2616 volatu
854 2589 1033 2624 comparavit,

247 2638 356 2674 quando
373 2638 461 2672 plenis
479 2638 557 2669 velis,
573 2645 604 2664 ac
623 2641 701 2663 vento
719 2636 751 2663 ad
768 2636 878 2671 puppim
891 2635 1034 2662 commode

247 2691 271 2712 et
283 2689 466 2718 congruenter
481 2683 572 2715 ﬁante,
590 2684 615 2709 in
635 2683 701 2710 mari
719 2682 853 2709 feruntur.
870 2683 908 2707 Ac
928 2680 1034 2715 delphi-

247 2740 297 2759 nus
310 2731 402 2762 etiam,
418 2731 520 2764 inquit,
533 2737 594 2756 cum
607 2728 807 2763 iucundissimo
817 2727 925 2755 sufﬁatu
946 2734 960 2754 e
970 2735 1033 2762 pro-

247 2778 330 2804 fundo
341 2778 372 2803 a:l
383 2784 459 2810 :lllllfl‘.
468 2775 638 2808 superﬁciem
649 2774 849 2808 ἱιναπέμπεται,
861 2773 886 2800 id
898 2777 948 2806 est,
960 2773 1036 2806 ell‘er_

248 2830 292 2850 tur
302 2830 328 2850 et
343 2824 510 2855 ascendit,ac
524 2828 643 2849 vectores
657 2822 731 2848 lmtos
741 2825 768 2848 et
780 2821 879 2847 hilares
892 2821 1033 2854 prosequi-

248 2868 379 2895 tur.Nam
402 2869 557 2901 huiusmodi
575 2868 689 2902 piscium
710 2866 888 2894 saltitationes
902 2866 1033 2900 tranquil-

250 2914 349 2940 litatem
369 2914 500 2941 iudicant.
530 2914 588 2940 .Iain
601 2914 681 2940 etiam
698 2917 819 2939 aratrum
830 2911 949 2946 agricola
960 2920 1032 2938 conn

251 2959 333 2993 pingit
348 2965 373 2986 et
388 2960 538 2993 componit,
551 2964 576 2986 ct
590 2961 671 2987 boves
688 2964 811 2986 aratores
832 2958 897 2991 jugo
912 2958 1031 2989 stringit.

1078 343 1215 370 fructuum
1246 346 1384 369 auctorem
1411 345 1438 367 et
1466 344 1666 374 porrectoretn,
1686 338 1805 369 invocat,
1827 344 1860 363 ac

1077 388 1182 416 sulcum
1193 386 1370 422 proscindens
1384 385 1502 412 laborem
1515 387 1674 418 praesentem
1685 388 1858 416 nequaquam

1078 440 1216 470 supputat,
1229 434 1275 461 sed
1304 441 1353 468 spe
1380 431 1479 460 futura:
1497 431 1594 458 messis
1612 433 1750 456 recreatur
1778 433 1859 462 atque

1078 483 1240 509 oblectatur.

1113 527 1173 555 Col.
1193 527 1245 554 619
1272 527 1305 554 Δ,
1337 525 1416 552 Nunc
1437 527 1529 559 pastor
1547 528 1572 549 et
1606 519 1731 547 bubulcus
1754 519 1860 552 ﬁstulas

1078 578 1181 609 aptant.
1203 577 1256 600 etc.
1277 572 1355 599 Nunc
1383 575 1410 598 et
1428 574 1530 605 pastor,
1556 573 1582 595 et
1597 566 1746 596 bubulcus,
1763 563 1860 590 incisis

1079 621 1190 649 calamis
1200 619 1348 655 pastorales
1363 617 1467 645 ﬁstulas
1479 613 1626 643 conﬁciunt
1639 620 1672 640 ac
1681 613 1860 645 componunt,

1079 669 1106 694 in
1121 674 1221 701 easque
1236 664 1400 700 inspirantes
1413 666 1439 689 et
1453 659 1624 688 insufﬁantes
1640 656 1777 692 pastorale
1795 662 1858 681 car-

1079 720 1142 740 men
1161 711 1345 741 modulantur,
1362 708 1490 742 verisque
1512 705 1650 739 voluptate
1671 701 1860 737 perfruuntur,

1080 759 1106 786 in
1130 758 1212 793 petris
1243 756 1283 784 vel
1299 754 1435 783 umbrosis
1459 751 1616 781 arboribus,
1630 752 1740 784 propter
1765 753 1861 773 auram

1079 810 1105 832 et
1130 791 1298 831 moderatum
1325 801 1392 828 solis
1417 799 1536 827 calorem
1566 795 1700 824 sedentes.
1728 791 1806 819 Nunc
1835 795 1864 817 et

1080 852 1231 886 plantarum
1247 849 1335 876 cultor
1347 847 1453 881 plantas
1464 842 1649 873 circumfodit,
1664 845 1690 868 et
1705 841 1863 874 perpurgat,

1079 903 1160 932 atque
1177 894 1251 922 omni
1267 894 1372 921 ratione
1388 892 1454 919 colit
1472 899 1479 918 :
1492 896 1518 917 et
1533 895 1632 922 auceps
1647 886 1767 914 calamos
1779 890 1863 932 quos-

1080 928 1141 970 dam
1162 939 1298 974 accipiens
1313 946 1349 964 ex
1381 937 1415 963 iis
1441 935 1555 963 aviculis
1570 939 1667 960 caveas
1690 928 1817 957 exstruit.
1830 934 1865 954 ac

1079 988 1200 1015 viscosus
1214 991 1305 1012 ramos
1318 983 1452 1018 inspectat
1462 1001 1470 1013 ,
1482 987 1546 1007 num
1564 983 1635 1006 recte
1646 984 1676 1003 se
1691 975 1821 1003 habeant,
1831 979 1864 998 ac

1077 1040 1180 1068 pennas
1192 1038 1220 1059 et
1234 1031 1352 1058 volatum
1365 1028 1455 1055 avium
1470 1026 1577 1054 curiose
1588 1023 1732 1058 explorat,
1745 1020 1797 1068 hoc
1809 1024 1862 1051 est,

1080 1064 1171 1106 utrum
1188 1077 1220 1103 ad
1236 1082 1326 1102 ramos
1338 1074 1410 1101 visco
1421 1072 1520 1099 oblitos
1535 1070 1636 1098 volent,
1649 1076 1681 1095 an
1698 1067 1751 1094 alio
1767 1064 1862 1091 feran-

1079 1130 1133 1153 tur.
1149 1126 1237 1158 Atque
1247 1122 1328 1149 etiam
1345 1121 1465 1154 piscator
1481 1118 1508 1144 in
1525 1115 1691 1152 profundum
1708 1111 1819 1147 aspicit,
1836 1114 1864 1138 et

1080 1177 1136 1200 rete
1162 1177 1241 1198 suum
1270 1173 1394 1203 apparat,
1417 1171 1445 1194 et
1468 1165 1496 1192 in
1522 1161 1633 1192 sublimi
1650 1159 1767 1195 quadam
1786 1161 1864 1193 petra

1080 1218 1178 1245 sedens
1199 1217 1335 1251 piscator.
1498 1210 1511 1223 '

1115 1262 1182 1290 lbid.
1198 1247 1277 1288 um:
1296 1259 1396 1287 sedula
1406 1265 1483 1292 aper,
1499 1254 1593 1282 solutis
1607 1252 1711 1288 pennis,
1721 1254 1773 1278 etc.
1786 1247 1866 1276 Veris

1080 1309 1162 1338 etiam
1190 1313 1312 1341 tempore
1342 1303 1452 1339 sapiens
1476 1305 1504 1329 et
1531 1299 1666 1327 industria
1690 1297 1759 1332 apis,
1773 1300 1803 1322 ut
1818 1298 1866 1341 est

1080 1354 1150 1390 apud
1169 1339 1352 1381 Salomonem,
1369 1355 1485 1383 pennam
1502 1353 1579 1373 suam
1591 1364 1598 1377 ,
1624 1344 1658 1371 ab
1682 1342 1798 1369 hiberno
1809 1339 1864 1390 iri-

1081 1386 1155 1436 gore,
1169 1398 1246 1434 quasi
1262 1405 1277 1424 a
1291 1395 1401 1424 vinealo
1416 1393 1534 1428 quodam
1550 1393 1760 1425 torpescentem.
1776 1386 1863 1436 velut:

1080 1431 1134 1482 que
1149 1431 1332 1473 Iconstrictam
1344 1462 1352 1476 ,
1369 1440 1461 1473 solvit,
1487 1443 1569 1473 atque
1596 1437 1630 1464 ab
1655 1434 1820 1462 alvearibus.
1834 1431 1863 1458 in

1081 1492 1180 1528 quibus
1202 1490 1316 1520 habitat,
1332 1495 1364 1515 ac
1379 1487 1431 1514 mel
1448 1490 1577 1519 tanquam
1597 1483 1624 1510 in
1643 1482 1751 1509 horreis
1770 1485 1865 1505 recou-

1081 1527 1132 1569 dit,
1155 1535 1304 1571 egreditur,
1331 1538 1358 1560 et
1382 1533 1410 1559 in
1438 1531 1545 1562 hortos,
1569 1533 1595 1556 et
1617 1527 1730 1554 floribus
1757 1529 1865 1551 amoma

1082 1583 1140 1609 loca
1157 1579 1294 1610 convolat.
1307 1585 1338 1605 ac
1354 1584 1446 1605 ceram
1469 1574 1579 1611 quidem
1594 1581 1626 1600 ex
1641 1571 1754 1599 ﬁoribus
1774 1574 1868 1603 aperte

1082 1625 1195 1661 colligit,
1211 1623 1263 1651 mel
1291 1627 1393 1654 autem,
1419 1622 1470 1648 hoc
1492 1623 1544 1651 est,
1568 1618 1723 1651 inspersum
1752 1612 1867 1640 ﬁoribus

1083 1659 1234 1702 humorem,
1256 1676 1303 1696 ore
1319 1671 1476 1699 attractum,
1494 1665 1617 1692 favorum
1634 1660 1798 1690 caritatibus
1815 1659 1868 1686 im-

1082 1719 1173 1747 mittit.
1190 1717 1256 1751 Quaa
1281 1717 1363 1743 etiam
1393 1721 1475 1742 causa
1502 1717 1553 1743 est,
1569 1719 1618 1739 cur
1642 1709 1719 1737 initio
1734 1707 1868 1734 acerbum

1082 1771 1163 1799 atque
1191 1770 1314 1790 amarum
1344 1761 1390 1793 sit,
1408 1764 1536 1788 caeterum
1564 1755 1694 1791 temporis
1718 1759 1869 1788 progressu

1082 1814 1243 1838 concoetum
1259 1808 1291 1836 ad
1306 1808 1442 1843 propriam
1458 1803 1681 1832 constitutionem
1691 1799 1869 1828 suavitatem-

1082 1865 1136 1892 que
1165 1855 1243 1883 redit.
1267 1854 1402 1889 Σύριγγες
1429 1858 1511 1885 porro
1537 1849 1666 1880 dicuntur
1689 1854 1756 1874 cava
1779 1845 1825 1871 illa
1841 1849 1869 1871 ct

1082 1903 1198 1938 oblonga
1227 1902 1281 1929 duo
1311 1899 1398 1927 mellis
1427 1896 1622 1933 promptuaria.
1642 1894 1754 1921 Diverso
1777 1897 1868 1918 autem

1083 1947 1299 1984 atqueopposito
1315 1945 1396 1973 modo
1407 1944 1458 1972 sibi
1473 1944 1589 1971 invicem
1606 1941 1783 1976 respondent,
1800 1946 1868 1973 quo-

1083 1995 1155 2022 niam
1172 1994 1224 2021 alia
1238 1993 1270 2020 ad
1284 1996 1384 2019 rectam
1406 1990 1505 2016 lineam
1521 1988 1608 2023 posita
1621 1992 1698 2018 sunt,
1714 1986 1767 2012 alia
1787 1992 1870 2019 supc-

1084 2041 1203 2068 rioribus
1230 2037 1401 2066 fundamenti
1416 2037 1476 2064 loco
1495 2040 1570 2066 sunt,
1586 2033 1731 2067 mellisque
1752 2030 1871 2058 admini-

1083 2088 1143 2115 cula
1155 2107 1163 2119 ,
1191 2094 1244 2113 non
1275 2085 1366 2112 minus
1383 2083 1416 2110 ad
1433 2082 1523 2117 operis
1541 2080 1715 2115 elegantiam,
1732 2084 1814 2112 quam
1836 2076 1870 2103 ad

1084 2133 1268 2161 securitatem.
1295 2131 1369 2158 Adeo
1397 2129 1466 2156 scite
1492 2132 1519 2155 et
1544 2126 1659 2154 solerter
1685 2123 1743 2158 apis
1770 2123 1870 2149 horrea

1083 2177 1173 2205 mellis
1191 2177 1349 2204 fabricatur.
1387 2173 1494 2200 Etenim
1511 2179 1600 2199 ceram
1618 2170 1645 2197 in
1660 2174 1767 2196 tenuem
1782 2174 1870 2194 mem-

1084 2225 1197 2252 branam
1225 2221 1403 2252 distendens,
1417 2220 1516 2246 densas
1542 2223 1569 2244 et
1593 2216 1739 2244 continuas
1757 2215 1828 2240 inter
1842 2220 1871 2239 se

1085 2266 1348 2302 cavitatesporrigit,
1358 2266 1395 2292 ita
1406 2269 1435 2291 ut
1445 2263 1581 2292 densailla
1593 2269 1683 2288 rerum
1694 2260 1870 2287 minimarum

528 2313 696 2349 πτεροῦσθαι
709 2319 812 2345 autem,
829 2314 881 2341 hoc
901 2318 953 2342 est.
967 2322 1030 2348 pen-
1046 2312 1072 2342 Β
1087 2316 1157 2343 inter
1172 2321 1202 2341 se
1216 2312 1379 2347 compositio
1405 2310 1563 2338 universum
1578 2308 1718 2344 opiﬁcium
1735 2308 1872 2333 sustentet

1087 2369 1119 2388 ac
1147 2359 1251 2387 fulciat.
1269 2357 1446 2392 Unaquaeque
1476 2355 1550 2383 enim
1581 2354 1678 2382 cellula
1695 2359 1757 2379 cum
1784 2351 1870 2378 altera

1087 2405 1217 2436 coluerat,
1233 2403 1307 2430 tenui
1324 2405 1400 2436 septo
1419 2401 1454 2427 ab
1467 2407 1499 2428 ea
1514 2400 1647 2433 dirempta
1667 2397 1787 2425 simulet
1804 2404 1872 2422 con—

1084 2452 1191 2486 juncta.
1214 2448 1315 2476 Deinde
1336 2447 1378 2474 hae
1402 2445 1499 2474 ﬁstulae
1519 2446 1556 2472 ita
1576 2448 1723 2472 exstructaa
1747 2447 1823 2473 sunt,
1843 2446 1873 2468 ut

1086 2497 1141 2525 duo
1156 2501 1238 2531 atque
1263 2495 1331 2522 adeo
1349 2494 1399 2521 tria
1426 2493 1546 2520 tabulata
1569 2492 1698 2518 habeant.
1717 2488 1812 2516 Verita
1828 2494 1872 2515 est

1087 2544 1159 2571 enim
1176 2549 1257 2570 unam
1281 2548 1327 2574 per
1353 2539 1509 2566 universam
1541 2537 1686 2565 cavitatem
1717 2535 1818 2566 facere,
1837 2541 1872 2561 ne

1087 2589 1220 2625 gravitate
1250 2587 1397 2620 depressus
1422 2585 1521 2612 humor
1544 2582 1578 2610 ad
1605 2587 1745 2609 externam
1763 2584 1871 2615 partem

1088 2635 1234 2661 lalrcretur.
1252 2631 1312 2658 Jam
1328 2637 1392 2657 vero
1406 2636 1500 2656 omnes
1514 2627 1651 2655 favorum'
1659 2626 1756 2653 ﬁstula:
1772 2632 1873 2651 sexan-

1087 2679 1154 2715 gula:
1171 2683 1197 2705 et
1213 2677 1376 2712 :equilaterat
1389 2679 1464 2707 sunt,
1479 2682 1532 2701 non
1546 2680 1636 2700 autem
1652 2672 1678 2699 in
1693 2676 1797 2698 rectum
1811 2670 1874 2697 alia:

1087 2725 1147 2752 aliis
1163 2724 1361 2753 incumbentes,
1381 2729 1413 2748 ne
1436 2721 1496 2747 ima:
1513 2724 1603 2754 partes
1628 2717 1756 2745 inanibus
1772 2717 1873 2751 adjun-

1087 2777 1136 2798 ctae
1162 2770 1276 2796 nimium
1303 2771 1470 2802 premantur,
1484 2773 1577 2792 verum
1594 2764 1684 2799 anguli
1708 2762 1871 2790 inferiorum

1088 2819 1307 2852 hcxagonornm,
1333 2815 1366 2841 iis
1389 2813 1435 2848 qui
1461 2812 1628 2847 superiorem
1646 2811 1735 2838 locum
1764 2813 1870 2841 tenent,

1088 2863 1162 2890 basis
1177 2867 1202 2889 et
1220 2860 1399 2888 sustentaculi
1418 2859 1504 2885 vicem
1524 2858 1654 2892 praebent,
1672 2862 1700 2883 ut
1717 2864 1799 2890 super
1821 2863 1871 2883 eos

1087 2914 1144 2936 tuto
1174 2908 1291 2942 pondera
1318 2906 1486 2936 attollantur,
1503 2912 1534 2930 an
1567 2903 1690 2936 privatim
1715 2903 1748 2928 ad
1771 2909 1870 2928 unam~

1088 2962 1223 2988 quamque
1247 2954 1388 2980 cat‘itatrm
1416 2952 1514 2977 humor
1542 2949 1708 2976 demittatur.
1728 2946 1767 2973 Ad
1797 2946 1870 2973 hunc
