2058 3159
185 236 253 267 1433
546 237 558 242 ’

626 237 788 267 NICETAS
810 238 848 268 IN
870 238 984 270 ORAT.
1006 240 1105 269 XLIII
1126 241 1154 271 S.
1178 241 1295 271 CREG.

1737 245 1805 276 1434

185 292 296 320 modum
325 294 383 327 apis
411 300 479 326 opus
504 301 584 320 suum
612 295 795 324 constituens.
822 301 852 320 ac
880 298 969 320 ret-tas
985 297 1048 324 Aet
1074 297 1244 332 triumphum
1273 299 1385 331 obeunt.
1422 299 1534 334 piosque
1558 299 1632 326 viros
1657 305 1682 327 et
1706 300 1806 326 Christi

185 340 272 367 lineas
289 339 395 374 angulis
411 340 550 366 alternans
573 340 599 367 id
621 345 672 371 est,
690 341 884 375 constringens
897 342 970 372 {nam

185 393 248 413 cttm
264 386 324 413 duae
339 391 420 413 recta:
435 386 513 413 lineae
531 385 601 413 inter
615 393 645 414 se
661 387 830 418 inseruntur,
853 387 903 414 hoc
919 392 970 418 cst,

188 432 354 464 vinciuntur,
377 439 461 466 seque
488 432 672 463 intersecant.
701 433 817 468 angulus
841 433 970 468 gignitur)

186 479 279 511 aptum
307 477 427 504 curatori
447 477 554 504 dulcem
584 477 712 510 fructum,
730 485 780 505 nec
805 477 898 504 labore
915 477 971 504 ullo

185 528 212 550 et
222 523 344 550 aratione
358 523 569 558 quaesitum,sed
580 524 655 551 omni
670 532 793 551 aerumna
807 529 832 552 et
847 524 971 559 corporis

184 568 327 596 vexatione
340 573 477 596 carentem
491 569 610 604 profert:
625 569 853 604 quemadmodum
866 570 969 597 utinam

185 622 235 643 nos
250 622 370 650 quoque,
387 614 434 650 qui
447 615 548 644 Christi
561 616 695 650 apiarium
712 623 827 649 sumus,
843 616 971 650 spiritua-

183 660 237 687 lem
255 666 282 688 et
300 661 378 688 nobis
396 661 506 695 dignum
520 661 639 688 fructum
656 661 706 696 ipsi
725 661 906 695 porrigamus,
923 661 969 695 qui

184 705 238 732 tale
255 706 353 742 partim
371 705 522 740 sapientiae;
539 706 636 740 partim
665 705 806 733 industria:
824 711 849 733 et
867 706 970 733 seduli-

185 751 249 778 tatis
265 751 417 785 exetnplum
433 751 466 778 ab
481 759 532 786 ape
546 752 713 786 accepimus.
729 751 794 778 Nam
824 757 970 786 utramque

184 796 292 823 laudem
310 797 440 824 Salomon
452 798 478 824 in
490 797 645 825 Proverbiis
655 798 699 833 api
713 797 919 829 tribuit,dicens
935 798 963 825 ':

185 843 269 878 Perge
284 843 316 870 ad
330 844 413 878 apim,
425 851 458 871 ac
472 844 556 877 disce,
571 852 652 879 quam
670 844 803 872 industria
819 845 864 877 sit,
875 851 971 878 quam-

183 897 237 923 que
254 888 398 916 honestum
412 895 438 917 et
452 890 611 925 prazclarum
626 895 760 925 quaestum
774 890 875 918 faciat:
889 897 969 924 emus

183 934 301 967 labores,
319 940 347 962 et
364 936 510 970 principes,
527 941 555 964 et
579 936 690 970 privati,
710 926 789 964 bonae
804 936 969 963 valetudinis

185 989 250 1016 ergo
276 981 441 1017 percipiunt,
458 987 485 1010 ct
509 990 666 1018 quanquam
688 983 792 1011 viribus
820 982 967 1011 imbecilla.
985 971 1007 999 Β

184 1027 255 1061 apud
271 1035 365 1055 otnnes
377 1032 465 1055 tamen
481 1029 605 1056 amabilis
621 1033 662 1057 est
676 1034 703 1056 et
721 1029 845 1061 illustris,
857 1029 969 1063 sapien-

184 1073 283 1108 tiaeque
299 1074 378 1101 laude
395 1075 528 1102 instructa
547 1083 562 1102 a
583 1075 638 1103 Deo
655 1081 798 1111 procreata
814 1080 864 1104 est.
897 1097 900 1099 ν

218 1119 278 1147 Col.
291 1120 342 1147 619
372 1120 403 1147 Β.
416 1120 477 1147 lam
490 1121 546 1149 avis
561 1121 653 1149 nidum
668 1123 809 1154 construit,
825 1128 878 1149 etc.
893 1122 972 1149 Nunc

182 1168 264 1194 etiam
281 1175 358 1199 aves,
371 1169 470 1202 partim
487 1168 600 1196 festucis
611 1170 774 1204 quibusdam
786 1175 832 1197 aut
844 1169 971 1204 quisqui-

184 1210 228 1237 liis
246 1211 364 1245 acceptis
384 1212 464 1240 nidos
479 1213 623 1246 aediﬁcant;
635 1214 732 1247 partim
745 1221 760 1240 e
773 1214 922 1248 longinquo
937 1215 970 1242 ad

183 1255 276 1282 nidum
306 1263 336 1284 se
352 1257 498 1285 conferunt
512 1262 560 1285 aut
574 1258 696 1286 referunt
711 1268 719 1292 ;
738 1260 835 1294 partim
861 1260 917 1295 jam
944 1262 969 1287 in

182 1309 245 1328 eum
259 1302 417 1338 immigrant
441 1310 522 1340 atque
537 1306 746 1341 ingrediuntur;
765 1308 862 1341 partim
888 1316 970 1342 supra

184 1347 277 1374 nidum
306 1349 408 1383 volant,
428 1357 459 1378 ac
481 1351 553 1378 circa
579 1353 701 1379 nativum
718 1353 808 1380 locutu
825 1354 969 1380 stridorem

182 1394 267 1421 edunt
291 1400 317 1422 et
343 1397 477 1430 garriunt,
494 1402 574 1432 atque
591 1398 727 1426 hominem
756 1400 829 1427 velut
851 1400 970 1434 alloquio

182 1441 300 1475 quodam
316 1441 464 1476 excipiunt.
480 1444 520 1470 Ac
535 1444 659 1478 proinde,
675 1452 729 1471 non
743 1445 805 1472 cceli
826 1445 969 1477 duntaxat,

181 1487 232 1514 etsi
249 1495 341 1515 vocem
357 1496 409 1515 non
427 1489 549 1521 edentes,
575 1489 623 1517 Dei
652 1491 765 1526 gloriam
787 1496 917 1518 cnarrant
934 1492 944 1508 ²
963 1500 969 1524 ;

181 1531 229 1558 sed
252 1531 304 1558 alia
334 1533 415 1559 etiam
446 1533 549 1564 omnia,
569 1537 652 1568 atque
669 1534 737 1561 adeo
766 1535 816 1569 ipsi
843 1543 971 1570 passeres

182 1576 296 1603 vocibus
313 1577 396 1604 mutis
418 1576 465 1604 Dei
486 1578 580 1605 laudes
597 1579 755 1613 praedicant.
775 1579 843 1607 Nam
858 1585 971 1616 propter

182 1623 241 1649 lure
254 1622 356 1653 omnia,
373 1631 433 1657 quze
451 1624 554 1651 razione
582 1629 608 1651 et
631 1625 766 1652 sermonis
785 1633 837 1653 usu
861 1631 968 1660 carent,
986 1644 1007 1674 Β

182 1675 231 1703 per
249 1675 301 1701 me,
321 1669 365 1695 cui
385 1668 454 1696 ratio
478 1674 506 1696 et
522 1670 646 1704 loquendi
672 1671 787 1698 facultas
804 1673 903 1699 tributa
917 1678 970 1705 est,

184 1714 310 1741 Creatori
326 1715 420 1750 gratia:
437 1721 655 1751 aguntur,atqne
675 1717 725 1744 hac
740 1717 846 1744 ratione
861 1718 969 1745 illorum

184 1760 302 1788 laudatio
320 1768 379 1788 mea
394 1761 520 1794 ellicitur,
535 1766 627 1795 utpote
639 1770 654 1789 τι
667 1763 767 1797 quibus
779 1770 830 1797 ego
842 1755 981 1790 laudandi.

185 1805 231 1833 Dei
260 1806 400 1833 materiatn
424 1811 451 1834 et
479 1812 669 1842 argumentum
696 1809 785 1843 capio.
822 1809 971 1837 Enimvero

185 1852 272 1879 ridere
289 1859 343 1879 non
374 1858 417 1880 est
442 1853 588 1888 cujuslibet
612 1854 771 1885 animantis.
788 1856 834 1882 sed
852 1855 973 1884 hominis

185 1898 270 1926 solius
290 1898 441 1933 proprium.
469 1898 561 1932 Quare
587 1901 639 1928 hoc
664 1900 725 1927 loco
741 1900 855 1928 abusive
869 1900 971 1928 dictum

184 1950 237 1978 est,
252 1953 334 1973 omne
348 1945 528 1973 animantium
552 1954 637 1980 genus
659 1946 758 1979 ridere,
776 1947 827 1974 hoc
846 1952 889 1974 est
904 1954 973 1982 gau-

184 1991 248 2018 dere
276 1997 358 2026 atque
385 1993 527 2020 oblectari.
550 1993 618 2025 Quin
642 1994 724 2020 etiam
751 2001 849 2021 sensus
876 2001 972 2021 omnes

185 2037 281 2068 nostri,
297 2042 325 2064 ut
340 2038 439 2073 cuique
455 2040 593 2074 congruit,
614 2043 773 2073 pascuntur.
789 2038 856 2066 Nam
879 2047 895 2066 e
908 2047 972 2066 sen-

184 2082 320 2115 sib'libus,
345 2083 372 2111 in
398 2092 459 2119 qua:
480 2085 668 2120 unusquisque
683 2092 781 2113 sensus
797 2085 864 2118 agit,
881 2085 974 2113 suavi-

184 2133 269 2156 tatum
290 2130 396 2158 fruetus
412 2132 588 2166 percipimus.
599 2131 666 2164 Qum
685 2136 776 2159 autem
793 2132 826 2159 de
841 2139 911 2166 equn
926 2132 971 2158 hic

183 2174 321 2209 dicuntur,
340 2177 374 2204 ab
387 2176 503 2204 llomero
514 2182 623 2212 accepta
635 2179 842 2213 paraphrastiee
872 2178 971 2205 extulit

182 2222 350 2257 Theologus.
363 2223 408 2251 Sic
419 2224 493 2251 enim
515 2229 593 2258 poeta
607 2225 728 2260 loquitur
747 2234 753 2251 :

226 2268 270 2300 Ὦς
286 2270 309 2295 δ’
324 2269 338 2296 ὃ
351 2269 381 2295 τέ
398 2278 439 2301 τις
455 2270 561 2301 στατός,
577 2275 630 2298 etc.

1023 348 1146 370 amantes
1159 344 1191 370 ad
1206 344 1258 371 hoc
1271 344 1369 371 festum
1392 349 1554 376 convocant,
1570 345 1808 378 certaminumque

1022 397 1134 416 suorum
1150 391 1323 418 narrationes
1349 391 1464 424 pnbliem
1486 391 1619 425 cujusque
1638 391 1758 418 historia:
1777 398 1808 417 ac

1024 436 1210 463 dimicationis
1223 445 1272 471 pro
1287 437 1396 464 Christo
1413 442 1546 472 suscepta:
1558 437 1672 464 lectione
1686 437 1807 471 promul-

1022 486 1097 516 gant.
1112 481 1231 514 Quorum
1249 489 1401 518 martyrum
1431 491 1575 510 numerum
1600 487 1680 517 auget
1694 481 1808 514 Marnas,

1022 534 1100 554 meus
1114 528 1235 561 quidem.
1248 530 1378 563 quoniam
1396 529 1454 564 ipse
1473 536 1583 563 quoque
1595 528 1739 562 Cappadox
1756 533 1808 559 est,

1023 580 1076 600 n0u
1091 578 1181 600 autem
1197 574 1269 609 apud
1288 582 1342 606 me.
1362 580 1456 609 utpote
1472 575 1499 601 in
1517 574 1604 601 aliena
1622 577 1694 601 terra
1714 573 1809 600 condis

1023 624 1078 653 tua,
1096 629 1193 656 nempe
1221 621 1320 649 llorias.
1359 621 1417 649 Divi
1445 621 1517 649 enim
1547 621 1692 648 lllamantis
1711 627 1810 654 corpus

1021 666 1152 694 Cursarem
1183 667 1265 694 situm
1299 672 1340 694 est
1366 676 1372 694 :
1401 667 1448 702 qui
1480 672 1569 694 autem
1607 667 1664 693 hinc
1691 665 1808 696 dicebat.

1022 712 1141 738 Arianzo
1158 718 1233 740 ortus
1247 717 1316 740 erat.
1333 713 1465 740 Caeterum
1480 711 1544 746 quia
1561 716 1695 746 praesente
1708 711 1810 737 Basilio

1021 757 1116 794 Magno
1129 759 1198 785 hanc
1209 759 1360 786 oralionem
1375 758 1656 792 habebatGrcgorius,
1668 762 1810 791 propterea

1021 804 1088 832 scite
1112 805 1234 840 adiunxit
1252 814 1260 833 :
1276 805 1405 833 Facessat
1425 805 1541 837 invidia,
1578 804 1656 839 quasi
1679 804 1785 831 diceret
1802 812 1809 829 :

1022 850 1059 878 Ne
1077 851 1141 878 mihi
1164 859 1338 882 succenseas,
1367 852 1457 879 divine
1474 851 1567 882 Basili,
1589 849 1613 877 si
1636 851 1709 884 quod
1735 854 1810 876 tuum

1020 900 1073 926 est.
1091 896 1287 924 benevolentia:
1310 897 1408 924 aﬂ'cctu
1436 897 1503 924 mihi
1526 896 1648 927 vindico,
1665 902 1812 929 Ini-umque

1023 942 1144 970 nomino.
1165 942 1269 968 Bonum
1299 942 1371 969 enim
1399 941 1486 973 illud,
1518 942 1591 975 quod
1612 941 1678 968 mihi
1705 947 1810 968 assero.

1021 987 1157 1023 eiusmodi
1177 992 1230 1018 est,
1249 992 1277 1013 ιιι
1294 987 1488 1014 detrimentum
1507 986 1621 1018 nesciat,
1634 993 1666 1013 ac
1684 985 1812 1019 perennis

1021 1040 1048 1062 ct
1080 1034 1258 1061 inexhaustus
1287 1034 1433 1060 thesaurus
1459 1037 1500 1059 est
1528 1031 1642 1058 Mamas.
1661 1030 1713 1063 Qui
1733 1029 1811 1064 prius

1021 1081 1129 1116 quidem
1146 1081 1172 1106 in
1186 1085 1279 1106 monte.
1292 1087 1385 1106 cervas
1402 1078 1550 1114 mulgebat,
1565 1084 1728 1112 unaquaque
1743 1075 1811 1101 mira

1021 1128 1198 1154 contentione
1214 1131 1240 1153 ct
1252 1126 1343 1153 studio
1354 1129 1527 1157 accurrcntc,
1543 1132 1574 1152 ac
1590 1130 1737 1151 mammam
1750 1126 1812 1148 ante

1022 1172 1090 1199 alias
1109 1179 1204 1199 onines
1229 1171 1340 1206 martyri
1373 1171 1534 1198 submittere
1559 1170 1702 1205 gestiente.
1720 1173 1749 1195 ut
1766 1175 1812 1202 per

1021 1226 1080 1246 eam
1095 1223 1206 1246 sanctus
1223 1217 1384 1245 admirando
1402 1222 1429 1244 et
1442 1217 1573 1244 inusitato
1591 1216 1660 1243 lacte
1675 1215 1810 1242 aleretur:

1022 1272 1095 1293 nunc
1117 1270 1209 1292 autem
1236 1264 1367 1291 Ctesarea:
1396 1264 1499 1298 plebem
1523 1263 1622 1298 pascit.
1649 1261 1710 1288 Uno
1739 1261 1811 1287 enim

1022 1312 1130 1338 circiter
1142 1311 1175 1338 ab
1187 1311 1253 1338 urbe
1262 1311 1349 1338 stadio
1359 1315 1410 1337 tem
1418 1311 1490 1345 plum
1503 1308 1614 1344 martyri
1624 1310 1812 1335 constructntn

1022 1363 1074 1391 cst,
1088 1357 1159 1392 quod
1175 1357 1219 1384 illa
1235 1357 1291 1390 ipsa
1309 1356 1428 1388 Ammia,
1444 1363 1505 1390 qua:
1517 1363 1579 1381 eum
1590 1354 1704 1384 aluerat,
1719 1353 1797 1386 singu
1808 1364 1814 1370 -

1022 1405 1072 1431 lari
1099 1402 1302 1437 magnificentia
1325 1410 1357 1429 eo
1386 1401 1447 1429 loco
1466 1401 1617 1428 aedificasse
1641 1400 1740 1430 fertur,
1758 1403 1813 1431 quo

1022 1454 1083 1485 post
1112 1449 1287 1484 martyricam
1318 1449 1391 1475 illam
1422 1452 1449 1475 et
1464 1451 1631 1482 postremam
1647 1445 1769 1471 lanceam
1799 1449 1814 1468 ο

1022 1496 1139 1526 theatro.
1165 1495 1314 1530 praecordia
1337 1494 1393 1529 jam
1427 1493 1598 1527 erumpentia
1619 1490 1750 1521 retinens,
1768 1489 1812 1514 vix

1023 1539 1131 1567 tandem
1148 1546 1203 1574 pra:
1221 1538 1325 1565 ardenti
1351 1537 1488 1564 desiderio
1503 1536 1643 1571 pervenire
1657 1539 1739 1568 atque
1753 1532 1813 1560 ani-

1024 1593 1095 1613 mam
1113 1585 1204 1612 cillere
1222 1585 1320 1620 potuit.
1342 1583 1371 1610 In
1391 1584 1443 1611 boe
1458 1583 1541 1618 igitur
1561 1583 1660 1616 templo
1676 1580 1813 1608 Eumenic-

1023 1639 1083 1659 rum
1112 1630 1213 1658 festum
1244 1631 1328 1658 totius
1353 1629 1473 1657 civitatis
1502 1636 1640 1655 concursu
1670 1625 1814 1654 commode

1024 1678 1225 1706 celebrabatur.
1240 1678 1279 1704 Ac
1299 1681 1414 1712 martyr,
1434 1675 1533 1708 inquit,
1551 1675 1578 1702 in
1599 1675 1650 1702 hoe
1673 1672 1812 1700 Eumeniu-

1024 1731 1084 1750 rum
1120 1723 1190 1752 festo
1225 1723 1369 1758 spiritu-ale
1404 1730 1450 1749 ver
1482 1722 1597 1748 innovat
1631 1719 1813 1752 undet-utique

1024 1768 1238 1796 conﬂuentibus.
1252 1768 1490 1801 Quemadmodum
1516 1771 1610 1793 autem
1635 1773 1680 1792 ver
1695 1763 1813 1790 munda-

1024 1821 1088 1841 num
1102 1819 1129 1841 et
1145 1815 1272 1841 naturale
1288 1813 1450 1847 multiplicia
1464 1817 1492 1839 et
1506 1813 1579 1839 varia
1596 1812 1694 1838 [lorum
1713 1816 1812 1844 genera

1024 1859 1129 1894 profert
1152 1867 1159 1886 :
1182 1858 1222 1886 sic
1246 1859 1297 1886 hoc
1325 1866 1436 1893 quoque
1465 1857 1588 1884 divinum
1616 1864 1674 1888 ver,
1706 1855 1811 1882 varium

1023 1905 1133 1941 quidem
1149 1912 1181 1932 ac
1197 1904 1335 1931 diversum
1358 1908 1400 1932 est
1424 1904 1534 1930 virtutis
1549 1902 1733 1934 ornamentis,
1747 1908 1811 1935 qua-

1024 1955 1103 1977 tenus
1119 1957 1152 1977 ev
1171 1950 1205 1977 iis
1230 1950 1276 1984 qui
1301 1949 1478 1980 conveniunt,
1503 1948 1572 1975 alius
1591 1947 1671 1974 aliaat
1686 1947 1812 1973 virtutem

1024 2003 1116 2023 secutn
1135 1995 1213 2023 aﬂ‘ert
1230 2005 1236 2023 :
1252 1995 1357 2023 varium
1374 1995 1457 2022 etiam
1471 1993 1645 2022 sermonibus
1663 1992 1812 2031 triumpha-

1025 2042 1108 2075 libus,
1139 2042 1205 2076 quia
1239 2041 1285 2068 alii
1313 2041 1368 2068 alio
1401 2041 1484 2068 modo
1506 2039 1635 2073 martyris
1663 2038 1812 2065 ecrtatnina

1024 2093 1137 2115 narrant
1153 2088 1334 2123 laudibusque
1359 2091 1575 2122 prosequuntur,
1604 2085 1649 2112 alii
1682 2083 1813 2111 nituirum

1024 2135 1208 2169 eloquentius,
1225 2134 1270 2162 alii
1286 2133 1478 2169 iuelegantius,
1494 2140 1525 2160 ac
1541 2139 1590 2167 pro
1608 2131 1709 2166 ingenii
1725 2129 1814 2157 facul-

1025 2186 1087 2208 tate.
1101 2181 1198 2216 Atque,
1222 2186 1251 2207 ut
1275 2180 1301 2207 in
1326 2187 1433 2207 summa
1448 2179 1549 2210 dicam,
1568 2185 1616 2204 ver
1634 2177 1701 2204 illud
1718 2176 1814 2210 probi-

1024 2228 1098 2258 tatis,
1112 2231 1193 2261 atque
1209 2225 1330 2256 virtutis,
1354 2224 1426 2258 quod
1455 2232 1470 2250 a
1497 2223 1597 2258 populo
1611 2222 1648 2253 ﬁt,
1676 2221 1812 2256 praeclaris

1024 2273 1114 2307 populi
1129 2273 1284 2307 pastoribus
1295 2271 1407 2305 dignum
1419 2275 1469 2302 est,
1483 2270 1640 2304 optimeque
1655 2270 1810 2302 respondet.

221 2315 287 2342 lbi-J.
302 2315 331 2342 (ἒ.
361 2315 431 2348 Quid
450 2323 546 2343 ca‘tera
562 2319 782 2345 commemorem?
805 2318 883 2345 Num:
899 2327 968 2345 mar-
986 2313 1007 2340 ῖ)
1024 2319 1155 2354 Denique,
1172 2323 1200 2346 ιιι
1214 2326 1270 2346 uno
1290 2317 1374 2344 verbo
1389 2325 1443 2343 rem
1461 2316 1637 2349 complectar,
1652 2315 1749 2348 duplex
1766 2321 1811 2339 ver

184 2367 262 2396 ιρι-εδ,
277 2366 329 2389 etc.
345 2361 428 2395 Quid,
443 2362 541 2396 inquit,
557 2367 671 2391 czeteras
682 2364 752 2391 veris
762 2364 968 2392 commoditates

183 2414 324 2434 rosea-ere
344 2408 458 2435 attinet?
471 2408 549 2437 Nunc
566 2414 700 2445 martyres
716 2411 865 2438 subdialem
883 2419 967 2446 popu-

186 2452 241 2478 lum
273 2453 391 2481 retinent
416 2460 497 2490 atque
524 2460 600 2483 extra
619 2460 731 2489 tectum,
749 2457 846 2491 partim
863 2462 971 2492 propter

185 2506 301 2532 tempus,
320 2498 445 2527 hiemalis
468 2502 586 2529 tristitia:
607 2502 676 2529 nihil
692 2502 806 2533 habens,
823 2503 919 2536 partim
937 2503 971 2529 ob

184 2544 405 2571 concurrentium
434 2546 649 2581 multitudinem,
679 2556 740 2583 qum
765 2553 839 2575 tanta
870 2555 922 2580 cst,
944 2553 974 2576 ut

186 2589 284 2616 domus
314 2597 360 2617 eos
388 2597 438 2617 nce
466 2595 556 2625 tegere
577 2600 627 2620 nec
652 2593 794 2628 suscipere
810 2593 973 2628 queant.Ac

185 2642 310 2669 petnpam
323 2640 417 2669 agunt,
432 2636 482 2664 hoc
494 2643 536 2665 cst
548 2638 647 2672 insigni
659 2638 816 2666 celebritate
828 2639 973 2673 prodeunt,

223 2712 230 2728 ¹
251 2711 332 2740 Prov.
353 2721 390 2745 vr,
405 2713 470 2748 6-8;
493 2722 549 2743 sec.
567 2715 660 2743 LXX:
680 2716 747 2752 πρὸς
765 2716 810 2744 τὸν
829 2717 974 2752 μύρμηκα.

1023 2365 1101 2392 nobis
1112 2364 1284 2396 est,alterum
1297 2362 1465 2389 mundanum
1481 2366 1508 2387 et
1519 2361 1545 2386 in
1560 2364 1701 2393 aspcctutn
1711 2359 1811 2385 cadens

1023 2409 1236 2444 corporibnsrlue
1250 2407 1431 2440 conveniens;
1450 2408 1564 2433 alterum
1582 2404 1724 2439 Spirituale
1738 2409 1765 2430 et
1778 2404 1812 2431 ab

1024 2455 1165 2482 octtlorunt
1189 2459 1298 2489 aspectu
1319 2458 1467 2484 remotum,
1486 2452 1640 2486 animisque
1655 2458 1810 2483 congruen-

1023 2501 1170 2528 tissimum.
1196 2500 1255 2532 Quo
1287 2499 1393 2526 utinam
1422 2499 1448 2525 in
1480 2499 1568 2525 altero
1599 2497 1699 2525 sa-cnlo
1733 2497 1810 2523 nobis

1023 2546 1125 2581 perfrui
1146 2546 1297 2580 contingat.
1327 2544 1505 2571 Perfruemur
1534 2548 1636 2575 autem,
1661 2543 1682 2570 si
1707 2543 1734 2569 in
1762 2542 1809 2568 hac

1024 2593 1078 2619 vita
1108 2592 1220 2618 honeste
1244 2596 1270 2618 et
1296 2590 1469 2617 laudabiliter
1493 2590 1627 2622 vivamus,
1656 2589 1751 2623 sicque
1776 2587 1809 2614 ad

1026 2646 1122 2665 novam
1142 2637 1214 2664 illam
1236 2638 1316 2664 vitam
1335 2637 1518 2665 discedamus.

1028 2718 1037 2732 ²
1058 2716 1128 2743 Psal.
1141 2723 1218 2747 xrtn,
1240 2716 1264 2743 1.
