2058 3159
235 265 304 293 1ὶέΞῦ

936 262 1123 294 ADDENDA.

1783 263 1854 297 1436

533 433 593 476 ΙΝ
631 431 990 478 OBATIONEM
1030 431 1156 492 XLI,
1194 431 1345 476 OLIM
1384 433 1553 478 XLIV.

490 609 764 638 ARGUMENTUM.

273 659 379 687 Generis
393 658 590 686 demonstrativi
613 658 724 691 speciem
739 664 839 691 quoque
863 663 918 690 prce
928 664 955 683 se
971 655 1022 690 [ert

238 707 293 733 hcc
314 706 411 733 oratio.
434 703 496 731 Non
517 708 604 730 tamen
628 703 712 737 magis
741 703 946 729 demonstrativa
973 707 1022 735 est,

238 761 318 788 quam
333 751 470 785 iudicialis
482 755 588 785 propter
601 750 762 776 incurrentes
780 756 811 775 ea:
823 750 932 775 adverso
945 757 1023 782 oppo—

239 795 359 824 sitiones,
376 801 407 819 ac
434 791 582 818 necessario
604 795 737 824 sequentes
760 789 912 820 solutiones,
926 791 1024 823 princi-

239 839 312 873 pium
327 839 359 865 ab
379 839 434 872 ipsa
448 846 474 865 re
491 837 604 864 sumitur
619 843 628 863 :
647 836 834 871 propositionis
855 840 941 862 autem
962 844 1024 863 con-

240 885 358 919 ﬁrmatio
372 892 387 909 a
402 892 494 910 causa.

274 930 333 958 Col.
349 930 401 956 427
416 931 448 956 Α.
469 929 507 956 De
521 929 569 956 hoc
587 929 653 962 [uta
673 937 758 962 pauca
777 929 952 959 disseramus.
970 932 1023 955 etc.

240 974 406 1010 Theologus,
422 982 470 1009 per
493 974 576 1001 animi
601 974 761 1001 modestiam
789 981 838 1001 sua
865 977 1024 1004 extenuans,

241 1025 273 1049 ut
296 1022 455 1056 plerumque
481 1021 571 1048 facere
595 1021 681 1053 solet,
708 1028 790 1055 parva
823 1027 855 1046 ea
885 1020 1024 1051 nominat,

241 1075 304 1101 quae
325 1067 358 1094 de
379 1067 448 1094 festo
472 1067 597 1094 dicturus
620 1071 672 1099 est,
686 1067 812 1101 quamvis
833 1073 927 1102 magna
949 1066 1023 1092 sint:

242 1113 301 1140 sive
321 1114 384 1148 quia
400 1113 491 1139 tnutttia
516 1121 577 1148 qua
597 1114 630 1140 de
649 1112 752 1146 Spiritu
777 1116 871 1139 smrto
890 1111 1025 1146 quispiam

243 1158 335 1185 dicere
361 1166 394 1186 ac
422 1158 607 1193 philosophari
641 1158 746 1193 possit.
774 1157 919 1184 admodum
945 1164 1026 1192 parra

243 1208 318 1235 sunt,
336 1209 470 1238 quantum
497 1204 530 1230 ad
560 1203 678 1238 Spiritus
694 1202 852 1237 dignitatem
869 1201 1027 1238 (tremenda

241 1249 315 1276 enim
339 1258 384 1277 res
403 1255 464 1282 est,
486 1250 520 1277 de
553 1250 696 1277 divinitate
721 1249 846 1276 tractatio
874 1249 1026 1283 majorque,

244 1306 326 1331 quam
359 1303 386 1324 ut
415 1307 464 1333 pro
494 1299 625 1333 dignitate
655 1297 784 1332 explicari
809 1297 895 1332 possit
917 1305 924 1324 :
944 1303 1027 1331 alque

245 1343 346 1375 nornis,
370 1351 428 1377 quze
455 1344 488 1370 de
523 1344 577 1371 Deo
609 1344 724 1370 habetur
747 1343 846 1375 oratio,
871 1343 959 1370 hreris
986 1347 1028 1370 est

245 1389 376 1424 humique
402 1391 554 1424 provoluta,
582 1398 631 1416 nec
663 1389 781 1416 divinam
811 1389 1027 1424 magnitudinem

245 1436 352 1470 assequi
374 1436 428 1463 ullo
445 1437 524 1464 modo
536 1436 653 1472 potest);
671 1436 728 1464 sive
741 1436 835 1467 etiam,
855 1440 884 1462 ut
902 1434 1027 1462 nonnulli

244 1483 413 1515 existimant,
436 1483 498 1517 quia
528 1483 561 1510 de
588 1483 637 1510 hoc
652 1482 732 1514 festo,
760 1482 811 1510 hoc
827 1487 868 1510 est
884 1482 917 1510 de
934 1481 1030 1509 Pente-

245 1533 330 1560 coste,
349 1535 434 1563 pauca
467 1529 549 1556 verba
565 1529 637 1561 facit,
654 1537 685 1556 ac
701 1536 748 1564 per
772 1529 903 1563 reliquum
919 1535 1026 1555 omnem

246 1574 378 1601 orationis
389 1582 500 1601 cursum
514 1575 546 1601 dc
558 1574 657 1609 Spiritu
676 1579 770 1602 sancto
785 1574 915 1609 disputat.
929 1574 1030 1601 Deinde

247 1618 329 1652 hujus
341 1619 532 1653 disputationis
558 1620 690 1646 rationem
721 1619 833 1646 reddit:
856 1618 900 1650 Ut,
926 1619 1025 1652 inquit,

245 1664 381 1698 spirluali
399 1665 478 1692 modo
494 1664 594 1692 festum
618 1665 689 1691 diem
714 1665 857 1699 agitemus,
878 1664 904 1691 id
920 1669 975 1696 est,
996 1665 1030 1691 de

247 1709 318 1736 festo
334 1709 477 1744 loquamur
491 1717 523 1737 ac
548 1710 768 1744 philosophentur
791 1711 823 1737 ad
840 1711 954 1745 gloriam
973 1709 1030 1738 Dei.

249 1756 344 1783 Postea
360 1756 422 1783 huic
439 1756 648 1787 continuationi,
671 1757 742 1791 quod
757 1757 789 1784 de
803 1757 960 1784 Pentecoste
992 1758 1027 1784 sit

248 1802 449 1834 disserendum,
466 1803 698 1830 conﬁrmationem
716 1803 798 1830 aliam
815 1803 962 1831 subnectit.
975 1803 1027 1830 Alii

248 1855 366 1883 namque
381 1848 432 1875 alia
449 1849 511 1876 tosti
539 1849 692 1875 celebrandi
720 1849 824 1876 ratione
848 1849 1030 1883 obiectantur,

248 1898 278 1920 ut
296 1893 385 1920 mollis
400 1898 427 1920 et
444 1894 575 1921 delicatus
585 1894 700 1926 deliciis,
715 1894 898 1928 imcmpcrans
909 1894 1031 1925 libidine,

1034 608 1058 638 Α
1073 616 1220 642 corporeos
1233 609 1316 636 anitni
1333 615 1424 638 motos
1440 618 1467 638 et
1482 613 1644 647 voluptates,
1663 621 1694 640 ac
1705 614 1856 642 secundum

1074 655 1209 683 obscenos
1229 656 1342 683 allectus
1358 663 1452 684 eorum
1470 658 1515 692 qui
1532 658 1566 685 ab
1577 658 1644 692 ipsis
1668 659 1777 694 quidem
1807 670 1855 695 pro

1073 701 1126 727 diis
1141 701 1277 733 coluntur,
1291 701 1396 728 anobis
1420 707 1510 729 autem
1533 711 1582 738 pro
1609 703 1779 733 daemonibus
1812 708 1857 733 Ita-

1075 746 1181 773 bcntur.
1197 745 1318 778 Quorum
1331 747 1375 774 alii
1404 747 1584 775 obscenarum
1600 756 1690 776 rerum
1707 755 1770 777 sunt
1795 751 1861 778 effe-

1074 797 1173 824 ctores,
1195 793 1420 827 quemadmodum
1437 794 1545 827 ipsimet
1565 795 1679 829 gentiles
1708 795 1858 824 allirmant.

1075 837 1141 865 Nam
1156 845 1181 866 et
1193 839 1303 866 Martem
1317 845 1444 867 asserunt
1458 840 1503 866 ira:
1515 841 1656 874 praesidem
1669 847 1696 868 ct
1707 843 1860 870 antistitem

1075 891 1146 915 esse.
1162 892 1193 911 ac
1207 885 1319 911 caedium
1338 885 1517 912 architectum
1532 893 1539 918 ;
1557 891 1581 912 et
1604 884 1735 913 Venerem
1759 895 1862 915 concu-

1077 930 1214 964 piscentiae
1225 931 1391 963 etlibidinis;
1403 931 1566 958 Mercurium
1581 932 1643 959 item
1658 934 1724 959 artis
1742 934 1861 967 furandi;

1077 976 1213 1003 Bacchum
1225 977 1399 1009 temulentiae,
1410 982 1492 1012 atque
1509 978 1578 1004 alios
1592 979 1707 1006 aliorum
1718 980 1860 1007 vitiorum.

1077 1022 1128 1049 Alii
1144 1031 1175 1050 ex
1191 1023 1317 1050 obscenis
1333 1024 1414 1050 rebus
1430 1025 1561 1050 honorem
1580 1025 1720 1052 consecuti
1741 1031 1816 1056 sunt.
1834 1031 1864 1052 ut

1078 1067 1218 1102 llereules,
1233 1069 1364 1103 quoniam
1374 1076 1427 1096 una
1439 1074 1520 1097 nocte
1529 1070 1724 1106 quinquaginta
1735 1071 1866 1107 Thyestis

1079 1114 1148 1143 ﬁlias
1163 1116 1361 1149 constupravit,
1377 1116 1477 1149 aliique
1491 1115 1617 1144 similiter
1628 1117 1664 1144 ob
1686 1117 1767 1144 aliam
1783 1126 1866 1152 spur-

1078 1161 1168 1188 citiem
1182 1167 1210 1188 et
1239 1161 1433 1188 obscenitatem
1456 1162 1481 1187 in
1501 1162 1614 1188 deorum
1638 1162 1729 1189 album
1753 1165 1865 1199 ascripti

1078 1212 1152 1234 sunt.
1169 1207 1237 1234 llinc
1260 1208 1300 1240 lit.
1328 1212 1357 1234 ut
1380 1207 1450 1242 apud
1474 1206 1576 1234 Gratcae
1595 1208 1801 1242 superstitionis
1819 1216 1865 1236 se-

1079 1257 1198 1281 ctatores
1226 1254 1321 1280 vitiosa
1346 1260 1456 1288 quoque
1477 1253 1513 1281 sit
1538 1253 1670 1281 festorum
1696 1255 1864 1288 agendorum

1079 1299 1159 1327 ratio.
1180 1299 1284 1326 Etenim
1303 1306 1525 1334 unumquemque
1542 1299 1656 1326 deorum
1670 1307 1782 1326 suorum
1797 1307 1865 1326 con-

1079 1343 1184 1379 gruenti
1201 1344 1266 1371 vitio
1280 1345 1373 1371 colunt
1390 1353 1397 1371 :
1421 1349 1451 1370 ut
1471 1344 1537 1371 illud
1554 1345 1642 1378 ipsum
1657 1345 1729 1379 quod
1743 1350 1866 1380 peccant.

1079 1390 1106 1417 in
1132 1390 1192 1426 dei.
1209 1390 1341 1417 honorem
1368 1390 1456 1421 cedat.
1482 1391 1516 1418 ad
1543 1399 1624 1425 quem
1650 1392 1747 1418 vitium
1764 1391 1862 1425 ipsum.

1078 1437 1157 1470 quasi
1171 1443 1213 1463 res
1231 1436 1354 1471 quaedam
1369 1436 1482 1463 honesta
1493 1441 1518 1463 et
1532 1437 1716 1471 praedicanda,
1731 1437 1862 1470 confugit.

1079 1480 1146 1507 Nam
1161 1488 1222 1508 eum
1236 1479 1345 1508 sceleris
1361 1480 1502 1515 cujusdam
1519 1482 1636 1508 convicti
1659 1487 1752 1509 essent
1777 1484 1865 1516 genti-

1081 1527 1130 1556 les.
1158 1534 1212 1553 non
1230 1526 1309 1552 modo
1330 1534 1382 1553 non
1408 1526 1616 1558 erubescebant,
1641 1527 1688 1554 sed
1703 1528 1780 1562 quasi
1798 1535 1867 1562 prae-

1080 1575 1154 1601 claro
1169 1574 1261 1607 aliquo
1270 1573 1390 1600 facinore
1405 1579 1510 1608 patrato
1519 1574 1716 1607 gloriabantur,
1731 1582 1763 1601 ac
1784 1575 1867 1601 deum

1081 1619 1167 1650 illum,
1181 1627 1259 1652 quem
1277 1619 1410 1651 colebant,
1427 1627 1474 1653 pro
1494 1619 1662 1647 defensionis
1684 1624 1710 1647 et
1726 1621 1868 1655 purgatio-

1082 1666 1124 1691 nis
1154 1664 1277 1699 perfugio
1304 1665 1449 1697 habebant,
1483 1665 1603 1693 dicentes
1637 1666 1793 1701 hujusmodi
1811 1667 1868 1694 vitii

1082 1713 1247 1738 inventorem
1269 1711 1347 1737 deum
1368 1718 1440 1742 esse.
1468 1718 1553 1745 seque
1568 1712 1604 1738 ob
1622 1719 1682 1738 eam
1701 1720 1813 1739 causam
1838 1721 1866 1739 ιιι

1082 1756 1154 1783 illius
1179 1756 1309 1782 honorem
1321 1760 1347 1783 et
1365 1756 1467 1783 cultum
1481 1756 1505 1782 id
1521 1755 1613 1783 facere
1637 1757 1708 1791 quod
1733 1757 1868 1784 facerent.

1082 1802 1224 1829 Feriamur
1239 1802 1289 1836 ipsi
1301 1810 1418 1836 quoque.
1431 1802 1458 1828 id
1474 1807 1525 1834 est,
1537 1810 1588 1830 nos
1602 1804 1760 1835 Christiani,
1774 1812 1868 1831 verum

1083 1855 1112 1877 ut
1127 1849 1227 1883 Spiritu
1250 1854 1345 1876 sancto
1360 1853 1465 1882 gratum
1488 1854 1540 1876 est.
1567 1850 1680 1877 Gratum
1713 1856 1756 1877 est
1787 1858 1869 1885 porro

1083 1896 1119 1922 ita
1131 1895 1239 1922 demum
1256 1903 1270 1921 a
1283 1894 1361 1922 nobis
1379 1894 1446 1920 festa
1472 1895 1613 1926 celebrari,
1640 1899 1669 1921 ut
1693 1903 1788 1922 eorum
1809 1905 1870 1930 qua:

248 1944 330 1974 atque
360 1941 546 1976 unusquisque
572 1948 603 1967 ea
637 1948 666 1967 re
694 1948 775 1974 quam
791 1943 863 1966 alnat
884 1944 931 1966 :at
950 1939 1028 1966 Verbi
1045 1941 1067 1971 C
1083 1941 1109 1967 in
1131 1948 1186 1967 rem
1201 1945 1274 1971 sunt,
1288 1939 1327 1966 vel
1339 1939 1440 1974 aliquid
1452 1940 1587 1973 dicamus,
1602 1941 1642 1967 vel
1654 1949 1779 1975 agamus,
1792 1947 1870 1976 atque

249 1986 423 2014 subsistelttis
439 1987 553 2018 scilicet,
568 1990 596 2013 et
624 1986 683 2013 Filii
700 1985 746 2013 Dei
767 1986 866 2017 cultor,
883 1986 923 2013 vel
947 1985 1029 2012 etiam

248 2032 378 2059 doctrina:
406 2033 556 2065 studiosus,
576 2039 729 2059 sermonem
754 2039 805 2066 pro
824 2031 892 2058 festo
909 2031 996 2062 habet.
1008 2037 1034 2058 et

249 2077 356 2111 quidem
384 2085 444 2104 eum
473 2078 519 2112 qui
549 2077 613 2104 huic
639 2077 752 2111 tempori
793 2077 948 2104 conveniat.
979 2076 1034 2104 Nec

249 2123 391 2157 quisquam
414 2124 563 2151 honestatis
577 2124 717 2150 studiosus
730 2124 788 2157 pari
813 2123 908 2150 alicetu
947 2123 1033 2149 hone-

249 2171 319 2194 stum
349 2168 495 2202 quidquam
518 2173 544 2195 et
567 2169 676 2201 elegans
702 2169 891 2202 amplectitur.
917 2173 945 2194 ut
973 2167 1031 2194 festi

250 2222 344 2241 amans
358 2214 524 2248 spiritualem
539 2213 668 2240 festorum
690 2213 910 2240 celebrationem.
938 2214 975 2239 Ac
987 2233 994 2244 ,
1009 2213 1031 2240 si

250 2259 349 2294 placet,
383 2259 419 2286 ita
446 2268 500 2286 rem
528 2259 715 2286 discutiamus.
742 2258 836 2286 Festos
859 2260 916 2286 dies
945 2258 1033 2286 Judai

249 2314 356 2340 qunque
384 2313 479 2341 agunt,
512 2308 558 2334 Sed
582 2306 659 2341 juxta
676 2307 804 2338 litteram,
829 2308 879 2333 hoc
898 2311 939 2333 est
954 2307 1032 2341 juxta

250 2359 390 2378 externam
416 2353 482 2387 legis
519 2353 646 2388 speciem,
676 2358 704 2380 et
726 2352 895 2387 corporalem
920 2360 1031 2380 sensum

250 2405 331 2434 atque
347 2399 562 2434 intelligentiam.
580 2399 664 2433 Nam,
690 2405 720 2426 ut
751 2399 788 2426 ait
810 2399 910 2426 l’aulus
929 2401 960 2426 ad
979 2401 1032 2427 lio-

251 2454 347 2474 manos
361 2446 482 2473 scribens
499 2455 506 2473 :
522 2445 608 2473 Israel
620 2445 742 2472 sectanda
757 2445 837 2480 legem
853 2445 979 2479 justitia',
997 2446 1032 2472 ad

251 2494 333 2529 legem
344 2494 457 2530 justitia:
488 2501 538 2519 ιιοιι
568 2493 682 2526 pervertit
692 2491 712 2523 ³,
737 2492 788 2519 hoc
805 2497 856 2523 est,
873 2499 1031 2526 corpoream

251 2542 336 2575 legem
354 2544 506 2574 quzercntcs
525 2545 551 2566 et
567 2539 719 2574 implentes,
735 2538 770 2565 ad
781 2539 960 2573 spiritualem,
973 2545 1033 2572 quae

251 2589 302 2614 sub
330 2588 416 2614 littera
448 2586 632 2618 deliteseebat,
659 2590 740 2618 atque
765 2590 905 2611 externam
935 2584 1033 2611 littera:

251 2635 369 2670 speciem
383 2641 548 2667 sensumque
563 2633 719 2667 superabat,
732 2635 757 2658 et
771 2631 917 2658 sublimem
934 2637 1033 2664 specu—

253 2683 381 2709 lationem
401 2681 536 2714 poscebat,
552 2679 663 2706 minime
674 2682 860 2713 pervenerunt.
872 2677 1032 2710 Quanquam

251 2729 323 2756 enim
336 2737 367 2754 ex
384 2727 427 2753 Dei
444 2725 610 2761 praescripto,
626 2724 771 2755 sacriﬁcia,
786 2723 956 2750 victimarum
972 2729 1036 2748 sau-

251 2777 322 2809 guis,
339 2780 366 2802 et
390 2774 454 2806 cibi,
482 2777 507 2799 et
521 2772 644 2806 potiones
662 2771 786 2805 religiose
803 2768 1033 2798 observabantur,

253 2821 372 2848 trassius
392 2824 480 2846 tamen
497 2826 528 2845 ea
551 2818 720 2850 gerebantur.
747 2816 840 2842 Festos
865 2814 947 2841 etiam
977 2813 1036 2839 dies

253 2873 335 2901 agunt
347 2867 469 2901 gentiles,
483 2866 529 2894 sed
545 2865 620 2900 juxta
635 2873 742 2900 corpus,
767 2864 817 2890 hoc
830 2868 870 2890 est
887 2862 1035 2889 secundant

291 2957 300 2971 ³
319 2955 398 2981 Rom.
413 2962 450 2986 ιιι,
467 2954 512 2982 51.

1086 1986 1182 2013 aninne
1201 1985 1330 2012 virtutum
1352 1985 1509 2012 thesaurum
1538 1985 1731 2019 recondamus,
1756 1995 1816 2022 qua:
1843 1994 1870 2014 ct

1086 2040 1146 2059 cum
1163 2039 1193 2058 ea
1217 2036 1387 2065 permanent.
1413 2035 1440 2057 et
1470 2031 1653 2058 discedentem
1682 2033 1868 2060 comitantur:

1086 2084 1138 2104 non
1154 2083 1243 2104 autem
1261 2084 1291 2104 ea
1304 2084 1365 2110 qme
1395 2085 1453 2103 sese
1478 2078 1634 2104 subducunt
1647 2086 1679 2105 ac
1700 2079 1868 2111 dilabuntur,

1085 2122 1164 2156 cujus
1199 2122 1305 2155 generis
1335 2125 1402 2148 sunt.
1431 2120 1543 2152 divitiae,
1574 2121 1753 2155 principatus.
1771 2122 1869 2156 gloria.

1085 2172 1238 2201 caeteraque
1250 2166 1310 2200 eius
1325 2167 1431 2201 generis
1450 2174 1511 2200 quae
1526 2167 1635 2200 quidem
1663 2175 1760 2194 sensus
1777 2168 1870 2194 leviter

1086 2213 1223 2243 mulcent,
1246 2213 1334 2248 iisque
1362 2212 1565 2244 lenocinantur,
1595 2220 1692 2246 magna
1721 2218 1810 2239 autent
1839 2222 1869 2239 ex

1086 2263 1161 2292 parte
1178 2264 1260 2292 atque
1274 2262 1302 2285 ut
1336 2258 1482 2292 plurimum
1514 2262 1622 2289 nocent,
1640 2258 1870 2292 quemadmodum

1086 2306 1143 2340 ipse
1152 2306 1239 2332 sentio
1254 2309 1335 2339 atque
1350 2304 1463 2332 atlirmo.
1493 2304 1564 2331 Satis
1579 2304 1652 2330 enim
1680 2311 1816 2339 superque
1831 2310 1873 2332 est

1086 2352 1192 2386 corpori
1221 2351 1367 2378 domestica
1395 2357 1420 2377 et
1449 2350 1577 2377 intestina
1608 2350 1694 2384 ipsius
1729 2350 1818 2378 rabies
1846 2356 1872 2377 et

1087 2399 1200 2430 malitia,
1215 2398 1265 2425 hoc
1280 2402 1322 2424 est
1337 2398 1369 2423 ad
1387 2405 1429 2424 res
1458 2401 1582 2423 terrenas
1609 2398 1753 2430 propensio
1778 2401 1806 2423 et
1822 2397 1873 2423 in.-

1086 2445 1214 2489 probjtas.
1231 2443 1335 2477 Corpus
1353 2443 1499 2477 siquidem,
1511 2447 1603 2475 utpote
1618 2450 1650 2469 ex
1667 2442 1779 2469 utateria
1794 2450 1872 2469 crea-

1087 2495 1153 2520 tum,
1171 2491 1203 2516 ad
1223 2498 1266 2515 res
1281 2489 1396 2516 materia
1412 2492 1569 2515 constantes
1583 2493 1610 2516 et
1627 2493 1755 2522 cogitatas
1768 2491 1793 2514 et
1810 2496 1871 2514 cor-

1086 2545 1182 2572 poreus
1199 2537 1316 2570 proclive
1333 2539 1384 2567 est,
1396 2535 1568 2569 maximeque
1577 2534 1609 2561 ad
1626 2541 1657 2561 ea
1672 2542 1731 2569 qua:
1747 2534 1872 2567 volupta-

1088 2589 1140 2611 tem
1153 2583 1280 2614 aderunt,
1291 2582 1324 2608 ad
1337 2589 1396 2616 quae
1415 2581 1530 2608 naturali
1545 2581 1648 2615 impetu
1660 2580 1755 2606 fertur.
1770 2579 1871 2613 Atque,

1090 2635 1119 2658 ut
1137 2631 1214 2664 plane
1231 2629 1330 2659 dicam.
1346 2635 1444 2662 corpus
1459 2626 1567 2653 llalnma
1579 2631 1630 2658 est,
1643 2631 1669 2653 ct
1685 2625 1783 2653 bellua.
1800 2625 1870 2658 Quid

1085 2676 1167 2711 igitur
1181 2681 1248 2709 opus
1259 2678 1300 2701 est
1318 2673 1380 2700 huic
1393 2677 1493 2700 nostrae
1505 2673 1620 2699 llamm:e
1644 2672 1752 2699 fomites
1781 2671 1874 2705 plures

1087 2722 1221 2756 ingerere.
1236 2727 1284 2754 per
1298 2722 1438 2746 externam
1453 2725 1607 2745 crassarum
1626 2723 1653 2744 ct
1678 2725 1872 2751 corporearum

1085 2775 1175 2794 rerum
1205 2764 1472 2800 suppeditationcm?
1513 2764 1583 2796 Quid
1623 2763 1763 2790 indomitae
1784 2767 1869 2797 atque

1085 2812 1170 2839 atroci
1199 2811 1296 2838 bellua:
1323 2811 1414 2845 plures
1441 2810 1517 2836 cibos
1544 2808 1682 2843 porrigere
1711 2816 1743 2835 ac
1757 2808 1870 2842 profuse

1085 2857 1188 2893 largiri,
1204 2857 1332 2884 nimirum
1362 2864 1408 2891 per
1428 2856 1487 2882 vita:
1515 2854 1626 2882 delicias
1655 2858 1680 2880 et
1711 2852 1871 2887 voluptates,
