2058 3159
203 244 268 274 14η

644 245 804 274 ΝΗἸΕΤΛΞ
826 247 865 276 1N
897 247 1007 277 OHAT.
1028 249 1119 279 XLIV
1141 250 1169 280 S.
1192 250 1306 280 GHEG.

1761 253 1828 285 1438

200 308 261 327 cum
274 308 307 327 nc
322 302 458 327 internum
474 300 583 335 quidctn
601 303 724 336 corporis
748 303 873 329 ardorem
886 309 912 329 et
925 303 1273 341 fcri-Aparticipationem
1307 312 1437 342 perpetuo
1466 309 1619 336 seaturiaut
1648 315 1731 344 atque
1759 318 1828 338 ροη-

200 351 280 374 tatem
299 347 375 374 facile
387 347 482 374 sedare
497 355 530 374 ac
549 348 728 382 comprimere
748 349 902 383 possimus?
921 349 988 377 For-

200 398 272 419 tasse
296 397 386 419 autem
403 400 452 427 per
468 392 605 420 ﬂammam
621 401 653 420 ac
668 394 796 426 belluant,
815 402 874 422 eam
890 396 988 422 animae

199 445 301 474 partem
317 440 473 474 Thenlogus
498 440 635 475 intelligit,
658 449 718 476 qum
735 442 987 476 perturbationibus

198 486 410 520 concitatur;per
417 485 554 513 ﬂammam
564 487 671 521 quidem
684 487 822 515 libidinem
831 487 986 523 designans,

199 539 246 564 per
259 531 376 558 belluam
400 537 490 559 autem
515 532 696 559 iracundiam.
723 533 855 565 Quocirca
872 534 986 561 rationis

197 585 306 611 quoque
319 577 453 610 metuinit,
469 586 530 612 qua:
545 583 649 612 partem
671 578 744 606 illam
768 579 910 607 aﬂ‘ectibus
936 581 987 607 ob-

197 622 305 649 noxiam
325 622 439 657 itnperio
471 627 555 651 tettet.
576 624 609 651 Et
640 626 870 659 quemadmoduttt
897 634 985 661 equus

195 668 309 702 auriga,
322 668 362 696 sic
377 668 428 702 ipsi
446 676 555 704 quoque
572 671 793 705 concupiscentia
809 677 835 698 et
855 672 895 699 ira
919 673 985 700 sub-

195 712 271 746 iectm
281 717 354 740 sunt.
373 712 490 740 Proinde
507 714 529 740 si
551 714 737 743 inﬂammandi
770 717 822 744 vim
855 717 985 746 habentes

196 759 326 785 materias
344 763 427 794 atque
442 760 571 788 alimenta
588 761 735 790 iracundia:
750 769 777 790 et
800 763 905 790 libidini
922 771 986 798 por-

195 803 359 837 rexerintus,
379 805 542 833 horrendam
574 807 708 835 feritatem
735 809 761 835 hi
781 808 894 837 allectus
914 817 983 836 con-

195 850 313 883 trahent,
329 859 361 878 ac
374 853 478 880 ratione
496 854 565 882 duce
593 855 769 883 violentiores
787 861 878 889 erunt,
897 857 984 884 haud-

194 904 331 931 quaquam
344 897 398 932 jam
413 898 463 933 ipsi
481 900 605 935 aurigam
640 902 729 934 agenti
751 902 983 936 obtemperantes,

194 949 290 970 verum
320 943 407 978 ipsatn
439 945 529 978 potius
557 947 725 982 abripientes
742 956 775 976 ac
800 954 983 976 transversam

193 993 317 1023 agentes.

228 1033 288 1061 Col.
316 1035 369 1062 450
397 1035 428 1063 Β.
453 1036 583 1069 Quocirca
606 1040 681 1067 nobis
709 1041 897 1075 spiritualiter,
929 1047 982 1070 etc.

194 1079 341 1113 Quocirca,
359 1081 457 1117 inquit,
477 1089 507 1111 ut
523 1092 537 1110 a
551 1084 653 1114 Iudaeis
671 1091 698 1114 et
727 1087 876 1122 gentilibus
902 1088 982 1116 aute-

195 1133 300 1158 ramus,
316 1135 347 1154 ac
363 1135 397 1155 ne
414 1129 497 1156 animi
509 1133 707 1160 commotiones
730 1134 863 1161 rationem
880 1134 983 1163 viribus

193 1179 333 1207 superent,
360 1174 516 1203 faciendutn
551 1178 630 1205 nobis
664 1184 715 1211 est,
754 1185 784 1206 ut
798 1181 982 1215 spiritualitcr

194 1219 336 1247 l'--riemur.
353 1221 505 1256 Disputatio
516 1231 599 1258 porro
616 1225 650 1252 de
676 1228 831 1261 septenario
863 1228 982 1262 primum

194 1266 326 1293 orationis
342 1267 431 1294 locutu
446 1270 601 1304 occupabit.
618 1270 656 1298 De
669 1279 702 1299 eo
716 1273 789 1300 enim
805 1274 882 1308 prius
898 1283 981 1310 agen-

193 1311 257 1338 dum
271 1317 324 1344 est,
334 1313 442 1342 etiamsi
454 1317 564 1349 pauluut
578 1317 612 1344 ab
626 1319 748 1346 ittstituta
760 1321 875 1349 materia
888 1323 981 1357 egredi

193 1357 278 1383 videri
293 1358 442 1392 possimus,
459 1362 588 1396 quoniam
604 1370 666 1390 cum
694 1364 827 1400 principio
861 1366 895 1393 de
910 1366 981 1394 Pen-

194 1405 298 1430 tecoste
325 1405 406 1431 verba
431 1405 522 1433 facere
557 1410 816 1444 praposuissemus,
847 1419 920 1440 nunc
949 1414 982 1440 de

195 1449 350 1482 septenario
362 1450 533 1480 disserimus.
550 1454 639 1488 Atque
668 1455 694 1482 in
715 1463 892 1484 nutuerorum
919 1467 982 1493 spe-

193 1494 329 1522 culatione
358 1496 553 1525 elaborandum
581 1505 633 1532 est,
662 1506 691 1528 ut
720 1510 780 1529 eam
804 1504 887 1530 veluti
916 1512 981 1532 cott-

193 1539 344 1567 dintetttum
364 1543 500 1577 quoddam
516 1547 634 1573 sermoni
651 1547 677 1574 in
695 1543 757 1575 festi
777 1551 884 1577 laudent
897 1551 981 1578 insti-

194 1589 252 1612 tttto
264 1586 475 1617 adtnisceatttus.
492 1590 597 1618 Etenim
616 1593 668 1619 cibi
695 1594 809 1622 minitne
821 1597 979 1630 necessarii,

1040 353 1148 380 ﬂentur.
1166 353 1200 380 At
1218 361 1292 384 vero.
1318 354 1468 389 Theologe,
1500 355 1573 382 dicet
1595 356 1754 390 quisquam,
1772 364 1825 383 non

1030 407 1088 434 per
1111 400 1328 434 quaternariutn,
1352 401 1399 428 sed
1421 409 1468 435 per
1487 401 1670 436 Pythagoram
1696 403 1827 436 iurabant

1038 447 1175 482 discipuli.
1197 448 1234 474 lta
1265 456 1342 481 sane,
1375 449 1462 484 inquit
1485 457 1492 476 :
1523 456 1617 476 verum
1645 449 1826 484 Pythagoram

1039 497 1148 526 propter
1161 493 1364 526 quateruarium
1381 493 1480 521 divinis
1495 493 1646 522 honoribus
1664 494 1824 527 allicientes,

1040 538 1090 564 ltac
1111 537 1294 572 jurisjurandi
1312 537 1428 566 formula
1459 540 1615 573 utebantur,
1631 546 1659 568 ut
1689 541 1735 576 qui
1760 541 1827 575 ipsis

1038 588 1166 608 arcanam
1180 587 1207 609 et
1222 582 1362 617 mysticam
1375 583 1449 612 illius
1462 585 1568 612 numeri
1582 585 1637 612 vim
1656 585 1827 614 tradidisset.

1038 627 1129 660 Quare
1149 629 1285 656 secundus
1303 636 1317 656 a
1347 631 1523 664 quaternario
1545 631 1579 658 ab
1607 631 1662 660 illis
1676 633 1827 660 collocatus

1038 673 1215 709 Pythagoras,
1232 682 1264 701 ac
1282 683 1328 709 per
1338 682 1401 703 eum
1415 676 1494 710 plane
1506 677 1533 703 in
1557 677 1628 705 hanc
1658 678 1772 706 formam
1783 680 1828 714 ju-

1039 721 1145 747 rahant.
1160 719 1220 748 Jam
1238 722 1302 748 vero
1323 720 1416 749 Simon
1445 729 1474 749 et
1495 722 1613 751 Marcion
1639 725 1828 753 haeresiarchas

1037 764 1158 792 fuerunt.
1172 765 1210 792 Ac
1224 765 1376 793 Sitnoniani
1399 767 1509 801 quidem
1526 769 1699 796 octonarium
1716 775 1826 804 propter

1036 815 1098 837 octo
1114 811 1175 838 illos
1202 812 1323 846 magistri
1355 813 1396 840 sui
1421 821 1510 840 aeones
1546 814 1643 841 honori
1675 815 1821 843 habebant.

1036 857 1141 884 Etenim
1168 865 1201 885 ex
1216 857 1369 893 Bythicutn
1402 859 1464 894 Sigc
1480 867 1630 895 congressu
1654 861 1769 888 Mentem
1795 869 1828 889 ac

1037 903 1181 931 Veritatem
1199 910 1355 938 procreatas
1368 913 1429 932 esse
1447 905 1586 933 fabulatus
1609 911 1662 938 est,
1686 912 1767 942 atque
1792 908 1827 935 ita

1036 948 1140 983 primos
1162 953 1299 983 parentes.
1328 953 1357 976 tit
1379 949 1435 984 jam
1463 950 1566 978 dictum
1595 956 1647 983 est,
1672 951 1787 985 Bythutu
1801 958 1828 979 et

1036 994 1116 1029 Sigen
1133 994 1264 1022 conﬁnxit
1280 1005 1286 1021 :
1300 996 1334 1022 ab
1355 995 1397 1023 his
1413 997 1550 1023 secundos
1576 996 1690 1023 lllcntem
1708 1003 1734 1024 et
1751 996 1826 1024 Veri-
1864 1025 1868 1028 ,

1036 1045 1128 1072 latent,
1148 1040 1242 1068 tertios
1262 1049 1358 1068 rursus
1374 1040 1536 1068 Sermonem
1569 1040 1599 1069 et‘
1622 1041 1722 1075 Vitam,
1746 1048 1828 1077 atque

1035 1086 1069 1113 ab
1085 1086 1127 1112 his
1144 1091 1284 1121 postremo
1298 1092 1410 1121 quartos
1433 1087 1579 1114 Hominem
1607 1092 1635 1114 ct
1662 1087 1825 1116 Ecclesiam.

1034 1133 1070 1160 At
1093 1132 1288 1166 Marcionistae,
1318 1133 1445 1160 morbum
1475 1139 1616 1167 augentes,
1646 1134 1825 1161 tricenarium

1035 1178 1160 1206 cetebant
1174 1182 1286 1214 propter
1313 1177 1421 1212 triginta
1439 1185 1540 1211 mones,
1568 1186 1636 1213 quos
1650 1178 1825 1206 iuducebant.

1035 1224 1213 1260 Nugabautur
1225 1225 1298 1252 enim
1314 1233 1346 1252 ex
1361 1225 1583 1252 Simoniauorutn
1611 1224 1735 1252 aeonibus
1761 1224 1826 1251 Ser-

1035 1279 1143 1299 monem
1159 1276 1187 1298 et
1212 1270 1300 1298 Vitam
1314 1271 1405 1298 decem
1422 1278 1518 1298 rursus
1534 1278 1627 1298 aaoues
1643 1270 1824 1305 produxisse;

1034 1317 1177 1345 llontinent
1194 1317 1257 1344 item
1273 1321 1300 1344 et
1315 1317 1465 1344 Ecclesiant
1481 1316 1550 1344 alios
1562 1316 1705 1357 duodecim
1722 1323 1823 1343 amnes.

1035 1363 1086 1397 Qui
1101 1364 1124 1392 si
1143 1363 1307 1397 supradictis
1323 1366 1386 1389 octo
1409 1361 1533 1389 :eonibus
1549 1361 1724 1396 adjiciantur,
1739 1361 1825 1388 trice-

1034 1409 1140 1437 narium
1171 1408 1296 1436 ellicieut.
1333 1407 1572 1442 Supervacaneum
1615 1412 1705 1433 autettt
1741 1406 1824 1432 fuerit

1033 1464 1128 1484 eorum
1141 1455 1251 1482 nomina
1264 1454 1396 1489 proferre,
1412 1454 1447 1481 ob
1458 1453 1571 1484 aniletn,
1589 1456 1616 1480 et
1629 1452 1821 1484 deridendam,

1033 1507 1115 1537 atque
1132 1500 1333 1535 cottspucndam
1345 1500 1465 1534 ipsorum
1487 1499 1630 1534 ineptiam.
1664 1497 1718 1524 lloc
1733 1503 1823 1524 tamen

1034 1547 1187 1577 sciendum,
1200 1545 1274 1580 quod
1290 1545 1333 1572 his
1348 1544 1470 1572 numeris
1489 1551 1582 1578 parem
1598 1551 1705 1570 :eonum
1722 1550 1823 1570 nume-

1035 1601 1095 1620 rum
1107 1593 1261 1627 assignant,
1281 1591 1413 1618 nimirum
1429 1589 1580 1618 Simoniani
1608 1595 1680 1622 octo,
1708 1593 1735 1616 et
1752 1589 1824 1616 Mar-

195 1639 287 1659 rerutu
304 1635 392 1668 epulis
417 1636 579 1670 quibusdam
599 1639 769 1668 extrinsecus
786 1642 820 1669 ad
836 1643 977 1671 oblectau-
995 1641 1016 1671 C
1034 1640 1157 1667 είυηίειίε
1174 1639 1297 1674 triginta-

195 1678 258 1704 duttt
289 1686 398 1706 sensum
427 1681 528 1715 injecti,
550 1683 692 1718 ἡδύσματα
720 1686 874 1721 dicuntur;
895 1697 983 1724 coque

195 1725 307 1753 nomine
324 1729 473 1762 septenarii
505 1738 614 1764 quoque
641 1732 852 1766 explicationem
883 1738 980 1763 condi-

197 1777 318 1799 mentum
330 1776 451 1807 vocavit,
471 1781 554 1810 atque
572 1784 631 1803 eam
646 1778 755 1812 quidem
779 1781 899 1808 orationi
930 1783 982 1809 nti-

196 1816 268 1843 nime
288 1820 468 1847 necessariam
499 1829 558 1849 esw
575 1823 749 1858 signiﬁcavit,
774 1833 869 1853 verum
886 1828 984 1855 condi-

197 1868 287 1890 mento
312 1872 364 1892 non
394 1865 545 1894 absimilem
574 1876 635 1896 esse
670 1878 718 1898 nec
750 1870 784 1898 ab
823 1878 984 1907 argumento

195 1915 322 1944 suscepto
342 1912 570 1948 alicnam.lgitur
603 1917 834 1950 quemadmodum
867 1920 983 1953 polliciti

195 1964 301 1988 smnus,
316 1959 448 1987 orationis
462 1961 626 1996 principium
642 1963 694 1989 hoc
723 1964 768 1991 sit.
787 1964 980 2000 Septenarith

196 2010 340 2030 numerum
356 2012 390 2031 ex
407 2006 472 2040 legis
494 2006 620 2036 Mosaica:
647 2011 807 2045 praescripto
825 2012 853 2039 in
879 2013 984 2042 honore

196 2048 295 2076 habent
314 2049 419 2078 Hebrzei
436 2060 443 2079 :
464 2053 556 2080 ntultis
571 2056 644 2081 enim
671 2056 759 2091 legum
787 2066 900 2086 suarum
914 2060 983 2088 locis

196 2095 342 2128 septimum
360 2098 432 2125 hunc
444 2106 588 2127 nunterum
613 2103 729 2129 assumit
755 2103 854 2133 Moses.
872 2105 911 2133 Ex
927 2115 982 2141 quo

196 2142 322 2169 eximiam
354 2145 502 2178 quamdam
518 2147 570 2173 vim
604 2155 636 2175 ac
652 2149 793 2184 mysticam
807 2159 867 2178 eum
883 2153 983 2182 habere

197 2193 307 2215 constat.
329 2198 335 2216 :
353 2191 502 2224 praesertim
520 2200 585 2219 vero
600 2202 662 2221 eum
678 2197 833 2225 cessatione
848 2203 876 2226 et
889 2200 983 2234 quiete

198 2233 347 2263 Sabhatum
364 2236 493 2265 honorari
511 2241 643 2274 preecipit,
660 2243 706 2276 qui
722 2243 827 2272 dierum
846 2233 982 2280 septimus

196 2286 247 2313 est,
267 2289 348 2315 quem
364 2289 389 2310 et
402 2284 549 2313 honoriﬁce
573 2287 720 2316 observant
744 2288 860 2318 Hebraei.
881 2291 983 2325 Quem-

195 2329 342 2358 admodum
360 2337 452 2366 pnstea
463 2332 623 2368 Pythagorei
636 2337 854 2369 quaternarium.
870 2338 981 2368 Samius

196 2377 268 2403 enim
279 2377 445 2413 Pythagoras
465 2384 526 2413 post
541 2380 641 2408 Mosem
654 2382 731 2410 vixit.
754 2383 800 2412 Sic
826 2391 919 2414 autem
935 2388 981 2422 ju-

199 2421 296 2448 rabant
310 2423 396 2457 ipsius
412 2424 555 2460 discipuli,
574 2429 805 2462 quemadmodum
833 2431 860 2458 in
890 2421 981 2460 aureis

198 2465 270 2501 ejus,
287 2472 315 2494 ttt
327 2473 471 2501 vocantur,
485 2472 651 2501 carminibus
664 2475 794 2509 scriptum
815 2481 856 2504 est
872 2484 881 2503 :

314 2524 352 2568 ita:
364 2524 408 2568 ξὺν
422 2526 548 2568 ᾖμετέρᾳ
558 2529 802 2568 ψυχᾷγπαραδόντα
813 2536 979 2568 τετρακτὺν,

253 2559 348 2594 Πηγὰν
360 2559 472 2587 ἀεννάωυ
487 2559 669 2601 (putrem-('24),
681 2559 734 2594 etv.
747 2576 754 2594 :

201 2605 313 2633 Fontem
332 2615 414 2642 porro
433 2616 523 2636 rerum
537 2611 608 2638 hunc
621 2620 766 2640 numerum
792 2614 830 2641 illi
852 2616 985 2644 vocabant

200 2656 310 2687 propter
323 2659 441 2688 quatuor
455 2654 598 2688 elementa,
611 2664 644 2684 ex
660 2658 760 2692 quibus
780 2660 871 2688 omnis
885 2666 983 2689 natura

203 2699 401 2726 mundanarum
430 2707 519 2728 rerum
549 2707 781 2737 coagmentatur:
817 2710 844 2732 et
868 2707 933 2740 quia
953 2715 985 2734 ex

202 2744 280 2778 ipsis,
295 2752 356 2771 cum
388 2745 541 2773 animantes
556 2751 583 2773 et
595 2747 693 2782 stirpes
710 2755 756 2782 per
769 2750 985 2782 successionem,

201 2792 258 2815 tum
287 2789 389 2824 reliqua
415 2790 506 2817 omnia
535 2798 583 2826 per
606 2792 764 2820 eorumdettt
788 2795 985 2822 elementorum

237 2875 293 2915 (2Q
309 2876 373 2908 Qua:
392 2877 472 2904 verba
486 2877 522 2904 sic
535 2884 672 2912 utcunque
688 2882 754 2908 verti
772 2887 907 2915 possunt;

273 2911 449 2950 Tcs‘lotzeutu.
466 2921 499 2938 tttt
512 2914 566 2939 ueri
586 2911 658 2941 uoltis
675 2911 777 2943 "fruit/t-
793 2918 911 2950 quaterni

273 2947 323 2979 ριιί
339 2947 439 2981 ιγὶιιιιὶι,
459 2956 542 2974 rerum
566 2958 650 2977 t'ﬂttatt’
671 2947 803 2985 fratrisque
820 2954 962 2983 [tr'l'lCll/llo.

1073 1685 1105 1711 Et
1133 1685 1248 1719 quidem,
1275 1692 1326 1718 qua
1356 1683 1533 1718 proportionis
1555 1684 1672 1716 ratione,
1708 1687 1762 1710 etc.
1793 1682 1826 1710 Et

1034 1733 1142 1767 quidem
1160 1732 1305 1763 honorant,
1322 1731 1423 1766 ittquit,
1434 1731 1540 1758 Hebrmi
1557 1731 1743 1764 septenarium
1760 1731 1826 1764 (huc

1033 1779 1106 1804 enim
1121 1785 1216 1803 rursus
1231 1784 1260 1804 se
1278 1777 1376 1810 recipit
1392 1777 1491 1811 oratio)
1517 1777 1587 1803 haud
1617 1777 1674 1804 scio
1693 1784 1745 1811 qua
1762 1783 1824 1810 pro-

1035 1823 1169 1857 portionis
1184 1823 1301 1850 ratione.
1336 1823 1466 1857 lgnorare
1493 1830 1522 1849 se
1551 1823 1662 1849 simulat
1677 1830 1725 1856 pro
1741 1822 1824 1849 animi

1034 1869 1078 1897 sui
1094 1875 1120 1896 et
1133 1877 1239 1896 ntorunt
1256 1869 1401 1904 probitate.
1419 1868 1446 1895 ld
1469 1869 1542 1895 enittt
1566 1868 1675 1903 ingenui
1690 1868 1775 1895 animi
1793 1875 1825 1895 ac

1034 1916 1176 1943 moderate
1195 1916 1228 1942 de
1242 1923 1271 1942 se
1286 1915 1430 1942 sentientis
1444 1920 1497 1942 est.
1516 1914 1547 1941 Et
1566 1915 1700 1942 rationetn
1714 1914 1824 1949 quidem

1034 1969 1144 1989 causam
1162 1965 1250 1995 vocat,
1272 1962 1474 1996 proportionem
1505 1966 1596 1988 autetn
1618 1961 1823 1988 similitudinem

1034 2013 1093 2032 eain
1108 2011 1133 2032 et
1161 2006 1380 2041 congruentiam,
1418 2014 1500 2041 quant
1527 2015 1589 2034 eum
1619 2007 1824 2034 intellectilibus

1035 2051 1126 2079 habet.
1143 2051 1210 2079 Nam
1225 2057 1252 2080 et
1267 2052 1338 2086 apud
1364 2053 1575 2080 mathematicos
1603 2057 1644 2080 est
1670 2053 1784 2080 rationis
1798 2058 1826 2080 et

1035 2099 1220 2133 proportionis
1235 2099 1370 2131 definitio,
1387 2104 1416 2126 ut
1431 2099 1502 2126 ratio
1518 2099 1554 2126 sit
1578 2106 1611 2126 ea
1632 2099 1738 2132 relatio,
1764 2107 1824 2133 quae

1034 2143 1159 2172 estinter
1173 2144 1242 2172 duos
1255 2145 1406 2178 terminos;
1430 2145 1548 2179 exempli
1577 2152 1670 2177 causa,
1689 2145 1823 2172 octonarii

1034 2191 1067 2218 ad
1085 2190 1299 2225 quaternariutn,
1313 2195 1361 2218 aut
1376 2191 1543 2225 quaternarii
1558 2191 1590 2218 ad
1604 2190 1753 2218 binarium.
1769 2190 1823 2217 lla-

1035 2239 1164 2266 betenim
1191 2239 1267 2273 dupli
1288 2243 1434 2270 rationem.
1467 2239 1625 2267 octonarius
1658 2239 1767 2273 quidem
1790 2238 1824 2264 ad

1035 2285 1253 2319 quateruarium,
1278 2285 1472 2319 quateruarius
1507 2290 1596 2312 autem
1622 2285 1655 2312 ad
1672 2284 1823 2316 binarium,

1036 2335 1118 2365 atque
1135 2338 1150 2358 e
1171 2338 1305 2358 converso
1325 2331 1453 2365 subdupli
1486 2331 1620 2370 rationem
1647 2331 1730 2357 habet
1744 2330 1824 2356 bina-

1037 2375 1096 2402 rius
1111 2374 1145 2402 ad
1160 2374 1381 2409 quaternarium,
1401 2379 1428 2401 et
1449 2375 1643 2408 quatet-aarius
1658 2373 1691 2400 ad
1708 2379 1824 2400 octona-

1037 2420 1120 2446 rium.
1134 2420 1173 2447 Ac
1191 2420 1260 2447 ratio
1275 2420 1385 2454 quidem
1403 2420 1465 2447 talis
1491 2424 1542 2446 est.
1565 2418 1709 2453 Proportio
1732 2423 1823 2446 autetn

1037 2468 1194 2504 hujusutodi
1211 2467 1348 2495 rationum
1366 2467 1517 2494 sitttilitudo
1530 2472 1580 2498 est,
1604 2472 1686 2500 atque
1700 2466 1726 2493 itt
1739 2474 1824 2493 unum

1037 2517 1163 2550 idemque
1193 2514 1330 2542 collectio.
1358 2513 1439 2541 Verbi
1469 2514 1567 2548 gratia,
1591 2521 1674 2548 qttant
1691 2513 1825 2540 rationem

1037 2563 1118 2590 habet
1132 2561 1293 2589 octonarius
1309 2561 1342 2588 ad
1356 2561 1576 2595 quateruarium,
1606 2560 1730 2587 eamdem
1743 2564 1745 2567 '
1757 2567 1824 2593 qua-

1039 2609 1175 2636 ternarius
1186 2608 1218 2635 ad
1238 2608 1387 2639 binarium,
1401 2608 1529 2634 nimirum
1542 2606 1630 2641 dupli.
1648 2606 1678 2632 Et
1693 2613 1825 2632 converso

1037 2655 1127 2687 modo,
1147 2662 1230 2689 quam
1249 2653 1382 2681 rationem
1398 2653 1478 2680 habet
1505 2653 1626 2680 binarius
1650 2651 1683 2678 ad
1715 2655 1825 2685 quater-

1037 2701 1166 2733 narium,
1203 2701 1327 2728 eamdem
1352 2699 1548 2735 quaternarius
1575 2699 1608 2726 ad
1640 2698 1823 2728 octonarium,

1037 2756 1134 2782 nempe
1146 2747 1285 2781 subdupli.
1303 2747 1378 2774 Haud
1394 2747 1451 2774 scio
1480 2746 1573 2780 igitur,
1603 2744 1706 2778 inquit,
1724 2751 1823 2770 Secun-

1036 2794 1100 2821 dutn
1126 2802 1207 2828 quam
1238 2793 1423 2828 proportionis
1454 2793 1587 2820 rationem
1607 2792 1676 2826 apud
1693 2791 1821 2835 Hebraeos

1037 2883 1071 2909 lh-
1086 2883 1135 2909 hoc
1152 2883 1383 2921 Pythagoreorum
1413 2881 1683 2921 jurejurandoletyi
1710 2886 1820 2921 quater-

1035 2919 1102 2944 narii
1124 2916 1249 2949 untitcrii,
1267 2918 1326 2944 vide
1341 2918 1515 2944 Plutarchum
1532 2918 1576 2945 lilt.
1592 2917 1627 2943 De
1637 2916 1704 2950 plac.
1719 2917 1818 2951 philos.

1035 2961 1094 2985 cap.
1113 2953 1138 2984 3,
1152 2954 1194 2980 ubi
1210 2955 1240 2980 de
1261 2953 1401 2987 peiucipiis
1417 2957 1523 2980 tractat.
