2058 3159
175 168 241 199 1141

637 167 692 197 Νι(
702 166 796 196 ETAS
818 167 856 196 1N
878 166 990 196 ORAT.
1011 165 1102 196 XLIV
1119 165 1139 194 S
1172 163 1286 194 GREG.

1735 162 1801 193 Mi?

176 227 258 256 tatur,
274 224 320 258 qui
343 223 452 258 quidem
479 222 504 249 iIt
522 229 612 248 veram
631 222 739 248 tandem
765 221 845 248 [ututi
872 221 963 248 su-culi
981 225 1000 251 Α
1017 222 1116 247 lcstum
1131 223 1172 246 est
1189 219 1332 245 transitus.
1351 217 1417 243 Vale
1434 221 1537 251 quanto
1558 217 1686 244 desiderii
1706 219 1804 245 ardore

178 269 400 304 tranquillitatem
426 273 452 295 et
479 276 493 294 a
523 267 775 302 perturbationilms
801 267 963 294 vacuitatmr

176 315 284 343 desiuit.
313 315 364 341 Alii
394 323 490 342 rursus
517 322 564 349 per
584 313 784 340 sabbatismum
812 314 964 339 animarum

177 362 229 387 hoc
251 360 398 395 significari
425 360 646 394 pronuntiarunt,
665 366 708 386 res
729 366 776 385 cas
797 366 892 385 omnes
906 365 966 392 qml‘

178 411 250 434 motu
266 407 385 438 cientur,
403 407 430 434 in
453 405 547 432 futuro
563 414 621 432 tero
638 405 718 432 linetn
737 404 864 432 m0vendi
880 403 967 431 faclu-
985 403 987 406 ’

178 460 232 481 ras,
248 459 280 478 ac
299 451 355 486 jam
380 460 413 478 ne
437 452 591 478 animarum
617 451 726 485 quidem
750 451 965 484 procreationem

178 497 260 523 ullam
278 496 347 524 fore.
364 497 398 524 At
413 505 527 530 magnus
543 501 570 523 et
592 496 702 524 divinus
721 495 857 523 Maximus
875 495 968 530 hujus-

178 543 250 569 modi
273 543 414 577 quidpmm
447 542 551 570 affert:
581 541 808 578 Quandoquidem
837 542 968 568 Dominus

177 593 275 616 octavo
293 589 336 616 die
356 589 523 623 conspicuus
541 589 597 623 (‘27)
617 588 777 623 proditurus
793 592 844 621 est,
862 588 913 614 hoc
927 591 969 614 est

177 631 209 657 ad
220 631 317 666 judicii
331 632 520 667 adventusque
533 633 618 666 ipsius
629 632 713 665 diem,
724 637 806 667 atquc
817 632 850 659 iis
859 632 968 666 quidem

177 677 223 711 qui
240 683 336 704 sancte
348 683 374 704 et
390 677 502 704 honeste
520 677 600 704 vitam
618 678 733 713 egerint,
749 677 927 705 aeternitatem
943 681 970 704 et

179 724 373 751 beatitudinem
393 724 506 756 tribuet,
521 731 568 750 eos
582 729 673 751 autem
692 724 738 759 qui
757 723 880 758 improbe
896 723 970 750 vises

178 771 244 802 rint,
266 770 440 805 sempiternis
460 769 551 805 pceuis
569 769 682 801 alliciet;
704 769 846 797 sciendum
866 773 909 795 est
923 776 971 803 per

175 817 376 844 sabbatis-unum
401 817 568 850 animarutn,
587 823 702 844 mortem
720 816 843 852 intelligi,
861 817 912 842 hoc
931 819 971 842 cst

175 870 237 888 eam
263 862 297 888 ab
322 862 452 897 operibus
484 862 631 890 mundanis
663 862 865 893 cessationem,
888 868 971 896 quam

178 907 285 934 homini
306 907 360 934 vita
382 907 476 934 functo
497 914 572 935 mors
586 907 675 935 all‘ert.
695 907 763 934 Tum
779 907 852 934 enim
875 907 973 933 anima:
989 902 1008 930 Β

176 954 327 981 Sabbatum
343 959 438 988 agunt,
450 954 570 988 quietem
584 954 619 981 ab
632 954 706 980 onmi
723 958 798 980 motu
812 957 910 985 nactae,
922 959 972 979 nec

179 1001 262 1026 ullam
289 1000 402 1027 omnino
426 1001 604 1035 agitationem
632 999 761 1026 habentes
786 1003 848 1034 post
872 997 971 1025 summi

178 1049 253 1075 illius
274 1049 349 1080 boni,
366 1048 437 1083 quod
461 1054 525 1075 ante
540 1048 749 1082 exquirebatur,
766 1046 973 1074 manifestatio-

179 1102 241 1120 nem
257 1101 310 1128 qua
327 1093 513 1128 quaerentibus
529 1093 704 1128 perspicuum
720 1094 748 1119 lit
769 1091 795 1119 id
809 1093 882 1126 quod
897 1098 974 1126 qua:-

178 1141 262 1167 sltum
279 1145 333 1167 est.
348 1139 417 1167 Nam
436 1147 499 1167 cum
516 1139 543 1167 id
559 1139 631 1174 quod
650 1137 973 1174 quaerebatumpparuit,

179 1191 272 1213 IIIOIUS
302 1186 426 1213 omniuut
461 1193 558 1213 eorutn
590 1193 652 1220 quae
686 1186 878 1217 movebantur,
905 1192 972 1212 COII-

181 1231 309 1266 quiescit.

217 1279 275 1306 Col.
293 1278 344 1305 451
365 1278 394 1306 C.
414 1278 573 1313 Quanquam
590 1283 679 1305 autem
697 1278 730 1304 tle
745 1278 898 1312 septenarii,
918 1283 973 1305 etc.

180 1325 260 1357 Quod
286 1332 385 1360 magno
408 1326 435 1351 in
458 1325 562 1352 honore
580 1324 616 1352 sit
640 1325 811 1359 septenarius
829 1331 973 1357 numerus,

180 1372 233 1398 etsi
257 1371 350 1399 multis
372 1371 535 1398 testimoniis
559 1371 740 1406 comprobare
766 1378 924 1406 possumus,
942 1378 973 1398 ex

181 1417 274 1444 multis
290 1422 379 1445 tamen
397 1425 483 1452 pauca
497 1425 530 1444 ex
546 1417 686 1451 Scriptura
701 1423 779 1444 sacra
794 1417 973 1452 proferemus.

182 1464 304 1490 l‘rimum
332 1463 416 1491 Isaias
443 1463 475 1490 de
500 1463 610 1490 Christo
638 1464 727 1498 inquit
752 1472 758 1489 :
785 1462 974 1498 Requiet-erunt

181 1518 261 1544 super
286 1510 373 1543 ipsum
395 1509 506 1544 spiritus
532 1513 630 1543 septem
649 1509 670 1541 ⁸,
692 1517 745 1536 non
772 1510 844 1544 quod
871 1514 974 1544 septem

182 1556 298 1591 spiritus
318 1556 394 1588 sint;
412 1563 484 1582 unus
503 1555 575 1582 enim
592 1562 632 1583 est
648 1554 768 1590 Spiritus
785 1560 912 1584 sanctus:
929 1555 974 1581 sed

181 1602 292 1630 divinas
317 1610 414 1628 omnes
431 1601 567 1634 actiones,
581 1609 642 1636 qua:
661 1601 710 1636 ipsi
730 1601 834 1633 insunt,
852 1600 974 1635 spiritus,

183 1653 213 1675 ut
228 1648 337 1683 opinor,
351 1648 470 1683 appellat
498 1648 639 1682 propheta.
664 1646 711 1674 Ha:
728 1652 818 1673 autem
833 1651 907 1679 sunt,
922 1646 977 1680 spi-

183 1694 253 1722 ritus
270 1695 423 1729 sapieutize,
438 1694 552 1728 spiritus
573 1692 734 1726 prudentiae,
751 1691 865 1725 spiritus
882 1691 976 1724 cogni-

183 1742 280 1775 tionis,
303 1742 423 1776 pietatis,
447 1739 566 1769 consilii.
589 1738 769 1769 fortitudinis,
789 1737 896 1763 timoris
918 1736 975 1762 Dei.

185 1788 270 1815 Davld
288 1793 381 1814 autctu
400 1787 471 1814 Psal.
491 1794 518 1818 κ,
536 1786 597 1813 ait;
616 1784 730 1819 Eloquia
751 1783 856 1810 Domini
873 1783 976 1817 eloquia

185 1839 272 1867 easta,
289 1839 427 1869 argentum
447 1833 506 1868 igne
522 1832 715 1862 examinatum,
732 1834 873 1865 purgatum
891 1834 977 1862 septu-

183 1883 258 1915 p/um
272 1882 294 1912 ",
314 1881 340 1908 id
358 1885 400 1907 est
424 1879 622 1914 multipliciter.
649 1877 884 1911 Quemadmodum
904 1875 976 1902 enim

186 1933 328 1962 argentum
368 1926 468 1960 saepius
493 1924 652 1956 couilatum,
682 1923 796 1958 probum
821 1929 852 1948 ac
879 1928 977 1956 purum

187 1974 336 2009 reperitur,
350 1973 390 2000 sic
404 1973 485 1998 etiam
502 1972 582 1997 verba
597 1970 642 1997 Dei
658 1969 751 1996 omnia
767 1968 802 2004 ab
814 1967 888 1994 oumi
904 1974 980 1993 ineti-

187 2021 267 2048 daeio
289 2025 315 2047 et
341 2019 407 2046 vitio
425 2024 489 2046 sunt
508 2018 604 2045 libera.
625 2017 675 2045 Job
694 2022 824 2052 prtrlerea
848 2015 882 2042 de
904 2015 979 2049 justo

186 2068 222 2093 ita
238 2067 333 2094 scribit
351 2075 357 2093 :
375 2065 466 2092 Sexies
481 2065 512 2092 de
527 2063 728 2091 necessitatibus
742 2063 860 2090 extrahet
882 2066 906 2088 te
924 2069 933 2088 :
953 2062 978 2087 in

186 2114 296 2148 septimo
312 2117 398 2140 autent
422 2120 472 2139 non
498 2116 584 2147 tanget
610 2116 633 2138 te
657 2110 757 2137 malum
770 2110 792 2137 ’⁸.
816 2109 882 2142 Qum
897 2108 978 2135 verba

187 2161 266 2195 quasi
296 2168 329 2187 ex
367 2166 482 2195 persona
521 2158 569 2185 Dei
600 2157 633 2184 ad
658 2157 764 2192 justum
792 2154 977 2190 proferuntur.

188 2207 295 2238 Series,
309 2207 360 2233 hoc
373 2211 415 2233 cst
429 2206 454 2232 in
470 2204 597 2240 praesenti
611 2204 678 2236 vita,
691 2203 718 2230 in
732 2210 786 2238 qua
800 2201 977 2230 tentationes,

1017 266 1131 293 dissolvi
1148 266 1240 299 cupiat
1262 264 1373 295 Paulus,
1391 268 1417 290 et
1438 272 1499 291 eum
1518 263 1628 291 Christo
1648 272 1708 291 esse
1721 266 1742 292 ‘.
1761 266 1805 292 Sir.

1019 314 1102 347 igitur
1128 311 1316 346 accipiendum
1341 315 1382 338 est
1408 311 1471 337 illud
1490 320 1495 336 :
1512 311 1550 338 Ne
1576 311 1671 338 leviter
1695 313 1805 347 quidem

1018 359 1181 393 percutitur,
1211 358 1262 384 hoc
1284 361 1325 384 est
1351 364 1385 383 ne
1409 357 1560 390 simplicem
1588 357 1697 391 quidem
1725 358 1805 384 ullius

1018 403 1149 429 molestiae
1175 402 1366 436 cogitationem
1395 402 1503 435 accipit.
1530 401 1598 428 Nam
1624 402 1804 429 exuberantia

1018 450 1167 484 voluptatis
1183 450 1267 481 illius,
1284 457 1337 482 qua
1361 455 1416 475 tum
1435 449 1504 475 beati
1525 448 1711 483 perfruentur,
1728 457 1803 476 acer-

1019 495 1114 522 bitatis
1139 496 1228 523 Omnis
1255 495 1416 522 memoriam
1443 495 1536 529 procul
1561 495 1648 530 pellit.
1669 495 1808 528 Quemad-

1021 543 1131 569 modum
1150 544 1221 569 enim
1241 543 1267 569 in
1288 542 1406 577 septimo
1428 542 1471 568 die
1497 541 1568 568 Deus
1585 542 1619 568 alt
1634 543 1808 576 aspectabilis

1020 594 1152 614 creatum-
1171 588 1280 623 opificio
1298 587 1434 622 requievit
1449 594 1457 613 :
1474 587 1513 614 sic
1529 587 1556 614 in
1573 587 1689 621 septimo
1708 587 1808 614 saeculo

1021 635 1129 668 requies
1143 634 1224 668 jnstis
1240 634 1303 666 erit,
1321 639 1466 668 postquam
1487 640 1549 659 cum
1572 633 1665 660 multis
1681 633 1807 660 afﬂictio-

1022 680 1105 708 nibus
1128 679 1274 707 conﬂictati
1296 680 1410 711 fuerint,
1435 679 1489 706 Deo
1514 679 1573 707 illos
1590 679 1728 707 liberrime.
1750 679 1808 706 λειω

1020 734 1085 754 vero
1111 726 1136 752 in
1166 726 1321 760 Evangelio,
1347 725 1537 760 percunctanti
1563 725 1644 752 Petro
1667 734 1675 752 :
1702 726 1810 758 Quoties

1021 772 1136 807 peccabit
1160 772 1187 798 in
1210 780 1249 799 me
1271 771 1354 806 frater
1377 779 1460 803 nteus,
1482 776 1506 797 et
1524 772 1658 797 dimittam
1673 772 1716 798 ei?
1732 779 1811 806 usque

1022 819 1140 853 septies?
1159 818 1303 852 respondet
1328 817 1460 844 Dominus
1478 828 1483 844 :
1501 816 1563 843 Non
1588 818 1647 844 dico
1665 817 1713 844 tibi
1733 825 1812 852 usque

1023 865 1129 899 septies,
1144 865 1189 892 sed
1206 873 1286 899 usque
1300 865 1448 899 scptuagies
1462 865 1558 897 septies
1572 863 1605 897 ",
1622 865 1674 892 hoc
1686 870 1728 892 est
1743 864 1812 891 rcsi~

1024 912 1139 946 pisccnti
1157 911 1182 938 in
1199 911 1335 938 infinitum
1350 910 1481 938 oﬂ‘ensam
1498 911 1677 938 condonabis.
1693 910 1731 937 En
1745 919 1808 946 quo-

1024 959 1104 985 modo
1121 957 1262 992 Scriptura
1281 957 1453 984 remissionis
1474 962 1649 992 peccatorum
1667 965 1812 984 numerum

1024 1005 1180 1039 septenario
1207 1004 1331 1040 definiat.
1358 1002 1426 1031 Nam
1453 1011 1515 1031 cum
1542 1003 1639 1031 Petrus
1667 1003 1781 1031 dixisset
1806 1013 1814 1030 :

1027 1050 1111 1085 Usque
1138 1050 1254 1084 septies?
1283 1057 1336 1077 non
1364 1049 1397 1077 ad
1422 1049 1507 1076 alium
1535 1055 1680 1076 numerum
1706 1050 1815 1076 transiit

1027 1096 1169 1128 Dominus,
1186 1103 1281 1123 verum
1300 1095 1485 1130 septenarium
1504 1094 1692 1130 multiplicans
1709 1095 1736 1122 in
1756 1095 1816 1129 ipso

1026 1143 1199 1170 remissionis
1217 1141 1364 1169 terminum
1382 1141 1536 1168 constituit.
1559 1140 1644 1167 Porro
1660 1142 1816 1176 septuagies

1026 1193 1129 1221 ςι-ριθιιι
1145 1187 1198 1214 490
1214 1186 1343 1213 cilicium.
1360 1186 1414 1213 Nec
1433 1191 1522 1213 tamen
1539 1186 1590 1214 hoc
1605 1194 1721 1213 numero
1738 1187 1815 1213 venia

1025 1234 1264 1262 circumscribitur
1281 1242 1288 1260 :
1304 1241 1400 1260 verum
1422 1241 1465 1268 per
1493 1241 1555 1260 eum
1580 1241 1690 1268 semper
1713 1233 1817 1260 condo-

1027 1280 1144 1307 naudam
1162 1287 1223 1307 esse
1239 1287 1337 1306 noxam
1355 1280 1492 1314 proximo,
1509 1283 1536 1306 et
1551 1280 1659 1314 quoties
1675 1284 1816 1314 pet-catum

1026 1325 1172 1353 confessus
1186 1325 1268 1352 fuerit
1283 1332 1314 1352 ac
1329 1325 1489 1359 rcsipuerit,
1504 1325 1702 1360 ignoscendum
1719 1325 1741 1351 ei
1755 1332 1817 1351 esse

1026 1372 1168 1400 docemur.
1184 1371 1319 1404 Quoniam
1336 1375 1428 1398 autem
1453 1371 1589 1399 scelerutn
1606 1379 1715 1406 quoque
1736 1379 1816 1406 poena

1027 1417 1163 1444 laudanda
1177 1421 1228 1449 est,
1241 1417 1305 1444 audi
1319 1416 1375 1451 jam
1389 1424 1404 1444 e
1417 1416 1566 1448 contrario,
1581 1417 1646 1451 quid
1663 1418 1688 1444 in
1705 1417 1820 1443 Genesis

1028 1463 1096 1491 libro
1111 1463 1244 1490 habeatur
1256 1471 1263 1489 :
1275 1462 1376 1497 Septies
1390 1462 1457 1488 ultio
1472 1462 1580 1488 dabitur
1596 1463 1626 1488 ιΙε
1638 1458 1704 1489 Cain
1717 1463 1749 1495 “,
1767 1462 1819 1488 hoc

1027 1515 1069 1537 est
1095 1509 1220 1544 septuplo
1246 1509 1434 1540 cruciabilur,
1462 1516 1512 1543 pro
1536 1516 1568 1535 eo
1593 1509 1666 1542 quod
1693 1508 1820 1535 fratr-uae

1027 1557 1110 1584 caedis
1125 1556 1242 1583 crimine
1259 1555 1381 1590 seipsum
1400 1554 1578 1582 constrinxit.

1065 1602 1161 1636 Opera:
1182 1601 1298 1636 pretium
1318 1605 1358 1627 est
1373 1605 1466 1627 autem
1486 1600 1628 1635 scptcmpli
1651 1607 1748 1634 pinum.
1764 1608 1818 1634 qua

1028 1648 1160 1675 multatus
1185 1652 1226 1674 est
1247 1647 1327 1678 Cain,
1352 1646 1468 1674 Joannis
1491 1646 1681 1682 Cltrysostomi
1705 1654 1820 1674 enarra-

1029 1695 1130 1722 tionem
1151 1694 1310 1729 adjungere,
1330 1701 1391 1728 qua:
1410 1693 1460 1721 boc
1485 1695 1568 1720 modo
1592 1702 1621 1721 se
1640 1694 1719 1720 habet
1737 1703 1743 1720 :
1761 1693 1820 1720 Μία

1029 1749 1103 1767 mum
1138 1741 1314 1774 septenarius
1347 1747 1479 1766 numerus
1510 1747 1559 1774 pro
1590 1739 1764 1766 multitudine
1792 1739 1820 1766 in

1029 1786 1170 1820 Scriptura
1196 1792 1290 1813 sancta
1311 1785 1447 1819 accipitur
1465 1793 1471 1811 :
1488 1789 1570 1819 atque
1595 1786 1620 1811 in
1639 1785 1690 1812 hac
1713 1785 1821 1820 signiti-

1030 1833 1138 1859 catione
1161 1831 1305 1865 permultis
1329 1831 1397 1858 locis
1421 1831 1542 1865 positutn
1559 1838 1619 1857 esse.
1637 1831 1767 1865 reperies.
1787 1829 1821 1857 Ut

1031 1879 1094 1906 illud
1112 1887 1119 1905 :
1136 1878 1245 1904 Sterilis
1260 1877 1367 1912 peperit
1382 1881 1529 1911 septem,et
1542 1884 1722 1911 qumcrunque
1739 1877 1820 1910 lmjus

1030 1930 1093 1953 sunt
1110 1924 1230 1959 generis.
1250 1924 1299 1951 llic
1322 1929 1413 1950 autem
1438 1924 1550 1951 sceleris
1579 1923 1689 1950 admissi
1716 1923 1822 1957 magni-

1032 1973 1097 2000 tudo
1117 1971 1299 2006 signiﬁcatur,
1317 1974 1343 1998 et
1366 1970 1439 2005 quod
1464 1977 1518 1996 non
1544 1977 1627 1996 unmn
1649 1977 1680 1996 ac
1705 1970 1821 2004 simplex

1031 2022 1089 2044 erat
1104 2017 1194 2045 scelus
1216 2017 1250 2043 ab
1267 2024 1299 2043 eo
1316 2016 1500 2048 designatum,
1520 2021 1614 2041 verum
1635 2018 1737 2048 septem
1757 2020 1820 2047 pec-

1030 2067 1146 2097 eata,ct
1170 2063 1280 2097 quidem
1312 2061 1396 2092 talia,
1425 2065 1455 2087 ut
1481 2060 1696 2094 unumquodque
1725 2067 1821 2086 eorum

1031 2109 1193 2146 gravissima
1212 2115 1291 2144 poena
1314 2107 1509 2135 vitulit-audum
1534 2110 1618 2132 esset.
1641 2105 1730 2139 Atque
1749 2109 1822 2131 utea

1030 2162 1232 2186 cnumcrcmus,
1258 2155 1294 2181 ita
1320 2161 1335 2181 a
1360 2153 1438 2181 nobis
1464 2153 1534 2179 ratio
1560 2152 1677 2180 ineatur.
1700 2150 1822 2177 Primum

1031 2203 1109 2231 fratri
1125 2203 1232 2234 invidit,
1248 2202 1311 2237 quia
1327 2208 1389 2228 eum
1407 2207 1422 2227 a
1440 2199 1495 2226 Deo
1511 2197 1600 2226 amari
1619 2196 1801 2233 perspiciebat
1816 2205 1824 2223 :

188 2258 273 2288 atque
305 2260 418 2288 operum
444 2251 552 2278 labores
573 2250 720 2282 exsistunt,
747 2247 894 2275 teutaberis
918 2246 979 2281 qui.
995 2245 1104 2284 unod
1128 2249 1238 2284 quidem
1262 2249 1377 2279 crimen,
1402 2246 1509 2274 ett-teris
1534 2245 1618 2272 etiam
1645 2243 1769 2274 remotis,
1791 2242 1824 2268 ad

187 2301 262 2332 dem,
282 2304 365 2334 atque
393 2299 421 2325 in
441 2297 652 2325 necessitatibus
672 2300 700 2324 et
720 2303 810 2323 rerum
833 2293 978 2322 difﬁculta-

189 2348 264 2374 tibus
287 2345 466 2378 versaberis;
482 2352 576 2371 verum
599 2344 633 2371 iis
653 2343 779 2379 superior
805 2341 914 2369 futurus
930 2347 978 2372 es;

191 2400 288 2420 manus
305 2392 378 2420 enim
395 2398 454 2418 mea
471 2391 519 2418 tibi
542 2397 622 2425 opem
649 2389 727 2417 feret.
751 2388 786 2416 At
804 2388 832 2415 iu
849 2388 978 2423 septimo,

191 2439 218 2465 in
232 2446 287 2473 quo
301 2438 396 2466 beatus
408 2438 546 2473 justorum
562 2436 747 2464 sabbatismus
757 2441 802 2470 est
815 2439 843 2462 et
860 2434 978 2469 requies,

191 2485 294 2512 nullius
311 2484 443 2511 molestiae
467 2483 622 2511 recordatio
641 2483 764 2510 animum
791 2486 867 2509 tuum
885 2485 979 2516 anget.

192 2534 278 2566 Atque
302 2531 337 2557 ob
365 2530 435 2557 banc
459 2537 570 2557 causam
604 2529 714 2565 sapiens
738 2529 848 2564 quidam
875 2527 945 2554 dixit
970 2534 978 2554 :

193 2578 220 2605 ln
235 2578 278 2605 die
301 2577 360 2604 l'esu
384 2580 465 2610 atque
481 2575 583 2603 laetitia
600 2576 720 2603 tristium
737 2582 827 2602 rerum
848 2573 980 2601 memoria

193 2625 288 2652 rmuit.
304 2623 377 2651 Mors
394 2622 468 2650 enim
486 2622 609 2658 profecto
628 2622 712 2656 justis
726 2621 760 2649 ad
782 2620 978 2655 sempiternum

229 2708 238 2723 ‘
258 2707 310 2735 lsa.
328 2714 366 2736 xl,
381 2705 408 2732 2.
448 2705 457 2720 ⁷
480 2704 551 2732 Psal.
576 2710 614 2736 χι,
631 2704 658 2730 ἲ.
696 2701 707 2717 ⁸
722 2700 775 2729 Job
795 2708 823 2732 ν,
844 2699 888 2727 19.

230 2789 285 2824 (‘27)
301 2787 402 2824 Eodem
417 2790 521 2824 spei-tut
534 2784 605 2824 quod
621 2784 660 2811 ait
675 2786 791 2824 Aﬁugustl.
806 2789 867 2815 cap.
883 2780 980 2824 ultimo

196 2818 244 2852 lib‘.
269 2818 356 2849 ultimi
384 2818 514 2848 Ue'cicit.
545 2819 593 2846 Dei
616 2827 625 2846 :
651 2828 660 2844 ι
688 2818 754 2845 Post
781 2818 850 2843 hanc
877 2821 982 2842 aetatem

197 2851 325 2895 tanquam
349 2860 375 2883 in
399 2857 441 2882 die
460 2856 574 2895 septimo
596 2855 758 2895 requieseet‘
774 2851 846 2892 Deus
870 2861 881 2895 ς⁸
904 2851 982 2895 αξξυς

196 2886 259 2924 δίυιῖ
275 2894 337 2921 (illis
363 2900 415 2919 non
442 2886 497 2918 erit
518 2886 641 2924 vespera,
665 2890 712 2916 sed
741 2887 898 2914 Dominicus
925 2886 983 2912 dies

925 2699 936 2715 '
953 2698 1073 2733 Philipp.
1089 2706 1107 2730 I,
1125 2697 1171 2724 25.

1032 2296 1146 2323 exitium
1165 2295 1215 2330 ipsi
1232 2293 1404 2321 inferendum
1423 2294 1491 2318 satis
1508 2299 1589 2326 grave
1606 2294 1674 2317 erat.
1690 2289 1826 2319 Alterum,

1033 2341 1096 2376 quia
1114 2340 1166 2367 hoc
1182 2340 1208 2366 in
1227 2339 1338 2366 fratrem
1361 2337 1481 2364 admisit.
1497 2336 1631 2367 Tertium,
1648 2335 1713 2370 quia
1731 2334 1825 2360 dolum

1033 2387 1145 2415 struxit.
1168 2385 1314 2418 Quartum,
1333 2383 1398 2418 quia
1418 2383 1520 2410 εωιιθηι
1544 2380 1722 2416 perpetravit.
1739 2378 1827 2412 Quin-

1032 2439 1101 2466 tum,
1119 2433 1183 2467 quia
1199 2432 1310 2459 fratrem
1330 2429 1477 2457 interemit.
1494 2428 1619 2459 Sextum,
1635 2425 1700 2462 quia
1718 2427 1827 2461 primus

1033 2480 1134 2508 credent
1150 2479 1271 2507 admisit.
1289 2476 1454 2512 Septimum,
1470 2475 1535 2510 quia
1558 2473 1613 2502 Deo
1626 2472 1757 2501 mentitus
1770 2475 1824 2500 est.

1035 2527 1174 2554 lntellectu
1189 2523 1309 2552 assecuti
1326 2522 1395 2550 estis
1409 2529 1441 2550 ea
1456 2529 1517 2557 qua:
1541 2521 1671 2552 diximus,
1693 2527 1727 2546 an
1742 2517 1827 2545 vultis

1035 2581 1078 2601 me
1091 2580 1186 2600 eorum
1200 2571 1438 2599 enumerationem
1455 2568 1538 2595 altius
1553 2571 1686 2602 repetere,
1702 2570 1731 2592 ut
1743 2562 1826 2592 intel-

1035 2619 1125 2654 ligetis
1149 2617 1366 2652 unumquodth
1390 2616 1498 2646 borum,
1522 2614 1564 2640 vel
1594 2613 1694 2644 solum,
1721 2610 1826 2645 gravis-

1213 2696 1235 2712 "
1248 2695 1343 2724 Matth.
1362 2701 1440 2727 xvnt,
1454 2694 1500 2726 2|,
1516 2693 1562 2721 22.
1604 2693 1623 2708 “
1638 2691 1706 2719 Gen.
1725 2699 1762 2724 IV,
1777 2690 1823 2718 21.

1035 2779 1108 2806 velut
1132 2782 1246 2805 octavus
1270 2781 1398 2807 :cteruus.
1424 2776 1470 2810 qui
1495 2774 1606 2810 Christi
1624 2771 1826 2810 resurrectione

1037 2819 1161 2841 sacratus
1174 2817 1356 2845 est,a:terntun
1372 2819 1423 2837 non
1433 2807 1526 2837 solum
1542 2809 1665 2843 spiritus.
1680 2809 1726 2836 sed
1740 2807 1824 2835 etiam

1037 2849 1159 2884 corporis
1177 2847 1408 2876 resurrectionem
1425 2847 1614 2880 pra-figurans.
1634 2853 1642 2869 ι
