2058 3159
248 171 315 204 1443

952 161 1075 192 ADDEN
1084 161 1142 193 DA.

1800 158 1870 191 1434

248 229 314 255 sima
339 231 418 261 poena
441 220 610 249 multandum
637 218 741 245 fuisse?
765 217 832 250 Quis
856 216 927 242 enim
954 216 1032 242 venia
1049 223 1069 248 Α
1086 217 1152 243 ritas
1170 221 1262 249 poenas
1280 214 1541 250 t‘VSOth‘liit‘n‘LEgO
1559 218 1647 241 autem
1670 218 1822 248 gementem
1839 222 1870 240 ar:

249 275 359 307 dignum
378 279 439 297 eum
457 266 630 302 juditavrrit,
653 265 699 299 qui
715 271 747 290 eo
771 263 881 289 nomine
907 262 1032 296 cuiquam

249 319 380 346 invideat,
396 316 465 349 qttod
485 313 529 339 lh-i
553 310 742 337 benevolentia
757 314 783 334 et
799 316 893 335 altiore
909 307 1034 334 fruatur?

249 367 304 392 Hoc
317 365 372 399 jam
387 370 468 389 unum
483 365 510 386 et
524 357 685 391 inexpiabile
702 361 842 390 peccatum
859 359 912 380 est.
927 354 1034 380 liursus

249 417 298 437 hoc
313 408 432 435 att-ocius
445 404 608 434 ostenditur,
621 410 682 429 euttt
699 400 775 427 fratri
794 400 939 430 invidetur,
954 399 1035 432 idque

249 452 411 483 immerenti.
440 451 478 477 En
508 450 559 477 hoc
586 456 694 483 quoque
723 453 818 473 rursus
844 454 898 472 non
927 445 1035 478 vttlgatu

248 505 398 536 peccatum.
411 498 451 524 Ad
469 498 526 524 lucc
541 495 634 522 dolum
663 493 837 520 machinatus
852 497 904 524 est,
922 491 1033 517 fratrem

248 549 460 575 circumventum
487 543 512 569 itt
538 548 665 575 campum
691 538 860 574 pet-trahens,
885 546 917 564 ac
934 544 968 563 tte
986 543 1034 562 na-

249 599 336 621 turam
364 590 473 625 quidem
499 588 584 622 ipsam
611 586 726 612 veritus.
752 585 885 617 Quartum
913 582 1036 614 crimen,

248 638 335 664 «edes
349 637 406 670 ipsa
420 639 472 666 est,
485 639 566 668 quam
584 631 706 657 admisit.
723 629 853 662 Quintum
870 626 942 662 quod
960 627 1035 653 fratri

250 690 343 710 necem
370 680 479 710 intttlit,
505 678 599 709 fratri,
626 677 758 710 inquam,
782 682 813 701 ex
839 674 933 700 cedent
960 677 1037 699 utero

250 731 334 757 edito.
352 728 480 758 Sextum,
505 724 570 759 quia
591 723 695 758 printus
721 721 803 748 caedis
821 727 906 754 genus
924 718 1037 746 invexit.

251 776 414 809 Septimum.
440 771 503 806 quia
524 770 707 803 interrogatus
732 775 746 794 a
773 766 827 793 Deo
857 766 963 792 mentiri
984 772 1037 792 non

249 820 395 848 dubitavit.
423 818 517 852 Itaque
533 817 569 843 ob
589 815 613 842 id
631 815 703 849 quod
724 813 799 840 fratri
825 819 922 840 manus
942 812 1038 839 aﬂerre

251 873 334 894 ausus
353 870 404 896 est,
424 869 525 898 septem
555 860 687 895 supplicia
711 860 760 886 sibi
785 864 914 886 accerset.
942 857 1036 885 Scelus

1087 266 1246 288 trementem
1266 268 1390 290 cernens,
1413 260 1514 294 ira'que
1535 261 1634 287 divinae
1655 259 1871 294 magnitudinem

1085 314 1121 332 ΛΑ
1136 307 1230 333 ocuIOs
1251 307 1365 336 habens,
1384 306 1535 340 Intjusmodi
1554 306 1690 339 exemplo,
1709 313 1759 332 nec
1776 305 1874 331 tnelinr

1087 353 1193 383 factus,
1223 361 1272 378 nec
1297 361 1311 379 a
1338 352 1459 379 facinore
1483 352 1630 379 deterritus
1655 359 1727 379 sum.
1754 350 1875 378 Proinde

1083 398 1145 432 jure
1156 398 1260 432 optimo
1271 398 1356 425 ntulto
1370 397 1472 431 majora
1484 397 1550 424 mihi
1563 401 1698 424 tormenta
1710 397 1873 424 infercntur.

1085 445 1201 478 Quidam
1215 448 1305 471 autem
1320 444 1394 471 hunc
1408 444 1497 471 locum
1513 443 1563 470 hac
1577 443 1680 470 ratione
1692 444 1874 478 explicarunt.

1086 491 1107 516 Δ
1122 489 1189 516 Cain
1212 497 1299 524 usque
1315 490 1349 516 ad
1364 489 1496 516 diluvium
1515 494 1618 524 septem
1636 489 1774 516 fluxerunt
1793 496 1877 524 ganeo

1088 536 1220 567 rationes.
1243 543 1276 563 ac
1300 542 1355 563 tum
1376 541 1454 563 terra:
1469 536 1633 571 supplicium
1659 535 1798 562 inductum
1821 540 1875 565 est.

1087 583 1160 616 quod
1177 582 1257 616 longe
1272 582 1380 616 lateque
1397 581 1488 609 fusum
1501 586 1574 609 esset
1592 586 1743 615 peceatum.
1760 582 1794 608 At
1811 588 1872 616 pec~

1088 632 1178 654 catum
1207 627 1324 654 Lamech
1351 635 1405 654 non
1434 628 1491 662 jam
1516 627 1621 655 diluvio
1645 628 1678 654 ad
1705 627 1874 654 curationem

1088 681 1157 707 opus
1183 674 1308 706 habebat,
1332 682 1426 701 verum
1445 674 1492 701 illo
1512 673 1571 708 ipso
1591 673 1638 708 qui
1657 673 1751 700 mundi
1776 680 1874 708 pecea-

1090 726 1145 748 tum
1162 721 1242 748 tnllit.
1259 721 1382 756 Supputa
1401 722 1492 755 itaque
1507 728 1602 748 omnes
1618 721 1652 747 ab
1666 719 1773 746 Adatno
1790 727 1877 753 usque

1088 767 1120 793 ad
1139 767 1277 794 Christum
1304 767 1496 801 generationes
1521 774 1553 794 ac
1577 766 1654 798 juxta
1672 773 1740 802 _eam
1768 765 1877 800 generis

1089 813 1291 845 recettsionem,
1307 821 1388 848 quam
1406 813 1493 840 Lucas
1510 813 1611 848 profert
1625 814 1656 845 ",
1675 813 1876 848 septuagesima

1091 863 1118 885 et
1138 859 1252 893 Septima
1274 863 1354 886 :etate
1371 859 1514 886 Dominum
1532 864 1625 885 ttatttm
1641 859 1726 887 fuisse
1742 859 1877 894 reperies.

252 917 341 940 autent
366 909 480 936 Lantcch
506 907 661 942 scptuagies
684 906 783 940 septies
806 904 988 932 vindicabitur
1003 904 1035 935 ”,
1055 889 1074 915 Β
1092 906 1188 932 Verum
1207 906 1264 933 hate
1285 906 1319 932 de
1339 905 1407 933 Cain
1430 911 1456 932 et
1480 906 1596 932 Lamcch
1614 913 1661 942 per
1676 906 1877 940 digressionem

253 961 302 985 hoe
323 963 365 984 est
383 955 576 989 multipliciter.
603 952 738 985 Quouiam
764 951 880 978 Lameclt
906 951 994 976 virum
1011 955 1037 976 et

250 1007 376 1039 juvenem
403 1001 549 1030 interemit.
567 999 647 1033 idque
672 1002 732 1032 post
750 998 844 1031 lt-gcm.
870 996 894 1022 id
911 1002 960 1024 est.
978 1000 1038 1029 post

251 1049 416 1077 sententiam
445 1047 577 1073 adversus
604 1044 670 1070 Cain
699 1051 712 1069 a
743 1043 795 1068 Deo
824 1042 1035 1076 pronuntiatam.

251 1094 317 1121 Nam
337 1093 377 1120 lex
395 1092 494 1126 scripta
510 1089 630 1116 nomium
649 1088 710 1114 data
733 1093 802 1114 erat.
822 1087 929 1121 Septem
947 1091 1035 1112 autem

252 1139 370 1175 peccatis
384 1138 460 1165 Caini
484 1141 586 1171 septem
604 1135 769 1170 respondent
786 1134 928 1167 supplicia.
947 1133 1037 1159 l‘rinm

252 1186 386 1221 peccavit,
401 1186 466 1220 quia
489 1183 588 1210 invidia
605 1182 717 1209 allecnts
740 1185 801 1214 est;
825 1180 955 1210 secundo.
973 1181 1037 1214 quia

252 1233 343 1259 dolum
357 1231 474 1264 struxit;
495 1230 584 1260 tertio,
595 1229 657 1262 quia
673 1228 773 1254 czedettt
784 1227 912 1258 admisit;
929 1230 1037 1260 quat-to,

255 1278 318 1311 quia
347 1280 455 1303 lratrent
482 1273 672 1305 obtruncavit;
706 1272 812 1306 quinto,
842 1271 904 1304 quia
934 1271 1038 1305 primus

255 1323 354 1351 caedem
386 1322 520 1357 patravit;
550 1325 645 1351 sexto,
671 1319 733 1353 qttia
763 1319 920 1353 parentibus
949 1317 1039 1344 luctus

254 1375 365 1396 causam
391 1367 497 1399 attulit;
523 1365 649 1400 septimo,
676 1364 738 1399 quia
760 1364 813 1390 Deo
839 1364 969 1390 mentitus
987 1367 1038 1390 est.

256 1415 385 1449 Sequitur
400 1413 468 1448 jam,
482 1417 510 1438 ιιι
524 1419 666 1446 pcenarunt
683 1418 826 1437 numerum
843 1410 1037 1436 subducamus.

256 1462 398 1489 Maledicta
422 1466 492 1487 terra
509 1468 524 1486 η
541 1464 575 1491 te,
592 1459 676 1493 prima
696 1458 752 1485 haec
773 1465 853 1492 pmna
869 1463 919 1484 est.
938 1457 1039 1491 Opera-

254 1509 322 1535 bcris
346 1514 454 1539 (errant,
480 1497 530 1532 huc
543 1509 596 1537 est,
623 1505 683 1532 sine
707 1504 760 1530 ulla
785 1503 987 1530 intermissione
1007 1509 1039 1529 ac

255 1554 421 1580 relaxatioue
447 1551 619 1586 agricultura:
651 1550 789 1576 laboribus
817 1548 974 1580 vitxaberis,
994 1555 1074 1592 se-C

256 1601 354 1626 tunda.
371 1599 404 1624 Et
420 1606 471 1624 non
488 1597 566 1623 addet
584 1597 706 1622 virtutem
726 1603 802 1622 suam
821 1595 885 1621 dare
908 1595 966 1624 tibi,
985 1595 1040 1620 haec

257 1646 334 1672 tertia
355 1651 435 1679 poma
451 1647 502 1675 est,
521 1650 617 1676 nempe
633 1641 756 1667 laborum
777 1639 917 1668 sterilitas.
934 1639 1041 1666 Gemens

256 1696 280 1718 rt
297 1696 407 1717 tremens
423 1690 475 1714 eris
501 1695 579 1721 super
599 1691 696 1712 terram
712 1685 743 1717 ³³,
763 1686 847 1712 tribus
871 1684 958 1719 pmnis
973 1685 1041 1712 duas

257 1736 364 1770 adjecit,
381 1735 511 1770 gemitum
531 1737 690 1768 perpetuum
703 1735 731 1759 et
745 1732 869 1766 corporis
886 1737 1040 1762 tremorem,

256 1783 292 1810 ita
308 1787 337 1809 ut
351 1782 408 1815 ipse
422 1783 576 1807 moveretur
588 1783 615 1806 et
631 1782 834 1809 concuteretur,
850 1784 882 1804 ac
898 1785 930 1804 tte
945 1784 1040 1811 panem

255 1828 365 1863 quidem
381 1829 408 1854 et
426 1829 519 1860 potum
545 1825 623 1852 facile
642 1823 683 1851 ori
703 1824 848 1852 admovere
867 1827 969 1857 posset.
991 1822 1041 1850 Se-

256 1874 348 1910 quitur
367 1873 439 1900 aliud
458 1871 635 1906 supplicium,
651 1871 723 1906 quod
738 1870 806 1898 Cain
827 1870 884 1905 ipse
902 1869 1041 1905 patefecit,

256 1921 295 1947 sic
313 1920 430 1954 liquens
446 1927 453 1945 :
472 1918 501 1945 Si
523 1926 592 1944 nunc
606 1926 620 1944 e
635 1921 705 1943 terra
723 1924 763 1944 me
781 1916 865 1950 ejicis,
887 1916 937 1943 ltoc
952 1920 1005 1947 est,
1019 1916 1041 1942 si

256 1974 271 1992 a
285 1970 364 1993 terra:
377 1964 617 1992 commoditatibus
631 1971 673 1990 me
688 1962 834 1997 disjungis,
849 1966 874 1988 et
887 1970 902 1988 a
917 1961 984 1995 facie
997 1966 1042 1987 tua

257 2012 403 2039 abscondur
425 2011 458 2038 “.
484 2010 613 2037 Atroeius
637 2009 801 2044 supplicium
826 2008 898 2043 apud
922 2015 970 2034 eos
996 2006 1042 2042 qui

259 2059 358 2085 utentis
381 2062 445 2084 sunt
467 2060 620 2091 compotes,
635 2055 772 2090 separatio
786 2062 801 2081 a
817 2054 882 2081 Deo.
897 2054 932 2080 Et
956 2053 1042 2088 posuit

259 2103 328 2130 De":
344 2105 446 2138 signant
467 2111 544 2137 super
559 2110 618 2128 cum
633 2102 665 2133 ’⁵,
689 2102 804 2135 septima
823 2102 879 2127 haec
896 2107 974 2134 patna
990 2104 1041 2130 est.

259 2148 385 2174 nimirum
403 2155 437 2174 nc.
453 2154 561 2181 poenam
581 2146 689 2180 quidem
706 2146 792 2179 ipsam
809 2145 953 2172 obscurant
969 2151 1040 2176 esse,

259 2201 352 2219 verum
374 2192 518 2226 perspicuo
541 2192 618 2226 signo
642 2191 720 2226 quasi
741 2192 873 2226 praeconis
889 2198 955 2218 voce
976 2198 1043 2217 ont—

260 2238 340 2265 nibus
363 2236 495 2264 dcclarari
521 2237 593 2263 hunc
613 2236 688 2262 illum
710 2243 770 2264 esse
795 2235 889 2263 nefarii
916 2236 1043 2263 facineris

261 2284 439 2310 architectum
453 2292 460 2310 ε
472 2290 504 2310 ac
519 2288 590 2310 recte
602 2282 734 2318 jtnlicanti
749 2282 909 2318 gravissima
923 2283 1044 2309 ontniunt

261 2337 340 2364 paena
361 2334 403 2357 est
422 2330 477 2356 lucc
494 2329 619 2356 infamia.
636 2328 670 2355 At
691 2328 818 2359 Latnech,
836 2334 897 2364 post
918 2329 1045 2356 condent-

259 2377 399 2405 nationem
423 2375 499 2403 Caini
525 2375 626 2410 duplici
650 2375 722 2402 caede
745 2374 921 2407 constrictus,
947 2375 1044 2401 merito

260 2423 325 2450 dicit
347 2430 354 2449 :
377 2422 407 2450 Si
431 2423 457 2448 in
482 2421 549 2448 Cain
573 2426 666 2455 septies
690 2421 851 2448 vindicatum
875 2426 931 2453 est,
955 2422 981 2447 in
1005 2429 1044 2448 me

259 2468 368 2495 Lumcrlt
393 2468 538 2502 septtmgies
557 2468 651 2501 septies
675 2467 850 2494 vindicabitur
867 2467 898 2500 “⁸,
915 2467 966 2494 hoc
984 2472 1040 2494 est:

260 2514 289 2541 Si
313 2515 385 2549 jttsla
411 2514 542 2540 adversus
566 2513 632 2540 Cain
651 2513 696 2540 Dei
719 2514 852 2540 sententia
878 2514 998 2545 exsistit,
1014 2519 1043 2540 ut

259 2566 361 2594 septem
385 2560 528 2595 suppliciis
545 2560 707 2592 aflicerctur,
724 2559 782 2593 ipse
803 2559 928 2594 equidem
944 2560 1042 2593 dignus

259 2614 332 2638 sum,
350 2605 397 2640 qtti
407 2606 616 2641 quadringentis
631 2606 776 2639 nonaginta
789 2605 877 2639 plenis
889 2606 1040 2632 excrucier.

258 2653 392 2686 Quoniam
410 2653 465 2685 ille,
487 2652 716 2687 quemadmodum
732 2651 767 2678 ab
783 2652 849 2683 alio,
866 2651 930 2685 quid
946 2658 1042 2686 quam.

257 2707 309 2733 que
320 2705 401 2733 grave
413 2697 517 2724 crintcn
528 2703 610 2728 esset,
621 2696 721 2724 czedem
734 2696 917 2727 committere,
929 2696 1042 2723 minime

255 2744 388 2771 didicerat.
406 2753 412 2770 :
430 2744 470 2770 sic
496 2750 546 2770 nec
572 2742 736 2770 homicidam
761 2742 844 2769 ullunt
863 2742 966 2769 viderat
982 2750 1040 2769 tne-

293 2830 313 2845 "
326 2830 394 2856 Gen.
407 2838 441 2862 tv,
473 2830 518 2857 24.

257 2872 370 2896 Lxxvttt,
390 2864 430 2890 12.

558 2830 653 2857 "ibid.
676 2830 718 2862 Η,
741 2831 782 2856 12.
823 2830 845 2845 “
868 2830 933 2856 ibid.
963 2830 1003 2857 Η.

471 2867 491 2882 ¹⁹
512 2865 592 2892 Prov.
611 2873 648 2898 Ix,
668 2865 692 2892 Ι.
730 2866 751 2881 ¹⁰
765 2864 878 2892 Zachar.
899 2873 942 2898 tn,
958 2866 1019 2898 8,9.

1043 2831 1108 2855 “liti
1122 2831 1138 2856 Ι.
1166 2830 1206 2856 I5.

1070 2866 1090 2880 “
1103 2865 1156 2892 Zac
1169 2874 1217 2893 .ar.
1234 2875 1270 2898 tv,
1290 2867 1331 2893 10.

1089 956 1302 978 commemorata
1321 952 1385 979 sint.
1404 951 1581 978 Redeundum
1599 957 1641 978 est
1658 952 1689 978 ad
1709 951 1879 981 testimonia,

1089 998 1190 1031 quibus
1203 998 1300 1024 honori
1315 998 1422 1024 habitus
1434 997 1517 1025 fuisse
1530 998 1880 1032 septenariusdemonstra-

1090 1049 1145 1075 tur,
1160 1043 1242 1078 idque
1263 1051 1316 1070 non
1346 1043 1426 1071 modo
1441 1046 1467 1070 in
1482 1044 1640 1071 remittenda
1657 1043 1768 1073 oliensa.
1782 1051 1879 1070 verum

1089 1089 1169 1116 etiam
1181 1090 1208 1116 in
1219 1090 1467 1117 animadvertendis
1482 1095 1562 1125 atque
1577 1091 1742 1118 ulciscendis
1756 1090 1878 1125 ﬂagitiis.

1091 1135 1173 1162 David
1195 1135 1276 1169 igitur
1294 1136 1372 1170 quasi
1390 1143 1422 1163 ex
1439 1135 1593 1164 Judmorum
1612 1144 1726 1171 persona
1743 1137 1774 1163 ad
1793 1136 1878 1163 Deum

1089 1182 1127 1208 ait
1153 1190 1160 1207 ε
1188 1181 1275 1208 Redde
1303 1182 1396 1208 ricini;
1425 1183 1523 1210 nostris
1559 1184 1709 1217 septuplum
1736 1184 1763 1209 in
1792 1183 1880 1209 sinunt

1089 1235 1178 1253 eorum
1211 1227 1243 1252 “‘.
1279 1226 1410 1254 Rev'rrsos
1446 1228 1517 1254 cnitn
1551 1227 1662 1255 Jmlzeos
1693 1236 1725 1255 ex
1760 1228 1881 1256 secunda

1090 1272 1246 1307 captivitate
1265 1272 1440 1307 Babylonica.
1462 1279 1488 1301 et
1515 1275 1643 1308 templum
1665 1274 1820 1301 instaurare.
1833 1281 1882 1300 cu-

1089 1320 1206 1354 pientes,
1221 1321 1303 1347 vieini
1322 1320 1406 1347 Juda'i
1435 1319 1625 1353 prohibebant.
1656 1319 1746 1353 Atque
1774 1319 1880 1346 ideirco

1091 1366 1144 1394 illis
1168 1368 1363 1402 imprecantur,
1389 1372 1418 1393 ut
1437 1367 1613 1400 scptnplicem
1636 1366 1809 1392 alﬂictionem
1829 1366 1879 1391 ha-

1091 1412 1172 1439 beant
1189 1414 1215 1439 in
1230 1414 1290 1440 sinu
1306 1419 1368 1443 suo,
1387 1412 1438 1438 huc
1452 1418 1504 1441 est.
1523 1412 1743 1446 inseparabilem.
1773 1411 1878 1438 Rursus

1091 1458 1118 1484 in
1132 1457 1285 1485 PrOverbiis
1302 1459 1334 1484 ad
1353 1457 1426 1484 hunc
1447 1457 1560 1484 modum
1584 1458 1704 1492 loquitur
1727 1457 1878 1483 Salomon:

1090 1504 1227 1538 Sapientia
1238 1504 1379 1538 ttdiﬁcuvit
1395 1504 1444 1530 :ibi
1462 1504 1578 1535 domum,
1595 1504 1732 1538 supposuit
1745 1503 1880 1530 columnas

1091 1553 1187 1583 septem
1204 1549 1236 1576 ".
1275 1549 1335 1582 Quo
1349 1550 1407 1576 loco
1428 1557 1473 1583 per
1492 1549 1665 1583 sapientiam,
1683 1549 1880 1576 subsistentem

1094 1594 1138 1621 Dei
1166 1594 1326 1628 sapientiam
1358 1595 1496 1628 intelligit.
1532 1595 1721 1628 unigenitum,
1755 1595 1880 1628 inquam.

1093 1638 1211 1666 Verbum
1229 1648 1236 1665 :
1256 1647 1302 1674 per
1323 1639 1434 1666 dontttttt
1452 1646 1543 1666 autem
1560 1640 1734 1672 trdilicatam,
1748 1640 1880 1674 templum

1092 1685 1226 1719 corporis.
1237 1685 1307 1718 quod
1319 1693 1350 1712 ex
1364 1689 1458 1712 sant-ta
1477 1685 1584 1720 Virgine
1596 1690 1766 1720 assumptum
1780 1685 1880 1717 induit;

1092 1738 1139 1766 per
1157 1735 1259 1765 septem
1276 1735 1365 1756 atttem
1381 1731 1534 1761 columnas,
1554 1731 1667 1764 spiritus
1697 1731 1798 1765 gratias
1821 1738 1883 1764 quat

1091 1783 1186 1803 omnes
1200 1776 1226 1802 in
1236 1774 1514 1803 Cltristovelucebant.
1525 1777 1596 1808 Quin
1613 1777 1694 1803 etiam
1711 1784 1760 1811 per
1775 1776 1882 1802 Zacha-

1092 1822 1160 1849 riattt
1175 1821 1337 1856 prophetam
1351 1821 1420 1848 Deus
1434 1826 1459 1847 et
1476 1820 1556 1848 Pater
1568 1821 1601 1848 de
1617 1821 1727 1848 Christo
1739 1823 1775 1848 ita
1790 1822 1880 1856 loqui-

1094 1872 1138 1895 tur
1157 1876 1162 1894 :
1186 1867 1252 1894 Ecce
1270 1875 1317 1902 ego
1335 1866 1402 1893 duco
1424 1875 1527 1893 servum
1550 1875 1648 1899 meum,
1672 1866 1768 1894 Oriens
1789 1876 1882 1894 nomen

1092 1913 1154 1948 ipsi.
1169 1913 1239 1945 Quia
1255 1913 1323 1946 lapis
1337 1921 1411 1947 quem
1427 1913 1487 1938 dedi
1512 1917 1573 1938 ante
1592 1912 1686 1946 [aciem
1710 1911 1786 1943 Iesu.
1804 1921 1881 1947 super

1093 1961 1207 1995 lapidem
1223 1968 1303 1987 unum
1321 1965 1416 1995 septem
1438 1961 1507 1986 oculi
1522 1966 1582 1986 sunt
1600 1961 1633 1988 ‘°.
1654 1960 1685 1987 Et
1701 1961 1781 1995 paulo
1799 1965 1881 1995 post:

1095 2008 1127 2034 Et
1147 2008 1269 2035 videbunt
1289 2007 1402 2041 lapidem
1424 2013 1563 2034 stanneum
1581 2007 1608 2033 in
1629 2008 1748 2034 manibus
1764 2006 1882 2034 Zoralm-

1094 2055 1134 2082 bel
1152 2055 1185 2080 ".
1211 2054 1320 2088 Septem
1345 2054 1371 2080 hi
1389 2053 1462 2081 oculi
1488 2052 1595 2080 Domini
1616 2057 1691 2085 sunt,
1711 2053 1757 2087 qui
1779 2057 1880 2079 terram

1094 2101 1252 2128 universam
1268 2101 1430 2136 inspectant.
1451 2099 1673 2133 Contigitautem
1693 2099 1750 2125 haec
1770 2098 1881 2125 historia

1093 2153 1155 2182 post
1170 2149 1287 2175 reditum
1301 2155 1332 2174 ex
1351 2146 1516 2181 captivitate.
1530 2146 1718 2180 Quotcmporu
1731 2145 1882 2172 sacerdotis

1096 2201 1207 2220 munere
1226 2193 1389 2227 fungebatur
1406 2192 1496 2222 Jesus.
1516 2191 1588 2218 ﬁlius
1604 2190 1737 2218 Josetlech
1748 2199 1756 2223 ς
1768 2198 1881 2223 regnum

1059 2229 1083 2258 ι)
1096 2244 1186 2266 autem
1204 2239 1312 2265 tenebat
1336 2237 1486 2265 Zorobabel
1506 2238 1578 2264 filius
1604 2237 1744 2269 Salathiel,
1757 2237 1802 2272 qui
1816 2245 1881 2264 cttm

1096 2286 1121 2312 in
1138 2285 1353 2319 superlmtnerali
1364 2285 1534 2320 splendidum
1544 2284 1659 2318 lapidetn
1668 2284 1839 2316 attexuisset,
1849 2291 1883 2310 ac

1093 2332 1190 2359 deinde
1206 2331 1338 2358 foramina
1347 2339 1406 2364 sex,
1422 2336 1451 2358 ut
1467 2331 1566 2362 ferunt,
1583 2331 1609 2358 in
1625 2338 1658 2358 eo
1673 2330 1818 2360 effecisset,
1834 2337 1882 2357 sex

1092 2377 1158 2404 alios
1166 2376 1478 2410 diversicolorislapides
1487 2377 1626 2410 imposuit,
1634 2376 1679 2411 qui
1690 2376 1799 2411 qutdem
1809 2376 1884 2403 colo-

1093 2423 1130 2450 ris
1138 2424 1268 2450 varietate
1274 2423 1344 2450 oculi
1353 2423 1439 2450 instar
1446 2423 1581 2450 lucebunt.
1590 2423 1733 2450 Enimvero
1740 2423 1881 2457 propltutia

1095 2475 1202 2494 servum
1212 2467 1351 2494 Christum
1361 2468 1505 2502 vocat,qtti
1516 2468 1542 2494 itt
1552 2468 1637 2495 forma
1647 2470 1718 2496 servi
1728 2469 1760 2496 ad
1772 2477 1822 2496 nos
1834 2478 1880 2495 vr-

1094 2514 1150 2540 nit:
1161 2513 1296 2540 Orientem
1306 2517 1407 2546 autent,
1415 2514 1478 2548 quia
1488 2514 1596 2548 ipselux
1603 2523 1665 2542 vera
1671 2521 1712 2542 est
1727 2515 1796 2548 Quin
1803 2525 1884 2543 euma-

1093 2559 1152 2586 dem
1160 2567 1265 2593 qttoque
1273 2559 1388 2593 lapidem
1396 2560 1513 2594 appellat
1522 2565 1624 2595 septem
1634 2562 1726 2588 oculos
1735 2562 1880 2589 habentem

1094 2604 1259 2639 autejfucimn
1267 2605 1329 2633 Jesu
1341 2605 1444 2632 dalutn.
1452 2606 1599 2640 Oportebat
1610 2609 1681 2633 enim
1693 2608 1776 2642 legale
1785 2616 1880 2635 sacer-

1092 2652 1207 2682 dotium,
1225 2652 1302 2685 cujus
1314 2651 1393 2678 Jcsus
1411 2652 1524 2686 ﬁgurant
1538 2653 1616 2687 gerit,
1637 2661 1691 2687 prae
1707 2654 1792 2680 Oculis
1803 2662 1880 2681 sern-

1092 2705 1140 2732 pcr
1170 2698 1269 2724 habere
1298 2698 1414 2732 lapidem
1440 2699 1515 2726 illum
1535 2700 1662 2731 electum,
1682 2699 1732 2727 hoc
1743 2701 1878 2728 estChri<

1093 2748 1175 2774 stunt,
1196 2743 1241 2778 qui
1261 2744 1355 2771 multis
1379 2745 1466 2771 oculis
1492 2745 1621 2773 universa
1636 2746 1778 2774 collustrat
1793 2751 1877 2782 atque

1247 2831 1343 2858 "ibid.
1359 2832 1403 2859 2A1.

1444 2834 1462 2848 ”
1481 2833 1547 2863 Luc.
1566 2843 1607 2866 Ill,
1625 2836 1660 2863 9.3
1677 2835 1722 2862 58.
1763 2835 1784 2851 ’⁸
1800 2835 1872 2863 Psal.
