2058 3159
183 148 250 180 1445

621 148 781 178 NICETAS
802 148 842 178 ΙΝ
863 148 972 180 ΟΠΛΤ.
995 151 1086 182 XLIV
1116 151 1147 181 S.
1167 151 1279 182 GREG.

1737 156 1805 189 1446

181 202 300 237 inspicit.
321 202 498 236 Septenarius
514 202 585 229 enim
603 209 712 238 semper
728 202 783 229 fere
799 203 839 230 vel
856 203 882 229 id
895 204 967 237 quod
984 208 1004 234 Λ
1022 205 1047 231 in
1083 206 1176 233 liberis
1203 206 1349 233 Phenenna
1375 206 1492 240 dicitur,
1518 216 1578 243 quae
1603 209 1702 238 mullos
1734 212 1803 239 lilius

180 248 258 275 linem
280 249 370 279 habet,
395 248 435 275 vel
459 248 532 282 quod
566 248 719 281 perlectum
748 254 800 280 est,
827 249 962 283 designat.

181 294 285 321 Rursus
305 294 431 321 Christus
454 295 504 320 har
523 295 555 320 de
570 302 652 321 causa
671 294 740 328 lapis
755 300 887 322 stanneus
902 295 965 322 dici-

180 344 232 367 tur.
246 341 328 367 Aiunt
344 345 473 367 stannutn
492 348 523 366 ex
541 348 593 367 a‘-re
607 344 632 365 ct
651 340 763 374 plumbo
790 340 963 367 romtnistum

179 394 210 412 ac
235 390 413 421 temperatum
459 394 529 413 esse.
569 385 749 418 Quamobrem
779 394 827 414 nec
856 386 963 413 duritiei

177 432 290 459 omnino
308 438 347 459 est
369 440 478 467 expers,
504 440 552 459 nec
574 440 670 460 rursus
694 432 833 459 mollitiem
856 440 963 459 omnem

179 478 294 511 respuit.
326 478 428 505 Eodem
454 478 508 505 fere
534 478 614 505 modo
633 477 791 505 Emmanuel
808 486 916 512 quoque
931 486 963 505 ex

177 521 335 550 tinuisaima
349 524 472 558 nullique
490 524 662 558 perit-actioni
678 523 795 550 obnoxia
811 524 963 556 divinitate,

175 571 199 592 et
213 574 244 593 ett
261 568 334 595 molli
355 572 448 602 atque,
475 573 502 594 ut
526 569 561 594 ita
579 568 678 599 dicam,
700 568 841 595 affectibus
863 569 962 602 agitata

175 613 345 640 humanitate
363 614 532 648 compositus
550 618 600 640 est.
631 615 731 640 Adluec
748 619 888 646 stanuum,
903 614 960 641 sive

175 658 377 692 plumbum.ad
401 661 589 695 purgationem
614 660 727 686 alterius
750 660 882 691 materize,
903 667 963 693 qua:

175 704 238 738 igne
255 705 365 738 indiget,
394 703 548 732 necessario
574 705 734 737 assumitur,
758 712 789 732 ac
812 705 961 739 praesertim

176 751 210 775 ah
226 751 259 777 iis
273 752 319 785 qui
335 759 366 777 ex
383 755 495 786 argento
519 759 589 786 opus
611 750 722 785 aliquod
744 750 848 777 efficere
863 751 960 776 solent.

173 797 280 824 Stanno
309 797 400 831 itaque.
429 797 486 824 sive
509 797 619 832 plumbo
634 797 759 824 Christus
776 801 960 830 comparatur,

174 847 267 876 utpote
287 843 381 870 sordes
395 843 576 877 spirilltaliter
591 842 816 877 colliquel'aciens
843 849 875 869 ac
894 850 960 876 pur-

173 895 252 920 gans.
285 888 398 923 Insuper
434 893 562 915 staunum
593 896 636 916 res
665 889 736 915 inter
765 896 794 915 se
819 884 1001 914 distractasB

173 935 324 967 connectit,
343 939 435 968 tttpote
448 935 519 968 quod
548 934 698 968 glutinandi
719 935 772 960 vim
798 935 890 961 habet.
908 934 964 961 llu-

173 979 292 1013 iusmodi
318 985 409 1007 autem
437 980 566 1015 quiddam
589 980 614 1007 in
642 981 720 1007 nobis
746 980 872 1007 Christus
898 988 964 1014 prte-

172 1026 262 1052 stitit:
278 1026 299 1053 si
323 1026 432 1060 quidem
460 1026 524 1054 illud
552 1034 645 1054 verum
679 1031 721 1054 est
737 1027 807 1061 quod
828 1027 853 1053 in
879 1034 962 1053 ttttutn

172 1079 274 1098 notum
290 1071 427 1099 hominem
442 1072 511 1099 duos
526 1073 638 1106 populos
650 1077 723 1099 creat
734 1073 768 1100 ".
782 1073 820 1099 Ac
833 1077 962 1107 praeterea

173 1125 223 1152 per
237 1125 298 1144 eutn
317 1118 349 1144 ad
369 1125 417 1145 nos
433 1118 612 1152 iuspeetiunis
631 1119 728 1146 modus
740 1121 862 1153 contigit,
881 1120 962 1147 uimi-

171 1172 232 1191 rtttn
258 1165 435 1199 pervigilibus
465 1165 551 1191 oculis
566 1165 656 1191 omnia
681 1165 960 1192 circuutlustranlem.

171 1209 227 1237 Nec
252 1218 315 1237 vero
339 1211 489 1236 absurdum
519 1210 602 1237 fuerit
632 1215 742 1238 sanctos
770 1211 906 1238 antistites
935 1217 961 1238 et

172 1263 315 1283 sacrorum
335 1256 455 1282 arbitros
472 1256 613 1282 oculortuu
629 1256 689 1283 loco
700 1257 802 1291 positos
817 1264 878 1284 esse
888 1257 960 1284 aﬂir-

172 1310 258 1333 tnare,
272 1306 363 1336 utpote
380 1301 441 1328 aliis
457 1302 625 1336 superiores,
649 1309 680 1328 ac
697 1307 840 1337 propterea
854 1304 962 1337 episco-

171 1356 269 1382 porum
287 1356 385 1375 nomen
402 1352 574 1376 consecutos.
593 1348 644 1375 Per
669 1356 716 1375 eos
741 1348 814 1376 enim
836 1349 961 1377 Christus

172 1397 277 1430 plebetn
294 1397 320 1422 in
337 1403 365 1423 se
383 1397 537 1423 credentem
570 1396 670 1423 ittvisit.
695 1396 755 1422 Jam
767 1403 831 1423 vero
859 1395 959 1422 Christi

171 1450 280 1476 quoque
304 1443 417 1477 ligurum
443 1442 510 1476 gerit
534 1441 696 1469 Zorobahel.
724 1441 959 1474 Quemadmodum

171 1488 244 1514 enim
258 1486 409 1524 Zorobaltel
425 1487 552 1522 captivus
566 1487 701 1514 abductus
725 1494 779 1514 non
797 1493 848 1520 est,
866 1495 958 1514 verum

170 1539 203 1558 ex
222 1532 335 1566 captivis
354 1533 379 1558 in
398 1532 535 1567 Babylone
557 1537 649 1565 natus,
667 1534 788 1567 ipsorum
805 1533 960 1567 redemptor

170 1577 277 1604 (ίχδιὶιὶι
294 1586 300 1603 :
321 1577 353 1603 ad
369 1577 495 1604 etundem
518 1578 628 1604 tttodutn
649 1574 787 1611 Christus,
807 1579 880 1605 nulla
897 1587 960 1614 pec-

169 1623 223 1650 cati
241 1623 301 1650 labe
318 1623 490 1657 inquinatus,
507 1625 541 1649 ab
565 1624 666 1651 exitiali
691 1629 718 1651 et
734 1625 889 1658 pernicioso
908 1626 959 1652 itu-

169 1669 246 1703 perio
262 1676 311 1696 nos
330 1669 356 1695 itt
376 1669 527 1695 libertatem
541 1669 696 1696 vindicavit.
712 1669 799 1704 Hujus
812 1670 878 1704 lapis
893 1670 960 1698 ﬁdes

170 1723 201 1741 ea
219 1719 270 1747 est,
286 1722 338 1749 qua
355 1716 380 1740 in
398 1715 484 1749 ipsutn
505 1715 652 1742 credimus.
673 1715 808 1747 Quocirca
829 1715 960 1742 Dominus

169 1762 285 1795 lapidem
301 1762 327 1788 in
344 1769 424 1787 tuanu
440 1761 529 1788 ferens
544 1761 609 1787 illud
630 1769 680 1788 nos
704 1761 792 1794 docet,
810 1762 889 1788 Iidem
906 1769 958 1796 qua

170 1815 232 1835 eum
251 1807 454 1841 amplectimur,
476 1814 648 1840 nequaquam
667 1807 781 1834 otiosam
803 1813 830 1834 et
845 1808 958 1835 inertem

170 1860 233 1879 esse
248 1852 355 1885 debere,
374 1859 465 1879 verum
488 1857 591 1887 septem
617 1851 722 1879 Domini
742 1853 828 1880 oculis
843 1860 960 1879 exorna-

172 1904 239 1930 tam,
259 1899 308 1925 huc
330 1904 381 1931 est,
413 1903 516 1934 septem
547 1897 667 1933 Spiritus
691 1898 778 1925 sancti
797 1899 958 1925 actionibus.

172 1944 310 1971 Stauneus
324 1952 432 1979 quoque
446 1945 513 1979 lapis
525 1945 560 1971 ob
578 1946 646 1971 hanc
660 1944 791 1970 rationem
809 1944 958 1974 inducitur,

170 1991 234 2025 quia
262 1992 332 2017 sicut
360 1996 487 2017 stantium
505 1991 622 2024 primum
653 1990 793 2025 nigrescit,
811 1998 843 2018 ac
863 1991 960 2018 deinde

169 2037 342 2071 splendidum
360 2037 476 2064 coloretu
495 2037 596 2069 induit,
619 2037 714 2065 eodem
732 2037 824 2071 modo,
836 2038 881 2072 qui
899 2038 959 2065 lidei

165 2084 273 2118 pietate
290 2083 394 2118 praediti
412 2088 487 2115 sunt,
503 2084 552 2111 etsi
581 2083 718 2117 peccando
735 2083 870 2119 nigrorent
893 2091 959 2111 cutt-

172 2131 295 2162 trahunt,
317 2137 412 2157 rursus
438 2135 527 2157 tatnen
548 2129 733 2164 resipiscendo
756 2129 958 2164 splendescunt.

171 2175 260 2210 Atque
277 2176 330 2201 haec
345 2174 380 2201 de
398 2173 572 2201 Zorobabelis
584 2175 672 2209 lapide
687 2183 700 2201 a
716 2175 796 2202 nobis
809 2175 880 2202 dicta
893 2176 957 2202 sint.

1021 251 1148 279 habebat.
1166 251 1228 280 "me
1253 254 1325 280 enim
1353 260 1402 280 vox
1419 262 1425 280 :
1442 255 1566 288 multum,
1582 256 1719 283 indelinila
1736 262 1775 284 est
1794 267 1802 285 ε

1017 297 1088 331 qttod
1101 302 1190 324 atttem
1205 298 1376 325 imlelinitum
1389 304 1441 331 est,
1455 301 1550 334 utique
1562 306 1588 328 et
1601 302 1802 336 imperfectum.

1019 341 1064 369 Vel
1090 344 1171 370 etiam
1201 344 1358 379 imperfecta
1391 345 1443 372 dici
1478 351 1577 380 potest,
1602 348 1665 382 quia
1699 348 1803 375 nullum

1015 388 1111 414 extulit
1124 389 1253 417 omnibus
1265 390 1397 417 virtutum
1415 393 1547 424 numeris,
1559 393 1694 420 Samuelis
1708 394 1804 424 instar.

1017 433 1183 461 absolutum.
1214 436 1303 470 Atque
1334 437 1406 463 hunc
1436 438 1517 464 etiam
1549 443 1652 472 septem
1685 440 1803 470 meavit,

1016 484 1110 514 utpote
1124 481 1275 515 perfectum
1291 487 1316 509 et
1335 483 1464 510 omnibus
1484 484 1629 511 virtutibus
1643 485 1801 518 expolitum.

1015 525 1170 553 Perfectum
1197 535 1279 562 porro
1307 528 1380 556 ltunc
1403 537 1548 557 numerum
1578 530 1643 563 dixi,
1663 538 1714 557 non
1730 531 1802 564 quod

1015 572 1072 598 suis
1084 573 1207 607 partibus
1221 575 1415 608 constituatur,
1429 576 1656 610 quemadmodum
1670 577 1715 611 qui
1732 577 1802 611 apml

1014 618 1203 646 arithmeticos
1225 619 1335 654 perfecti
1365 621 1471 648 numeri
1500 622 1682 656 appellantur,
1707 623 1802 656 cujus-
1830 652 1833 655 ν

1014 664 1087 689 tnodi
1103 669 1144 690 cst
1159 666 1299 697 senarius;
1317 674 1410 692 verum
1425 667 1655 701 quemadmodum
1677 667 1729 693 alio
1740 667 1801 694 loco

1013 710 1154 737 denarium
1169 711 1320 745 pecfeetum
1341 717 1429 744 vocat,
1447 716 1476 739 ut
1500 720 1675 740 numerorum
1708 713 1801 744 liuent,

1013 756 1052 782 sic
1069 764 1141 783 nttnc
1157 765 1266 792 quoque
1290 759 1485 791 septenarium,
1504 759 1568 792 quia
1596 759 1728 792 septimus
1744 759 1800 784 dies

1014 809 1060 829 eos
1077 803 1183 836 perlicit
1197 808 1222 829 et
1237 803 1348 835 claudit,
1379 803 1405 829 in
1437 803 1536 837 quibus
1566 803 1638 830 Deus
1669 803 1800 829 mundum

1015 848 1148 875 condidit.
1169 849 1297 882 Opposita
1322 853 1362 875 est
1383 853 1472 876 autem
1499 848 1577 875 Anna
1598 848 1761 879 Pheuenna‘,
1776 848 1801 874 id

1016 899 1068 926 est,
1084 902 1116 921 ex
1133 894 1249 921 adverso
1268 894 1365 926 locata,
1382 899 1436 921 tum
1462 895 1524 928 quia
1541 894 1685 921 Phencnna
1703 894 1801 920 multos

1016 940 1115 967 liberos
1145 940 1272 973 habebat,
1301 941 1378 967 Anna
1406 946 1494 967 atttetn
1524 940 1678 966 Satuuclcttt
1711 940 1799 966 solum

1015 990 1166 1020 peperi-rat,
1189 991 1247 1012 tum
1268 986 1331 1020 quia
1345 986 1388 1012 illa
1407 986 1432 1012 in
1450 986 1543 1012 liberis
1562 985 1717 1019 imperfecta
1730 990 1798 1012 crat.

1015 1031 1072 1058 lure
1089 1031 1218 1066 perlecta.
1248 1031 1305 1058 Dici
1328 1031 1408 1058 etiam
1438 1031 1539 1058 idcirco
1559 1036 1650 1066 potest
1673 1036 1799 1065 septena-

1014 1077 1072 1104 rius
1095 1077 1241 1112 periectus,
1268 1077 1339 1112 qttod
1364 1085 1411 1112 per
1428 1077 1612 1116 sucqessionis
1642 1077 1740 1104 Seriem
1773 1083 1799 1102 et

1013 1123 1239 1158 compositionem
1267 1123 1428 1151 vicesitnum
1457 1128 1582 1150 octavum
1617 1123 1719 1157 gignat,
1751 1123 1798 1156 qui

1014 1169 1152 1202 perfectus
1165 1174 1208 1196 est
1223 1177 1361 1196 numerus.

1047 1215 1105 1242 Col.
1123 1216 1174 1242 434
1189 1215 1221 1242 Α.
1239 1215 1315 1248 Quod
1328 1216 1350 1242 si
1363 1221 1457 1242 releras
1473 1216 1551 1241 etiam
1571 1215 1693 1241 historias
1710 1214 1798 1240 consi-

1013 1261 1104 1287 derare
1117 1265 1227 1293 oportet,
1245 1265 1298 1288 etc.
1315 1261 1447 1295 Age,jant
1465 1265 1572 1286 veteres
1586 1266 1695 1294 quoque
1715 1259 1799 1285 histr-

1012 1308 1067 1333 rias
1089 1314 1291 1339 recenseamus,
1309 1306 1335 1333 in
1353 1307 1453 1341 quibus
1470 1305 1639 1338 septenarius
1667 1312 1798 1331 numerus

1014 1353 1104 1380 verbis
1118 1353 1227 1387 quidem
1244 1353 1354 1380 disertis
1379 1360 1430 1379 non
1447 1352 1618 1386 exprimitur,
1637 1351 1683 1378 sed
1698 1359 1726 1378 re
1739 1351 1795 1384 ipsa

1012 1400 1159 1427 invenitur.
1178 1399 1316 1434 Septimus
1331 1404 1462 1434 quantum
1485 1399 1517 1426 ad
1535 1399 1734 1432 generationem
1747 1396 1797 1424 fuit

1011 1446 1045 1472 ab
1060 1446 1143 1473 Adam
1161 1445 1264 1477 Enoch,
1282 1446 1327 1481 qui
1355 1446 1450 1472 mortis
1478 1444 1533 1471 fato
1548 1452 1716 1478 nequaquam
1734 1451 1796 1478 per-

1012 1491 1120 1518 functus
1131 1497 1183 1524 est,
1203 1499 1296 1518 verum
1314 1491 1462 1518 translatus
1475 1494 1526 1522 est,
1543 1498 1575 1516 ne
1591 1494 1703 1516 mortem
1720 1489 1795 1516 vide-

1011 1542 1052 1563 ret
1068 1537 1100 1562 “.
1119 1535 1273 1563 Vicesimus
1303 1537 1407 1570 primus
1434 1535 1581 1566 Abraham,
1600 1540 1655 1562 tum
1670 1539 1796 1568 septena-

1011 1583 1082 1609 ritttn
1099 1583 1257 1617 designans,
1273 1587 1328 1609 tum
1346 1587 1468 1609 sanctam
1484 1582 1656 1608 Trinitatem.
1670 1579 1736 1606 Nam
1750 1580 1795 1614 qui

1012 1633 1052 1656 ter
1068 1629 1253 1663 septenarium
1281 1628 1475 1661 composuerit,
1495 1635 1578 1653 unum
1594 1632 1620 1654 et
1635 1626 1794 1653 vicesimum

1010 1675 1174 1709 procreabit.
1193 1675 1231 1701 Ac
1246 1680 1375 1709 praeterea
1393 1674 1528 1700 Abraham
1548 1674 1651 1707 primus
1667 1678 1708 1701 est
1724 1674 1795 1700 inter

1011 1719 1193 1753 patriarchas,
1227 1719 1350 1754 mysterii
1373 1719 1484 1753 majoris
1505 1719 1672 1746 accessione.
1701 1719 1794 1751 Quan-

1010 1774 1090 1801 quam
1106 1767 1178 1793 enim
1206 1766 1377 1800 septenarius
1396 1765 1431 1792 ob
1453 1766 1626 1800 supradictas
1648 1767 1707 1800 ejus
1723 1766 1794 1793 vires

1010 1817 1036 1839 et
1051 1812 1196 1839 facultates
1221 1811 1353 1846 mysticus
1367 1816 1420 1842 est,
1434 1811 1521 1844 magis
1548 1815 1637 1838 tamen
1663 1812 1794 1846 mysticus

1011 1857 1170 1891 intelligitur
1183 1856 1331 1887 ternarias.
1347 1861 1441 1890 utpote
1452 1861 1552 1883 sancta:
1567 1855 1708 1883 Trinitatis
1725 1857 1795 1883 ima-

1011 1904 1099 1938 ginem
1117 1902 1215 1929 ferens.
1231 1902 1366 1935 Quocirca
1378 1902 1521 1929 sublimius
1534 1908 1644 1937 quoque
1654 1902 1739 1936 ipsius
1753 1907 1795 1929 est

1011 1949 1182 1984 mysterium.
1211 1947 1283 1980 Quin
1309 1947 1526 1982 septuagesimus
1541 1955 1649 1982 qttoque
1662 1948 1794 1982 Septimus

1013 1994 1143 2021 Duntinus
1162 1995 1323 2028 reperietur,
1339 1993 1360 2020 si
1377 1993 1439 2027 quis
1453 2001 1586 2020 converso
1604 1993 1699 2020 ordine
1714 2001 1795 2028 gene-

1012 2039 1142 2066 rationem
1167 2038 1270 2065 Christi
1289 2039 1360 2072 apud
1388 2037 1487 2066 Lucam
1512 2037 1646 2071 proditam
1664 2037 1793 2064 excutiat.

1012 2085 1099 2113 Lucas
1113 2086 1184 2112 enim
1200 2092 1213 2112 a
1231 2084 1341 2112 Christo
1350 2091 1466 2111 exorsus
1488 2083 1515 2110 in
1535 2084 1668 2111 Adamum
1685 2083 1793 2110 desinit.

1011 2132 1088 2166 Quod
1111 2133 1132 2158 si
1147 2131 1209 2166 quis
1224 2135 1359 2158 retroacto
1373 2130 1468 2157 ordine
1483 2135 1564 2164 atque
1589 2129 1697 2156 inverso
1714 2129 1795 2155 modo

1011 2179 1081 2214 apud
1095 2178 1194 2206 Lucam
1212 2179 1246 2206 ab
1261 2177 1366 2206 Adamo
1386 2185 1473 2212 usque
1495 2177 1529 2204 ad
1542 2177 1681 2204 Christum
1698 2184 1795 2204 nume-

170 2220 250 2247 Nunc
268 2220 415 2255 septenarii
443 2221 573 2248 honorent
601 2221 725 2248 oratione
752 2228 957 2256 prosequemur.
972 2225 998 2255 D
1012 2230 1072 2249 rare
1089 2223 1212 2257 coeperit,
1228 2222 1460 2258 septuagesimum
1483 2222 1627 2256 septimum
1646 2222 1735 2256 ipsum
1753 2229 1795 2248 re-

173 2265 258 2293 David
273 2273 338 2300 ergo
350 2265 383 2291 ad
402 2264 485 2292 Deum
511 2265 552 2292 his
578 2265 667 2292 verbis
689 2266 773 2292 utitur
794 2273 800 2292 :
819 2265 919 2299 Septies
932 2267 958 2291 iu

171 2312 214 2339 die
230 2311 400 2339 laudemdixi
420 2311 468 2338 tibi
484 2311 518 2343 “,
530 2311 581 2338 hoc
598 2315 653 2342 est,
678 2318 877 2345 saepenumero.
887 2311 957 2343 Quin

171 2360 254 2386 etiam
271 2358 292 2386 ll
308 2358 375 2393 Reg.
394 2359 473 2385 Anna
495 2357 628 2385 Samuelis
645 2361 729 2384 tnater
745 2357 771 2383 in
786 2364 836 2385 suo
850 2357 958 2384 cantico

171 2406 208 2432 ita
226 2405 340 2440 loquens
357 2405 493 2431 inducitur
508 2412 516 2431 :
537 2403 607 2437 Quia
625 2403 721 2430 ueritis
734 2404 831 2438 peperit
849 2408 957 2437 septem,

171 2457 195 2479 et
208 2460 265 2486 quis
280 2451 374 2478 multos
387 2451 498 2478 habebat
510 2451 591 2485 ﬁlios,
602 2450 736 2485 inﬁrmata
746 2455 783 2476 est
795 2450 827 2475 ".
842 2448 958 2476 Historia

175 2507 256 2533 porro
273 2498 332 2525 talis
352 2503 392 2525 est
409 2508 414 2524 :
428 2499 504 2524 Anna
520 2502 545 2525 et
561 2497 707 2525 Pheuenna
718 2504 779 2525 cum
792 2497 890 2523 Elcaua
901 2504 958 2522 ma-

174 2546 303 2573 trimonio
314 2544 415 2578 juncta:
432 2549 520 2575 erant,
537 2552 568 2571 ac
580 2544 725 2571 Phenenna
739 2543 847 2578 quidem
860 2543 959 2569 liberos

175 2594 284 2624 edebat,
316 2592 392 2617 Anna
413 2595 503 2617 autent
527 2590 739 2625 haudquaquam
756 2589 887 2622 pariebat.
905 2587 956 2616 Ve-

174 2648 234 2666 runt
269 2638 367 2666 solutis
395 2638 502 2665 tandem
546 2644 592 2671 per
624 2638 776 2664 orationem
808 2635 960 2663 sterilitatis

175 2686 308 2716 vinculis,
338 2686 495 2720 prophetam
522 2683 597 2710 illum
632 2684 761 2710 eximium
801 2682 956 2710 Satuueletn

175 2732 290 2767 peperit,
310 2732 356 2766 qui
378 2731 486 2765 quidem
511 2730 590 2756 matti
605 2737 664 2756 suae
676 2730 762 2756 instar
777 2734 892 2763 septem,
907 2729 958 2755 hoc

172 2784 223 2811 est,
242 2786 392 2805 numerosae
415 2777 516 2805 sobolis
534 2777 595 2804 loco
613 2777 673 2804 luit.
691 2776 853 2811 ltnperl‘ecta
868 2782 959 2804 autent

208 2838 230 2852 ²¹
253 2836 351 2871 Ephes.
372 2844 400 2868 ll,
420 2836 464 2863 14.
516 2835 630 2871 'fﬁl’sal.
645 2842 740 2867 cxvut,
760 2835 819 2862 l6i.

175 2873 198 2888 ⁸⁷
213 2871 243 2898 lll
255 2870 320 2906 lteg.
336 2880 400 2904 xvn,
419 2879 506 2904 xvttt;
532 2870 563 2896 IV
581 2870 725 2905 “013.1,”.

877 2835 899 2850 “
920 2833 1011 2868 lﬂeg.
1027 2841 1056 2865 tt,
1074 2831 1100 2859 5.

1013 2267 1109 2302 periet.
1127 2268 1216 2302 Atque
1242 2269 1283 2296 ha:
1299 2267 1418 2294 bistorim
1431 2275 1463 2294 ex
1486 2268 1568 2294 rebus
1585 2267 1651 2301 ipsis
1667 2272 1793 2301 septena-

1013 2314 1083 2340 riutn
1099 2315 1258 2347 pt-zeclatum
1276 2318 1303 2340 et
1321 2312 1506 2340 ltonorabilum
1532 2320 1592 2340 esse
1629 2312 1791 2338 osteudttnt.

1011 2358 1077 2392 Qua:
1093 2364 1183 2385 autem
1203 2363 1366 2393 soluuntur,
1386 2357 1456 2383 idem
1479 2356 1567 2382 verbis
1592 2355 1793 2382 demonstrant.

1011 2405 1148 2439 Scriptum
1169 2409 1210 2431 est
1225 2404 1297 2430 enim
1314 2403 1338 2429 in
1353 2403 1422 2429 libro
1436 2401 1499 2428 Jesu
1520 2401 1566 2428 lilii
1584 2400 1656 2428 Nare
1669 2401 1704 2433 ",
1720 2401 1793 2435 quod

1012 2453 1106 2478 urbem
1134 2450 1242 2478 .ltricho
1269 2454 1372 2484 septem
1403 2449 1557 2475 sacerdotes
1585 2455 1646 2474 cuin
1681 2447 1792 2474 totidem

1013 2497 1134 2524 huceiuis
1162 2504 1210 2531 per
1233 2500 1334 2529 septem
1362 2494 1420 2521 dies
1446 2493 1601 2528 cingebant,
1626 2493 1794 2527 clangentes,

1012 2544 1093 2571 semel
1108 2543 1217 2577 quidem
1236 2541 1347 2576 reliquis
1362 2540 1457 2567 diebus
1467 2547 1526 2566 eam
1539 2539 1700 2570 ambientes,
1713 2538 1796 2572 septi-

1013 2598 1056 2616 mo
1072 2593 1162 2616 autem
1190 2589 1233 2616 die
1257 2588 1367 2622 septies,
1385 2595 1416 2614 ac
1437 2590 1493 2613 tum
1515 2585 1613 2612 mmnia
1629 2585 1729 2612 nullius
1742 2585 1794 2610 im.

1011 2637 1136 2672 pulsioue
1163 2634 1324 2663 labefactata
1348 2637 1523 2661 corruerttnt.
1556 2631 1622 2665 Quae
1649 2635 1738 2657 autern
1761 2631 1796 2657 de

1013 2683 1069 2710 Elia
1088 2684 1351 2711 commemorantur,
1373 2678 1454 2705 tertio
1467 2677 1575 2712 quidem
1599 2676 1700 2711 Regum
1726 2675 1796 2702 libro

1013 2729 1112 2762 scripta
1128 2731 1190 2754 sunt
1206 2727 1239 2759 ’⁷,
1256 2733 1351 2753 verum
1365 2724 1526 2759 scptenaria:
1539 2723 1624 2758 ipsius
1640 2721 1795 2749 conversio-

1013 2776 1056 2801 nis
1087 2773 1156 2800 nihil
1186 2772 1308 2800 historiac
1340 2769 1525 2797 monumentis
1556 2768 1713 2795 mandatum
1739 2771 1795 2794 est.

1151 2831 1174 2847 "
1195 2830 1262 2857 Gen.
1276 2837 1302 2862 v,
1316 2827 1412 2856 92-24.
1493 2827 1515 2842 “
1535 2825 1617 2854 JOallC
1638 2833 1675 2857 vt,
1690 2825 1796 2863 {acip}.
