  <div class='ocr_page' id='page_1' title='image "/cluster/home/n/w/nwhite01/storage/ocr_20150623/127/njp.32101077773040/851.png"; bbox 0 0 2058 3159; ppageno 0'>
   <div class='ocr_carea' id='block_1_1' title="bbox 272 162 339 195">
    <p class='ocr_par' dir='ltr' id='par_1_1' title="bbox 272 162 339 195">
     <span class='ocr_line' id='line_1_1' title="bbox 272 162 339 195; baseline -0.015 0"><span class='ocrx_word' id='word_1_1' title='bbox 272 162 339 195; x_wconf 78' lang='grc'><strong>1447</strong></span> 
     </span>
    </p>
   </div>
   <div class='ocr_carea' id='block_1_2' title="bbox 974 163 1164 193">
    <p class='ocr_par' dir='ltr' id='par_1_2' title="bbox 974 163 1164 193">
     <span class='ocr_line' id='line_1_2' title="bbox 974 163 1164 193; baseline 0.005 -1"><span class='ocrx_word' id='word_1_2' title='bbox 974 164 996 192; x_wconf 77' lang='grc' dir='ltr'><strong>Α</strong></span> <span class='ocrx_word' id='word_1_3' title='bbox 1003 163 1164 193; x_wconf 74' lang='lat' dir='ltr'><strong>DDENDA.</strong></span> 
     </span>
    </p>
   </div>
   <div class='ocr_carea' id='block_1_3' title="bbox 1824 161 1894 194">
    <p class='ocr_par' dir='ltr' id='par_1_3' title="bbox 1824 161 1894 194">
     <span class='ocr_line' id='line_1_3' title="bbox 1824 161 1894 194; baseline 0 0"><span class='ocrx_word' id='word_1_4' title='bbox 1824 161 1894 194; x_wconf 80' lang='grc'><strong>1448</strong></span> 
     </span>
    </p>
   </div>
   <div class='ocr_carea' id='block_1_4' title="bbox 270 217 1893 254">
    <p class='ocr_par' dir='ltr' id='par_1_4' title="bbox 270 217 1893 254">
     <span class='ocr_line' id='line_1_4' title="bbox 270 217 1893 254; baseline 0.002 -10"><span class='ocrx_word' id='word_1_5' title='bbox 270 218 341 251; x_wconf 83' lang='lat' dir='ltr'><strong>Quid</strong></span> <span class='ocrx_word' id='word_1_6' title='bbox 372 219 453 253; x_wconf 74' lang='lat' dir='ltr'><strong>igilttr</strong></span> <span class='ocrx_word' id='word_1_7' title='bbox 481 218 515 245; x_wconf 90' lang='lat' dir='ltr'><strong>de</strong></span> <span class='ocrx_word' id='word_1_8' title='bbox 550 219 600 245; x_wconf 83' lang='lat' dir='ltr'><strong>hac</strong></span> <span class='ocrx_word' id='word_1_9' title='bbox 639 218 795 245; x_wconf 76' lang='lat' dir='ltr'><strong>inversione</strong></span> <span class='ocrx_word' id='word_1_10' title='bbox 822 217 986 244; x_wconf 82' lang='lat' dir='ltr'><strong>dicendum?</strong></span> <span class='ocrx_word' id='word_1_11' title='bbox 1014 218 1054 244; x_wconf 88' lang='lat' dir='ltr'><strong>An</strong></span> <span class='ocrx_word' id='word_1_12' title='bbox 1070 222 1092 250; x_wconf 82' lang='grc' dir='ltr'><strong>Α</strong></span> <span class='ocrx_word' id='word_1_13' title='bbox 1108 218 1209 252; x_wconf 82' lang='lat' dir='ltr'><strong>septies</strong></span> <span class='ocrx_word' id='word_1_14' title='bbox 1234 225 1262 245; x_wconf 91' lang='lat' dir='ltr'><strong>se</strong></span> <span class='ocrx_word' id='word_1_15' title='bbox 1290 218 1454 251; x_wconf 86' lang='lat' dir='ltr'><strong>incurvavit,</strong></span> <span class='ocrx_word' id='word_1_16' title='bbox 1478 219 1503 246; x_wconf 88' lang='lat' dir='ltr'><strong>id</strong></span> <span class='ocrx_word' id='word_1_17' title='bbox 1525 224 1578 251; x_wconf 87' lang='lat' dir='ltr'><strong>est,</strong></span> <span class='ocrx_word' id='word_1_18' title='bbox 1598 220 1737 248; x_wconf 81' lang='lat' dir='ltr'><strong>contrain</strong></span> <span class='ocrx_word' id='word_1_19' title='bbox 1754 223 1838 254; x_wconf 82' lang='lat' dir='ltr'><strong>alque</strong></span> <span class='ocrx_word' id='word_1_20' title='bbox 1854 221 1893 248; x_wconf 83' lang='lat' dir='ltr'><strong>irr</strong></span> 
     </span>
    </p>
   </div>
   <div class='ocr_carea' id='block_1_5' title="bbox 270 263 1055 298">
    <p class='ocr_par' dir='ltr' id='par_1_5' title="bbox 270 263 1055 298">
     <span class='ocr_line' id='line_1_5' title="bbox 270 263 1055 298; baseline -0.001 -9"><span class='ocrx_word' id='word_1_21' title='bbox 270 269 367 298; x_wconf 72' lang='lat' dir='ltr'><strong>prtetcr</strong></span> <span class='ocrx_word' id='word_1_22' title='bbox 380 264 498 291; x_wconf 78' lang='lat' dir='ltr'><strong>historia:</strong></span> <span class='ocrx_word' id='word_1_23' title='bbox 514 265 653 290; x_wconf 76' lang='lat' dir='ltr'><strong>veritatem</strong></span> <span class='ocrx_word' id='word_1_24' title='bbox 671 263 838 298; x_wconf 76' lang='lat' dir='ltr'><strong>Tlreologum</strong></span> <span class='ocrx_word' id='word_1_25' title='bbox 856 263 912 290; x_wconf 71' lang='lat' dir='ltr'><strong>hme</strong></span> <span class='ocrx_word' id='word_1_26' title='bbox 928 263 1055 298; x_wconf 82' lang='lat' dir='ltr'><strong>prolocu-</strong></span> 
     </span>
    </p>
   </div>
   <div class='ocr_carea' id='block_1_6' title="bbox 272 309 1054 337">
    <p class='ocr_par' dir='ltr' id='par_1_6' title="bbox 272 309 1054 337">
     <span class='ocr_line' id='line_1_6' title="bbox 272 309 1054 337; baseline 0 -1"><span class='ocrx_word' id='word_1_27' title='bbox 272 315 329 336; x_wconf 90' lang='lat' dir='ltr'><strong>turu</strong></span> <span class='ocrx_word' id='word_1_28' title='bbox 342 310 421 337; x_wconf 78' lang='lat' dir='ltr'><strong>esse?</strong></span> <span class='ocrx_word' id='word_1_29' title='bbox 434 310 555 336; x_wconf 84' lang='lat' dir='ltr'><strong>Minime.</strong></span> <span class='ocrx_word' id='word_1_30' title='bbox 579 310 677 336; x_wconf 78' lang='lat' dir='ltr'><strong>Verrini</strong></span> <span class='ocrx_word' id='word_1_31' title='bbox 696 311 739 337; x_wconf 90' lang='lat' dir='ltr'><strong>hic</strong></span> <span class='ocrx_word' id='word_1_32' title='bbox 763 309 924 337; x_wconf 68' lang='lat' dir='ltr'><strong>inversionis</strong></span> <span class='ocrx_word' id='word_1_33' title='bbox 942 311 1054 336; x_wconf 82' lang='lat' dir='ltr'><strong>verbum</strong></span> 
     </span>
    </p>
   </div>
   <div class='ocr_carea' id='block_1_7' title="bbox 271 355 1054 390">
    <p class='ocr_par' dir='ltr' id='par_1_7' title="bbox 271 355 1054 390">
     <span class='ocr_line' id='line_1_7' title="bbox 271 355 1054 390; baseline -0.001 -7"><span class='ocrx_word' id='word_1_34' title='bbox 271 356 446 389; x_wconf 75' lang='lat' dir='ltr'><strong>deseriptoris</strong></span> <span class='ocrx_word' id='word_1_35' title='bbox 463 363 555 381; x_wconf 81' lang='lat' dir='ltr'><strong>errore</strong></span> <span class='ocrx_word' id='word_1_36' title='bbox 570 356 737 390; x_wconf 69' lang='lat' dir='ltr'><strong>ohrepsissc.</strong></span> <span class='ocrx_word' id='word_1_37' title='bbox 752 356 838 389; x_wconf 85' lang='lat' dir='ltr'><strong>Atque</strong></span> <span class='ocrx_word' id='word_1_38' title='bbox 852 357 931 382; x_wconf 88' lang='lat' dir='ltr'><strong>etiam</strong></span> <span class='ocrx_word' id='word_1_39' title='bbox 943 355 1054 390; x_wconf 87' lang='lat' dir='ltr'><strong>quidam</strong></span> 
     </span>
    </p>
   </div>
   <div class='ocr_carea' id='block_1_8' title="bbox 271 401 1056 436">
    <p class='ocr_par' dir='ltr' id='par_1_8' title="bbox 271 401 1056 436">
     <span class='ocr_line' id='line_1_8' title="bbox 271 401 1056 436; baseline 0.001 -9"><span class='ocrx_word' id='word_1_40' title='bbox 271 403 378 428; x_wconf 75' lang='lat' dir='ltr'><strong>codices</strong></span> <span class='ocrx_word' id='word_1_41' title='bbox 396 401 507 427; x_wconf 87' lang='lat' dir='ltr'><strong>trtirrime</strong></span> <span class='ocrx_word' id='word_1_42' title='bbox 526 401 665 436; x_wconf 74' lang='lat' dir='ltr'><strong>depravati</strong></span> <span class='ocrx_word' id='word_1_43' title='bbox 685 402 753 429; x_wconf 91' lang='lat' dir='ltr'><strong>hanc</strong></span> <span class='ocrx_word' id='word_1_44' title='bbox 772 402 916 428; x_wconf 89' lang='lat' dir='ltr'><strong>dictionerrt</strong></span> <span class='ocrx_word' id='word_1_45' title='bbox 935 409 988 428; x_wconf 85' lang='lat' dir='ltr'><strong>non</strong></span> <span class='ocrx_word' id='word_1_46' title='bbox 1009 402 1056 428; x_wconf 81' lang='lat' dir='ltr'><strong>ha-</strong></span> 
     </span>
    </p>
   </div>
   <div class='ocr_carea' id='block_1_9' title="bbox 271 447 1061 482">
    <p class='ocr_par' dir='ltr' id='par_1_9' title="bbox 271 447 1061 482">
     <span class='ocr_line' id='line_1_9' title="bbox 271 447 1061 482; baseline 0 -9"><span class='ocrx_word' id='word_1_47' title='bbox 271 450 341 474; x_wconf 84' lang='lat' dir='ltr'><strong>bent.</strong></span> <span class='ocrx_word' id='word_1_48' title='bbox 369 447 564 481; x_wconf 81' lang='lat' dir='ltr'><strong>Mystiearnque</strong></span> <span class='ocrx_word' id='word_1_49' title='bbox 586 447 659 474; x_wconf 86' lang='lat' dir='ltr'><strong>illam</strong></span> <span class='ocrx_word' id='word_1_50' title='bbox 683 448 815 482; x_wconf 77' lang='lat' dir='ltr'><strong>triplitem</strong></span> <span class='ocrx_word' id='word_1_51' title='bbox 844 447 1061 477; x_wconf 61' lang='lat' dir='ltr'><strong>insuﬂlationem,</strong></span> 
     </span>
    </p>
   </div>
   <div class='ocr_carea' id='block_1_10' title="bbox 270 493 1055 528">
    <p class='ocr_par' dir='ltr' id='par_1_10' title="bbox 270 493 1055 528">
     <span class='ocr_line' id='line_1_10' title="bbox 270 493 1055 528; baseline 0.003 -10"><span class='ocrx_word' id='word_1_52' title='bbox 270 494 332 519; x_wconf 75' lang='lat' dir='ltr'><strong>Elia:</strong></span> <span class='ocrx_word' id='word_1_53' title='bbox 347 494 493 527; x_wconf 65' lang='lat' dir='ltr'><strong>prophctre,</strong></span> <span class='ocrx_word' id='word_1_54' title='bbox 516 501 570 527; x_wconf 89' lang='lat' dir='ltr'><strong>qua</strong></span> <span class='ocrx_word' id='word_1_55' title='bbox 593 493 773 528; x_wconf 74' lang='lat' dir='ltr'><strong>Sarephtanze</strong></span> <span class='ocrx_word' id='word_1_56' title='bbox 801 494 889 521; x_wconf 71' lang='lat' dir='ltr'><strong>vidum</strong></span> <span class='ocrx_word' id='word_1_57' title='bbox 916 494 969 520; x_wconf 86' lang='lat' dir='ltr'><strong>tilio</strong></span> <span class='ocrx_word' id='word_1_58' title='bbox 1002 493 1055 520; x_wconf 78' lang='lat' dir='ltr'><strong>vita</strong></span> 
     </span>
    </p>
   </div>
   <div class='ocr_carea' id='block_1_11' title="bbox 268 534 1055 575">
    <p class='ocr_par' dir='ltr' id='par_1_11' title="bbox 268 534 1055 575">
     <span class='ocr_line' id='line_1_11' title="bbox 268 534 1055 575; baseline 0.001 -10"><span class='ocrx_word' id='word_1_59' title='bbox 268 541 399 574; x_wconf 82' lang='lat' dir='ltr'><strong>inspirata</strong></span> <span class='ocrx_word' id='word_1_60' title='bbox 419 545 469 567; x_wconf 85' lang='lat' dir='ltr'><strong>est.</strong></span> <span class='ocrx_word' id='word_1_61' title='bbox 490 540 546 567; x_wconf 85' lang='lat' dir='ltr'><strong>lloc</strong></span> <span class='ocrx_word' id='word_1_62' title='bbox 563 548 672 575; x_wconf 88' lang='lat' dir='ltr'><strong>quoque</strong></span> <span class='ocrx_word' id='word_1_63' title='bbox 691 541 774 567; x_wconf 84' lang='lat' dir='ltr'><strong>ret‘ert</strong></span> <span class='ocrx_word' id='word_1_64' title='bbox 788 534 912 572; x_wconf 79' lang='lat' dir='ltr'><strong>historia,</strong></span> <span class='ocrx_word' id='word_1_65' title='bbox 931 540 1014 566; x_wconf 85' lang='lat' dir='ltr'><strong>Eliam</strong></span> <span class='ocrx_word' id='word_1_66' title='bbox 1028 540 1055 566; x_wconf 84' lang='lat' dir='ltr'><strong>iri</strong></span> 
     </span>
    </p>
   </div>
   <div class='ocr_carea' id='block_1_12' title="bbox 269 585 1054 620">
    <p class='ocr_par' dir='ltr' id='par_1_12' title="bbox 269 585 1054 620">
     <span class='ocr_line' id='line_1_12' title="bbox 269 585 1054 620; baseline 0 -9"><span class='ocrx_word' id='word_1_67' title='bbox 269 585 445 620; x_wconf 69' lang='lat' dir='ltr'><strong>Sareplrtauat</strong></span> <span class='ocrx_word' id='word_1_68' title='bbox 471 586 555 612; x_wconf 81' lang='lat' dir='ltr'><strong>lilium</strong></span> <span class='ocrx_word' id='word_1_69' title='bbox 577 591 617 613; x_wconf 89' lang='lat' dir='ltr'><strong>ter</strong></span> <span class='ocrx_word' id='word_1_70' title='bbox 647 586 810 617; x_wconf 72' lang='lat' dir='ltr'><strong>insulllassc,</strong></span> <span class='ocrx_word' id='word_1_71' title='bbox 828 586 922 620; x_wconf 83' lang='lat' dir='ltr'><strong>sicque</strong></span> <span class='ocrx_word' id='word_1_72' title='bbox 943 593 1003 612; x_wconf 90' lang='lat' dir='ltr'><strong>cum</strong></span> <span class='ocrx_word' id='word_1_73' title='bbox 1022 586 1054 612; x_wconf 76' lang='lat' dir='ltr'><strong>al</strong></span> 
     </span>
    </p>
   </div>
   <div class='ocr_carea' id='block_1_13' title="bbox 269 632 1055 666">
    <p class='ocr_par' dir='ltr' id='par_1_13' title="bbox 269 632 1055 666">
     <span class='ocr_line' id='line_1_13' title="bbox 269 632 1055 666; baseline 0.001 -9"><span class='ocrx_word' id='word_1_74' title='bbox 269 632 350 658; x_wconf 79' lang='lat' dir='ltr'><strong>vitam</strong></span> <span class='ocrx_word' id='word_1_75' title='bbox 379 639 521 659; x_wconf 83' lang='lat' dir='ltr'><strong>revocasse</strong></span> <span class='ocrx_word' id='word_1_76' title='bbox 536 632 569 658; x_wconf 75' lang='grc'><strong>’⁸.</strong></span> <span class='ocrx_word' id='word_1_77' title='bbox 590 632 629 658; x_wconf 86' lang='lat' dir='ltr'><strong>Ad</strong></span> <span class='ocrx_word' id='word_1_78' title='bbox 653 633 723 659; x_wconf 86' lang='lat' dir='ltr'><strong>hanc</strong></span> <span class='ocrx_word' id='word_1_79' title='bbox 747 637 838 658; x_wconf 85' lang='lat' dir='ltr'><strong>autem</strong></span> <span class='ocrx_word' id='word_1_80' title='bbox 863 632 996 666; x_wconf 84' lang='lat' dir='ltr'><strong>triplicem</strong></span> <span class='ocrx_word' id='word_1_81' title='bbox 1014 632 1055 658; x_wconf 87' lang='lat' dir='ltr'><strong>irr-</strong></span> 
     </span>
    </p>
   </div>
   <div class='ocr_carea' id='block_1_14' title="bbox 267 677 1056 713">
    <p class='ocr_par' dir='ltr' id='par_1_14' title="bbox 267 677 1056 713">
     <span class='ocr_line' id='line_1_14' title="bbox 267 677 1056 713; baseline 0 -10"><span class='ocrx_word' id='word_1_82' title='bbox 267 677 459 707; x_wconf 72' lang='lat' dir='ltr'><strong>sutﬂationeur,</strong></span> <span class='ocrx_word' id='word_1_83' title='bbox 479 679 603 712; x_wconf 78' lang='lat' dir='ltr'><strong>:equalis,</strong></span> <span class='ocrx_word' id='word_1_84' title='bbox 630 678 683 706; x_wconf 88' lang='lat' dir='ltr'><strong>lroc</strong></span> <span class='ocrx_word' id='word_1_85' title='bbox 715 683 755 705; x_wconf 89' lang='lat' dir='ltr'><strong>est</strong></span> <span class='ocrx_word' id='word_1_86' title='bbox 782 684 869 710; x_wconf 85' lang='lat' dir='ltr'><strong>terna,</strong></span> <span class='ocrx_word' id='word_1_87' title='bbox 891 679 1056 713; x_wconf 80' lang='lat' dir='ltr'><strong>intelligetur</strong></span> 
     </span>
    </p>
   </div>
   <div class='ocr_carea' id='block_1_15' title="bbox 267 723 1054 759">
    <p class='ocr_par' dir='ltr' id='par_1_15' title="bbox 267 723 1054 759">
     <span class='ocr_line' id='line_1_15' title="bbox 267 723 1054 759; baseline 0.003 -11"><span class='ocrx_word' id='word_1_88' title='bbox 267 723 482 757; x_wconf 62' lang='lat' dir='ltr'><strong>fraglllt‘lllorllm</strong></span> <span class='ocrx_word' id='word_1_89' title='bbox 498 725 560 759; x_wconf 77' lang='lat' dir='ltr'><strong>ligni</strong></span> <span class='ocrx_word' id='word_1_90' title='bbox 578 725 708 759; x_wconf 89' lang='lat' dir='ltr'><strong>prolutio.</strong></span> <span class='ocrx_word' id='word_1_91' title='bbox 725 724 792 752; x_wconf 83' lang='lat' dir='ltr'><strong>Nam</strong></span> <span class='ocrx_word' id='word_1_92' title='bbox 810 724 835 751; x_wconf 92' lang='lat' dir='ltr'><strong>id</strong></span> <span class='ocrx_word' id='word_1_93' title='bbox 851 731 962 759; x_wconf 90' lang='lat' dir='ltr'><strong>quoque</strong></span> <span class='ocrx_word' id='word_1_94' title='bbox 976 731 1054 751; x_wconf 86' lang='lat' dir='ltr'><strong>sacra</strong></span> 
     </span>
    </p>
   </div>
   <div class='ocr_carea' id='block_1_16' title="bbox 269 769 1055 804">
    <p class='ocr_par' dir='ltr' id='par_1_16' title="bbox 269 769 1055 804">
     <span class='ocr_line' id='line_1_16' title="bbox 269 769 1055 804; baseline 0.003 -10"><span class='ocrx_word' id='word_1_95' title='bbox 269 769 384 795; x_wconf 73' lang='lat' dir='ltr'><strong>historia</strong></span> <span class='ocrx_word' id='word_1_96' title='bbox 409 769 500 796; x_wconf 81' lang='lat' dir='ltr'><strong>docet.</strong></span> <span class='ocrx_word' id='word_1_97' title='bbox 516 770 582 796; x_wconf 82' lang='lat' dir='ltr'><strong>Curti</strong></span> <span class='ocrx_word' id='word_1_98' title='bbox 601 770 672 796; x_wconf 82' lang='lat' dir='ltr'><strong>enim</strong></span> <span class='ocrx_word' id='word_1_99' title='bbox 686 770 760 797; x_wconf 88' lang='lat' dir='ltr'><strong>Elias</strong></span> <span class='ocrx_word' id='word_1_100' title='bbox 778 777 809 796; x_wconf 79' lang='lat' dir='ltr'><strong>ex</strong></span> <span class='ocrx_word' id='word_1_101' title='bbox 826 774 947 804; x_wconf 80' lang='lat' dir='ltr'><strong>tempore</strong></span> <span class='ocrx_word' id='word_1_102' title='bbox 972 769 1055 796; x_wconf 83' lang='lat' dir='ltr'><strong>altare</strong></span> 
     </span>
    </p>
   </div>
   <div class='ocr_carea' id='block_1_17' title="bbox 268 815 1054 851">
    <p class='ocr_par' dir='ltr' id='par_1_17' title="bbox 268 815 1054 851">
     <span class='ocr_line' id='line_1_17' title="bbox 268 815 1054 851; baseline -0.003 -9"><span class='ocrx_word' id='word_1_103' title='bbox 268 815 481 847; x_wconf 83' lang='lat' dir='ltr'><strong>construxisset,</strong></span> <span class='ocrx_word' id='word_1_104' title='bbox 500 823 531 843; x_wconf 87' lang='lat' dir='ltr'><strong>ac</strong></span> <span class='ocrx_word' id='word_1_105' title='bbox 552 817 685 851; x_wconf 79' lang='lat' dir='ltr'><strong>lignorum</strong></span> <span class='ocrx_word' id='word_1_106' title='bbox 701 816 859 851; x_wconf 56' lang='lat' dir='ltr'><strong>fragmenta,</strong></span> <span class='ocrx_word' id='word_1_107' title='bbox 873 822 955 849; x_wconf 85' lang='lat' dir='ltr'><strong>super</strong></span> <span class='ocrx_word' id='word_1_108' title='bbox 968 815 1054 849; x_wconf 86' lang='lat' dir='ltr'><strong>ipsum</strong></span> 
     </span>
    </p>
   </div>
   <div class='ocr_carea' id='block_1_18' title="bbox 268 862 1052 898">
    <p class='ocr_par' dir='ltr' id='par_1_18' title="bbox 268 862 1052 898">
     <span class='ocr_line' id='line_1_18' title="bbox 268 862 1052 898; baseline -0.003 -8"><span class='ocrx_word' id='word_1_109' title='bbox 268 863 424 896; x_wconf 72' lang='lat' dir='ltr'><strong>struxisset,</strong></span> <span class='ocrx_word' id='word_1_110' title='bbox 445 869 593 898; x_wconf 79' lang='lat' dir='ltr'><strong>posteaque</strong></span> <span class='ocrx_word' id='word_1_111' title='bbox 618 864 776 890; x_wconf 76' lang='lat' dir='ltr'><strong>holocausta</strong></span> <span class='ocrx_word' id='word_1_112' title='bbox 799 870 880 898; x_wconf 91' lang='lat' dir='ltr'><strong>super</strong></span> <span class='ocrx_word' id='word_1_113' title='bbox 905 863 975 897; x_wconf 72' lang='lat' dir='ltr'><strong>ligna</strong></span> <span class='ocrx_word' id='word_1_114' title='bbox 1002 862 1052 888; x_wconf 92' lang='lat' dir='ltr'><strong>im-</strong></span> 
     </span>
    </p>
   </div>
   <div class='ocr_carea' id='block_1_19' title="bbox 268 909 1056 944">
    <p class='ocr_par' dir='ltr' id='par_1_19' title="bbox 268 909 1056 944">
     <span class='ocr_line' id='line_1_19' title="bbox 268 909 1056 944; baseline 0 -10"><span class='ocrx_word' id='word_1_115' title='bbox 268 912 416 943; x_wconf 81' lang='lat' dir='ltr'><strong>posuisset,</strong></span> <span class='ocrx_word' id='word_1_116' title='bbox 431 910 499 936; x_wconf 76' lang='lat' dir='ltr'><strong>dixit</strong></span> <span class='ocrx_word' id='word_1_117' title='bbox 516 918 523 937; x_wconf 93' lang='lat'>:</span> <span class='ocrx_word' id='word_1_118' title='bbox 537 910 653 944; x_wconf 79' lang='lat' dir='ltr'><strong>Accipite</strong></span> <span class='ocrx_word' id='word_1_119' title='bbox 670 910 733 935; x_wconf 80' lang='lat' dir='ltr'><strong>milii</strong></span> <span class='ocrx_word' id='word_1_120' title='bbox 747 909 856 944; x_wconf 80' lang='lat' dir='ltr'><strong>hydrias</strong></span> <span class='ocrx_word' id='word_1_121' title='bbox 875 917 1018 943; x_wconf 82' lang='lat' dir='ltr'><strong>aquarum,</strong></span> <span class='ocrx_word' id='word_1_122' title='bbox 1033 912 1056 934; x_wconf 79' lang='lat' dir='ltr'><strong>et</strong></span> 
     </span>
    </p>
   </div>
   <div class='ocr_carea' id='block_1_20' title="bbox 268 954 1057 990">
    <p class='ocr_par' dir='ltr' id='par_1_20' title="bbox 268 954 1057 990">
     <span class='ocr_line' id='line_1_20' title="bbox 268 954 1057 990; baseline 0 -10"><span class='ocrx_word' id='word_1_123' title='bbox 268 955 399 989; x_wconf 77' lang='lat' dir='ltr'><strong>infundite</strong></span> <span class='ocrx_word' id='word_1_124' title='bbox 419 963 496 989; x_wconf 81' lang='lat' dir='ltr'><strong>super</strong></span> <span class='ocrx_word' id='word_1_125' title='bbox 517 955 714 987; x_wconf 75' lang='lat' dir='ltr'><strong>holocaustum,</strong></span> <span class='ocrx_word' id='word_1_126' title='bbox 730 961 753 981; x_wconf 83' lang='lat' dir='ltr'><strong>et</strong></span> <span class='ocrx_word' id='word_1_127' title='bbox 775 962 852 989; x_wconf 78' lang='lat' dir='ltr'><strong>super</strong></span> <span class='ocrx_word' id='word_1_128' title='bbox 867 954 950 990; x_wconf 81' lang='lat' dir='ltr'><strong>ligna.</strong></span> <span class='ocrx_word' id='word_1_129' title='bbox 970 955 1057 988; x_wconf 81' lang='lat' dir='ltr'><strong>Atque</strong></span> 
     </span>
    </p>
   </div>
   <div class='ocr_carea' id='block_1_21' title="bbox 268 999 1058 1033">
    <p class='ocr_par' dir='ltr' id='par_1_21' title="bbox 268 999 1058 1033">
     <span class='ocr_line' id='line_1_21' title="bbox 268 999 1058 1033; baseline 0 -7"><span class='ocrx_word' id='word_1_130' title='bbox 268 1000 305 1026; x_wconf 89' lang='lat' dir='ltr'><strong>ita</strong></span> <span class='ocrx_word' id='word_1_131' title='bbox 322 1000 455 1026; x_wconf 80' lang='lat' dir='ltr'><strong>iecerunt.</strong></span> <span class='ocrx_word' id='word_1_132' title='bbox 475 1000 507 1026; x_wconf 84' lang='lat' dir='ltr'><strong>Et</strong></span> <span class='ocrx_word' id='word_1_133' title='bbox 527 1000 596 1027; x_wconf 66' lang='lat' dir='ltr'><strong>dixit</strong></span> <span class='ocrx_word' id='word_1_134' title='bbox 611 1008 618 1027; x_wconf 89' lang='lat'><strong>:</strong></span> <span class='ocrx_word' id='word_1_135' title='bbox 634 999 754 1027; x_wconf 76' lang='lat' dir='ltr'><strong>Secundo</strong></span> <span class='ocrx_word' id='word_1_136' title='bbox 772 999 821 1026; x_wconf 81' lang='lat' dir='ltr'><strong>hoc</strong></span> <span class='ocrx_word' id='word_1_137' title='bbox 841 999 942 1033; x_wconf 79' lang='lat' dir='ltr'><strong>facile;</strong></span> <span class='ocrx_word' id='word_1_138' title='bbox 965 1003 991 1026; x_wconf 88' lang='lat' dir='ltr'><strong>et</strong></span> <span class='ocrx_word' id='word_1_139' title='bbox 1014 1007 1058 1026; x_wconf 85' lang='lat' dir='ltr'><strong>sc-</strong></span> 
     </span>
    </p>
   </div>
   <div class='ocr_carea' id='block_1_22' title="bbox 267 1045 1057 1080">
    <p class='ocr_par' dir='ltr' id='par_1_22' title="bbox 267 1045 1057 1080">
     <span class='ocr_line' id='line_1_22' title="bbox 267 1045 1057 1080; baseline -0.001 -8"><span class='ocrx_word' id='word_1_140' title='bbox 267 1045 357 1072; x_wconf 86' lang='lat' dir='ltr'><strong>cuudo</strong></span> <span class='ocrx_word' id='word_1_141' title='bbox 371 1046 421 1073; x_wconf 89' lang='lat' dir='ltr'><strong>hoc</strong></span> <span class='ocrx_word' id='word_1_142' title='bbox 441 1045 573 1073; x_wconf 79' lang='lat' dir='ltr'><strong>fecerunt.</strong></span> <span class='ocrx_word' id='word_1_143' title='bbox 603 1045 691 1072; x_wconf 86' lang='lat' dir='ltr'><strong>Tertio</strong></span> <span class='ocrx_word' id='word_1_144' title='bbox 707 1046 753 1072; x_wconf 81' lang='lat' dir='ltr'><strong>hoc</strong></span> <span class='ocrx_word' id='word_1_145' title='bbox 766 1046 860 1080; x_wconf 72' lang='lat' dir='ltr'><strong>facile;</strong></span> <span class='ocrx_word' id='word_1_146' title='bbox 873 1050 899 1072; x_wconf 90' lang='lat' dir='ltr'><strong>et</strong></span> <span class='ocrx_word' id='word_1_147' title='bbox 913 1046 992 1072; x_wconf 84' lang='lat' dir='ltr'><strong>tertio</strong></span> <span class='ocrx_word' id='word_1_148' title='bbox 1006 1045 1057 1071; x_wconf 83' lang='lat' dir='ltr'><strong>hoc.</strong></span> 
     </span>
    </p>
   </div>
   <div class='ocr_carea' id='block_1_23' title="bbox 268 1090 1058 1127">
    <p class='ocr_par' dir='ltr' id='par_1_23' title="bbox 268 1090 1058 1127">
     <span class='ocr_line' id='line_1_23' title="bbox 268 1090 1058 1127; baseline -0.001 -10"><span class='ocrx_word' id='word_1_149' title='bbox 268 1091 399 1118; x_wconf 80' lang='lat' dir='ltr'><strong>fecerunt.</strong></span> <span class='ocrx_word' id='word_1_150' title='bbox 418 1092 523 1124; x_wconf 87' lang='lat' dir='ltr'><strong>Quibus</strong></span> <span class='ocrx_word' id='word_1_151' title='bbox 536 1092 656 1126; x_wconf 84' lang='lat' dir='ltr'><strong>peractis</strong></span> <span class='ocrx_word' id='word_1_152' title='bbox 680 1091 712 1118; x_wconf 93' lang='lat' dir='ltr'><strong>ad</strong></span> <span class='ocrx_word' id='word_1_153' title='bbox 734 1091 820 1127; x_wconf 87' lang='lat' dir='ltr'><strong>ipsius</strong></span> <span class='ocrx_word' id='word_1_154' title='bbox 847 1098 942 1126; x_wconf 85' lang='lat' dir='ltr'><strong>preces</strong></span> <span class='ocrx_word' id='word_1_155' title='bbox 961 1090 1058 1118; x_wconf 82' lang='lat' dir='ltr'><strong>cecidit</strong></span> 
     </span>
    </p>
   </div>
   <div class='ocr_carea' id='block_1_24' title="bbox 267 1135 1055 1170">
    <p class='ocr_par' dir='ltr' id='par_1_24' title="bbox 267 1135 1055 1170">
     <span class='ocr_line' id='line_1_24' title="bbox 267 1135 1055 1170; baseline -0.001 -8"><span class='ocrx_word' id='word_1_156' title='bbox 267 1136 340 1170; x_wconf 73' lang='lat' dir='ltr'><strong>ignis</strong></span> <span class='ocrx_word' id='word_1_157' title='bbox 358 1135 466 1163; x_wconf 88' lang='lat' dir='ltr'><strong>Domini</strong></span> <span class='ocrx_word' id='word_1_158' title='bbox 489 1137 523 1164; x_wconf 93' lang='lat' dir='ltr'><strong>de</strong></span> <span class='ocrx_word' id='word_1_159' title='bbox 544 1137 626 1170; x_wconf 75' lang='lat' dir='ltr'><strong>ctelo,</strong></span> <span class='ocrx_word' id='word_1_160' title='bbox 645 1141 672 1164; x_wconf 88' lang='lat' dir='ltr'><strong>et</strong></span> <span class='ocrx_word' id='word_1_161' title='bbox 691 1136 832 1164; x_wconf 77' lang='lat' dir='ltr'><strong>deroravit</strong></span> <span class='ocrx_word' id='word_1_162' title='bbox 855 1136 1055 1169; x_wconf 80' lang='lat' dir='ltr'><strong>holocaustum,</strong></span> 
     </span>
    </p>
   </div>
   <div class='ocr_carea' id='block_1_25' title="bbox 266 1181 1056 1218">
    <p class='ocr_par' dir='ltr' id='par_1_25' title="bbox 266 1181 1056 1218">
     <span class='ocr_line' id='line_1_25' title="bbox 266 1181 1056 1218; baseline 0.001 -10"><span class='ocrx_word' id='word_1_163' title='bbox 266 1187 294 1209; x_wconf 90' lang='lat' dir='ltr'><strong>ct</strong></span> <span class='ocrx_word' id='word_1_164' title='bbox 307 1181 389 1217; x_wconf 74' lang='lat' dir='ltr'><strong>ligna,</strong></span> <span class='ocrx_word' id='word_1_165' title='bbox 404 1187 431 1209; x_wconf 87' lang='lat' dir='ltr'><strong>et</strong></span> <span class='ocrx_word' id='word_1_166' title='bbox 444 1183 539 1215; x_wconf 86' lang='lat' dir='ltr'><strong>altare,</strong></span> <span class='ocrx_word' id='word_1_167' title='bbox 555 1188 581 1210; x_wconf 92' lang='lat' dir='ltr'><strong>et</strong></span> <span class='ocrx_word' id='word_1_168' title='bbox 595 1191 705 1218; x_wconf 87' lang='lat' dir='ltr'><strong>aquant,</strong></span> <span class='ocrx_word' id='word_1_169' title='bbox 725 1187 753 1210; x_wconf 89' lang='lat' dir='ltr'><strong>et</strong></span> <span class='ocrx_word' id='word_1_170' title='bbox 775 1182 912 1217; x_wconf 84' lang='lat' dir='ltr'><strong>pulverem</strong></span> <span class='ocrx_word' id='word_1_171' title='bbox 929 1183 963 1210; x_wconf 81' lang='lat'><strong>&quot;.</strong></span> <span class='ocrx_word' id='word_1_172' title='bbox 980 1182 1056 1216; x_wconf 82' lang='lat' dir='ltr'><strong>Quo-</strong></span> 
     </span>
    </p>
   </div>
   <div class='ocr_carea' id='block_1_26' title="bbox 267 1228 1056 1264">
    <p class='ocr_par' dir='ltr' id='par_1_26' title="bbox 267 1228 1056 1264">
     <span class='ocr_line' id='line_1_26' title="bbox 267 1228 1056 1264; baseline 0.003 -10"><span class='ocrx_word' id='word_1_173' title='bbox 267 1228 341 1255; x_wconf 83' lang='lat' dir='ltr'><strong>niam</strong></span> <span class='ocrx_word' id='word_1_174' title='bbox 371 1233 461 1255; x_wconf 86' lang='lat' dir='ltr'><strong>auteur</strong></span> <span class='ocrx_word' id='word_1_175' title='bbox 492 1229 616 1256; x_wconf 82' lang='lat' dir='ltr'><strong>nonnulli</strong></span> <span class='ocrx_word' id='word_1_176' title='bbox 640 1234 669 1256; x_wconf 92' lang='lat' dir='ltr'><strong>ut</strong></span> <span class='ocrx_word' id='word_1_177' title='bbox 692 1230 887 1263; x_wconf 66' lang='lat' dir='ltr'><strong>septeuat‘iam,</strong></span> <span class='ocrx_word' id='word_1_178' title='bbox 904 1229 974 1256; x_wconf 89' lang='lat' dir='ltr'><strong>hanc</strong></span> <span class='ocrx_word' id='word_1_179' title='bbox 990 1236 1056 1264; x_wconf 90' lang='lat' dir='ltr'><strong>pro-</strong></span> 
     </span>
    </p>
   </div>
   <div class='ocr_carea' id='block_1_27' title="bbox 268 1274 1055 1309">
    <p class='ocr_par' dir='ltr' id='par_1_27' title="bbox 268 1274 1055 1309">
     <span class='ocr_line' id='line_1_27' title="bbox 268 1274 1055 1309; baseline 0.003 -9"><span class='ocrx_word' id='word_1_180' title='bbox 268 1274 367 1300; x_wconf 86' lang='lat' dir='ltr'><strong>luvictu</strong></span> <span class='ocrx_word' id='word_1_181' title='bbox 386 1280 542 1307; x_wconf 85' lang='lat' dir='ltr'><strong>numerant,</strong></span> <span class='ocrx_word' id='word_1_182' title='bbox 558 1283 608 1302; x_wconf 92' lang='lat' dir='ltr'><strong>nos</strong></span> <span class='ocrx_word' id='word_1_183' title='bbox 624 1282 735 1309; x_wconf 84' lang='lat' dir='ltr'><strong>quoque</strong></span> <span class='ocrx_word' id='word_1_184' title='bbox 749 1275 914 1302; x_wconf 86' lang='lat' dir='ltr'><strong>sententiam</strong></span> <span class='ocrx_word' id='word_1_185' title='bbox 931 1281 1055 1303; x_wconf 85' lang='lat' dir='ltr'><strong>nostram</strong></span> 
     </span>
    </p>
   </div>
   <div class='ocr_carea' id='block_1_28' title="bbox 267 1320 1055 1358">
    <p class='ocr_par' dir='ltr' id='par_1_28' title="bbox 267 1320 1055 1358">
     <span class='ocr_line' id='line_1_28' title="bbox 267 1320 1055 1358; baseline 0.005 -12"><span class='ocrx_word' id='word_1_186' title='bbox 267 1320 480 1354; x_wconf 82' lang='lat' dir='ltr'><strong>explicabimus.</strong></span> <span class='ocrx_word' id='word_1_187' title='bbox 503 1321 674 1349; x_wconf 74' lang='lat' dir='ltr'><strong>Arithmetici</strong></span> <span class='ocrx_word' id='word_1_188' title='bbox 687 1329 865 1349; x_wconf 89' lang='lat' dir='ltr'><strong>nurnerorrrm</strong></span> <span class='ocrx_word' id='word_1_189' title='bbox 894 1322 1055 1358; x_wconf 82' lang='lat' dir='ltr'><strong>pronuntia-</strong></span> 
     </span>
    </p>
   </div>
   <div class='ocr_carea' id='block_1_29' title="bbox 269 1366 1055 1404">
    <p class='ocr_par' dir='ltr' id='par_1_29' title="bbox 269 1366 1055 1404">
     <span class='ocr_line' id='line_1_29' title="bbox 269 1366 1055 1404; baseline 0.005 -12"><span class='ocrx_word' id='word_1_190' title='bbox 269 1366 367 1396; x_wconf 86' lang='lat' dir='ltr'><strong>tiones.</strong></span> <span class='ocrx_word' id='word_1_191' title='bbox 381 1368 414 1394; x_wconf 84' lang='lat' dir='ltr'><strong>ad</strong></span> <span class='ocrx_word' id='word_1_192' title='bbox 427 1367 537 1394; x_wconf 90' lang='lat' dir='ltr'><strong>modum</strong></span> <span class='ocrx_word' id='word_1_193' title='bbox 549 1375 639 1394; x_wconf 89' lang='lat' dir='ltr'><strong>rerum</strong></span> <span class='ocrx_word' id='word_1_194' title='bbox 652 1368 848 1402; x_wconf 76' lang='lat' dir='ltr'><strong>sulrjrctarurn.</strong></span> <span class='ocrx_word' id='word_1_195' title='bbox 860 1377 913 1395; x_wconf 89' lang='lat' dir='ltr'><strong>rtorr</strong></span> <span class='ocrx_word' id='word_1_196' title='bbox 925 1369 957 1396; x_wconf 87' lang='lat' dir='ltr'><strong>ad</strong></span> <span class='ocrx_word' id='word_1_197' title='bbox 967 1376 1055 1404; x_wconf 88' lang='lat' dir='ltr'><strong>quau-</strong></span> 
     </span>
    </p>
   </div>
   <div class='ocr_carea' id='block_1_30' title="bbox 268 1413 1055 1449">
    <p class='ocr_par' dir='ltr' id='par_1_30' title="bbox 268 1413 1055 1449">
     <span class='ocr_line' id='line_1_30' title="bbox 268 1413 1055 1449; baseline 0.005 -11"><span class='ocrx_word' id='word_1_198' title='bbox 268 1413 384 1442; x_wconf 70' lang='lat' dir='ltr'><strong>lilalem,</strong></span> <span class='ocrx_word' id='word_1_199' title='bbox 397 1413 544 1447; x_wconf 89' lang='lat' dir='ltr'><strong>accipiunt.</strong></span> <span class='ocrx_word' id='word_1_200' title='bbox 558 1413 604 1440; x_wconf 78' lang='lat' dir='ltr'><strong>Ait</strong></span> <span class='ocrx_word' id='word_1_201' title='bbox 620 1414 701 1449; x_wconf 79' lang='lat' dir='ltr'><strong>igitur</strong></span> <span class='ocrx_word' id='word_1_202' title='bbox 711 1414 783 1441; x_wconf 82' lang='lat' dir='ltr'><strong>Elias</strong></span> <span class='ocrx_word' id='word_1_203' title='bbox 798 1415 917 1449; x_wconf 91' lang='lat' dir='ltr'><strong>primurtt</strong></span> <span class='ocrx_word' id='word_1_204' title='bbox 932 1423 940 1442; x_wconf 84' lang='lat'><strong>:</strong></span> <span class='ocrx_word' id='word_1_205' title='bbox 958 1414 1055 1449; x_wconf 81' lang='lat' dir='ltr'><strong>Infun-</strong></span> 
     </span>
    </p>
   </div>
   <div class='ocr_carea' id='block_1_31' title="bbox 267 1458 1054 1496">
    <p class='ocr_par' dir='ltr' id='par_1_31' title="bbox 267 1458 1054 1496">
     <span class='ocr_line' id='line_1_31' title="bbox 267 1458 1054 1496; baseline 0.004 -11"><span class='ocrx_word' id='word_1_206' title='bbox 267 1458 341 1485; x_wconf 84' lang='lat' dir='ltr'><strong>dt&#39;te:</strong></span> <span class='ocrx_word' id='word_1_207' title='bbox 374 1459 473 1486; x_wconf 80' lang='lat' dir='ltr'><strong>deinde</strong></span> <span class='ocrx_word' id='word_1_208' title='bbox 490 1467 499 1487; x_wconf 94' lang='lat'><strong><em>:</em></strong></span> <span class='ocrx_word' id='word_1_209' title='bbox 518 1459 619 1487; x_wconf 80' lang='lat' dir='ltr'><strong>lterum</strong></span> <span class='ocrx_word' id='word_1_210' title='bbox 646 1460 790 1494; x_wconf 74' lang='lat' dir='ltr'><strong>infundite,</strong></span> <span class='ocrx_word' id='word_1_211' title='bbox 817 1467 887 1496; x_wconf 85' lang='lat' dir='ltr'><strong>post,</strong></span> <span class='ocrx_word' id='word_1_212' title='bbox 912 1460 1000 1488; x_wconf 77' lang='lat' dir='ltr'><strong>Tertio</strong></span> <span class='ocrx_word' id='word_1_213' title='bbox 1028 1461 1054 1488; x_wconf 85' lang='lat' dir='ltr'><strong>id</strong></span> 
     </span>
    </p>
   </div>
   <div class='ocr_carea' id='block_1_32' title="bbox 266 1504 1055 1541">
    <p class='ocr_par' dir='ltr' id='par_1_32' title="bbox 266 1504 1055 1541">
     <span class='ocr_line' id='line_1_32' title="bbox 266 1504 1055 1541; baseline 0.003 -11"><span class='ocrx_word' id='word_1_214' title='bbox 266 1504 358 1538; x_wconf 78' lang='lat' dir='ltr'><strong>furtte.</strong></span> <span class='ocrx_word' id='word_1_215' title='bbox 376 1506 431 1532; x_wconf 86' lang='lat' dir='ltr'><strong>Uno</strong></span> <span class='ocrx_word' id='word_1_216' title='bbox 447 1506 540 1540; x_wconf 86' lang='lat' dir='ltr'><strong>itaque</strong></span> <span class='ocrx_word' id='word_1_217' title='bbox 572 1506 617 1532; x_wconf 90' lang='lat' dir='ltr'><strong>utri</strong></span> <span class='ocrx_word' id='word_1_218' title='bbox 633 1506 749 1541; x_wconf 83' lang='lat' dir='ltr'><strong>adjecta,</strong></span> <span class='ocrx_word' id='word_1_219' title='bbox 772 1507 822 1533; x_wconf 86' lang='lat' dir='ltr'><strong>tria</strong></span> <span class='ocrx_word' id='word_1_220' title='bbox 836 1506 976 1540; x_wconf 72' lang='lat' dir='ltr'><strong>efﬁciunt;</strong></span> <span class='ocrx_word' id='word_1_221' title='bbox 994 1506 1055 1541; x_wconf 86' lang='lat' dir='ltr'><strong>qui-</strong></span> 
     </span>
    </p>
   </div>
   <div class='ocr_carea' id='block_1_33' title="bbox 267 1550 1053 1587">
    <p class='ocr_par' dir='ltr' id='par_1_33' title="bbox 267 1550 1053 1587">
     <span class='ocr_line' id='line_1_33' title="bbox 267 1550 1053 1587; baseline 0.003 -11"><span class='ocrx_word' id='word_1_222' title='bbox 267 1550 318 1577; x_wconf 78' lang='lat' dir='ltr'><strong>bus</strong></span> <span class='ocrx_word' id='word_1_223' title='bbox 338 1552 389 1578; x_wconf 84' lang='lat' dir='ltr'><strong>tria</strong></span> <span class='ocrx_word' id='word_1_224' title='bbox 409 1552 519 1587; x_wconf 82' lang='lat' dir='ltr'><strong>insuper</strong></span> <span class='ocrx_word' id='word_1_225' title='bbox 539 1553 678 1587; x_wconf 79' lang='lat' dir='ltr'><strong>adjuncta,</strong></span> <span class='ocrx_word' id='word_1_226' title='bbox 697 1560 744 1579; x_wconf 76' lang='lat' dir='ltr'><strong>sex</strong></span> <span class='ocrx_word' id='word_1_227' title='bbox 761 1553 920 1580; x_wconf 78' lang='lat' dir='ltr'><strong>coniiciunt.</strong></span> <span class='ocrx_word' id='word_1_228' title='bbox 940 1552 1053 1579; x_wconf 86' lang='lat' dir='ltr'><strong>Serrario</strong></span> 
     </span>
    </p>
   </div>
   <div class='ocr_carea' id='block_1_34' title="bbox 267 1599 1052 1633">
    <p class='ocr_par' dir='ltr' id='par_1_34' title="bbox 267 1599 1052 1633">
     <span class='ocr_line' id='line_1_34' title="bbox 267 1599 1052 1633; baseline 0 -10"><span class='ocrx_word' id='word_1_229' title='bbox 267 1603 357 1624; x_wconf 79' lang='lat' dir='ltr'><strong>autem</strong></span> <span class='ocrx_word' id='word_1_230' title='bbox 376 1599 461 1632; x_wconf 88' lang='lat' dir='ltr'><strong>prirrra</strong></span> <span class='ocrx_word' id='word_1_231' title='bbox 489 1599 578 1626; x_wconf 86' lang='lat' dir='ltr'><strong>unitas</strong></span> <span class='ocrx_word' id='word_1_232' title='bbox 609 1599 699 1626; x_wconf 75' lang='lat' dir='ltr'><strong>adiita</strong></span> <span class='ocrx_word' id='word_1_233' title='bbox 732 1600 881 1633; x_wconf 79' lang='lat' dir='ltr'><strong>perfectum</strong></span> <span class='ocrx_word' id='word_1_234' title='bbox 908 1605 1052 1625; x_wconf 84' lang='lat' dir='ltr'><strong>numerum</strong></span> 
     </span>
    </p>
   </div>
   <div class='ocr_carea' id='block_1_35' title="bbox 267 1644 1052 1679">
    <p class='ocr_par' dir='ltr' id='par_1_35' title="bbox 267 1644 1052 1679">
     <span class='ocr_line' id='line_1_35' title="bbox 267 1644 1052 1679; baseline 0 -9"><span class='ocrx_word' id='word_1_235' title='bbox 267 1644 392 1670; x_wconf 77' lang='lat' dir='ltr'><strong>absoltit.</strong></span> <span class='ocrx_word' id='word_1_236' title='bbox 409 1645 471 1675; x_wconf 83' lang='lat' dir='ltr'><strong>Aut,</strong></span> <span class='ocrx_word' id='word_1_237' title='bbox 483 1645 504 1671; x_wconf 90' lang='lat' dir='ltr'><strong>si</strong></span> <span class='ocrx_word' id='word_1_238' title='bbox 524 1645 619 1677; x_wconf 72' lang='lat' dir='ltr'><strong>matis,</strong></span> <span class='ocrx_word' id='word_1_239' title='bbox 634 1653 680 1671; x_wconf 71' lang='lat' dir='ltr'><strong>sex</strong></span> <span class='ocrx_word' id='word_1_240' title='bbox 696 1646 895 1679; x_wconf 83' lang='lat' dir='ltr'><strong>prolutionibus</strong></span> <span class='ocrx_word' id='word_1_241' title='bbox 908 1646 1052 1679; x_wconf 86' lang='lat' dir='ltr'><strong>septimam</strong></span> 
     </span>
    </p>
   </div>
   <div class='ocr_carea' id='block_1_36' title="bbox 267 1690 1053 1726">
    <p class='ocr_par' dir='ltr' id='par_1_36' title="bbox 267 1690 1053 1726">
     <span class='ocr_line' id='line_1_36' title="bbox 267 1690 1053 1726; baseline 0.003 -10"><span class='ocrx_word' id='word_1_242' title='bbox 267 1690 393 1725; x_wconf 81' lang='lat' dir='ltr'><strong>adjunge,</strong></span> <span class='ocrx_word' id='word_1_243' title='bbox 422 1691 550 1718; x_wconf 84' lang='lat' dir='ltr'><strong>nimirum</strong></span> <span class='ocrx_word' id='word_1_244' title='bbox 578 1699 650 1723; x_wconf 89' lang='lat' dir='ltr'><strong>eam,</strong></span> <span class='ocrx_word' id='word_1_245' title='bbox 670 1700 730 1726; x_wconf 66' lang='lat' dir='ltr'><strong>quae</strong></span> <span class='ocrx_word' id='word_1_246' title='bbox 748 1699 794 1726; x_wconf 88' lang='lat' dir='ltr'><strong>per</strong></span> <span class='ocrx_word' id='word_1_247' title='bbox 811 1692 900 1725; x_wconf 68' lang='lat' dir='ltr'><strong>ignem</strong></span> <span class='ocrx_word' id='word_1_248' title='bbox 922 1692 1053 1719; x_wconf 76' lang='lat' dir='ltr'><strong>divinitus</strong></span> 
     </span>
    </p>
   </div>
   <div class='ocr_carea' id='block_1_37' title="bbox 267 1737 1052 1772">
    <p class='ocr_par' dir='ltr' id='par_1_37' title="bbox 267 1737 1052 1772">
     <span class='ocr_line' id='line_1_37' title="bbox 267 1737 1052 1772; baseline 0.001 -10"><span class='ocrx_word' id='word_1_249' title='bbox 267 1737 380 1763; x_wconf 81' lang='lat' dir='ltr'><strong>miSsum</strong></span> <span class='ocrx_word' id='word_1_250' title='bbox 393 1737 524 1770; x_wconf 72' lang='lat' dir='ltr'><strong>contigit;</strong></span> <span class='ocrx_word' id='word_1_251' title='bbox 539 1741 681 1771; x_wconf 82' lang='lat' dir='ltr'><strong>postquam</strong></span> <span class='ocrx_word' id='word_1_252' title='bbox 701 1737 771 1765; x_wconf 66' lang='lat' dir='ltr'><strong>[ﬁlias</strong></span> <span class='ocrx_word' id='word_1_253' title='bbox 788 1737 934 1771; x_wconf 79' lang='lat' dir='ltr'><strong>ignominia</strong></span> <span class='ocrx_word' id='word_1_254' title='bbox 955 1737 1052 1772; x_wconf 79' lang='lat' dir='ltr'><strong>dignos</strong></span> 
     </span>
    </p>
   </div>
   <div class='ocr_carea' id='block_1_38' title="bbox 267 1783 1052 1817">
    <p class='ocr_par' dir='ltr' id='par_1_38' title="bbox 267 1783 1052 1817">
     <span class='ocr_line' id='line_1_38' title="bbox 267 1783 1052 1817; baseline 0 -7"><span class='ocrx_word' id='word_1_255' title='bbox 267 1784 435 1814; x_wconf 82' lang='lat' dir='ltr'><strong>saCerdotes,</strong></span> <span class='ocrx_word' id='word_1_256' title='bbox 456 1787 550 1817; x_wconf 86' lang='lat' dir='ltr'><strong>utpote</strong></span> <span class='ocrx_word' id='word_1_257' title='bbox 567 1784 640 1811; x_wconf 76' lang='grc' dir='ltr'><strong>[ωάο</strong></span> <span class='ocrx_word' id='word_1_258' title='bbox 654 1788 679 1810; x_wconf 93' lang='lat' dir='ltr'><strong>et</strong></span> <span class='ocrx_word' id='word_1_259' title='bbox 695 1785 815 1811; x_wconf 84' lang='lat' dir='ltr'><strong>obsceno</strong></span> <span class='ocrx_word' id='word_1_260' title='bbox 829 1784 902 1810; x_wconf 85' lang='lat' dir='ltr'><strong>idolo</strong></span> <span class='ocrx_word' id='word_1_261' title='bbox 916 1783 978 1810; x_wconf 83' lang='lat' dir='ltr'><strong>Baal</strong></span> <span class='ocrx_word' id='word_1_262' title='bbox 993 1792 1052 1811; x_wconf 82' lang='lat' dir='ltr'><strong>scr-</strong></span> 
     </span>
    </p>
   </div>
   <div class='ocr_carea' id='block_1_39' title="bbox 266 1829 1050 1866">
    <p class='ocr_par' dir='ltr' id='par_1_39' title="bbox 266 1829 1050 1866">
     <span class='ocr_line' id='line_1_39' title="bbox 266 1829 1050 1866; baseline 0.004 -11"><span class='ocrx_word' id='word_1_263' title='bbox 266 1829 381 1863; x_wconf 82' lang='lat' dir='ltr'><strong>vieutes,</strong></span> <span class='ocrx_word' id='word_1_264' title='bbox 400 1830 615 1864; x_wconf 75' lang='lat' dir='ltr'><strong>quadringentos</strong></span> <span class='ocrx_word' id='word_1_265' title='bbox 638 1836 665 1857; x_wconf 83' lang='lat' dir='ltr'><strong>et</strong></span> <span class='ocrx_word' id='word_1_266' title='bbox 690 1831 887 1866; x_wconf 67' lang='lat' dir='ltr'><strong>quinquaginta</strong></span> <span class='ocrx_word' id='word_1_267' title='bbox 904 1830 1050 1858; x_wconf 82' lang='lat' dir='ltr'><strong>interfecit.</strong></span> 
     </span>
    </p>
   </div>
   <div class='ocr_carea' id='block_1_40' title="bbox 265 1873 1050 1904">
    <p class='ocr_par' dir='ltr' id='par_1_40' title="bbox 265 1873 1050 1904">
     <span class='ocr_line' id='line_1_40' title="bbox 265 1873 1050 1904; baseline 0 -2"><span class='ocrx_word' id='word_1_268' title='bbox 265 1873 333 1902; x_wconf 80' lang='lat' dir='ltr'><strong>Nam</strong></span> <span class='ocrx_word' id='word_1_269' title='bbox 364 1883 426 1902; x_wconf 88' lang='lat' dir='ltr'><strong>ettrrr</strong></span> <span class='ocrx_word' id='word_1_270' title='bbox 449 1883 496 1903; x_wconf 88' lang='lat' dir='ltr'><strong>eos</strong></span> <span class='ocrx_word' id='word_1_271' title='bbox 527 1876 560 1903; x_wconf 86' lang='lat' dir='ltr'><strong>ad</strong></span> <span class='ocrx_word' id='word_1_272' title='bbox 588 1885 687 1903; x_wconf 80' lang='lat' dir='ltr'><strong>novum</strong></span> <span class='ocrx_word' id='word_1_273' title='bbox 710 1877 839 1904; x_wconf 85' lang='lat' dir='ltr'><strong>sacrilicii</strong></span> <span class='ocrx_word' id='word_1_274' title='bbox 860 1877 1050 1904; x_wconf 80' lang='lat' dir='ltr'><strong>holocaustum</strong></span> 
     </span>
    </p>
   </div>
   <div class='ocr_carea' id='block_1_41' title="bbox 265 1923 1051 1958">
    <p class='ocr_par' dir='ltr' id='par_1_41' title="bbox 265 1923 1051 1958">
     <span class='ocr_line' id='line_1_41' title="bbox 265 1923 1051 1958; baseline 0.004 -11"><span class='ocrx_word' id='word_1_275' title='bbox 265 1929 452 1956; x_wconf 70' lang='lat' dir='ltr'><strong>provocasset,</strong></span> <span class='ocrx_word' id='word_1_276' title='bbox 481 1930 530 1950; x_wconf 88' lang='lat' dir='ltr'><strong>rrec</strong></span> <span class='ocrx_word' id='word_1_277' title='bbox 556 1923 608 1957; x_wconf 87' lang='lat' dir='ltr'><strong>ipsi</strong></span> <span class='ocrx_word' id='word_1_278' title='bbox 634 1924 661 1950; x_wconf 92' lang='lat' dir='ltr'><strong>in</strong></span> <span class='ocrx_word' id='word_1_279' title='bbox 692 1925 801 1950; x_wconf 82' lang='lat' dir='ltr'><strong>nomine</strong></span> <span class='ocrx_word' id='word_1_280' title='bbox 823 1923 887 1950; x_wconf 73' lang='lat' dir='ltr'><strong>Bard</strong></span> <span class='ocrx_word' id='word_1_281' title='bbox 913 1924 1001 1958; x_wconf 78' lang='lat' dir='ltr'><strong>ignem</strong></span> <span class='ocrx_word' id='word_1_282' title='bbox 1018 1924 1051 1950; x_wconf 87' lang='lat' dir='ltr'><strong>ad</strong></span> 
     </span>
    </p>
   </div>
   <div class='ocr_carea' id='block_1_42' title="bbox 266 1969 1050 2005">
    <p class='ocr_par' dir='ltr' id='par_1_42' title="bbox 266 1969 1050 2005">
     <span class='ocr_line' id='line_1_42' title="bbox 266 1969 1050 2005; baseline 0.004 -11"><span class='ocrx_word' id='word_1_283' title='bbox 266 1969 399 2003; x_wconf 88' lang='lat' dir='ltr'><strong>propositi</strong></span> <span class='ocrx_word' id='word_1_284' title='bbox 416 1969 545 1996; x_wconf 82' lang='lat' dir='ltr'><strong>sacriﬁcii</strong></span> <span class='ocrx_word' id='word_1_285' title='bbox 562 1970 803 2005; x_wconf 80' lang='lat' dir='ltr'><strong>consurttpliottcnt</strong></span> <span class='ocrx_word' id='word_1_286' title='bbox 827 1970 934 1997; x_wconf 75' lang='lat' dir='ltr'><strong>ccelitus</strong></span> <span class='ocrx_word' id='word_1_287' title='bbox 951 1971 1050 1997; x_wconf 87' lang='lat' dir='ltr'><strong>demit-</strong></span> 
     </span>
    </p>
   </div>
   <div class='ocr_carea' id='block_1_43' title="bbox 264 2015 1051 2051">
    <p class='ocr_par' dir='ltr' id='par_1_43' title="bbox 264 2015 1051 2051">
     <span class='ocr_line' id='line_1_43' title="bbox 264 2015 1051 2051; baseline 0.004 -11"><span class='ocrx_word' id='word_1_288' title='bbox 264 2019 321 2041; x_wconf 83' lang='lat' dir='ltr'><strong>tere</strong></span> <span class='ocrx_word' id='word_1_289' title='bbox 340 2015 502 2049; x_wconf 72' lang='lat' dir='ltr'><strong>potuisscnt,</strong></span> <span class='ocrx_word' id='word_1_290' title='bbox 522 2017 751 2050; x_wconf 84' lang='lat' dir='ltr'><strong>quemadmodum</strong></span> <span class='ocrx_word' id='word_1_291' title='bbox 776 2016 845 2043; x_wconf 88' lang='lat' dir='ltr'><strong>inter</strong></span> <span class='ocrx_word' id='word_1_292' title='bbox 861 2017 947 2051; x_wconf 88' lang='lat' dir='ltr'><strong>ipstrtn</strong></span> <span class='ocrx_word' id='word_1_293' title='bbox 963 2020 989 2043; x_wconf 80' lang='lat' dir='ltr'><strong>et</strong></span> <span class='ocrx_word' id='word_1_294' title='bbox 1006 2023 1051 2043; x_wconf 85' lang='lat' dir='ltr'><strong>eos</strong></span> 
     </span>
    </p>
   </div>
   <div class='ocr_carea' id='block_1_44' title="bbox 265 2061 1051 2094">
    <p class='ocr_par' dir='ltr' id='par_1_44' title="bbox 265 2061 1051 2094">
     <span class='ocr_line' id='line_1_44' title="bbox 265 2061 1051 2094; baseline 0.004 -9"><span class='ocrx_word' id='word_1_295' title='bbox 265 2066 442 2093; x_wconf 78' lang='lat' dir='ltr'><strong>converterat,</strong></span> <span class='ocrx_word' id='word_1_296' title='bbox 460 2061 519 2094; x_wconf 89' lang='lat' dir='ltr'><strong>ipse</strong></span> <span class='ocrx_word' id='word_1_297' title='bbox 535 2066 626 2088; x_wconf 88' lang='lat' dir='ltr'><strong>attterrt</strong></span> <span class='ocrx_word' id='word_1_298' title='bbox 647 2062 673 2088; x_wconf 92' lang='lat' dir='ltr'><strong>itr</strong></span> <span class='ocrx_word' id='word_1_299' title='bbox 703 2061 749 2088; x_wconf 85' lang='lat' dir='ltr'><strong>Dei</strong></span> <span class='ocrx_word' id='word_1_300' title='bbox 773 2063 883 2088; x_wconf 83' lang='lat' dir='ltr'><strong>nomine</strong></span> <span class='ocrx_word' id='word_1_301' title='bbox 899 2062 952 2089; x_wconf 86' lang='lat' dir='ltr'><strong>hoc</strong></span> <span class='ocrx_word' id='word_1_302' title='bbox 971 2061 1051 2088; x_wconf 79' lang='lat' dir='ltr'><strong>fecis-</strong></span> 
     </span>
    </p>
   </div>
   <div class='ocr_carea' id='block_1_45' title="bbox 266 2105 1050 2141">
    <p class='ocr_par' dir='ltr' id='par_1_45' title="bbox 266 2105 1050 2141">
     <span class='ocr_line' id='line_1_45' title="bbox 266 2105 1050 2141; baseline 0.003 -10"><span class='ocrx_word' id='word_1_303' title='bbox 266 2109 318 2137; x_wconf 86' lang='lat' dir='ltr'><strong>set,</strong></span> <span class='ocrx_word' id='word_1_304' title='bbox 346 2105 544 2133; x_wconf 88' lang='lat' dir='ltr'><strong>condeurnatos</strong></span> <span class='ocrx_word' id='word_1_305' title='bbox 571 2114 618 2133; x_wconf 88' lang='lat' dir='ltr'><strong>eos</strong></span> <span class='ocrx_word' id='word_1_306' title='bbox 648 2110 771 2133; x_wconf 75' lang='lat' dir='ltr'><strong>extremo</strong></span> <span class='ocrx_word' id='word_1_307' title='bbox 795 2106 929 2141; x_wconf 89' lang='lat' dir='ltr'><strong>supplicio</strong></span> <span class='ocrx_word' id='word_1_308' title='bbox 951 2106 1050 2134; x_wconf 78' lang='lat' dir='ltr'><strong>aﬂ‘ecit.</strong></span> 
     </span>
    </p>
   </div>
   <div class='ocr_carea' id='block_1_46' title="bbox 266 2149 1049 2182">
    <p class='ocr_par' dir='ltr' id='par_1_46' title="bbox 266 2149 1049 2182">
     <span class='ocr_line' id='line_1_46' title="bbox 266 2149 1049 2182; baseline 0.001 -7"><span class='ocrx_word' id='word_1_309' title='bbox 266 2149 340 2176; x_wconf 83' lang='lat' dir='ltr'><strong>Idem</strong></span> <span class='ocrx_word' id='word_1_310' title='bbox 356 2151 435 2181; x_wconf 68' lang='lat' dir='ltr'><strong>cosio,</strong></span> <span class='ocrx_word' id='word_1_311' title='bbox 454 2151 541 2177; x_wconf 76' lang='lat' dir='ltr'><strong>tribus</strong></span> <span class='ocrx_word' id='word_1_312' title='bbox 571 2151 652 2178; x_wconf 87' lang='lat' dir='ltr'><strong>antris</strong></span> <span class='ocrx_word' id='word_1_313' title='bbox 673 2155 699 2177; x_wconf 93' lang='lat' dir='ltr'><strong>et</strong></span> <span class='ocrx_word' id='word_1_314' title='bbox 721 2159 767 2178; x_wconf 85' lang='lat' dir='ltr'><strong>sex</strong></span> <span class='ocrx_word' id='word_1_315' title='bbox 788 2152 930 2178; x_wconf 82' lang='lat' dir='ltr'><strong>mensibus</strong></span> <span class='ocrx_word' id='word_1_316' title='bbox 944 2151 1049 2182; x_wconf 79' lang='lat' dir='ltr'><strong>clauso,</strong></span> 
     </span>
    </p>
   </div>
   <div class='ocr_carea' id='block_1_47' title="bbox 265 2195 1049 2230">
    <p class='ocr_par' dir='ltr' id='par_1_47' title="bbox 265 2195 1049 2230">
     <span class='ocr_line' id='line_1_47' title="bbox 265 2195 1049 2230; baseline 0.003 -8"><span class='ocrx_word' id='word_1_317' title='bbox 265 2202 328 2222; x_wconf 84' lang='lat' dir='ltr'><strong>cunt</strong></span> <span class='ocrx_word' id='word_1_318' title='bbox 356 2195 411 2230; x_wconf 86' lang='lat' dir='ltr'><strong>jam</strong></span> <span class='ocrx_word' id='word_1_319' title='bbox 437 2195 571 2222; x_wconf 74' lang='lat' dir='ltr'><strong>siccitatis</strong></span> <span class='ocrx_word' id='word_1_320' title='bbox 601 2195 740 2223; x_wconf 88' lang='lat' dir='ltr'><strong>vittculunr</strong></span> <span class='ocrx_word' id='word_1_321' title='bbox 774 2197 933 2224; x_wconf 87' lang='lat' dir='ltr'><strong>solvendum</strong></span> <span class='ocrx_word' id='word_1_322' title='bbox 967 2203 1049 2228; x_wconf 84' lang='lat' dir='ltr'><strong>esset,</strong></span> 
     </span>
    </p>
   </div>
   <div class='ocr_carea' id='block_1_48' title="bbox 266 2241 1051 2276">
    <p class='ocr_par' dir='ltr' id='par_1_48' title="bbox 266 2241 1051 2276">
     <span class='ocr_line' id='line_1_48' title="bbox 266 2241 1051 2276; baseline 0.004 -9"><span class='ocrx_word' id='word_1_323' title='bbox 266 2241 379 2276; x_wconf 89' lang='lat' dir='ltr'><strong>puerulo</strong></span> <span class='ocrx_word' id='word_1_324' title='bbox 392 2241 440 2272; x_wconf 91' lang='lat' dir='ltr'><strong>illi,</strong></span> <span class='ocrx_word' id='word_1_325' title='bbox 463 2249 518 2275; x_wconf 85' lang='lat' dir='ltr'><strong>quo</strong></span> <span class='ocrx_word' id='word_1_326' title='bbox 539 2241 664 2268; x_wconf 88' lang='lat' dir='ltr'><strong>ruinistro</strong></span> <span class='ocrx_word' id='word_1_327' title='bbox 690 2241 829 2275; x_wconf 80' lang='lat' dir='ltr'><strong>utebatur,</strong></span> <span class='ocrx_word' id='word_1_328' title='bbox 850 2241 1004 2276; x_wconf 86' lang='lat' dir='ltr'><strong>imperavit,</strong></span> <span class='ocrx_word' id='word_1_329' title='bbox 1021 2248 1051 2270; x_wconf 93' lang='lat' dir='ltr'><strong>ut</strong></span> 
     </span>
    </p>
   </div>
   <div class='ocr_carea' id='block_1_49' title="bbox 265 2287 1050 2322">
    <p class='ocr_par' dir='ltr' id='par_1_49' title="bbox 265 2287 1050 2322">
     <span class='ocr_line' id='line_1_49' title="bbox 265 2287 1050 2322; baseline 0.003 -8"><span class='ocrx_word' id='word_1_330' title='bbox 265 2287 462 2322; x_wconf 80' lang='lat' dir='ltr'><strong>specularetur.</strong></span> <span class='ocrx_word' id='word_1_331' title='bbox 478 2295 510 2314; x_wconf 89' lang='lat' dir='ltr'><strong>ac</strong></span> <span class='ocrx_word' id='word_1_332' title='bbox 529 2287 634 2316; x_wconf 86' lang='lat' dir='ltr'><strong>videret</strong></span> <span class='ocrx_word' id='word_1_333' title='bbox 649 2296 682 2315; x_wconf 89' lang='lat' dir='ltr'><strong>au</strong></span> <span class='ocrx_word' id='word_1_334' title='bbox 708 2288 793 2316; x_wconf 87' lang='lat' dir='ltr'><strong>nubes</strong></span> <span class='ocrx_word' id='word_1_335' title='bbox 816 2288 906 2322; x_wconf 86' lang='lat' dir='ltr'><strong>aliqua</strong></span> <span class='ocrx_word' id='word_1_336' title='bbox 922 2289 1050 2316; x_wconf 87' lang='lat' dir='ltr'><strong>oriretur.</strong></span> 
     </span>
    </p>
   </div>
   <div class='ocr_carea' id='block_1_50' title="bbox 266 2333 1053 2369">
    <p class='ocr_par' dir='ltr' id='par_1_50' title="bbox 266 2333 1053 2369">
     <span class='ocr_line' id='line_1_50' title="bbox 266 2333 1053 2369; baseline 0.003 -9"><span class='ocrx_word' id='word_1_337' title='bbox 266 2333 299 2360; x_wconf 87' lang='lat' dir='ltr'><strong>Et</strong></span> <span class='ocrx_word' id='word_1_338' title='bbox 315 2333 445 2367; x_wconf 78' lang='lat' dir='ltr'><strong>quoniam</strong></span> <span class='ocrx_word' id='word_1_339' title='bbox 474 2333 593 2360; x_wconf 88' lang='lat' dir='ltr'><strong>ttorrdum</strong></span> <span class='ocrx_word' id='word_1_340' title='bbox 627 2338 687 2361; x_wconf 90' lang='lat' dir='ltr'><strong>orta</strong></span> <span class='ocrx_word' id='word_1_341' title='bbox 718 2337 788 2366; x_wconf 85' lang='lat' dir='ltr'><strong>erat,</strong></span> <span class='ocrx_word' id='word_1_342' title='bbox 809 2341 872 2361; x_wconf 89' lang='lat' dir='ltr'><strong>eum</strong></span> <span class='ocrx_word' id='word_1_343' title='bbox 886 2335 985 2369; x_wconf 75' lang='lat' dir='ltr'><strong>septies</strong></span> <span class='ocrx_word' id='word_1_344' title='bbox 1001 2335 1053 2363; x_wconf 89' lang='lat' dir='ltr'><strong>lroc</strong></span> 
     </span>
    </p>
   </div>
   <div class='ocr_carea' id='block_1_51' title="bbox 266 2378 1051 2414">
    <p class='ocr_par' dir='ltr' id='par_1_51' title="bbox 266 2378 1051 2414">
     <span class='ocr_line' id='line_1_51' title="bbox 266 2378 1051 2414; baseline 0.005 -11"><span class='ocrx_word' id='word_1_345' title='bbox 266 2378 356 2405; x_wconf 81' lang='lat' dir='ltr'><strong>facere</strong></span> <span class='ocrx_word' id='word_1_346' title='bbox 370 2378 462 2412; x_wconf 85' lang='lat' dir='ltr'><strong>jussit.</strong></span> <span class='ocrx_word' id='word_1_347' title='bbox 492 2379 613 2413; x_wconf 75' lang='lat' dir='ltr'><strong>Septima</strong></span> <span class='ocrx_word' id='word_1_348' title='bbox 633 2383 723 2405; x_wconf 81' lang='lat' dir='ltr'><strong>autent</strong></span> <span class='ocrx_word' id='word_1_349' title='bbox 742 2380 912 2414; x_wconf 87' lang='lat' dir='ltr'><strong>inspectione</strong></span> <span class='ocrx_word' id='word_1_350' title='bbox 930 2380 1051 2407; x_wconf 89' lang='lat' dir='ltr'><strong>nubecu-</strong></span> 
     </span>
    </p>
   </div>
   <div class='ocr_carea' id='block_1_52' title="bbox 265 2423 1048 2462">
    <p class='ocr_par' dir='ltr' id='par_1_52' title="bbox 265 2423 1048 2462">
     <span class='ocr_line' id='line_1_52' title="bbox 265 2423 1048 2462; baseline 0.006 -13"><span class='ocrx_word' id='word_1_351' title='bbox 265 2423 318 2450; x_wconf 91' lang='lat' dir='ltr'><strong>laur</strong></span> <span class='ocrx_word' id='word_1_352' title='bbox 337 2424 483 2458; x_wconf 85' lang='lat' dir='ltr'><strong>quamdam</strong></span> <span class='ocrx_word' id='word_1_353' title='bbox 509 2425 585 2456; x_wconf 87' lang='lat' dir='ltr'><strong>vidit.</strong></span> <span class='ocrx_word' id='word_1_354' title='bbox 601 2426 679 2459; x_wconf 88' lang='lat' dir='ltr'><strong>quasi</strong></span> <span class='ocrx_word' id='word_1_355' title='bbox 697 2426 840 2461; x_wconf 73' lang='lat' dir='ltr'><strong>vestigium</strong></span> <span class='ocrx_word' id='word_1_356' title='bbox 868 2426 929 2457; x_wconf 92' lang='lat' dir='ltr'><strong>viri,</strong></span> <span class='ocrx_word' id='word_1_357' title='bbox 950 2434 1048 2462; x_wconf 82' lang='lat' dir='ltr'><strong>aquam</strong></span> 
     </span>
    </p>
   </div>
   <div class='ocr_carea' id='block_1_53' title="bbox 264 2471 1054 2508">
    <p class='ocr_par' dir='ltr' id='par_1_53' title="bbox 264 2471 1054 2508">
     <span class='ocr_line' id='line_1_53' title="bbox 264 2471 1054 2508; baseline 0.005 -11"><span class='ocrx_word' id='word_1_358' title='bbox 264 2471 455 2503; x_wconf 86' lang='lat' dir='ltr'><strong>adveltentem,</strong></span> <span class='ocrx_word' id='word_1_359' title='bbox 474 2479 489 2498; x_wconf 90' lang='lat' dir='ltr'><strong>a</strong></span> <span class='ocrx_word' id='word_1_360' title='bbox 512 2479 562 2506; x_wconf 87' lang='lat' dir='ltr'><strong>qua</strong></span> <span class='ocrx_word' id='word_1_361' title='bbox 597 2480 760 2508; x_wconf 74' lang='lat' dir='ltr'><strong>magnopere</strong></span> <span class='ocrx_word' id='word_1_362' title='bbox 777 2479 869 2506; x_wconf 84' lang='lat' dir='ltr'><strong>aucta,</strong></span> <span class='ocrx_word' id='word_1_363' title='bbox 889 2474 988 2500; x_wconf 60' lang='lat' dir='ltr'><strong>coelum</strong></span> <span class='ocrx_word' id='word_1_364' title='bbox 1005 2474 1054 2501; x_wconf 92' lang='lat' dir='ltr'><strong>ob-</strong></span> 
     </span>
    </p>
   </div>
   <div class='ocr_carea' id='block_1_54' title="bbox 265 2517 1051 2554">
    <p class='ocr_par' dir='ltr' id='par_1_54' title="bbox 265 2517 1051 2554">
     <span class='ocr_line' id='line_1_54' title="bbox 265 2517 1051 2554; baseline 0.006 -11"><span class='ocrx_word' id='word_1_365' title='bbox 265 2517 376 2544; x_wconf 90' lang='lat' dir='ltr'><strong>ductum</strong></span> <span class='ocrx_word' id='word_1_366' title='bbox 395 2524 446 2550; x_wconf 84' lang='lat' dir='ltr'><strong>est,</strong></span> <span class='ocrx_word' id='word_1_367' title='bbox 462 2525 494 2545; x_wconf 85' lang='lat' dir='ltr'><strong>ac</strong></span> <span class='ocrx_word' id='word_1_368' title='bbox 517 2517 661 2546; x_wconf 81' lang='lat' dir='ltr'><strong>confestim</strong></span> <span class='ocrx_word' id='word_1_369' title='bbox 681 2519 773 2554; x_wconf 90' lang='lat' dir='ltr'><strong>pluvia</strong></span> <span class='ocrx_word' id='word_1_370' title='bbox 786 2519 813 2547; x_wconf 90' lang='lat' dir='ltr'><strong>in</strong></span> <span class='ocrx_word' id='word_1_371' title='bbox 827 2525 926 2547; x_wconf 83' lang='lat' dir='ltr'><strong>terram</strong></span> <span class='ocrx_word' id='word_1_372' title='bbox 942 2520 1001 2548; x_wconf 85' lang='lat' dir='ltr'><strong>fusa</strong></span> <span class='ocrx_word' id='word_1_373' title='bbox 1018 2521 1051 2548; x_wconf 85' lang='lat'><strong>&#39;°.</strong></span> 
     </span>
    </p>
   </div>
   <div class='ocr_carea' id='block_1_55' title="bbox 265 2561 1047 2601">
    <p class='ocr_par' dir='ltr' id='par_1_55' title="bbox 265 2561 1047 2601">
     <span class='ocr_line' id='line_1_55' title="bbox 265 2561 1047 2601; baseline 0.006 -12"><span class='ocrx_word' id='word_1_374' title='bbox 265 2561 402 2590; x_wconf 87' lang='lat' dir='ltr'><strong>Ilactentrs</strong></span> <span class='ocrx_word' id='word_1_375' title='bbox 415 2564 447 2590; x_wconf 89' lang='lat' dir='ltr'><strong>de</strong></span> <span class='ocrx_word' id='word_1_376' title='bbox 462 2563 518 2590; x_wconf 86' lang='lat' dir='ltr'><strong>Elia</strong></span> <span class='ocrx_word' id='word_1_377' title='bbox 537 2563 678 2592; x_wconf 84' lang='lat' dir='ltr'><strong>Thesbita.</strong></span> <span class='ocrx_word' id='word_1_378' title='bbox 695 2566 723 2591; x_wconf 93' lang='lat' dir='ltr'><strong>In</strong></span> <span class='ocrx_word' id='word_1_379' title='bbox 738 2567 834 2593; x_wconf 86' lang='lat' dir='ltr'><strong>eodem</strong></span> <span class='ocrx_word' id='word_1_380' title='bbox 851 2566 920 2594; x_wconf 88' lang='lat' dir='ltr'><strong>libro</strong></span> <span class='ocrx_word' id='word_1_381' title='bbox 945 2566 1047 2601; x_wconf 76' lang='lat' dir='ltr'><strong>Regum</strong></span> 
     </span>
    </p>
   </div>
   <div class='ocr_carea' id='block_1_56' title="bbox 266 2609 1049 2644">
    <p class='ocr_par' dir='ltr' id='par_1_56' title="bbox 266 2609 1049 2644">
     <span class='ocr_line' id='line_1_56' title="bbox 266 2609 1049 2644; baseline 0.008 -10"><span class='ocrx_word' id='word_1_382' title='bbox 266 2609 354 2635; x_wconf 62' lang='lat' dir='ltr'><strong>Elis-ni</strong></span> <span class='ocrx_word' id='word_1_383' title='bbox 371 2617 479 2644; x_wconf 88' lang='lat' dir='ltr'><strong>qttoque</strong></span> <span class='ocrx_word' id='word_1_384' title='bbox 495 2610 602 2638; x_wconf 79' lang='lat' dir='ltr'><strong>inﬂexio</strong></span> <span class='ocrx_word' id='word_1_385' title='bbox 615 2611 779 2638; x_wconf 84' lang='lat' dir='ltr'><strong>continetur.</strong></span> <span class='ocrx_word' id='word_1_386' title='bbox 799 2612 867 2639; x_wconf 88' lang='lat' dir='ltr'><strong>Natn</strong></span> <span class='ocrx_word' id='word_1_387' title='bbox 883 2620 944 2640; x_wconf 91' lang='lat' dir='ltr'><strong>cum</strong></span> <span class='ocrx_word' id='word_1_388' title='bbox 960 2612 1049 2640; x_wconf 83' lang='lat' dir='ltr'><strong>Sona-</strong></span> 
     </span>
    </p>
   </div>
   <div class='ocr_carea' id='block_1_57' title="bbox 265 2654 1046 2692">
    <p class='ocr_par' dir='ltr' id='par_1_57' title="bbox 265 2654 1046 2692">
     <span class='ocr_line' id='line_1_57' title="bbox 265 2654 1046 2692; baseline 0.008 -12"><span class='ocrx_word' id='word_1_389' title='bbox 265 2654 367 2682; x_wconf 89' lang='lat' dir='ltr'><strong>trtitidis</strong></span> <span class='ocrx_word' id='word_1_390' title='bbox 391 2656 461 2682; x_wconf 87' lang='lat' dir='ltr'><strong>lilius</strong></span> <span class='ocrx_word' id='word_1_391' title='bbox 485 2660 635 2683; x_wconf 75' lang='lat' dir='ltr'><strong>extremum</strong></span> <span class='ocrx_word' id='word_1_392' title='bbox 665 2658 725 2684; x_wconf 72' lang='lat' dir='ltr'><strong>vita:</strong></span> <span class='ocrx_word' id='word_1_393' title='bbox 750 2658 873 2692; x_wconf 80' lang='lat' dir='ltr'><strong>spiritum</strong></span> <span class='ocrx_word' id='word_1_394' title='bbox 906 2659 1046 2692; x_wconf 82' lang='lat' dir='ltr'><strong>edidisset,</strong></span> 
     </span>
    </p>
   </div>
   <div class='ocr_carea' id='block_1_58' title="bbox 266 2702 1046 2739">
    <p class='ocr_par' dir='ltr' id='par_1_58' title="bbox 266 2702 1046 2739">
     <span class='ocr_line' id='line_1_58' title="bbox 266 2702 1046 2739; baseline 0.005 -12"><span class='ocrx_word' id='word_1_395' title='bbox 266 2702 396 2735; x_wconf 77' lang='lat' dir='ltr'><strong>propheta</strong></span> <span class='ocrx_word' id='word_1_396' title='bbox 412 2702 445 2728; x_wconf 91' lang='lat' dir='ltr'><strong>de</strong></span> <span class='ocrx_word' id='word_1_397' title='bbox 468 2706 559 2729; x_wconf 83' lang='lat' dir='ltr'><strong>incute</strong></span> <span class='ocrx_word' id='word_1_398' title='bbox 579 2703 756 2734; x_wconf 83' lang='lat' dir='ltr'><strong>descendens.</strong></span> <span class='ocrx_word' id='word_1_399' title='bbox 775 2704 915 2739; x_wconf 83' lang='lat' dir='ltr'><strong>ingressus</strong></span> <span class='ocrx_word' id='word_1_400' title='bbox 936 2706 1046 2731; x_wconf 77' lang='lat' dir='ltr'><strong>domum</strong></span> 
     </span>
    </p>
   </div>
   <div class='ocr_carea' id='block_1_59' title="bbox 265 2746 1046 2786">
    <p class='ocr_par' dir='ltr' id='par_1_59' title="bbox 265 2746 1046 2786">
     <span class='ocr_line' id='line_1_59' title="bbox 265 2746 1046 2786; baseline 0.006 -13"><span class='ocrx_word' id='word_1_401' title='bbox 265 2746 362 2780; x_wconf 79' lang='lat' dir='ltr'><strong>ipsius,</strong></span> <span class='ocrx_word' id='word_1_402' title='bbox 384 2749 409 2773; x_wconf 87' lang='lat' dir='ltr'><strong>in</strong></span> <span class='ocrx_word' id='word_1_403' title='bbox 434 2748 606 2775; x_wconf 70' lang='lat' dir='ltr'><strong>emtraerrlurn</strong></span> <span class='ocrx_word' id='word_1_404' title='bbox 633 2750 765 2783; x_wconf 81' lang='lat' dir='ltr'><strong>ascendit,</strong></span> <span class='ocrx_word' id='word_1_405' title='bbox 785 2757 817 2778; x_wconf 81' lang='lat' dir='ltr'><strong>ac</strong></span> <span class='ocrx_word' id='word_1_406' title='bbox 835 2759 917 2785; x_wconf 86' lang='lat' dir='ltr'><strong>super</strong></span> <span class='ocrx_word' id='word_1_407' title='bbox 933 2758 1046 2786; x_wconf 75' lang='lat' dir='ltr'><strong>pucr‘utn</strong></span> 
     </span>
    </p>
   </div>
   <div class='ocr_carea' id='block_1_60' title="bbox 302 2836 611 2871">
    <p class='ocr_par' dir='ltr' id='par_1_60' title="bbox 302 2836 611 2871">
     <span class='ocr_line' id='line_1_60' title="bbox 302 2836 611 2871; baseline 0 -8"><span class='ocrx_word' id='word_1_408' title='bbox 302 2837 324 2851; x_wconf 81' lang='lat'><strong>”&#39;</strong></span> <span class='ocrx_word' id='word_1_409' title='bbox 342 2836 375 2863; x_wconf 87' lang='lat' dir='ltr'><strong>Ill</strong></span> <span class='ocrx_word' id='word_1_410' title='bbox 402 2838 470 2871; x_wconf 69' lang='lat' dir='ltr'><strong>lieg.</strong></span> <span class='ocrx_word' id='word_1_411' title='bbox 488 2846 551 2870; x_wconf 82' lang='lat' dir='ltr'><strong>xvu,</strong></span> <span class='ocrx_word' id='word_1_412' title='bbox 568 2838 611 2864; x_wconf 69' lang='grc'><strong>21.</strong></span> 
     </span>
    </p>
   </div>
   <div class='ocr_carea' id='block_1_61' title="bbox 669 2838 1048 2873">
    <p class='ocr_par' dir='ltr' id='par_1_61' title="bbox 669 2838 1048 2873">
     <span class='ocr_line' id='line_1_61' title="bbox 669 2838 1048 2873; baseline 0.005 -9"><span class='ocrx_word' id='word_1_413' title='bbox 669 2839 691 2854; x_wconf 82' lang='grc'><strong>¹⁹</strong></span> <span class='ocrx_word' id='word_1_414' title='bbox 712 2838 743 2865; x_wconf 91' lang='grc'><strong>111</strong></span> <span class='ocrx_word' id='word_1_415' title='bbox 768 2838 834 2873; x_wconf 79' lang='lat' dir='ltr'><strong>Reg.</strong></span> <span class='ocrx_word' id='word_1_416' title='bbox 851 2847 915 2866; x_wconf 78' lang='lat' dir='ltr'><strong>xvttt</strong></span> <span class='ocrx_word' id='word_1_417' title='bbox 932 2859 939 2870; x_wconf 86' lang='lat'><em>.</em></span> <span class='ocrx_word' id='word_1_418' title='bbox 956 2839 1048 2866; x_wconf 71' lang='lat'><strong>32-58.</strong></span> 
     </span>
    </p>
   </div>
   <div class='ocr_carea' id='block_1_62' title="bbox 269 2872 441 2904">
    <p class='ocr_par' dir='ltr' id='par_1_62' title="bbox 269 2872 441 2904">
     <span class='ocr_line' id='line_1_62' title="bbox 269 2872 441 2904; baseline 0.017 -9"><span class='ocrx_word' id='word_1_419' title='bbox 269 2876 331 2904; x_wconf 74' lang='lat' dir='ltr'><strong>xxv,</strong></span> <span class='ocrx_word' id='word_1_420' title='bbox 348 2872 441 2898; x_wconf 61' lang='lat' dir='ltr'><strong>SI-GU.</strong></span> 
     </span>
    </p>
   </div>
   <div class='ocr_carea' id='block_1_63' title="bbox 499 2873 1168 2910">
    <p class='ocr_par' dir='ltr' id='par_1_63' title="bbox 499 2873 1168 2910">
     <span class='ocr_line' id='line_1_63' title="bbox 499 2873 1168 2910; baseline 0.004 -12"><span class='ocrx_word' id='word_1_421' title='bbox 499 2873 521 2888; x_wconf 70' lang='grc'><strong>³³</strong></span> <span class='ocrx_word' id='word_1_422' title='bbox 543 2873 627 2900; x_wconf 58' lang='lat' dir='ltr'><strong>Exod.</strong></span> <span class='ocrx_word' id='word_1_423' title='bbox 645 2881 718 2906; x_wconf 63' lang='grc' dir='ltr'>χχιχ,</span> <span class='ocrx_word' id='word_1_424' title='bbox 739 2874 747 2900; x_wconf 96' lang='grc'><strong>1</strong></span> <span class='ocrx_word' id='word_1_425' title='bbox 773 2882 867 2908; x_wconf 82' lang='lat' dir='ltr'><strong>seqq.;</strong></span> <span class='ocrx_word' id='word_1_426' title='bbox 886 2873 970 2901; x_wconf 77' lang='lat' dir='ltr'><strong>Levii.</strong></span> <span class='ocrx_word' id='word_1_427' title='bbox 990 2883 1045 2906; x_wconf 70' lang='grc' dir='ltr'><strong>γιιι⁵</strong></span> <span class='ocrx_word' id='word_1_428' title='bbox 1066 2875 1074 2901; x_wconf 94' lang='grc'><strong>1</strong></span> <span class='ocrx_word' id='word_1_429' title='bbox 1093 2884 1168 2910; x_wconf 68' lang='lat' dir='ltr'><strong>seqq.</strong></span> 
     </span>
    </p>
   </div>
   <div class='ocr_carea' id='block_1_64' title="bbox 1107 265 1894 299">
    <p class='ocr_par' dir='ltr' id='par_1_64' title="bbox 1107 265 1894 299">
     <span class='ocr_line' id='line_1_64' title="bbox 1107 265 1894 299; baseline 0.003 -9"><span class='ocrx_word' id='word_1_430' title='bbox 1107 265 1182 291; x_wconf 78' lang='lat' dir='ltr'><strong>ﬂexit</strong></span> <span class='ocrx_word' id='word_1_431' title='bbox 1209 273 1291 299; x_wconf 88' lang='lat' dir='ltr'><strong>super</strong></span> <span class='ocrx_word' id='word_1_432' title='bbox 1307 273 1368 292; x_wconf 89' lang='lat' dir='ltr'><strong>eum</strong></span> <span class='ocrx_word' id='word_1_433' title='bbox 1384 284 1392 297; x_wconf 87' lang='lat'><strong>,</strong></span> <span class='ocrx_word' id='word_1_434' title='bbox 1414 266 1482 292; x_wconf 87' lang='lat' dir='ltr'><strong>adeo</strong></span> <span class='ocrx_word' id='word_1_435' title='bbox 1500 271 1528 293; x_wconf 91' lang='lat' dir='ltr'><strong>ut</strong></span> <span class='ocrx_word' id='word_1_436' title='bbox 1551 274 1582 293; x_wconf 89' lang='lat' dir='ltr'><strong>os</strong></span> <span class='ocrx_word' id='word_1_437' title='bbox 1601 266 1655 298; x_wconf 90' lang='lat' dir='ltr'><strong>ori,</strong></span> <span class='ocrx_word' id='word_1_438' title='bbox 1669 271 1696 293; x_wconf 84' lang='lat' dir='ltr'><strong>et</strong></span> <span class='ocrx_word' id='word_1_439' title='bbox 1713 267 1811 294; x_wconf 87' lang='lat' dir='ltr'><strong>oculos</strong></span> <span class='ocrx_word' id='word_1_440' title='bbox 1825 273 1894 293; x_wconf 88' lang='lat' dir='ltr'><strong>ocu-</strong></span> 
     </span>
    </p>
   </div>
   <div class='ocr_carea' id='block_1_65' title="bbox 1108 309 1895 345">
    <p class='ocr_par' dir='ltr' id='par_1_65' title="bbox 1108 309 1895 345">
     <span class='ocr_line' id='line_1_65' title="bbox 1108 309 1895 345; baseline 0.001 -10"><span class='ocrx_word' id='word_1_441' title='bbox 1108 309 1139 335; x_wconf 83' lang='lat' dir='ltr'><strong>lis</strong></span> <span class='ocrx_word' id='word_1_442' title='bbox 1152 330 1158 342; x_wconf 86' lang='lat'><strong>,</strong></span> <span class='ocrx_word' id='word_1_443' title='bbox 1174 314 1200 336; x_wconf 80' lang='lat' dir='ltr'><strong>et</strong></span> <span class='ocrx_word' id='word_1_444' title='bbox 1217 318 1313 337; x_wconf 86' lang='lat' dir='ltr'><strong>manus</strong></span> <span class='ocrx_word' id='word_1_445' title='bbox 1333 311 1460 337; x_wconf 75' lang='lat' dir='ltr'><strong>manilius</strong></span> <span class='ocrx_word' id='word_1_446' title='bbox 1479 311 1640 345; x_wconf 66' lang='lat' dir='ltr'><strong>adiungeret</strong></span> <span class='ocrx_word' id='word_1_447' title='bbox 1655 311 1688 338; x_wconf 84' lang='lat'><strong>&quot;.</strong></span> <span class='ocrx_word' id='word_1_448' title='bbox 1715 310 1895 338; x_wconf 75' lang='lat' dir='ltr'><strong>lnﬂexioneut</strong></span> 
     </span>
    </p>
   </div>
   <div class='ocr_carea' id='block_1_66' title="bbox 1108 355 1880 390">
    <p class='ocr_par' dir='ltr' id='par_1_66' title="bbox 1108 355 1880 390">
     <span class='ocr_line' id='line_1_66' title="bbox 1108 355 1880 390; baseline 0.001 -10"><span class='ocrx_word' id='word_1_449' title='bbox 1108 359 1198 381; x_wconf 81' lang='lat' dir='ltr'><strong>autent</strong></span> <span class='ocrx_word' id='word_1_450' title='bbox 1216 355 1371 390; x_wconf 73' lang='lat' dir='ltr'><strong>Theologus</strong></span> <span class='ocrx_word' id='word_1_451' title='bbox 1394 356 1550 388; x_wconf 71' lang='lat' dir='ltr'><strong>huiusmodi</strong></span> <span class='ocrx_word' id='word_1_452' title='bbox 1577 356 1754 390; x_wconf 83' lang='lat' dir='ltr'><strong>jactationem</strong></span> <span class='ocrx_word' id='word_1_453' title='bbox 1777 361 1806 383; x_wconf 86' lang='lat' dir='ltr'><strong>et</strong></span> <span class='ocrx_word' id='word_1_454' title='bbox 1825 363 1880 382; x_wconf 91' lang='lat' dir='ltr'><strong>con</strong></span> 
     </span>
    </p>
   </div>
   <div class='ocr_carea' id='block_1_67' title="bbox 1107 401 1896 436">
    <p class='ocr_par' dir='ltr' id='par_1_67' title="bbox 1107 401 1896 436">
     <span class='ocr_line' id='line_1_67' title="bbox 1107 401 1896 436; baseline 0.001 -9"><span class='ocrx_word' id='word_1_455' title='bbox 1107 401 1248 427; x_wconf 79' lang='lat' dir='ltr'><strong>Ilexionern</strong></span> <span class='ocrx_word' id='word_1_456' title='bbox 1264 402 1420 436; x_wconf 74' lang='lat' dir='ltr'><strong>appellarit,</strong></span> <span class='ocrx_word' id='word_1_457' title='bbox 1446 410 1498 436; x_wconf 88' lang='lat' dir='ltr'><strong>qua</strong></span> <span class='ocrx_word' id='word_1_458' title='bbox 1535 403 1646 436; x_wconf 87' lang='lat' dir='ltr'><strong>spiritus</strong></span> <span class='ocrx_word' id='word_1_459' title='bbox 1670 402 1823 428; x_wconf 67' lang='lat' dir='ltr'><strong>suscitatus</strong></span> <span class='ocrx_word' id='word_1_460' title='bbox 1842 405 1896 431; x_wconf 85' lang='lat' dir='ltr'><strong>est,</strong></span> 
     </span>
    </p>
   </div>
   <div class='ocr_carea' id='block_1_68' title="bbox 1107 447 1896 481">
    <p class='ocr_par' dir='ltr' id='par_1_68' title="bbox 1107 447 1896 481">
     <span class='ocr_line' id='line_1_68' title="bbox 1107 447 1896 481; baseline 0.001 -9"><span class='ocrx_word' id='word_1_461' title='bbox 1107 447 1131 472; x_wconf 53' lang='lat' dir='ltr'><strong>iit</strong></span> <span class='ocrx_word' id='word_1_462' title='bbox 1164 453 1215 477; x_wconf 85' lang='lat' dir='ltr'><strong>est,</strong></span> <span class='ocrx_word' id='word_1_463' title='bbox 1247 447 1359 481; x_wconf 86' lang='lat' dir='ltr'><strong>spiritus</strong></span> <span class='ocrx_word' id='word_1_464' title='bbox 1385 447 1476 474; x_wconf 86' lang='lat' dir='ltr'><strong>vitalis</strong></span> <span class='ocrx_word' id='word_1_465' title='bbox 1511 453 1658 474; x_wconf 77' lang='lat' dir='ltr'><strong>recreatus.</strong></span> <span class='ocrx_word' id='word_1_466' title='bbox 1687 447 1750 474; x_wconf 74' lang='lat' dir='ltr'><strong>llzec</strong></span> <span class='ocrx_word' id='word_1_467' title='bbox 1783 447 1896 474; x_wconf 85' lang='lat' dir='ltr'><strong>locutus</strong></span> 
     </span>
    </p>
   </div>
   <div class='ocr_carea' id='block_1_69' title="bbox 1107 492 1890 527">
    <p class='ocr_par' dir='ltr' id='par_1_69' title="bbox 1107 492 1890 527">
     <span class='ocr_line' id='line_1_69' title="bbox 1107 492 1890 527; baseline 0 -8"><span class='ocrx_word' id='word_1_468' title='bbox 1107 492 1268 527; x_wconf 80' lang='lat' dir='ltr'><strong>Gregorius,</strong></span> <span class='ocrx_word' id='word_1_469' title='bbox 1286 493 1442 520; x_wconf 66' lang='lat' dir='ltr'><strong>candelabri</strong></span> <span class='ocrx_word' id='word_1_470' title='bbox 1457 493 1598 520; x_wconf 73' lang='lat' dir='ltr'><strong>historiam</strong></span> <span class='ocrx_word' id='word_1_471' title='bbox 1615 494 1823 527; x_wconf 74' lang='lat' dir='ltr'><strong>pra‘termittere</strong></span> <span class='ocrx_word' id='word_1_472' title='bbox 1836 500 1890 527; x_wconf 89' lang='lat' dir='ltr'><strong>qut-</strong></span> 
     </span>
    </p>
   </div>
   <div class='ocr_carea' id='block_1_70' title="bbox 1107 538 1896 573">
    <p class='ocr_par' dir='ltr' id='par_1_70' title="bbox 1107 538 1896 573">
     <span class='ocr_line' id='line_1_70' title="bbox 1107 538 1896 573; baseline 0 -9"><span class='ocrx_word' id='word_1_473' title='bbox 1107 539 1166 564; x_wconf 85' lang='lat' dir='ltr'><strong>dem</strong></span> <span class='ocrx_word' id='word_1_474' title='bbox 1189 538 1307 571; x_wconf 84' lang='lat' dir='ltr'><strong>videtur,</strong></span> <span class='ocrx_word' id='word_1_475' title='bbox 1339 539 1383 565; x_wconf 90' lang='lat' dir='ltr'><strong>scd</strong></span> <span class='ocrx_word' id='word_1_476' title='bbox 1415 544 1503 565; x_wconf 87' lang='lat' dir='ltr'><strong>tamen</strong></span> <span class='ocrx_word' id='word_1_477' title='bbox 1536 538 1604 566; x_wconf 83' lang='lat' dir='ltr'><strong>hanc</strong></span> <span class='ocrx_word' id='word_1_478' title='bbox 1629 547 1738 573; x_wconf 78' lang='lat' dir='ltr'><strong>qurquc</strong></span> <span class='ocrx_word' id='word_1_479' title='bbox 1765 545 1896 565; x_wconf 83' lang='lat' dir='ltr'><strong>sermone</strong></span> 
     </span>
    </p>
   </div>
   <div class='ocr_carea' id='block_1_71' title="bbox 1107 583 1895 619">
    <p class='ocr_par' dir='ltr' id='par_1_71' title="bbox 1107 583 1895 619">
     <span class='ocr_line' id='line_1_71' title="bbox 1107 583 1895 619; baseline -0.003 -8"><span class='ocrx_word' id='word_1_480' title='bbox 1107 585 1307 618; x_wconf 84' lang='lat' dir='ltr'><strong>eontplectitur,</strong></span> <span class='ocrx_word' id='word_1_481' title='bbox 1326 593 1358 611; x_wconf 88' lang='lat' dir='ltr'><strong>ac</strong></span> <span class='ocrx_word' id='word_1_482' title='bbox 1374 585 1563 618; x_wconf 67' lang='lat' dir='ltr'><strong>prmioritiouis</strong></span> <span class='ocrx_word' id='word_1_483' title='bbox 1581 585 1663 619; x_wconf 83' lang='lat' dir='ltr'><strong>ﬁgura</strong></span> <span class='ocrx_word' id='word_1_484' title='bbox 1680 592 1757 617; x_wconf 81' lang='lat' dir='ltr'><strong>usus,</strong></span> <span class='ocrx_word' id='word_1_485' title='bbox 1768 583 1853 611; x_wconf 87' lang='lat' dir='ltr'><strong>simul</strong></span> <span class='ocrx_word' id='word_1_486' title='bbox 1869 587 1895 610; x_wconf 78' lang='lat' dir='ltr'><strong>et</strong></span> 
     </span>
    </p>
   </div>
   <div class='ocr_carea' id='block_1_72' title="bbox 1106 628 1895 664">
    <p class='ocr_par' dir='ltr' id='par_1_72' title="bbox 1106 628 1895 664">
     <span class='ocr_line' id='line_1_72' title="bbox 1106 628 1895 664; baseline 0 -10"><span class='ocrx_word' id='word_1_487' title='bbox 1106 628 1241 655; x_wconf 77' lang='lat' dir='ltr'><strong>auditoris</strong></span> <span class='ocrx_word' id='word_1_488' title='bbox 1265 629 1382 655; x_wconf 73' lang='lat' dir='ltr'><strong>satietati</strong></span> <span class='ocrx_word' id='word_1_489' title='bbox 1409 629 1574 664; x_wconf 80' lang='lat' dir='ltr'><strong>fastidioque</strong></span> <span class='ocrx_word' id='word_1_490' title='bbox 1599 629 1731 660; x_wconf 87' lang='lat' dir='ltr'><strong>occrrrrit,</strong></span> <span class='ocrx_word' id='word_1_491' title='bbox 1750 633 1776 655; x_wconf 87' lang='lat' dir='ltr'><strong>et</strong></span> <span class='ocrx_word' id='word_1_492' title='bbox 1790 628 1895 654; x_wconf 87' lang='lat' dir='ltr'><strong>variam</strong></span> 
     </span>
    </p>
   </div>
   <div class='ocr_carea' id='block_1_73' title="bbox 1107 673 1894 708">
    <p class='ocr_par' dir='ltr' id='par_1_73' title="bbox 1107 673 1894 708">
     <span class='ocr_line' id='line_1_73' title="bbox 1107 673 1894 708; baseline -0.001 -8"><span class='ocrx_word' id='word_1_493' title='bbox 1107 674 1257 700; x_wconf 87' lang='lat' dir='ltr'><strong>oratiorrcnr</strong></span> <span class='ocrx_word' id='word_1_494' title='bbox 1273 674 1363 701; x_wconf 71' lang='lat' dir='ltr'><strong>edicit.</strong></span> <span class='ocrx_word' id='word_1_495' title='bbox 1380 675 1542 701; x_wconf 81' lang='lat' dir='ltr'><strong>Candelabri</strong></span> <span class='ocrx_word' id='word_1_496' title='bbox 1563 679 1655 701; x_wconf 84' lang='lat' dir='ltr'><strong>autent</strong></span> <span class='ocrx_word' id='word_1_497' title='bbox 1682 675 1764 708; x_wconf 74' lang='lat' dir='ltr'><strong>huius</strong></span> <span class='ocrx_word' id='word_1_498' title='bbox 1790 673 1894 700; x_wconf 88' lang='lat' dir='ltr'><strong>deseri-</strong></span> 
     </span>
    </p>
   </div>
   <div class='ocr_carea' id='block_1_74' title="bbox 1106 719 1894 755">
    <p class='ocr_par' dir='ltr' id='par_1_74' title="bbox 1106 719 1894 755">
     <span class='ocr_line' id='line_1_74' title="bbox 1106 719 1894 755; baseline -0.001 -9"><span class='ocrx_word' id='word_1_499' title='bbox 1106 720 1164 755; x_wconf 90' lang='lat' dir='ltr'><strong>ptio</strong></span> <span class='ocrx_word' id='word_1_500' title='bbox 1179 721 1204 746; x_wconf 91' lang='lat' dir='ltr'><strong>in</strong></span> <span class='ocrx_word' id='word_1_501' title='bbox 1224 720 1310 747; x_wconf 72' lang='lat' dir='ltr'><strong>Exodi</strong></span> <span class='ocrx_word' id='word_1_502' title='bbox 1334 721 1404 748; x_wconf 92' lang='lat' dir='ltr'><strong>libro</strong></span> <span class='ocrx_word' id='word_1_503' title='bbox 1426 721 1479 748; x_wconf 88' lang='lat' dir='ltr'><strong>sita</strong></span> <span class='ocrx_word' id='word_1_504' title='bbox 1499 725 1539 748; x_wconf 87' lang='lat' dir='ltr'><strong>est</strong></span> <span class='ocrx_word' id='word_1_505' title='bbox 1555 720 1587 747; x_wconf 83' lang='lat'><strong>&quot;.</strong></span> <span class='ocrx_word' id='word_1_506' title='bbox 1605 720 1637 747; x_wconf 88' lang='lat' dir='ltr'><strong>Et</strong></span> <span class='ocrx_word' id='word_1_507' title='bbox 1652 721 1762 754; x_wconf 85' lang='lat' dir='ltr'><strong>quidem</strong></span> <span class='ocrx_word' id='word_1_508' title='bbox 1780 719 1894 746; x_wconf 82' lang='lat' dir='ltr'><strong>historia</strong></span> 
     </span>
    </p>
   </div>
   <div class='ocr_carea' id='block_1_75' title="bbox 1107 767 1894 797">
    <p class='ocr_par' dir='ltr' id='par_1_75' title="bbox 1107 767 1894 797">
     <span class='ocr_line' id='line_1_75' title="bbox 1107 767 1894 797; baseline -0.006 -2"><span class='ocrx_word' id='word_1_509' title='bbox 1107 776 1192 795; x_wconf 88' lang='lat' dir='ltr'><strong>ltrtrrrn</strong></span> <span class='ocrx_word' id='word_1_510' title='bbox 1219 769 1351 795; x_wconf 83' lang='lat' dir='ltr'><strong>duntaxat</strong></span> <span class='ocrx_word' id='word_1_511' title='bbox 1382 768 1480 795; x_wconf 84' lang='lat' dir='ltr'><strong>hastile</strong></span> <span class='ocrx_word' id='word_1_512' title='bbox 1502 767 1657 795; x_wconf 84' lang='lat' dir='ltr'><strong>candelabri</strong></span> <span class='ocrx_word' id='word_1_513' title='bbox 1687 771 1894 797; x_wconf 75' lang='lat' dir='ltr'><strong>commemorat,</strong></span> 
     </span>
    </p>
   </div>
   <div class='ocr_carea' id='block_1_76' title="bbox 1106 813 1889 848">
    <p class='ocr_par' dir='ltr' id='par_1_76' title="bbox 1106 813 1889 848">
     <span class='ocr_line' id='line_1_76' title="bbox 1106 813 1889 848; baseline -0.005 -6"><span class='ocrx_word' id='word_1_514' title='bbox 1106 822 1153 842; x_wconf 70' lang='lat' dir='ltr'><strong>sex</strong></span> <span class='ocrx_word' id='word_1_515' title='bbox 1166 820 1257 842; x_wconf 82' lang='lat' dir='ltr'><strong>autem</strong></span> <span class='ocrx_word' id='word_1_516' title='bbox 1275 815 1394 842; x_wconf 76' lang='lat' dir='ltr'><strong>calamos</strong></span> <span class='ocrx_word' id='word_1_517' title='bbox 1412 815 1515 842; x_wconf 87' lang='lat' dir='ltr'><strong>circum</strong></span> <span class='ocrx_word' id='word_1_518' title='bbox 1529 815 1628 841; x_wconf 76' lang='lat' dir='ltr'><strong>hastile</strong></span> <span class='ocrx_word' id='word_1_519' title='bbox 1648 819 1675 841; x_wconf 82' lang='lat' dir='ltr'><strong>ct</strong></span> <span class='ocrx_word' id='word_1_520' title='bbox 1688 817 1789 848; x_wconf 83' lang='lat' dir='ltr'><strong>septem</strong></span> <span class='ocrx_word' id='word_1_521' title='bbox 1804 813 1889 839; x_wconf 83' lang='lat' dir='ltr'><strong>lucer-</strong></span> 
     </span>
    </p>
   </div>
   <div class='ocr_carea' id='block_1_77' title="bbox 1107 859 1895 895">
    <p class='ocr_par' dir='ltr' id='par_1_77' title="bbox 1107 859 1895 895">
     <span class='ocr_line' id='line_1_77' title="bbox 1107 859 1895 895; baseline -0.004 -9"><span class='ocrx_word' id='word_1_522' title='bbox 1107 868 1165 892; x_wconf 85' lang='lat' dir='ltr'><strong>nas,</strong></span> <span class='ocrx_word' id='word_1_523' title='bbox 1181 860 1271 887; x_wconf 90' lang='lat' dir='ltr'><strong>lrastili</strong></span> <span class='ocrx_word' id='word_1_524' title='bbox 1285 865 1311 887; x_wconf 89' lang='lat' dir='ltr'><strong>et</strong></span> <span class='ocrx_word' id='word_1_525' title='bbox 1323 861 1434 888; x_wconf 82' lang='lat' dir='ltr'><strong>calamis</strong></span> <span class='ocrx_word' id='word_1_526' title='bbox 1449 860 1717 895; x_wconf 80' lang='lat' dir='ltr'><strong>atljaeerrtes.Verum</strong></span> <span class='ocrx_word' id='word_1_527' title='bbox 1728 859 1895 893; x_wconf 76' lang='lat' dir='ltr'><strong>Theologus,</strong></span> 
     </span>
    </p>
   </div>
   <div class='ocr_carea' id='block_1_78' title="bbox 1108 906 1895 938">
    <p class='ocr_par' dir='ltr' id='par_1_78' title="bbox 1108 906 1895 938">
     <span class='ocr_line' id='line_1_78' title="bbox 1108 906 1895 938; baseline -0.001 -6"><span class='ocrx_word' id='word_1_528' title='bbox 1108 914 1170 933; x_wconf 90' lang='lat' dir='ltr'><strong>cum</strong></span> <span class='ocrx_word' id='word_1_529' title='bbox 1183 907 1275 933; x_wconf 88' lang='lat' dir='ltr'><strong>hastili</strong></span> <span class='ocrx_word' id='word_1_530' title='bbox 1291 906 1411 938; x_wconf 82' lang='lat' dir='ltr'><strong>calamos</strong></span> <span class='ocrx_word' id='word_1_531' title='bbox 1424 906 1504 934; x_wconf 90' lang='lat' dir='ltr'><strong>etianr</strong></span> <span class='ocrx_word' id='word_1_532' title='bbox 1529 912 1662 937; x_wconf 84' lang='lat' dir='ltr'><strong>statuens.</strong></span> <span class='ocrx_word' id='word_1_533' title='bbox 1681 914 1713 933; x_wconf 83' lang='lat' dir='ltr'><strong>ac</strong></span> <span class='ocrx_word' id='word_1_534' title='bbox 1732 913 1895 937; x_wconf 85' lang='lat' dir='ltr'><strong>numerans,</strong></span> 
     </span>
    </p>
   </div>
   <div class='ocr_carea' id='block_1_79' title="bbox 1110 953 1895 988">
    <p class='ocr_par' dir='ltr' id='par_1_79' title="bbox 1110 953 1895 988">
     <span class='ocr_line' id='line_1_79' title="bbox 1110 953 1895 988; baseline -0.004 -8"><span class='ocrx_word' id='word_1_535' title='bbox 1110 954 1161 980; x_wconf 91' lang='lat' dir='ltr'><strong>hoc</strong></span> <span class='ocrx_word' id='word_1_536' title='bbox 1192 961 1301 988; x_wconf 78' lang='lat' dir='ltr'><strong>quoque</strong></span> <span class='ocrx_word' id='word_1_537' title='bbox 1325 953 1464 981; x_wconf 88' lang='lat' dir='ltr'><strong>hastilitrm</strong></span> <span class='ocrx_word' id='word_1_538' title='bbox 1493 953 1605 980; x_wconf 87' lang='lat' dir='ltr'><strong>nomine</strong></span> <span class='ocrx_word' id='word_1_539' title='bbox 1631 953 1786 988; x_wconf 80' lang='lat' dir='ltr'><strong>appellavit.</strong></span> <span class='ocrx_word' id='word_1_540' title='bbox 1805 954 1895 986; x_wconf 82' lang='lat' dir='ltr'><strong>Atque</strong></span> 
     </span>
    </p>
   </div>
   <div class='ocr_carea' id='block_1_80' title="bbox 1108 999 1896 1034">
    <p class='ocr_par' dir='ltr' id='par_1_80' title="bbox 1108 999 1896 1034">
     <span class='ocr_line' id='line_1_80' title="bbox 1108 999 1896 1034; baseline -0.003 -9"><span class='ocrx_word' id='word_1_541' title='bbox 1108 1000 1145 1026; x_wconf 85' lang='lat' dir='ltr'><strong>ita</strong></span> <span class='ocrx_word' id='word_1_542' title='bbox 1177 1000 1334 1027; x_wconf 89' lang='lat' dir='ltr'><strong>universum</strong></span> <span class='ocrx_word' id='word_1_543' title='bbox 1363 1000 1473 1034; x_wconf 86' lang='lat' dir='ltr'><strong>quidem</strong></span> <span class='ocrx_word' id='word_1_544' title='bbox 1509 1002 1562 1027; x_wconf 82' lang='lat' dir='ltr'><strong>hoc</strong></span> <span class='ocrx_word' id='word_1_545' title='bbox 1601 999 1794 1027; x_wconf 88' lang='lat' dir='ltr'><strong>eaudelabrurrr</strong></span> <span class='ocrx_word' id='word_1_546' title='bbox 1825 1003 1896 1029; x_wconf 79' lang='lat' dir='ltr'><strong>erat,</strong></span> 
     </span>
    </p>
   </div>
   <div class='ocr_carea' id='block_1_81' title="bbox 1109 1044 1896 1080">
    <p class='ocr_par' dir='ltr' id='par_1_81' title="bbox 1109 1044 1896 1080">
     <span class='ocr_line' id='line_1_81' title="bbox 1109 1044 1896 1080; baseline -0.004 -8"><span class='ocrx_word' id='word_1_547' title='bbox 1109 1050 1237 1072; x_wconf 69' lang='lat' dir='ltr'><strong>ert-terum</strong></span> <span class='ocrx_word' id='word_1_548' title='bbox 1267 1045 1440 1072; x_wconf 77' lang='grc' dir='ltr'><strong>ἐπτάκαιιλον</strong></span> <span class='ocrx_word' id='word_1_549' title='bbox 1471 1045 1519 1072; x_wconf 81' lang='grc' dir='ltr'><strong>καὶ</strong></span> <span class='ocrx_word' id='word_1_550' title='bbox 1550 1045 1735 1080; x_wconf 68' lang='grc' dir='ltr'><strong>ἑπτάλυχνςν,</strong></span> <span class='ocrx_word' id='word_1_551' title='bbox 1763 1044 1896 1070; x_wconf 84' lang='lat' dir='ltr'><strong>nimirum</strong></span> 
     </span>
    </p>
   </div>
   <div class='ocr_carea' id='block_1_82' title="bbox 1109 1089 1896 1126">
    <p class='ocr_par' dir='ltr' id='par_1_82' title="bbox 1109 1089 1896 1126">
     <span class='ocr_line' id='line_1_82' title="bbox 1109 1089 1896 1126; baseline -0.001 -9"><span class='ocrx_word' id='word_1_552' title='bbox 1109 1095 1220 1126; x_wconf 82' lang='lat' dir='ltr'><strong>propter</strong></span> <span class='ocrx_word' id='word_1_553' title='bbox 1243 1091 1352 1118; x_wconf 78' lang='lat' dir='ltr'><strong>hastilia</strong></span> <span class='ocrx_word' id='word_1_554' title='bbox 1375 1096 1402 1118; x_wconf 89' lang='lat' dir='ltr'><strong>et</strong></span> <span class='ocrx_word' id='word_1_555' title='bbox 1432 1091 1560 1119; x_wconf 85' lang='lat' dir='ltr'><strong>lucernas</strong></span> <span class='ocrx_word' id='word_1_556' title='bbox 1588 1092 1620 1118; x_wconf 87' lang='lat' dir='ltr'><strong>iis</strong></span> <span class='ocrx_word' id='word_1_557' title='bbox 1644 1091 1844 1125; x_wconf 84' lang='lat' dir='ltr'><strong>superpositas.</strong></span> <span class='ocrx_word' id='word_1_558' title='bbox 1864 1089 1896 1116; x_wconf 74' lang='grc' dir='ltr'>ω</span> 
     </span>
    </p>
   </div>
   <div class='ocr_carea' id='block_1_83' title="bbox 1109 1136 1898 1172">
    <p class='ocr_par' dir='ltr' id='par_1_83' title="bbox 1109 1136 1898 1172">
     <span class='ocr_line' id='line_1_83' title="bbox 1109 1136 1898 1172; baseline -0.003 -9"><span class='ocrx_word' id='word_1_559' title='bbox 1109 1137 1202 1172; x_wconf 64' lang='lat' dir='ltr'><strong>igitur,</strong></span> <span class='ocrx_word' id='word_1_560' title='bbox 1217 1137 1317 1171; x_wconf 92' lang='lat' dir='ltr'><strong>inquit,</strong></span> <span class='ocrx_word' id='word_1_561' title='bbox 1331 1137 1422 1171; x_wconf 89' lang='lat' dir='ltr'><strong>templi</strong></span> <span class='ocrx_word' id='word_1_562' title='bbox 1435 1137 1629 1164; x_wconf 85' lang='lat' dir='ltr'><strong>candelabrum</strong></span> <span class='ocrx_word' id='word_1_563' title='bbox 1647 1142 1750 1171; x_wconf 88' lang='lat' dir='ltr'><strong>septem</strong></span> <span class='ocrx_word' id='word_1_564' title='bbox 1769 1136 1898 1162; x_wconf 75' lang='lat' dir='ltr'><strong>lucernas</strong></span> 
     </span>
    </p>
   </div>
   <div class='ocr_carea' id='block_1_84' title="bbox 1108 1182 1897 1220">
    <p class='ocr_par' dir='ltr' id='par_1_84' title="bbox 1108 1182 1897 1220">
     <span class='ocr_line' id='line_1_84' title="bbox 1108 1182 1897 1220; baseline -0.005 -9"><span class='ocrx_word' id='word_1_565' title='bbox 1108 1184 1275 1220; x_wconf 86' lang='lat' dir='ltr'><strong>protendens</strong></span> <span class='ocrx_word' id='word_1_566' title='bbox 1295 1190 1466 1219; x_wconf 65' lang='lat' dir='ltr'><strong>praetereant,</strong></span> <span class='ocrx_word' id='word_1_567' title='bbox 1483 1183 1604 1217; x_wconf 84' lang='lat' dir='ltr'><strong>ejusdem</strong></span> <span class='ocrx_word' id='word_1_568' title='bbox 1634 1189 1676 1211; x_wconf 89' lang='lat' dir='ltr'><strong>est</strong></span> <span class='ocrx_word' id='word_1_569' title='bbox 1703 1182 1836 1211; x_wconf 62' lang='lat' dir='ltr'><strong>doctrinm</strong></span> <span class='ocrx_word' id='word_1_570' title='bbox 1865 1189 1897 1208; x_wconf 83' lang='lat' dir='ltr'><strong>ac</strong></span> 
     </span>
    </p>
   </div>
   <div class='ocr_carea' id='block_1_85' title="bbox 1107 1228 1896 1265">
    <p class='ocr_par' dir='ltr' id='par_1_85' title="bbox 1107 1228 1896 1265">
     <span class='ocr_line' id='line_1_85' title="bbox 1107 1228 1896 1265; baseline -0.006 -7"><span class='ocrx_word' id='word_1_571' title='bbox 1107 1230 1316 1265; x_wconf 81' lang='lat' dir='ltr'><strong>speculatiouis,</strong></span> <span class='ocrx_word' id='word_1_572' title='bbox 1332 1230 1366 1260; x_wconf 85' lang='lat' dir='ltr'><strong>de</strong></span> <span class='ocrx_word' id='word_1_573' title='bbox 1379 1238 1494 1257; x_wconf 88' lang='lat' dir='ltr'><strong>numero</strong></span> <span class='ocrx_word' id='word_1_574' title='bbox 1509 1230 1663 1265; x_wconf 81' lang='lat' dir='ltr'><strong>septenario</strong></span> <span class='ocrx_word' id='word_1_575' title='bbox 1685 1230 1800 1260; x_wconf 83' lang='lat' dir='ltr'><strong>scilicet,</strong></span> <span class='ocrx_word' id='word_1_576' title='bbox 1822 1228 1896 1262; x_wconf 88' lang='lat' dir='ltr'><strong>quod</strong></span> 
     </span>
    </p>
   </div>
   <div class='ocr_carea' id='block_1_86' title="bbox 1108 1274 1896 1311">
    <p class='ocr_par' dir='ltr' id='par_1_86' title="bbox 1108 1274 1896 1311">
     <span class='ocr_line' id='line_1_86' title="bbox 1108 1274 1896 1311; baseline -0.003 -9"><span class='ocrx_word' id='word_1_577' title='bbox 1108 1277 1131 1304; x_wconf 86' lang='lat' dir='ltr'><strong>is</strong></span> <span class='ocrx_word' id='word_1_578' title='bbox 1144 1276 1189 1310; x_wconf 89' lang='lat' dir='ltr'><strong>qui</strong></span> <span class='ocrx_word' id='word_1_579' title='bbox 1206 1277 1239 1303; x_wconf 88' lang='lat' dir='ltr'><strong>ad</strong></span> <span class='ocrx_word' id='word_1_580' title='bbox 1254 1276 1399 1304; x_wconf 83' lang='lat' dir='ltr'><strong>sacerdotii</strong></span> <span class='ocrx_word' id='word_1_581' title='bbox 1416 1277 1575 1311; x_wconf 71' lang='lat' dir='ltr'><strong>dignitatem</strong></span> <span class='ocrx_word' id='word_1_582' title='bbox 1599 1277 1704 1302; x_wconf 85' lang='lat' dir='ltr'><strong>electus</strong></span> <span class='ocrx_word' id='word_1_583' title='bbox 1721 1280 1773 1307; x_wconf 86' lang='lat' dir='ltr'><strong>est,</strong></span> <span class='ocrx_word' id='word_1_584' title='bbox 1791 1274 1896 1309; x_wconf 88' lang='lat' dir='ltr'><strong>tenrplo</strong></span> 
     </span>
    </p>
   </div>
   <div class='ocr_carea' id='block_1_87' title="bbox 1107 1321 1898 1357">
    <p class='ocr_par' dir='ltr' id='par_1_87' title="bbox 1107 1321 1898 1357">
     <span class='ocr_line' id='line_1_87' title="bbox 1107 1321 1898 1357; baseline -0.003 -9"><span class='ocrx_word' id='word_1_585' title='bbox 1107 1322 1220 1354; x_wconf 84' lang='lat' dir='ltr'><strong>assidet,</strong></span> <span class='ocrx_word' id='word_1_586' title='bbox 1238 1329 1272 1349; x_wconf 87' lang='lat' dir='ltr'><strong>ac</strong></span> <span class='ocrx_word' id='word_1_587' title='bbox 1286 1326 1390 1357; x_wconf 86' lang='lat' dir='ltr'><strong>septem</strong></span> <span class='ocrx_word' id='word_1_588' title='bbox 1407 1321 1513 1349; x_wconf 91' lang='lat' dir='ltr'><strong>dierum</strong></span> <span class='ocrx_word' id='word_1_589' title='bbox 1537 1321 1625 1356; x_wconf 87' lang='lat' dir='ltr'><strong>spatio</strong></span> <span class='ocrx_word' id='word_1_590' title='bbox 1638 1328 1737 1348; x_wconf 90' lang='lat' dir='ltr'><strong>ntanus</strong></span> <span class='ocrx_word' id='word_1_591' title='bbox 1750 1321 1810 1355; x_wconf 87' lang='lat' dir='ltr'><strong>ejus</strong></span> <span class='ocrx_word' id='word_1_592' title='bbox 1830 1327 1898 1347; x_wconf 85' lang='lat' dir='ltr'><strong>con-</strong></span> 
     </span>
    </p>
   </div>
   <div class='ocr_carea' id='block_1_88' title="bbox 1107 1366 1895 1403">
    <p class='ocr_par' dir='ltr' id='par_1_88' title="bbox 1107 1366 1895 1403">
     <span class='ocr_line' id='line_1_88' title="bbox 1107 1366 1895 1403; baseline -0.005 -8"><span class='ocrx_word' id='word_1_593' title='bbox 1107 1373 1260 1401; x_wconf 41' lang='lat' dir='ltr'><strong>srcrantur,</strong></span> <span class='ocrx_word' id='word_1_594' title='bbox 1277 1367 1509 1403; x_wconf 87' lang='lat' dir='ltr'><strong>quemadmodum</strong></span> <span class='ocrx_word' id='word_1_595' title='bbox 1521 1368 1548 1394; x_wconf 87' lang='lat' dir='ltr'><strong>in</strong></span> <span class='ocrx_word' id='word_1_596' title='bbox 1559 1367 1654 1395; x_wconf 73' lang='lat' dir='ltr'><strong>Exodo</strong></span> <span class='ocrx_word' id='word_1_597' title='bbox 1665 1366 1895 1402; x_wconf 68' lang='lat' dir='ltr'><strong>praescribitur&quot;.</strong></span> 
     </span>
    </p>
   </div>
   <div class='ocr_carea' id='block_1_89' title="bbox 1107 1406 1895 1449">
    <p class='ocr_par' dir='ltr' id='par_1_89' title="bbox 1107 1406 1895 1449">
     <span class='ocr_line' id='line_1_89' title="bbox 1107 1406 1895 1449; baseline -0.003 -9"><span class='ocrx_word' id='word_1_598' title='bbox 1107 1414 1234 1449; x_wconf 73' lang='lat' dir='ltr'><strong>Ejusdem</strong></span> <span class='ocrx_word' id='word_1_599' title='bbox 1252 1415 1315 1442; x_wconf 90' lang='lat' dir='ltr'><strong>item</strong></span> <span class='ocrx_word' id='word_1_600' title='bbox 1329 1414 1470 1447; x_wconf 74' lang='lat' dir='ltr'><strong>doctrinze,</strong></span> <span class='ocrx_word' id='word_1_601' title='bbox 1487 1414 1560 1449; x_wconf 89' lang='lat' dir='ltr'><strong>quod</strong></span> <span class='ocrx_word' id='word_1_602' title='bbox 1573 1414 1607 1445; x_wconf 89' lang='lat' dir='ltr'><strong>is,</strong></span> <span class='ocrx_word' id='word_1_603' title='bbox 1623 1414 1668 1448; x_wconf 88' lang='lat' dir='ltr'><strong>qui</strong></span> <span class='ocrx_word' id='word_1_604' title='bbox 1686 1406 1760 1447; x_wconf 87' lang='lat' dir='ltr'><strong>lepra</strong></span> <span class='ocrx_word' id='word_1_605' title='bbox 1775 1412 1895 1439; x_wconf 81' lang='lat' dir='ltr'><strong>infectus</strong></span> 
     </span>
    </p>
   </div>
   <div class='ocr_carea' id='block_1_90' title="bbox 1105 1457 1895 1494">
    <p class='ocr_par' dir='ltr' id='par_1_90' title="bbox 1105 1457 1895 1494">
     <span class='ocr_line' id='line_1_90' title="bbox 1105 1457 1895 1494; baseline -0.004 -7"><span class='ocrx_word' id='word_1_606' title='bbox 1105 1465 1156 1491; x_wconf 87' lang='lat' dir='ltr'><strong>est,</strong></span> <span class='ocrx_word' id='word_1_607' title='bbox 1172 1465 1274 1494; x_wconf 78' lang='lat' dir='ltr'><strong>septem</strong></span> <span class='ocrx_word' id='word_1_608' title='bbox 1288 1460 1384 1488; x_wconf 84' lang='lat' dir='ltr'><strong>diebus</strong></span> <span class='ocrx_word' id='word_1_609' title='bbox 1400 1464 1541 1494; x_wconf 83' lang='lat' dir='ltr'><strong>purgatur,</strong></span> <span class='ocrx_word' id='word_1_610' title='bbox 1556 1464 1586 1487; x_wconf 94' lang='lat' dir='ltr'><strong>ut</strong></span> <span class='ocrx_word' id='word_1_611' title='bbox 1597 1459 1625 1486; x_wconf 91' lang='lat' dir='ltr'><strong>in</strong></span> <span class='ocrx_word' id='word_1_612' title='bbox 1640 1458 1760 1486; x_wconf 87' lang='lat' dir='ltr'><strong>Levitico</strong></span> <span class='ocrx_word' id='word_1_613' title='bbox 1773 1457 1895 1485; x_wconf 85' lang='lat' dir='ltr'><strong>edictum</strong></span> 
     </span>
    </p>
   </div>
   <div class='ocr_carea' id='block_1_91' title="bbox 1106 1505 1897 1541">
    <p class='ocr_par' dir='ltr' id='par_1_91' title="bbox 1106 1505 1897 1541">
     <span class='ocr_line' id='line_1_91' title="bbox 1106 1505 1897 1541; baseline -0.003 -8"><span class='ocrx_word' id='word_1_614' title='bbox 1106 1510 1188 1541; x_wconf 86' lang='lat' dir='ltr'><strong>atque</strong></span> <span class='ocrx_word' id='word_1_615' title='bbox 1210 1506 1373 1540; x_wconf 87' lang='lat' dir='ltr'><strong>iruperaturrr</strong></span> <span class='ocrx_word' id='word_1_616' title='bbox 1391 1511 1432 1533; x_wconf 90' lang='lat' dir='ltr'><strong>est</strong></span> <span class='ocrx_word' id='word_1_617' title='bbox 1447 1505 1481 1532; x_wconf 76' lang='lat'><strong>&quot;.</strong></span> <span class='ocrx_word' id='word_1_618' title='bbox 1504 1505 1606 1533; x_wconf 84' lang='lat' dir='ltr'><strong>Eodem</strong></span> <span class='ocrx_word' id='word_1_619' title='bbox 1634 1512 1745 1540; x_wconf 91' lang='lat' dir='ltr'><strong>quoque</strong></span> <span class='ocrx_word' id='word_1_620' title='bbox 1772 1505 1897 1532; x_wconf 81' lang='lat' dir='ltr'><strong>referen—</strong></span> 
     </span>
    </p>
   </div>
   <div class='ocr_carea' id='block_1_92' title="bbox 1105 1551 1898 1586">
    <p class='ocr_par' dir='ltr' id='par_1_92' title="bbox 1105 1551 1898 1586">
     <span class='ocr_line' id='line_1_92' title="bbox 1105 1551 1898 1586; baseline -0.001 -8"><span class='ocrx_word' id='word_1_621' title='bbox 1105 1551 1182 1584; x_wconf 89' lang='lat' dir='ltr'><strong>durrr,</strong></span> <span class='ocrx_word' id='word_1_622' title='bbox 1194 1551 1265 1586; x_wconf 90' lang='lat' dir='ltr'><strong>quod</strong></span> <span class='ocrx_word' id='word_1_623' title='bbox 1280 1552 1411 1586; x_wconf 89' lang='lat' dir='ltr'><strong>templum</strong></span> <span class='ocrx_word' id='word_1_624' title='bbox 1428 1559 1442 1578; x_wconf 90' lang='lat' dir='ltr'><strong>a</strong></span> <span class='ocrx_word' id='word_1_625' title='bbox 1454 1551 1600 1578; x_wconf 87' lang='lat' dir='ltr'><strong>Salomone</strong></span> <span class='ocrx_word' id='word_1_626' title='bbox 1616 1552 1702 1586; x_wconf 86' lang='lat' dir='ltr'><strong>ipsius</strong></span> <span class='ocrx_word' id='word_1_627' title='bbox 1721 1555 1898 1578; x_wconf 75' lang='lat' dir='ltr'><strong>exstructore</strong></span> 
     </span>
    </p>
   </div>
   <div class='ocr_carea' id='block_1_93' title="bbox 1106 1597 1898 1633">
    <p class='ocr_par' dir='ltr' id='par_1_93' title="bbox 1106 1597 1898 1633">
     <span class='ocr_line' id='line_1_93' title="bbox 1106 1597 1898 1633; baseline 0.001 -10"><span class='ocrx_word' id='word_1_628' title='bbox 1106 1602 1209 1631; x_wconf 84' lang='lat' dir='ltr'><strong>septem</strong></span> <span class='ocrx_word' id='word_1_629' title='bbox 1228 1597 1324 1625; x_wconf 83' lang='lat' dir='ltr'><strong>diebus</strong></span> <span class='ocrx_word' id='word_1_630' title='bbox 1351 1597 1503 1630; x_wconf 85' lang='lat' dir='ltr'><strong>dedicatur,</strong></span> <span class='ocrx_word' id='word_1_631' title='bbox 1531 1599 1760 1633; x_wconf 87' lang='lat' dir='ltr'><strong>quemadmodum</strong></span> <span class='ocrx_word' id='word_1_632' title='bbox 1778 1597 1898 1625; x_wconf 81' lang='lat' dir='ltr'><strong>habetur</strong></span> 
     </span>
    </p>
   </div>
   <div class='ocr_carea' id='block_1_94' title="bbox 1105 1642 1896 1680">
    <p class='ocr_par' dir='ltr' id='par_1_94' title="bbox 1105 1642 1896 1680">
     <span class='ocr_line' id='line_1_94' title="bbox 1105 1642 1896 1680; baseline 0.003 -11"><span class='ocrx_word' id='word_1_633' title='bbox 1105 1643 1139 1670; x_wconf 87' lang='grc'><strong>111</strong></span> <span class='ocrx_word' id='word_1_634' title='bbox 1175 1642 1320 1678; x_wconf 67' lang='lat' dir='ltr'><strong>Regum&quot;.</strong></span> <span class='ocrx_word' id='word_1_635' title='bbox 1343 1643 1401 1672; x_wconf 90' lang='lat' dir='ltr'><strong>Iluc</strong></span> <span class='ocrx_word' id='word_1_636' title='bbox 1441 1645 1556 1674; x_wconf 79' lang='lat' dir='ltr'><strong>accedit.</strong></span> <span class='ocrx_word' id='word_1_637' title='bbox 1596 1645 1668 1680; x_wconf 89' lang='lat' dir='ltr'><strong>qttod</strong></span> <span class='ocrx_word' id='word_1_638' title='bbox 1710 1645 1827 1680; x_wconf 88' lang='lat' dir='ltr'><strong>populus</strong></span> <span class='ocrx_word' id='word_1_639' title='bbox 1861 1652 1896 1671; x_wconf 73' lang='lat' dir='ltr'><strong>ex</strong></span> 
     </span>
    </p>
   </div>
   <div class='ocr_carea' id='block_1_95' title="bbox 1105 1691 1896 1727">
    <p class='ocr_par' dir='ltr' id='par_1_95' title="bbox 1105 1691 1896 1727">
     <span class='ocr_line' id='line_1_95' title="bbox 1105 1691 1896 1727; baseline 0.001 -10"><span class='ocrx_word' id='word_1_640' title='bbox 1105 1691 1268 1726; x_wconf 80' lang='lat' dir='ltr'><strong>Babylonica</strong></span> <span class='ocrx_word' id='word_1_641' title='bbox 1289 1692 1446 1727; x_wconf 84' lang='lat' dir='ltr'><strong>captivitate</strong></span> <span class='ocrx_word' id='word_1_642' title='bbox 1472 1693 1676 1727; x_wconf 76' lang='lat' dir='ltr'><strong>septuagesimo</strong></span> <span class='ocrx_word' id='word_1_643' title='bbox 1704 1700 1776 1719; x_wconf 86' lang='lat' dir='ltr'><strong>anno</strong></span> <span class='ocrx_word' id='word_1_644' title='bbox 1799 1692 1896 1724; x_wconf 89' lang='lat' dir='ltr'><strong>rediit,</strong></span> 
     </span>
    </p>
   </div>
   <div class='ocr_carea' id='block_1_96' title="bbox 1105 1737 1899 1774">
    <p class='ocr_par' dir='ltr' id='par_1_96' title="bbox 1105 1737 1899 1774">
     <span class='ocr_line' id='line_1_96' title="bbox 1105 1737 1899 1774; baseline 0.001 -10"><span class='ocrx_word' id='word_1_645' title='bbox 1105 1738 1176 1765; x_wconf 80' lang='lat' dir='ltr'><strong>sicut</strong></span> <span class='ocrx_word' id='word_1_646' title='bbox 1190 1737 1322 1766; x_wconf 78' lang='lat' dir='ltr'><strong>Jercmias</strong></span> <span class='ocrx_word' id='word_1_647' title='bbox 1341 1739 1502 1774; x_wconf 68' lang='lat' dir='ltr'><strong>praedixerat</strong></span> <span class='ocrx_word' id='word_1_648' title='bbox 1535 1744 1562 1766; x_wconf 82' lang='lat' dir='ltr'><strong>ct.</strong></span> <span class='ocrx_word' id='word_1_649' title='bbox 1582 1747 1671 1766; x_wconf 89' lang='lat' dir='ltr'><strong>rerurtr</strong></span> <span class='ocrx_word' id='word_1_650' title='bbox 1696 1745 1810 1766; x_wconf 81' lang='lat' dir='ltr'><strong>eventus</strong></span> <span class='ocrx_word' id='word_1_651' title='bbox 1827 1746 1899 1766; x_wconf 70' lang='grc' dir='ltr'><strong>ροη-</strong></span> 
     </span>
    </p>
   </div>
   <div class='ocr_carea' id='block_1_97' title="bbox 1106 1783 1899 1820">
    <p class='ocr_par' dir='ltr' id='par_1_97' title="bbox 1106 1783 1899 1820">
     <span class='ocr_line' id='line_1_97' title="bbox 1106 1783 1899 1820; baseline 0.003 -10"><span class='ocrx_word' id='word_1_652' title='bbox 1106 1783 1247 1816; x_wconf 83' lang='lat' dir='ltr'><strong>ﬁrmavit,</strong></span> <span class='ocrx_word' id='word_1_653' title='bbox 1266 1791 1295 1811; x_wconf 85' lang='lat' dir='ltr'><strong>ut</strong></span> <span class='ocrx_word' id='word_1_654' title='bbox 1310 1785 1490 1819; x_wconf 84' lang='lat' dir='ltr'><strong>septenarius,</strong></span> <span class='ocrx_word' id='word_1_655' title='bbox 1511 1786 1556 1820; x_wconf 89' lang='lat' dir='ltr'><strong>qui</strong></span> <span class='ocrx_word' id='word_1_656' title='bbox 1580 1785 1606 1812; x_wconf 89' lang='lat' dir='ltr'><strong>irt</strong></span> <span class='ocrx_word' id='word_1_657' title='bbox 1626 1786 1776 1812; x_wconf 85' lang='lat' dir='ltr'><strong>unitatitrus</strong></span> <span class='ocrx_word' id='word_1_658' title='bbox 1790 1786 1899 1812; x_wconf 85' lang='lat' dir='ltr'><strong>honore</strong></span> 
     </span>
    </p>
   </div>
   <div class='ocr_carea' id='block_1_98' title="bbox 1105 1830 1898 1866">
    <p class='ocr_par' dir='ltr' id='par_1_98' title="bbox 1105 1830 1898 1866">
     <span class='ocr_line' id='line_1_98' title="bbox 1105 1830 1898 1866; baseline 0.001 -10"><span class='ocrx_word' id='word_1_659' title='bbox 1105 1830 1217 1865; x_wconf 78' lang='lat' dir='ltr'><strong>insignis</strong></span> <span class='ocrx_word' id='word_1_660' title='bbox 1232 1835 1282 1863; x_wconf 88' lang='lat' dir='ltr'><strong>est,</strong></span> <span class='ocrx_word' id='word_1_661' title='bbox 1307 1830 1377 1857; x_wconf 86' lang='lat' dir='ltr'><strong>idem</strong></span> <span class='ocrx_word' id='word_1_662' title='bbox 1407 1839 1517 1866; x_wconf 88' lang='lat' dir='ltr'><strong>qttoque</strong></span> <span class='ocrx_word' id='word_1_663' title='bbox 1547 1831 1572 1858; x_wconf 90' lang='lat' dir='ltr'><strong>in</strong></span> <span class='ocrx_word' id='word_1_664' title='bbox 1601 1831 1750 1858; x_wconf 89' lang='lat' dir='ltr'><strong>decadibus</strong></span> <span class='ocrx_word' id='word_1_665' title='bbox 1767 1831 1824 1862; x_wconf 79' lang='lat' dir='ltr'><strong>ﬁat,</strong></span> <span class='ocrx_word' id='word_1_666' title='bbox 1842 1831 1898 1857; x_wconf 85' lang='lat' dir='ltr'><strong>huc</strong></span> 
     </span>
    </p>
   </div>
   <div class='ocr_carea' id='block_1_99' title="bbox 1103 1876 1897 1912">
    <p class='ocr_par' dir='ltr' id='par_1_99' title="bbox 1103 1876 1897 1912">
     <span class='ocr_line' id='line_1_99' title="bbox 1103 1876 1897 1912; baseline 0 -9"><span class='ocrx_word' id='word_1_667' title='bbox 1103 1882 1154 1908; x_wconf 83' lang='lat' dir='ltr'><strong>est,</strong></span> <span class='ocrx_word' id='word_1_668' title='bbox 1169 1876 1315 1910; x_wconf 74' lang='lat' dir='ltr'><strong>praeclarus</strong></span> <span class='ocrx_word' id='word_1_669' title='bbox 1330 1881 1356 1903; x_wconf 90' lang='lat' dir='ltr'><strong>et</strong></span> <span class='ocrx_word' id='word_1_670' title='bbox 1368 1877 1482 1904; x_wconf 78' lang='lat' dir='ltr'><strong>maxime</strong></span> <span class='ocrx_word' id='word_1_671' title='bbox 1497 1878 1628 1912; x_wconf 61' lang='lat' dir='ltr'><strong>mysticus</strong></span> <span class='ocrx_word' id='word_1_672' title='bbox 1638 1877 1784 1904; x_wconf 87' lang='lat' dir='ltr'><strong>deeadieus</strong></span> <span class='ocrx_word' id='word_1_673' title='bbox 1801 1882 1897 1910; x_wconf 69' lang='lat' dir='ltr'><strong>scptc~</strong></span> 
     </span>
    </p>
   </div>
   <div class='ocr_carea' id='block_1_100' title="bbox 1103 1922 1898 1958">
    <p class='ocr_par' dir='ltr' id='par_1_100' title="bbox 1103 1922 1898 1958">
     <span class='ocr_line' id='line_1_100' title="bbox 1103 1922 1898 1958; baseline 0.003 -11"><span class='ocrx_word' id='word_1_674' title='bbox 1103 1922 1172 1948; x_wconf 87' lang='lat' dir='ltr'><strong>uarii</strong></span> <span class='ocrx_word' id='word_1_675' title='bbox 1189 1923 1375 1953; x_wconf 59' lang='lat' dir='ltr'><strong>numcru~,ob</strong></span> <span class='ocrx_word' id='word_1_676' title='bbox 1389 1923 1479 1957; x_wconf 90' lang='lat' dir='ltr'><strong>populi</strong></span> <span class='ocrx_word' id='word_1_677' title='bbox 1496 1924 1723 1958; x_wconf 84' lang='lat' dir='ltr'><strong>redemptionem,</strong></span> <span class='ocrx_word' id='word_1_678' title='bbox 1738 1931 1770 1950; x_wconf 89' lang='lat' dir='ltr'><strong>ac</strong></span> <span class='ocrx_word' id='word_1_679' title='bbox 1791 1929 1898 1957; x_wconf 70' lang='lat' dir='ltr'><strong>myste-</strong></span> 
     </span>
    </p>
   </div>
   <div class='ocr_carea' id='block_1_101' title="bbox 1105 1968 1897 2002">
    <p class='ocr_par' dir='ltr' id='par_1_101' title="bbox 1105 1968 1897 2002">
     <span class='ocr_line' id='line_1_101' title="bbox 1105 1968 1897 2002; baseline 0.003 -8"><span class='ocrx_word' id='word_1_680' title='bbox 1105 1968 1137 1994; x_wconf 93' lang='lat' dir='ltr'><strong>rii</strong></span> <span class='ocrx_word' id='word_1_681' title='bbox 1173 1975 1283 2002; x_wconf 86' lang='lat' dir='ltr'><strong>quoque</strong></span> <span class='ocrx_word' id='word_1_682' title='bbox 1317 1969 1441 1996; x_wconf 90' lang='lat' dir='ltr'><strong>nonnihil</strong></span> <span class='ocrx_word' id='word_1_683' title='bbox 1470 1969 1578 2000; x_wconf 84' lang='lat' dir='ltr'><strong>habeat,</strong></span> <span class='ocrx_word' id='word_1_684' title='bbox 1603 1969 1735 1996; x_wconf 79' lang='lat' dir='ltr'><strong>nimirum</strong></span> <span class='ocrx_word' id='word_1_685' title='bbox 1771 1969 1897 1996; x_wconf 84' lang='lat' dir='ltr'><strong>libertati</strong></span> 
     </span>
    </p>
   </div>
   <div class='ocr_carea' id='block_1_102' title="bbox 1105 2016 1895 2050">
    <p class='ocr_par' dir='ltr' id='par_1_102' title="bbox 1105 2016 1895 2050">
     <span class='ocr_line' id='line_1_102' title="bbox 1105 2016 1895 2050; baseline 0.003 -8"><span class='ocrx_word' id='word_1_686' title='bbox 1105 2016 1198 2050; x_wconf 87' lang='lat' dir='ltr'><strong>populi</strong></span> <span class='ocrx_word' id='word_1_687' title='bbox 1229 2017 1483 2050; x_wconf 84' lang='lat' dir='ltr'><strong>proclamationern.</strong></span> <span class='ocrx_word' id='word_1_688' title='bbox 1511 2017 1646 2045; x_wconf 83' lang='lat' dir='ltr'><strong>Mouadici</strong></span> <span class='ocrx_word' id='word_1_689' title='bbox 1667 2022 1758 2045; x_wconf 88' lang='lat' dir='ltr'><strong>autent</strong></span> <span class='ocrx_word' id='word_1_690' title='bbox 1782 2018 1895 2044; x_wconf 85' lang='lat' dir='ltr'><strong>numeri</strong></span> 
     </span>
    </p>
   </div>
   <div class='ocr_carea' id='block_1_103' title="bbox 1103 2063 1895 2100">
    <p class='ocr_par' dir='ltr' id='par_1_103' title="bbox 1103 2063 1895 2100">
     <span class='ocr_line' id='line_1_103' title="bbox 1103 2063 1895 2100; baseline 0.001 -11"><span class='ocrx_word' id='word_1_691' title='bbox 1103 2063 1240 2095; x_wconf 86' lang='lat' dir='ltr'><strong>dicuntur,</strong></span> <span class='ocrx_word' id='word_1_692' title='bbox 1256 2063 1301 2096; x_wconf 91' lang='lat' dir='ltr'><strong>qui</strong></span> <span class='ocrx_word' id='word_1_693' title='bbox 1320 2063 1353 2090; x_wconf 89' lang='lat' dir='ltr'><strong>ab</strong></span> <span class='ocrx_word' id='word_1_694' title='bbox 1370 2064 1474 2090; x_wconf 85' lang='lat' dir='ltr'><strong>unitate</strong></span> <span class='ocrx_word' id='word_1_695' title='bbox 1488 2064 1521 2090; x_wconf 83' lang='lat' dir='ltr'><strong>ad</strong></span> <span class='ocrx_word' id='word_1_696' title='bbox 1538 2064 1666 2090; x_wconf 83' lang='lat' dir='ltr'><strong>decadem</strong></span> <span class='ocrx_word' id='word_1_697' title='bbox 1680 2071 1766 2098; x_wconf 71' lang='lat' dir='ltr'><strong>usque</strong></span> <span class='ocrx_word' id='word_1_698' title='bbox 1776 2071 1895 2100; x_wconf 73' lang='lat' dir='ltr'><strong>progre-</strong></span> 
     </span>
    </p>
   </div>
   <div class='ocr_carea' id='block_1_104' title="bbox 1103 2108 1896 2143">
    <p class='ocr_par' dir='ltr' id='par_1_104' title="bbox 1103 2108 1896 2143">
     <span class='ocr_line' id='line_1_104' title="bbox 1103 2108 1896 2143; baseline 0.003 -9"><span class='ocrx_word' id='word_1_699' title='bbox 1103 2109 1225 2141; x_wconf 92' lang='lat' dir='ltr'><strong>diuntur,</strong></span> <span class='ocrx_word' id='word_1_700' title='bbox 1255 2108 1375 2135; x_wconf 83' lang='lat' dir='ltr'><strong>decadici</strong></span> <span class='ocrx_word' id='word_1_701' title='bbox 1409 2116 1482 2140; x_wconf 82' lang='lat' dir='ltr'><strong>vero,</strong></span> <span class='ocrx_word' id='word_1_702' title='bbox 1514 2109 1558 2143; x_wconf 90' lang='lat' dir='ltr'><strong>qui</strong></span> <span class='ocrx_word' id='word_1_703' title='bbox 1584 2116 1599 2136; x_wconf 87' lang='lat' dir='ltr'><strong>a</strong></span> <span class='ocrx_word' id='word_1_704' title='bbox 1631 2109 1742 2136; x_wconf 76' lang='lat' dir='ltr'><strong>denario</strong></span> <span class='ocrx_word' id='word_1_705' title='bbox 1766 2110 1799 2136; x_wconf 87' lang='lat' dir='ltr'><strong>ad</strong></span> <span class='ocrx_word' id='word_1_706' title='bbox 1827 2116 1896 2136; x_wconf 83' lang='lat' dir='ltr'><strong>cen-</strong></span> 
     </span>
    </p>
   </div>
   <div class='ocr_carea' id='block_1_105' title="bbox 1104 2154 1896 2191">
    <p class='ocr_par' dir='ltr' id='par_1_105' title="bbox 1104 2154 1896 2191">
     <span class='ocr_line' id='line_1_105' title="bbox 1104 2154 1896 2191; baseline 0.004 -12"><span class='ocrx_word' id='word_1_707' title='bbox 1104 2154 1228 2181; x_wconf 86' lang='lat' dir='ltr'><strong>tesimum</strong></span> <span class='ocrx_word' id='word_1_708' title='bbox 1247 2161 1298 2181; x_wconf 80' lang='lat' dir='ltr'><strong>:ex</strong></span> <span class='ocrx_word' id='word_1_709' title='bbox 1328 2161 1382 2188; x_wconf 93' lang='lat' dir='ltr'><strong>quo</strong></span> <span class='ocrx_word' id='word_1_710' title='bbox 1409 2162 1522 2181; x_wconf 89' lang='lat' dir='ltr'><strong>numero</strong></span> <span class='ocrx_word' id='word_1_711' title='bbox 1546 2158 1588 2182; x_wconf 78' lang='lat' dir='ltr'><strong>est</strong></span> <span class='ocrx_word' id='word_1_712' title='bbox 1611 2156 1842 2191; x_wconf 74' lang='lat' dir='ltr'><strong>scptuagesirnus,</strong></span> <span class='ocrx_word' id='word_1_713' title='bbox 1859 2164 1896 2182; x_wconf 74' lang='lat' dir='ltr'><strong>vl</strong></span> 
     </span>
    </p>
   </div>
   <div class='ocr_carea' id='block_1_106' title="bbox 1103 2199 1894 2234">
    <p class='ocr_par' dir='ltr' id='par_1_106' title="bbox 1103 2199 1894 2234">
     <span class='ocr_line' id='line_1_106' title="bbox 1103 2199 1894 2234; baseline 0.004 -9"><span class='ocrx_word' id='word_1_714' title='bbox 1103 2200 1258 2232; x_wconf 83' lang='lat' dir='ltr'><strong>septenario</strong></span> <span class='ocrx_word' id='word_1_715' title='bbox 1289 2199 1315 2226; x_wconf 92' lang='lat' dir='ltr'><strong>in</strong></span> <span class='ocrx_word' id='word_1_716' title='bbox 1330 2200 1472 2227; x_wconf 85' lang='lat' dir='ltr'><strong>denarium</strong></span> <span class='ocrx_word' id='word_1_717' title='bbox 1497 2200 1724 2234; x_wconf 86' lang='lat' dir='ltr'><strong>multiplicatione</strong></span> <span class='ocrx_word' id='word_1_718' title='bbox 1743 2201 1894 2229; x_wconf 85' lang='lat' dir='ltr'><strong>conﬂatus.</strong></span> 
     </span>
    </p>
   </div>
   <div class='ocr_carea' id='block_1_107' title="bbox 1069 2232 1895 2281">
    <p class='ocr_par' dir='ltr' id='par_1_107' title="bbox 1069 2232 1895 2281">
     <span class='ocr_line' id='line_1_107' title="bbox 1069 2232 1895 2281; baseline 0.006 -11"><span class='ocrx_word' id='word_1_719' title='bbox 1069 2232 1089 2258; x_wconf 74' lang='grc' dir='ltr'><strong>θ</strong></span> <span class='ocrx_word' id='word_1_720' title='bbox 1103 2243 1249 2271; x_wconf 90' lang='lat' dir='ltr'><strong>Deuarium</strong></span> <span class='ocrx_word' id='word_1_721' title='bbox 1265 2252 1348 2279; x_wconf 91' lang='lat' dir='ltr'><strong>porro</strong></span> <span class='ocrx_word' id='word_1_722' title='bbox 1368 2247 1523 2280; x_wconf 88' lang='lat' dir='ltr'><strong>septenario</strong></span> <span class='ocrx_word' id='word_1_723' title='bbox 1548 2246 1737 2280; x_wconf 77' lang='lat' dir='ltr'><strong>perfectioreur</strong></span> <span class='ocrx_word' id='word_1_724' title='bbox 1760 2248 1843 2281; x_wconf 83' lang='lat' dir='ltr'><strong>dixit,</strong></span> <span class='ocrx_word' id='word_1_725' title='bbox 1864 2253 1895 2275; x_wconf 88' lang='lat' dir='ltr'><strong>ut</strong></span> 
     </span>
    </p>
   </div>
   <div class='ocr_carea' id='block_1_108' title="bbox 1102 2291 1892 2321">
    <p class='ocr_par' dir='ltr' id='par_1_108' title="bbox 1102 2291 1892 2321">
     <span class='ocr_line' id='line_1_108' title="bbox 1102 2291 1892 2321; baseline 0.005 -4"><span class='ocrx_word' id='word_1_726' title='bbox 1102 2291 1407 2319; x_wconf 84' lang='lat' dir='ltr'><strong>nunterosclaudentem</strong></span> <span class='ocrx_word' id='word_1_727' title='bbox 1417 2299 1449 2320; x_wconf 86' lang='lat' dir='ltr'><strong>ac</strong></span> <span class='ocrx_word' id='word_1_728' title='bbox 1461 2293 1662 2320; x_wconf 85' lang='lat' dir='ltr'><strong>terminantem.</strong></span> <span class='ocrx_word' id='word_1_729' title='bbox 1671 2293 1735 2320; x_wconf 87' lang='lat' dir='ltr'><strong>Post</strong></span> <span class='ocrx_word' id='word_1_730' title='bbox 1743 2294 1892 2321; x_wconf 82' lang='lat' dir='ltr'><strong>denarium</strong></span> 
     </span>
    </p>
   </div>
   <div class='ocr_carea' id='block_1_109' title="bbox 1100 2338 1892 2374">
    <p class='ocr_par' dir='ltr' id='par_1_109' title="bbox 1100 2338 1892 2374">
     <span class='ocr_line' id='line_1_109' title="bbox 1100 2338 1892 2374; baseline 0.005 -11"><span class='ocrx_word' id='word_1_731' title='bbox 1100 2338 1172 2364; x_wconf 86' lang='lat' dir='ltr'><strong>enim</strong></span> <span class='ocrx_word' id='word_1_732' title='bbox 1187 2345 1319 2365; x_wconf 86' lang='lat' dir='ltr'><strong>numerus</strong></span> <span class='ocrx_word' id='word_1_733' title='bbox 1336 2338 1426 2365; x_wconf 88' lang='lat' dir='ltr'><strong>nullus</strong></span> <span class='ocrx_word' id='word_1_734' title='bbox 1440 2345 1490 2371; x_wconf 84' lang='lat' dir='ltr'><strong>est,</strong></span> <span class='ocrx_word' id='word_1_735' title='bbox 1503 2339 1550 2366; x_wconf 85' lang='lat' dir='ltr'><strong>sed</strong></span> <span class='ocrx_word' id='word_1_736' title='bbox 1562 2339 1696 2367; x_wconf 82' lang='lat' dir='ltr'><strong>revolutio</strong></span> <span class='ocrx_word' id='word_1_737' title='bbox 1715 2349 1721 2366; x_wconf 94' lang='lat'><strong>:</strong></span> <span class='ocrx_word' id='word_1_738' title='bbox 1738 2341 1892 2374; x_wconf 85' lang='lat' dir='ltr'><strong>septenarii</strong></span> 
     </span>
    </p>
   </div>
   <div class='ocr_carea' id='block_1_110' title="bbox 1100 2386 1888 2422">
    <p class='ocr_par' dir='ltr' id='par_1_110' title="bbox 1100 2386 1888 2422">
     <span class='ocr_line' id='line_1_110' title="bbox 1100 2386 1888 2422; baseline 0.003 -10"><span class='ocrx_word' id='word_1_739' title='bbox 1100 2390 1188 2412; x_wconf 86' lang='lat' dir='ltr'><strong>autem</strong></span> <span class='ocrx_word' id='word_1_740' title='bbox 1218 2386 1386 2421; x_wconf 81' lang='lat' dir='ltr'><strong>mysterium,</strong></span> <span class='ocrx_word' id='word_1_741' title='bbox 1415 2387 1526 2421; x_wconf 81' lang='lat' dir='ltr'><strong>mystica</strong></span> <span class='ocrx_word' id='word_1_742' title='bbox 1553 2391 1595 2415; x_wconf 89' lang='lat' dir='ltr'><strong>est</strong></span> <span class='ocrx_word' id='word_1_743' title='bbox 1620 2387 1706 2422; x_wconf 84' lang='lat' dir='ltr'><strong>ipsius</strong></span> <span class='ocrx_word' id='word_1_744' title='bbox 1722 2388 1888 2421; x_wconf 67' lang='lat' dir='ltr'><strong>speculatio.</strong></span> 
     </span>
    </p>
   </div>
   <div class='ocr_carea' id='block_1_111' title="bbox 1135 2431 1892 2470">
    <p class='ocr_par' dir='ltr' id='par_1_111' title="bbox 1135 2431 1892 2470">
     <span class='ocr_line' id='line_1_111' title="bbox 1135 2431 1892 2470; baseline 0.005 -13"><span class='ocrx_word' id='word_1_745' title='bbox 1135 2431 1194 2458; x_wconf 88' lang='lat' dir='ltr'><strong>Col.</strong></span> <span class='ocrx_word' id='word_1_746' title='bbox 1216 2432 1267 2459; x_wconf 78' lang='grc'><strong>454</strong></span> <span class='ocrx_word' id='word_1_747' title='bbox 1282 2432 1312 2460; x_wconf 90' lang='lat' dir='ltr'><strong>C.</strong></span> <span class='ocrx_word' id='word_1_748' title='bbox 1330 2432 1399 2465; x_wconf 77' lang='lat' dir='ltr'><strong>Quid</strong></span> <span class='ocrx_word' id='word_1_749' title='bbox 1417 2438 1505 2460; x_wconf 83' lang='lat' dir='ltr'><strong>autem</strong></span> <span class='ocrx_word' id='word_1_750' title='bbox 1516 2433 1657 2469; x_wconf 82' lang='lat' dir='ltr'><strong>longinqua</strong></span> <span class='ocrx_word' id='word_1_751' title='bbox 1676 2434 1771 2470; x_wconf 83' lang='lat' dir='ltr'><strong>colliga</strong></span> <span class='ocrx_word' id='word_1_752' title='bbox 1783 2435 1795 2461; x_wconf 73' lang='lat'><strong>1’</strong></span> <span class='ocrx_word' id='word_1_753' title='bbox 1807 2434 1892 2461; x_wconf 69' lang='lat' dir='ltr'><strong>Iesus</strong></span> 
     </span>
    </p>
   </div>
   <div class='ocr_carea' id='block_1_112' title="bbox 1102 2477 1891 2516">
    <p class='ocr_par' dir='ltr' id='par_1_112' title="bbox 1102 2477 1891 2516">
     <span class='ocr_line' id='line_1_112' title="bbox 1102 2477 1891 2516; baseline 0.005 -13"><span class='ocrx_word' id='word_1_754' title='bbox 1102 2477 1166 2510; x_wconf 77' lang='lat' dir='ltr'><strong>ipse,</strong></span> <span class='ocrx_word' id='word_1_755' title='bbox 1190 2481 1242 2504; x_wconf 89' lang='lat' dir='ltr'><strong>etc.</strong></span> <span class='ocrx_word' id='word_1_756' title='bbox 1270 2477 1352 2511; x_wconf 88' lang='lat' dir='ltr'><strong>Quid,</strong></span> <span class='ocrx_word' id='word_1_757' title='bbox 1379 2479 1477 2513; x_wconf 88' lang='lat' dir='ltr'><strong>inquit,</strong></span> <span class='ocrx_word' id='word_1_758' title='bbox 1503 2480 1569 2507; x_wconf 91' lang='lat' dir='ltr'><strong>mihi</strong></span> <span class='ocrx_word' id='word_1_759' title='bbox 1591 2485 1680 2508; x_wconf 86' lang='lat' dir='ltr'><strong>vetera</strong></span> <span class='ocrx_word' id='word_1_760' title='bbox 1694 2485 1720 2507; x_wconf 88' lang='lat' dir='ltr'><strong>et</strong></span> <span class='ocrx_word' id='word_1_761' title='bbox 1741 2481 1891 2516; x_wconf 60' lang='lat' dir='ltr'><strong>longinqua</strong></span> 
     </span>
    </p>
   </div>
   <div class='ocr_carea' id='block_1_113' title="bbox 1101 2525 1931 2561">
    <p class='ocr_par' dir='ltr' id='par_1_113' title="bbox 1101 2525 1931 2561">
     <span class='ocr_line' id='line_1_113' title="bbox 1101 2525 1931 2561; baseline 0.005 -12"><span class='ocrx_word' id='word_1_762' title='bbox 1101 2530 1317 2551; x_wconf 85' lang='lat' dir='ltr'><strong>commemorare</strong></span> <span class='ocrx_word' id='word_1_763' title='bbox 1340 2531 1408 2559; x_wconf 90' lang='lat' dir='ltr'><strong>opus</strong></span> <span class='ocrx_word' id='word_1_764' title='bbox 1434 2526 1494 2553; x_wconf 82' lang='lat' dir='ltr'><strong>est?</strong></span> <span class='ocrx_word' id='word_1_765' title='bbox 1509 2525 1569 2560; x_wconf 85' lang='lat' dir='ltr'><strong>Ipse</strong></span> <span class='ocrx_word' id='word_1_766' title='bbox 1589 2526 1722 2558; x_wconf 85' lang='lat' dir='ltr'><strong>Christus,</strong></span> <span class='ocrx_word' id='word_1_767' title='bbox 1750 2526 1795 2561; x_wconf 91' lang='lat' dir='ltr'><strong>qui</strong></span> <span class='ocrx_word' id='word_1_768' title='bbox 1820 2535 1890 2561; x_wconf 86' lang='lat' dir='ltr'><strong>pura</strong></span> <span class='ocrx_word' id='word_1_769' title='bbox 1927 2543 1931 2545; x_wconf 78' lang='lat'><strong><em>-</em></strong></span> 
     </span>
    </p>
   </div>
   <div class='ocr_carea' id='block_1_114' title="bbox 1101 2570 1890 2608">
    <p class='ocr_par' dir='ltr' id='par_1_114' title="bbox 1101 2570 1890 2608">
     <span class='ocr_line' id='line_1_114' title="bbox 1101 2570 1890 2608; baseline 0.009 -13"><span class='ocrx_word' id='word_1_770' title='bbox 1101 2574 1127 2596; x_wconf 87' lang='lat' dir='ltr'><strong>et</strong></span> <span class='ocrx_word' id='word_1_771' title='bbox 1143 2577 1204 2596; x_wconf 84' lang='lat' dir='ltr'><strong>vera</strong></span> <span class='ocrx_word' id='word_1_772' title='bbox 1231 2570 1360 2604; x_wconf 81' lang='lat' dir='ltr'><strong>perfectio</strong></span> <span class='ocrx_word' id='word_1_773' title='bbox 1380 2576 1432 2604; x_wconf 82' lang='lat' dir='ltr'><strong>cst,</strong></span> <span class='ocrx_word' id='word_1_774' title='bbox 1464 2577 1557 2606; x_wconf 89' lang='lat' dir='ltr'><strong>utpote</strong></span> <span class='ocrx_word' id='word_1_775' title='bbox 1583 2577 1654 2600; x_wconf 87' lang='lat' dir='ltr'><strong>totus</strong></span> <span class='ocrx_word' id='word_1_776' title='bbox 1682 2572 1828 2608; x_wconf 80' lang='lat' dir='ltr'><strong>perfectus.</strong></span> <span class='ocrx_word' id='word_1_777' title='bbox 1856 2583 1890 2602; x_wconf 85' lang='lat' dir='ltr'><strong>ac</strong></span> 
     </span>
    </p>
   </div>
   <div class='ocr_carea' id='block_1_115' title="bbox 1102 2617 1888 2654">
    <p class='ocr_par' dir='ltr' id='par_1_115' title="bbox 1102 2617 1888 2654">
     <span class='ocr_line' id='line_1_115' title="bbox 1102 2617 1888 2654; baseline 0.008 -14"><span class='ocrx_word' id='word_1_778' title='bbox 1102 2622 1154 2641; x_wconf 73' lang='lat' dir='ltr'><strong>non</strong></span> <span class='ocrx_word' id='word_1_779' title='bbox 1184 2620 1213 2642; x_wconf 93' lang='lat' dir='ltr'><strong>ut</strong></span> <span class='ocrx_word' id='word_1_780' title='bbox 1243 2617 1388 2649; x_wconf 80' lang='lat' dir='ltr'><strong>supradicti</strong></span> <span class='ocrx_word' id='word_1_781' title='bbox 1414 2618 1531 2648; x_wconf 88' lang='lat' dir='ltr'><strong>nutttcri,</strong></span> <span class='ocrx_word' id='word_1_782' title='bbox 1550 2618 1596 2653; x_wconf 88' lang='lat' dir='ltr'><strong>qui</strong></span> <span class='ocrx_word' id='word_1_783' title='bbox 1617 2626 1648 2646; x_wconf 80' lang='lat' dir='ltr'><strong>ex</strong></span> <span class='ocrx_word' id='word_1_784' title='bbox 1675 2624 1750 2654; x_wconf 83' lang='lat' dir='ltr'><strong>parte</strong></span> <span class='ocrx_word' id='word_1_785' title='bbox 1779 2624 1888 2646; x_wconf 85' lang='lat' dir='ltr'><strong>tantum</strong></span> 
     </span>
    </p>
   </div>
   <div class='ocr_carea' id='block_1_116' title="bbox 1102 2661 1889 2700">
    <p class='ocr_par' dir='ltr' id='par_1_116' title="bbox 1102 2661 1889 2700">
     <span class='ocr_line' id='line_1_116' title="bbox 1102 2661 1889 2700; baseline 0.008 -13"><span class='ocrx_word' id='word_1_786' title='bbox 1102 2661 1212 2694; x_wconf 79' lang='lat' dir='ltr'><strong>perfecti</strong></span> <span class='ocrx_word' id='word_1_787' title='bbox 1234 2662 1420 2694; x_wconf 87' lang='lat' dir='ltr'><strong>nominantur,</strong></span> <span class='ocrx_word' id='word_1_788' title='bbox 1444 2671 1497 2690; x_wconf 92' lang='lat' dir='ltr'><strong>non</strong></span> <span class='ocrx_word' id='word_1_789' title='bbox 1521 2665 1608 2691; x_wconf 88' lang='lat' dir='ltr'><strong>solurtr</strong></span> <span class='ocrx_word' id='word_1_790' title='bbox 1632 2665 1752 2699; x_wconf 86' lang='lat' dir='ltr'><strong>quinque</strong></span> <span class='ocrx_word' id='word_1_791' title='bbox 1768 2666 1889 2700; x_wconf 86' lang='lat' dir='ltr'><strong>panibus</strong></span> 
     </span>
    </p>
   </div>
   <div class='ocr_carea' id='block_1_117' title="bbox 1101 2707 1887 2747">
    <p class='ocr_par' dir='ltr' id='par_1_117' title="bbox 1101 2707 1887 2747">
     <span class='ocr_line' id='line_1_117' title="bbox 1101 2707 1887 2747; baseline 0.01 -16"><span class='ocrx_word' id='word_1_792' title='bbox 1101 2707 1220 2740; x_wconf 86' lang='lat' dir='ltr'><strong>quinque</strong></span> <span class='ocrx_word' id='word_1_793' title='bbox 1236 2708 1373 2734; x_wconf 88' lang='lat' dir='ltr'><strong>hominum</strong></span> <span class='ocrx_word' id='word_1_794' title='bbox 1397 2709 1480 2737; x_wconf 89' lang='lat' dir='ltr'><strong>millia</strong></span> <span class='ocrx_word' id='word_1_795' title='bbox 1498 2711 1592 2744; x_wconf 89' lang='lat' dir='ltr'><strong>nutrit,</strong></span> <span class='ocrx_word' id='word_1_796' title='bbox 1615 2711 1662 2738; x_wconf 87' lang='lat' dir='ltr'><strong>sed</strong></span> <span class='ocrx_word' id='word_1_797' title='bbox 1678 2712 1758 2738; x_wconf 86' lang='lat' dir='ltr'><strong>ctiam</strong></span> <span class='ocrx_word' id='word_1_798' title='bbox 1780 2718 1887 2747; x_wconf 88' lang='lat' dir='ltr'><strong>scptertt</strong></span> 
     </span>
    </p>
   </div>
   <div class='ocr_carea' id='block_1_118' title="bbox 1101 2754 1889 2792">
    <p class='ocr_par' dir='ltr' id='par_1_118' title="bbox 1101 2754 1889 2792">
     <span class='ocr_line' id='line_1_118' title="bbox 1101 2754 1889 2792; baseline 0.008 -14"><span class='ocrx_word' id='word_1_799' title='bbox 1101 2759 1216 2787; x_wconf 71' lang='lat' dir='ltr'><strong>quatuor</strong></span> <span class='ocrx_word' id='word_1_800' title='bbox 1242 2754 1334 2781; x_wconf 87' lang='lat' dir='ltr'><strong>millia.</strong></span> <span class='ocrx_word' id='word_1_801' title='bbox 1368 2754 1399 2782; x_wconf 78' lang='lat' dir='ltr'><strong>Et</strong></span> <span class='ocrx_word' id='word_1_802' title='bbox 1422 2756 1528 2790; x_wconf 80' lang='lat' dir='ltr'><strong>quidem</strong></span> <span class='ocrx_word' id='word_1_803' title='bbox 1555 2764 1588 2784; x_wconf 82' lang='lat' dir='ltr'><strong>ex</strong></span> <span class='ocrx_word' id='word_1_804' title='bbox 1618 2757 1738 2792; x_wconf 84' lang='lat' dir='ltr'><strong>quinque</strong></span> <span class='ocrx_word' id='word_1_805' title='bbox 1769 2759 1889 2792; x_wconf 76' lang='lat' dir='ltr'><strong>patrii-us</strong></span> 
     </span>
    </p>
   </div>
   <div class='ocr_carea' id='block_1_119' title="bbox 1101 2841 1884 2881">
    <p class='ocr_par' dir='ltr' id='par_1_119' title="bbox 1101 2841 1884 2881">
     <span class='ocr_line' id='line_1_119' title="bbox 1101 2841 1884 2881; baseline 0.017 -16"><span class='ocrx_word' id='word_1_806' title='bbox 1101 2841 1123 2855; x_wconf 78' lang='grc'><strong>⁵⁰</strong></span> <span class='ocrx_word' id='word_1_807' title='bbox 1138 2841 1315 2881; x_wconf 45' lang='grc' dir='ltr'><strong>ἰὶιὶι1.“4()-ι15.</strong></span> <span class='ocrx_word' id='word_1_808' title='bbox 1367 2844 1388 2859; x_wconf 75' lang='grc'><strong>³¹</strong></span> <span class='ocrx_word' id='word_1_809' title='bbox 1407 2845 1441 2872; x_wconf 88' lang='lat' dir='ltr'><strong>IV</strong></span> <span class='ocrx_word' id='word_1_810' title='bbox 1467 2846 1532 2881; x_wconf 75' lang='lat' dir='ltr'><strong>Ilcg.</strong></span> <span class='ocrx_word' id='word_1_811' title='bbox 1551 2855 1586 2878; x_wconf 87' lang='lat' dir='ltr'><strong>tv,</strong></span> <span class='ocrx_word' id='word_1_812' title='bbox 1613 2847 1707 2875; x_wconf 72' lang='lat'><strong>52-57.</strong></span> <span class='ocrx_word' id='word_1_813' title='bbox 1757 2849 1778 2864; x_wconf 84' lang='grc'><strong>³¹</strong></span> <span class='ocrx_word' id='word_1_814' title='bbox 1797 2849 1884 2879; x_wconf 76' lang='lat' dir='ltr'><strong>Exod.</strong></span> 
     </span>
    </p>
   </div>
   <div class='ocr_carea' id='block_1_120' title="bbox 1207 2877 1852 2916">
    <p class='ocr_par' dir='ltr' id='par_1_120' title="bbox 1207 2877 1852 2916">
     <span class='ocr_line' id='line_1_120' title="bbox 1207 2877 1852 2916; baseline 0.014 -14"><span class='ocrx_word' id='word_1_815' title='bbox 1207 2878 1229 2892; x_wconf 65' lang='grc'><strong>³³</strong></span> <span class='ocrx_word' id='word_1_816' title='bbox 1247 2877 1330 2905; x_wconf 84' lang='lat' dir='ltr'><strong>Levit.</strong></span> <span class='ocrx_word' id='word_1_817' title='bbox 1348 2887 1406 2913; x_wconf 65' lang='lat' dir='ltr'><strong>xrtr,</strong></span> <span class='ocrx_word' id='word_1_818' title='bbox 1425 2889 1478 2909; x_wconf 76' lang='lat' dir='ltr'><strong>xrv.</strong></span> <span class='ocrx_word' id='word_1_819' title='bbox 1506 2877 1537 2898; x_wconf 53' lang='lat'><strong>“5</strong></span> <span class='ocrx_word' id='word_1_820' title='bbox 1550 2882 1581 2910; x_wconf 93' lang='lat' dir='ltr'><strong>Ill</strong></span> <span class='ocrx_word' id='word_1_821' title='bbox 1594 2883 1658 2916; x_wconf 68' lang='lat' dir='ltr'><strong>Reg.</strong></span> <span class='ocrx_word' id='word_1_822' title='bbox 1680 2891 1739 2916; x_wconf 83' lang='lat' dir='ltr'><strong>vrrt,</strong></span> <span class='ocrx_word' id='word_1_823' title='bbox 1755 2885 1798 2916; x_wconf 74' lang='lat'><strong>(55,</strong></span> <span class='ocrx_word' id='word_1_824' title='bbox 1809 2885 1852 2912; x_wconf 82' lang='lat'><strong>66.</strong></span> 
     </span>
    </p>
   </div>
  </div>
