  <div class='ocr_page' id='page_1' title='image "/cluster/home/n/w/nwhite01/storage/ocr_20150623/127/njp.32101077773040/852.png"; bbox 0 0 2058 3159; ppageno 0'>
   <div class='ocr_carea' id='block_1_1' title="bbox 210 214 277 245">
    <p class='ocr_par' dir='ltr' id='par_1_1' title="bbox 210 214 277 245">
     <span class='ocr_line' id='line_1_1' title="bbox 210 214 277 245; baseline -0.03 0"><span class='ocrx_word' id='word_1_1' title='bbox 210 214 277 245; x_wconf 67' lang='lat' dir='ltr'><strong>liii)</strong></span> 
     </span>
    </p>
   </div>
   <div class='ocr_carea' id='block_1_2' title="bbox 665 207 1315 239">
    <p class='ocr_par' dir='ltr' id='par_1_2' title="bbox 665 207 1315 239">
     <span class='ocr_line' id='line_1_2' title="bbox 665 207 1315 239; baseline 0.002 -1"><span class='ocrx_word' id='word_1_2' title='bbox 665 209 824 239; x_wconf 73' lang='lat' dir='ltr'><strong>lelEl‘dS</strong></span> <span class='ocrx_word' id='word_1_3' title='bbox 846 207 885 238; x_wconf 78' lang='grc' dir='ltr'><strong>ΙΝ</strong></span> <span class='ocrx_word' id='word_1_4' title='bbox 906 208 1017 238; x_wconf 79' lang='lat' dir='ltr'><strong>ORAT.</strong></span> <span class='ocrx_word' id='word_1_5' title='bbox 1041 208 1132 238; x_wconf 79' lang='lat' dir='ltr'><strong>XLIV</strong></span> <span class='ocrx_word' id='word_1_6' title='bbox 1151 208 1180 238; x_wconf 38' lang='grc' dir='ltr'><strong>εν</strong></span> <span class='ocrx_word' id='word_1_7' title='bbox 1202 208 1315 239; x_wconf 82' lang='lat' dir='ltr'><strong>GREG.</strong></span> 
     </span>
    </p>
   </div>
   <div class='ocr_carea' id='block_1_3' title="bbox 1759 209 1826 242">
    <p class='ocr_par' dir='ltr' id='par_1_3' title="bbox 1759 209 1826 242">
     <span class='ocr_line' id='line_1_3' title="bbox 1759 209 1826 242; baseline 0 -2"><span class='ocrx_word' id='word_1_8' title='bbox 1759 209 1826 242; x_wconf 67' lang='grc'><strong>1450</strong></span> 
     </span>
    </p>
   </div>
   <div class='ocr_carea' id='block_1_4' title="bbox 210 263 1825 304">
    <p class='ocr_par' dir='ltr' id='par_1_4' title="bbox 210 263 1825 304">
     <span class='ocr_line' id='line_1_4' title="bbox 210 263 1825 304; baseline -0.002 -8"><span class='ocrx_word' id='word_1_9' title='bbox 210 269 365 304; x_wconf 55' lang='lat' dir='ltr'><strong>superfuere</strong></span> <span class='ocrx_word' id='word_1_10' title='bbox 387 267 528 294; x_wconf 84' lang='lat' dir='ltr'><strong>duodecim</strong></span> <span class='ocrx_word' id='word_1_11' title='bbox 558 265 679 301; x_wconf 83' lang='lat' dir='ltr'><strong>cophini,</strong></span> <span class='ocrx_word' id='word_1_12' title='bbox 708 269 817 299; x_wconf 83' lang='lat' dir='ltr'><strong>propter</strong></span> <span class='ocrx_word' id='word_1_13' title='bbox 844 265 1105 299; x_wconf 74' lang='lat' dir='ltr'><strong>apostnlos,Ar.t-m</strong></span> <span class='ocrx_word' id='word_1_14' title='bbox 1134 270 1160 291; x_wconf 87' lang='lat' dir='ltr'><strong>et</strong></span> <span class='ocrx_word' id='word_1_15' title='bbox 1191 264 1341 291; x_wconf 76' lang='lat' dir='ltr'><strong>doctrinam</strong></span> <span class='ocrx_word' id='word_1_16' title='bbox 1372 263 1482 291; x_wconf 88' lang='lat' dir='ltr'><strong>ltabent.</strong></span> <span class='ocrx_word' id='word_1_17' title='bbox 1511 264 1547 291; x_wconf 82' lang='lat' dir='ltr'><strong>Ac</strong></span> <span class='ocrx_word' id='word_1_18' title='bbox 1574 263 1721 299; x_wconf 87' lang='lat' dir='ltr'><strong>spiritualis</strong></span> <span class='ocrx_word' id='word_1_19' title='bbox 1743 266 1825 292; x_wconf 90' lang='lat' dir='ltr'><strong>etiam</strong></span> 
     </span>
    </p>
   </div>
   <div class='ocr_carea' id='block_1_5' title="bbox 210 312 990 347">
    <p class='ocr_par' dir='ltr' id='par_1_5' title="bbox 210 312 990 347">
     <span class='ocr_line' id='line_1_5' title="bbox 210 312 990 347; baseline -0.008 -7"><span class='ocrx_word' id='word_1_20' title='bbox 210 322 235 340; x_wconf 88' lang='lat' dir='ltr'><strong>ut</strong></span> <span class='ocrx_word' id='word_1_21' title='bbox 255 314 337 340; x_wconf 82' lang='lat' dir='ltr'><strong>Judas</strong></span> <span class='ocrx_word' id='word_1_22' title='bbox 353 321 461 347; x_wconf 79' lang='lat' dir='ltr'><strong>quoque</strong></span> <span class='ocrx_word' id='word_1_23' title='bbox 479 312 537 346; x_wconf 83' lang='lat' dir='ltr'><strong>ipsc</strong></span> <span class='ocrx_word' id='word_1_24' title='bbox 560 318 640 338; x_wconf 91' lang='lat' dir='ltr'><strong>suum</strong></span> <span class='ocrx_word' id='word_1_25' title='bbox 665 314 783 345; x_wconf 66' lang='lat' dir='ltr'><strong>gestaret</strong></span> <span class='ocrx_word' id='word_1_26' title='bbox 802 318 809 336; x_wconf 91' lang='lat'>:</span> <span class='ocrx_word' id='word_1_27' title='bbox 826 318 857 336; x_wconf 83' lang='lat' dir='ltr'><strong>ex</strong></span> <span class='ocrx_word' id='word_1_28' title='bbox 887 314 990 344; x_wconf 74' lang='lat' dir='ltr'><strong>septem</strong></span> 
     </span>
    </p>
   </div>
   <div class='ocr_carea' id='block_1_6' title="bbox 210 354 992 392">
    <p class='ocr_par' dir='ltr' id='par_1_6' title="bbox 210 354 992 392">
     <span class='ocr_line' id='line_1_6' title="bbox 210 354 992 392; baseline -0.008 -7"><span class='ocrx_word' id='word_1_29' title='bbox 210 365 297 385; x_wconf 68' lang='lat' dir='ltr'><strong>autem</strong></span> <span class='ocrx_word' id='word_1_30' title='bbox 323 359 449 392; x_wconf 80' lang='lat' dir='ltr'><strong>panibus,</strong></span> <span class='ocrx_word' id='word_1_31' title='bbox 475 362 574 391; x_wconf 65' lang='lat' dir='ltr'><strong>sporta:</strong></span> <span class='ocrx_word' id='word_1_32' title='bbox 591 361 704 388; x_wconf 77' lang='lat' dir='ltr'><strong>Septem.</strong></span> <span class='ocrx_word' id='word_1_33' title='bbox 730 360 839 388; x_wconf 83' lang='lat' dir='ltr'><strong>propter</strong></span> <span class='ocrx_word' id='word_1_34' title='bbox 860 354 992 380; x_wconf 82' lang='lat' dir='ltr'><strong>honorem</strong></span> 
     </span>
    </p>
   </div>
   <div class='ocr_carea' id='block_1_7' title="bbox 210 398 993 437">
    <p class='ocr_par' dir='ltr' id='par_1_7' title="bbox 210 398 993 437">
     <span class='ocr_line' id='line_1_7' title="bbox 210 398 993 437; baseline -0.008 -9"><span class='ocrx_word' id='word_1_35' title='bbox 210 403 364 437; x_wconf 73' lang='lat' dir='ltr'><strong>septenarii.</strong></span> <span class='ocrx_word' id='word_1_36' title='bbox 386 402 454 429; x_wconf 88' lang='lat' dir='ltr'><strong>Sunt</strong></span> <span class='ocrx_word' id='word_1_37' title='bbox 480 406 570 427; x_wconf 84' lang='lat' dir='ltr'><strong>autem</strong></span> <span class='ocrx_word' id='word_1_38' title='bbox 598 398 743 433; x_wconf 78' lang='lat' dir='ltr'><strong>allegorico</strong></span> <span class='ocrx_word' id='word_1_39' title='bbox 767 405 847 425; x_wconf 87' lang='lat' dir='ltr'><strong>sensu</strong></span> <span class='ocrx_word' id='word_1_40' title='bbox 873 398 993 431; x_wconf 85' lang='lat' dir='ltr'><strong>quinque</strong></span> 
     </span>
    </p>
   </div>
   <div class='ocr_carea' id='block_1_8' title="bbox 210 443 990 482">
    <p class='ocr_par' dir='ltr' id='par_1_8' title="bbox 210 443 990 482">
     <span class='ocr_line' id='line_1_8' title="bbox 210 443 990 482; baseline -0.01 -7"><span class='ocrx_word' id='word_1_41' title='bbox 210 456 311 482; x_wconf 74' lang='lat' dir='ltr'><strong>panes,</strong></span> <span class='ocrx_word' id='word_1_42' title='bbox 338 447 469 474; x_wconf 87' lang='lat' dir='ltr'><strong>natttralis</strong></span> <span class='ocrx_word' id='word_1_43' title='bbox 499 445 542 472; x_wconf 87' lang='lat' dir='ltr'><strong>illa</strong></span> <span class='ocrx_word' id='word_1_44' title='bbox 572 445 605 471; x_wconf 84' lang='lat' dir='ltr'><strong>de</strong></span> <span class='ocrx_word' id='word_1_45' title='bbox 633 444 686 470; x_wconf 86' lang='lat' dir='ltr'><strong>Deo</strong></span> <span class='ocrx_word' id='word_1_46' title='bbox 709 443 850 475; x_wconf 84' lang='lat' dir='ltr'><strong>doctrina,</strong></span> <span class='ocrx_word' id='word_1_47' title='bbox 876 449 935 476; x_wconf 72' lang='lat' dir='ltr'><strong>qua:</strong></span> <span class='ocrx_word' id='word_1_48' title='bbox 960 449 990 469; x_wconf 59' lang='lat' dir='ltr'><strong>ex</strong></span> 
     </span>
    </p>
   </div>
   <div class='ocr_carea' id='block_1_9' title="bbox 209 488 992 528">
    <p class='ocr_par' dir='ltr' id='par_1_9' title="bbox 209 488 992 528">
     <span class='ocr_line' id='line_1_9' title="bbox 209 488 992 528; baseline -0.008 -9"><span class='ocrx_word' id='word_1_49' title='bbox 209 495 330 528; x_wconf 85' lang='lat' dir='ltr'><strong>quinque</strong></span> <span class='ocrx_word' id='word_1_50' title='bbox 360 493 486 519; x_wconf 80' lang='lat' dir='ltr'><strong>sensibus</strong></span> <span class='ocrx_word' id='word_1_51' title='bbox 518 490 670 516; x_wconf 86' lang='lat' dir='ltr'><strong>innascitur</strong></span> <span class='ocrx_word' id='word_1_52' title='bbox 699 497 705 514; x_wconf 91' lang='lat'><strong>:</strong></span> <span class='ocrx_word' id='word_1_53' title='bbox 739 495 791 522; x_wconf 90' lang='lat' dir='ltr'><strong>qua</strong></span> <span class='ocrx_word' id='word_1_54' title='bbox 825 488 992 518; x_wconf 86' lang='lat' dir='ltr'><strong>nutriuntur,</strong></span> 
     </span>
    </p>
   </div>
   <div class='ocr_carea' id='block_1_10' title="bbox 210 533 993 573">
    <p class='ocr_par' dir='ltr' id='par_1_10' title="bbox 210 533 993 573">
     <span class='ocr_line' id='line_1_10' title="bbox 210 533 993 573; baseline -0.009 -7"><span class='ocrx_word' id='word_1_55' title='bbox 210 539 255 573; x_wconf 90' lang='lat' dir='ltr'><strong>qui</strong></span> <span class='ocrx_word' id='word_1_56' title='bbox 285 538 436 566; x_wconf 83' lang='lat' dir='ltr'><strong>sensualem</strong></span> <span class='ocrx_word' id='word_1_57' title='bbox 455 537 587 564; x_wconf 84' lang='lat' dir='ltr'><strong>duntaxat</strong></span> <span class='ocrx_word' id='word_1_58' title='bbox 611 535 692 561; x_wconf 88' lang='lat' dir='ltr'><strong>\itam</strong></span> <span class='ocrx_word' id='word_1_59' title='bbox 721 538 814 568; x_wconf 79' lang='lat' dir='ltr'><strong>agunt,</strong></span> <span class='ocrx_word' id='word_1_60' title='bbox 831 540 880 560; x_wconf 89' lang='lat' dir='ltr'><strong>nec</strong></span> <span class='ocrx_word' id='word_1_61' title='bbox 894 533 993 559; x_wconf 89' lang='lat' dir='ltr'><strong>mentis</strong></span> 
     </span>
    </p>
   </div>
   <div class='ocr_carea' id='block_1_11' title="bbox 210 580 992 616">
    <p class='ocr_par' dir='ltr' id='par_1_11' title="bbox 210 580 992 616">
     <span class='ocr_line' id='line_1_11' title="bbox 210 580 992 616; baseline -0.01 -4"><span class='ocrx_word' id='word_1_62' title='bbox 210 586 260 612; x_wconf 61' lang='lat' dir='ltr'><strong>aiis</strong></span> <span class='ocrx_word' id='word_1_63' title='bbox 276 585 308 610; x_wconf 87' lang='lat' dir='ltr'><strong>ad</strong></span> <span class='ocrx_word' id='word_1_64' title='bbox 327 584 510 611; x_wconf 84' lang='lat' dir='ltr'><strong>sublimiorem</strong></span> <span class='ocrx_word' id='word_1_65' title='bbox 527 581 737 616; x_wconf 78' lang='lat' dir='ltr'><strong>speculationem</strong></span> <span class='ocrx_word' id='word_1_66' title='bbox 765 580 842 606; x_wconf 89' lang='lat' dir='ltr'><strong>evehi</strong></span> <span class='ocrx_word' id='word_1_67' title='bbox 869 583 992 613; x_wconf 84' lang='lat' dir='ltr'><strong>possunt.</strong></span> 
     </span>
    </p>
   </div>
   <div class='ocr_carea' id='block_1_12' title="bbox 211 621 994 661">
    <p class='ocr_par' dir='ltr' id='par_1_12' title="bbox 211 621 994 661">
     <span class='ocr_line' id='line_1_12' title="bbox 211 621 994 661; baseline -0.013 -5"><span class='ocrx_word' id='word_1_68' title='bbox 211 629 286 656; x_wconf 86' lang='lat' dir='ltr'><strong>Unde</strong></span> <span class='ocrx_word' id='word_1_69' title='bbox 310 629 390 656; x_wconf 86' lang='lat' dir='ltr'><strong>etiam</strong></span> <span class='ocrx_word' id='word_1_70' title='bbox 420 634 466 661; x_wconf 86' lang='lat' dir='ltr'><strong>per</strong></span> <span class='ocrx_word' id='word_1_71' title='bbox 496 626 660 652; x_wconf 69' lang='lat' dir='ltr'><strong>hordeareos</strong></span> <span class='ocrx_word' id='word_1_72' title='bbox 678 631 762 658; x_wconf 86' lang='lat' dir='ltr'><strong>panes</strong></span> <span class='ocrx_word' id='word_1_73' title='bbox 779 622 843 649; x_wconf 91' lang='lat' dir='ltr'><strong>illud</strong></span> <span class='ocrx_word' id='word_1_74' title='bbox 858 621 994 656; x_wconf 79' lang='lat' dir='ltr'><strong>signiﬁca-</strong></span> 
     </span>
    </p>
   </div>
   <div class='ocr_carea' id='block_1_13' title="bbox 211 666 992 706">
    <p class='ocr_par' dir='ltr' id='par_1_13' title="bbox 211 666 992 706">
     <span class='ocr_line' id='line_1_13' title="bbox 211 666 992 706; baseline -0.013 -5"><span class='ocrx_word' id='word_1_75' title='bbox 211 680 264 706; x_wconf 86' lang='lat' dir='ltr'><strong>tur,</strong></span> <span class='ocrx_word' id='word_1_76' title='bbox 294 675 363 700; x_wconf 90' lang='lat' dir='ltr'><strong>hanc</strong></span> <span class='ocrx_word' id='word_1_77' title='bbox 399 673 550 699; x_wconf 74' lang='lat' dir='ltr'><strong>doctrinam</strong></span> <span class='ocrx_word' id='word_1_78' title='bbox 587 674 740 705; x_wconf 84' lang='lat' dir='ltr'><strong>promptam</strong></span> <span class='ocrx_word' id='word_1_79' title='bbox 772 672 855 702; x_wconf 84' lang='lat' dir='ltr'><strong>atque</strong></span> <span class='ocrx_word' id='word_1_80' title='bbox 884 666 992 693; x_wconf 74' lang='lat' dir='ltr'><strong>obviam</strong></span> 
     </span>
    </p>
   </div>
   <div class='ocr_carea' id='block_1_14' title="bbox 211 713 993 751">
    <p class='ocr_par' dir='ltr' id='par_1_14' title="bbox 211 713 993 751">
     <span class='ocr_line' id='line_1_14' title="bbox 211 713 993 751; baseline -0.012 -5"><span class='ocrx_word' id='word_1_81' title='bbox 211 728 292 751; x_wconf 77' lang='lat' dir='ltr'><strong>esse,</strong></span> <span class='ocrx_word' id='word_1_82' title='bbox 318 719 524 751; x_wconf 73' lang='lat' dir='ltr'><strong>naturalemque</strong></span> <span class='ocrx_word' id='word_1_83' title='bbox 555 715 769 750; x_wconf 77' lang='lat' dir='ltr'><strong>speculationem</strong></span> <span class='ocrx_word' id='word_1_84' title='bbox 810 713 993 747; x_wconf 70' lang='lat' dir='ltr'><strong>imperfectam</strong></span> 
     </span>
    </p>
   </div>
   <div class='ocr_carea' id='block_1_15' title="bbox 211 761 994 799">
    <p class='ocr_par' dir='ltr' id='par_1_15' title="bbox 211 761 994 799">
     <span class='ocr_line' id='line_1_15' title="bbox 211 761 994 799; baseline -0.011 -6"><span class='ocrx_word' id='word_1_85' title='bbox 211 767 310 793; x_wconf 89' lang='lat' dir='ltr'><strong>habere</strong></span> <span class='ocrx_word' id='word_1_86' title='bbox 349 775 355 792; x_wconf 89' lang='lat'><strong>:</strong></span> <span class='ocrx_word' id='word_1_87' title='bbox 389 763 609 799; x_wconf 80' lang='lat' dir='ltr'><strong>quandoquidem</strong></span> <span class='ocrx_word' id='word_1_88' title='bbox 653 770 703 789; x_wconf 91' lang='lat' dir='ltr'><strong>nec</strong></span> <span class='ocrx_word' id='word_1_89' title='bbox 740 761 890 788; x_wconf 88' lang='lat' dir='ltr'><strong>hordeaceo</strong></span> <span class='ocrx_word' id='word_1_90' title='bbox 927 766 994 792; x_wconf 89' lang='lat' dir='ltr'><strong>pane</strong></span> 
     </span>
    </p>
   </div>
   <div class='ocr_carea' id='block_1_16' title="bbox 212 805 995 844">
    <p class='ocr_par' dir='ltr' id='par_1_16' title="bbox 212 805 995 844">
     <span class='ocr_line' id='line_1_16' title="bbox 212 805 995 844; baseline -0.01 -7"><span class='ocrx_word' id='word_1_91' title='bbox 212 811 359 844; x_wconf 84' lang='lat' dir='ltr'><strong>quidquam</strong></span> <span class='ocrx_word' id='word_1_92' title='bbox 387 813 429 836; x_wconf 84' lang='lat' dir='ltr'><strong>est</strong></span> <span class='ocrx_word' id='word_1_93' title='bbox 451 809 542 835; x_wconf 84' lang='lat' dir='ltr'><strong>vilius.</strong></span> <span class='ocrx_word' id='word_1_94' title='bbox 560 807 637 840; x_wconf 84' lang='lat' dir='ltr'><strong>Quod</strong></span> <span class='ocrx_word' id='word_1_95' title='bbox 653 812 742 834; x_wconf 88' lang='lat' dir='ltr'><strong>autctn</strong></span> <span class='ocrx_word' id='word_1_96' title='bbox 759 814 819 833; x_wconf 89' lang='lat' dir='ltr'><strong>cum</strong></span> <span class='ocrx_word' id='word_1_97' title='bbox 838 805 995 831; x_wconf 74' lang='lat' dir='ltr'><strong>mulieribus</strong></span> 
     </span>
    </p>
   </div>
   <div class='ocr_carea' id='block_1_17' title="bbox 211 849 995 890">
    <p class='ocr_par' dir='ltr' id='par_1_17' title="bbox 211 849 995 890">
     <span class='ocr_line' id='line_1_17' title="bbox 211 849 995 890; baseline -0.009 -9"><span class='ocrx_word' id='word_1_98' title='bbox 211 861 236 881; x_wconf 89' lang='lat' dir='ltr'><strong>ct</strong></span> <span class='ocrx_word' id='word_1_99' title='bbox 252 855 345 890; x_wconf 89' lang='lat' dir='ltr'><strong>pueris</strong></span> <span class='ocrx_word' id='word_1_100' title='bbox 371 854 529 885; x_wconf 79' lang='lat' dir='ltr'><strong>comedunt,</strong></span> <span class='ocrx_word' id='word_1_101' title='bbox 558 853 583 878; x_wconf 89' lang='lat' dir='ltr'><strong>id</strong></span> <span class='ocrx_word' id='word_1_102' title='bbox 611 852 757 887; x_wconf 80' lang='lat' dir='ltr'><strong>significat,</strong></span> <span class='ocrx_word' id='word_1_103' title='bbox 772 857 819 877; x_wconf 89' lang='lat' dir='ltr'><strong>eos</strong></span> <span class='ocrx_word' id='word_1_104' title='bbox 840 858 855 877; x_wconf 85' lang='lat' dir='ltr'><strong>a</strong></span> <span class='ocrx_word' id='word_1_105' title='bbox 872 849 995 883; x_wconf 82' lang='lat' dir='ltr'><strong>volupta-</strong></span> 
     </span>
    </p>
   </div>
   <div class='ocr_carea' id='block_1_18' title="bbox 211 895 992 933">
    <p class='ocr_par' dir='ltr' id='par_1_18' title="bbox 211 895 992 933">
     <span class='ocr_line' id='line_1_18' title="bbox 211 895 992 933; baseline -0.009 -6"><span class='ocrx_word' id='word_1_106' title='bbox 211 906 266 927; x_wconf 91' lang='lat' dir='ltr'><strong>tum</strong></span> <span class='ocrx_word' id='word_1_107' title='bbox 296 899 491 933; x_wconf 72' lang='lat' dir='ltr'><strong>cupiditatibus</strong></span> <span class='ocrx_word' id='word_1_108' title='bbox 523 904 605 932; x_wconf 88' lang='lat' dir='ltr'><strong>atque</strong></span> <span class='ocrx_word' id='word_1_109' title='bbox 633 896 790 931; x_wconf 87' lang='lat' dir='ltr'><strong>imperfecta</strong></span> <span class='ocrx_word' id='word_1_110' title='bbox 817 895 929 922; x_wconf 82' lang='lat' dir='ltr'><strong>rationis</strong></span> <span class='ocrx_word' id='word_1_111' title='bbox 954 895 992 920; x_wconf 93' lang='lat' dir='ltr'><strong>iu-</strong></span> 
     </span>
    </p>
   </div>
   <div class='ocr_carea' id='block_1_19' title="bbox 1044 310 1826 346">
    <p class='ocr_par' dir='ltr' id='par_1_19' title="bbox 1044 310 1826 346">
     <span class='ocr_line' id='line_1_19' title="bbox 1044 310 1826 346; baseline 0.003 -10"><span class='ocrx_word' id='word_1_112' title='bbox 1044 317 1137 336; x_wconf 90' lang='lat' dir='ltr'><strong>corum</strong></span> <span class='ocrx_word' id='word_1_113' title='bbox 1164 310 1249 340; x_wconf 86' lang='lat' dir='ltr'><strong>cibus,</strong></span> <span class='ocrx_word' id='word_1_114' title='bbox 1279 314 1380 344; x_wconf 85' lang='lat' dir='ltr'><strong>septem</strong></span> <span class='ocrx_word' id='word_1_115' title='bbox 1409 317 1493 344; x_wconf 76' lang='lat' dir='ltr'><strong>panes</strong></span> <span class='ocrx_word' id='word_1_116' title='bbox 1517 314 1592 343; x_wconf 89' lang='lat' dir='ltr'><strong>sunt,</strong></span> <span class='ocrx_word' id='word_1_117' title='bbox 1621 316 1730 346; x_wconf 84' lang='lat' dir='ltr'><strong>propter</strong></span> <span class='ocrx_word' id='word_1_118' title='bbox 1749 311 1826 346; x_wconf 85' lang='lat' dir='ltr'><strong>puri-</strong></span> 
     </span>
    </p>
   </div>
   <div class='ocr_carea' id='block_1_20' title="bbox 1046 355 1825 391">
    <p class='ocr_par' dir='ltr' id='par_1_20' title="bbox 1046 355 1825 391">
     <span class='ocr_line' id='line_1_20' title="bbox 1046 355 1825 391; baseline 0.003 -9"><span class='ocrx_word' id='word_1_119' title='bbox 1046 359 1127 382; x_wconf 83' lang='lat' dir='ltr'><strong>tatem</strong></span> <span class='ocrx_word' id='word_1_120' title='bbox 1159 361 1185 383; x_wconf 88' lang='lat' dir='ltr'><strong>et</strong></span> <span class='ocrx_word' id='word_1_121' title='bbox 1215 356 1355 391; x_wconf 85' lang='lat' dir='ltr'><strong>mysticam</strong></span> <span class='ocrx_word' id='word_1_122' title='bbox 1390 356 1442 382; x_wconf 75' lang='lat' dir='ltr'><strong>vim</strong></span> <span class='ocrx_word' id='word_1_123' title='bbox 1471 355 1552 390; x_wconf 89' lang='lat' dir='ltr'><strong>hujus</strong></span> <span class='ocrx_word' id='word_1_124' title='bbox 1590 357 1706 383; x_wconf 90' lang='lat' dir='ltr'><strong>numeri.</strong></span> <span class='ocrx_word' id='word_1_125' title='bbox 1736 357 1825 391; x_wconf 87' lang='lat' dir='ltr'><strong>Septe-</strong></span> 
     </span>
    </p>
   </div>
   <div class='ocr_carea' id='block_1_21' title="bbox 1045 399 1826 439">
    <p class='ocr_par' dir='ltr' id='par_1_21' title="bbox 1045 399 1826 439">
     <span class='ocr_line' id='line_1_21' title="bbox 1045 399 1826 439; baseline 0.004 -13"><span class='ocrx_word' id='word_1_126' title='bbox 1045 400 1139 427; x_wconf 87' lang='lat' dir='ltr'><strong>narius</strong></span> <span class='ocrx_word' id='word_1_127' title='bbox 1156 401 1227 428; x_wconf 91' lang='lat' dir='ltr'><strong>enim</strong></span> <span class='ocrx_word' id='word_1_128' title='bbox 1244 405 1336 428; x_wconf 90' lang='lat' dir='ltr'><strong>castus</strong></span> <span class='ocrx_word' id='word_1_129' title='bbox 1358 404 1400 427; x_wconf 86' lang='lat' dir='ltr'><strong>est</strong></span> <span class='ocrx_word' id='word_1_130' title='bbox 1422 404 1448 427; x_wconf 91' lang='lat' dir='ltr'><strong>et</strong></span> <span class='ocrx_word' id='word_1_131' title='bbox 1470 400 1556 435; x_wconf 79' lang='lat' dir='ltr'><strong>virgo.</strong></span> <span class='ocrx_word' id='word_1_132' title='bbox 1583 401 1672 435; x_wconf 77' lang='lat' dir='ltr'><strong>Atque</strong></span> <span class='ocrx_word' id='word_1_133' title='bbox 1687 401 1712 427; x_wconf 87' lang='lat' dir='ltr'><strong>id</strong></span> <span class='ocrx_word' id='word_1_134' title='bbox 1732 399 1826 439; x_wconf 77' lang='lat' dir='ltr'><strong>etiam,</strong></span> 
     </span>
    </p>
   </div>
   <div class='ocr_carea' id='block_1_22' title="bbox 1044 446 1824 482">
    <p class='ocr_par' dir='ltr' id='par_1_22' title="bbox 1044 446 1824 482">
     <span class='ocr_line' id='line_1_22' title="bbox 1044 446 1824 482; baseline 0.003 -10"><span class='ocrx_word' id='word_1_135' title='bbox 1044 446 1116 480; x_wconf 91' lang='lat' dir='ltr'><strong>quod</strong></span> <span class='ocrx_word' id='word_1_136' title='bbox 1144 446 1267 474; x_wconf 80' lang='lat' dir='ltr'><strong>convivio</strong></span> <span class='ocrx_word' id='word_1_137' title='bbox 1296 451 1429 481; x_wconf 83' lang='lat' dir='ltr'><strong>superest,</strong></span> <span class='ocrx_word' id='word_1_138' title='bbox 1452 454 1555 481; x_wconf 85' lang='lat' dir='ltr'><strong>purum</strong></span> <span class='ocrx_word' id='word_1_139' title='bbox 1583 451 1610 474; x_wconf 90' lang='lat' dir='ltr'><strong>et</strong></span> <span class='ocrx_word' id='word_1_140' title='bbox 1636 447 1824 482; x_wconf 86' lang='lat' dir='ltr'><strong>incorruptum</strong></span> 
     </span>
    </p>
   </div>
   <div class='ocr_carea' id='block_1_23' title="bbox 1044 491 1825 528">
    <p class='ocr_par' dir='ltr' id='par_1_23' title="bbox 1044 491 1825 528">
     <span class='ocr_line' id='line_1_23' title="bbox 1044 491 1825 528; baseline 0.003 -9"><span class='ocrx_word' id='word_1_141' title='bbox 1044 500 1104 520; x_wconf 90' lang='lat' dir='ltr'><strong>csse</strong></span> <span class='ocrx_word' id='word_1_142' title='bbox 1119 500 1166 526; x_wconf 83' lang='lat' dir='ltr'><strong>per</strong></span> <span class='ocrx_word' id='word_1_143' title='bbox 1186 493 1370 526; x_wconf 86' lang='lat' dir='ltr'><strong>septenarium</strong></span> <span class='ocrx_word' id='word_1_144' title='bbox 1386 491 1555 528; x_wconf 74' lang='lat' dir='ltr'><strong>designatur.</strong></span> <span class='ocrx_word' id='word_1_145' title='bbox 1575 492 1737 527; x_wconf 84' lang='lat' dir='ltr'><strong>llujusmodi</strong></span> <span class='ocrx_word' id='word_1_146' title='bbox 1752 495 1825 521; x_wconf 86' lang='lat' dir='ltr'><strong>enim</strong></span> 
     </span>
    </p>
   </div>
   <div class='ocr_carea' id='block_1_24' title="bbox 1045 538 1822 575">
    <p class='ocr_par' dir='ltr' id='par_1_24' title="bbox 1045 538 1822 575">
     <span class='ocr_line' id='line_1_24' title="bbox 1045 538 1822 575; baseline 0.005 -11"><span class='ocrx_word' id='word_1_147' title='bbox 1045 543 1109 565; x_wconf 88' lang='lat' dir='ltr'><strong>sunt</strong></span> <span class='ocrx_word' id='word_1_148' title='bbox 1139 538 1237 565; x_wconf 62' lang='lat' dir='ltr'><strong>divinae</strong></span> <span class='ocrx_word' id='word_1_149' title='bbox 1271 542 1298 565; x_wconf 89' lang='lat' dir='ltr'><strong>et</strong></span> <span class='ocrx_word' id='word_1_150' title='bbox 1336 546 1443 566; x_wconf 67' lang='lat' dir='ltr'><strong>arcanm</strong></span> <span class='ocrx_word' id='word_1_151' title='bbox 1480 546 1512 566; x_wconf 85' lang='lat' dir='ltr'><strong>ac</strong></span> <span class='ocrx_word' id='word_1_152' title='bbox 1541 539 1700 574; x_wconf 88' lang='lat' dir='ltr'><strong>spirituales</strong></span> <span class='ocrx_word' id='word_1_153' title='bbox 1732 547 1822 575; x_wconf 86' lang='lat' dir='ltr'><strong>specu-</strong></span> 
     </span>
    </p>
   </div>
   <div class='ocr_carea' id='block_1_25' title="bbox 1045 583 1828 619">
    <p class='ocr_par' dir='ltr' id='par_1_25' title="bbox 1045 583 1828 619">
     <span class='ocr_line' id='line_1_25' title="bbox 1045 583 1828 619; baseline 0.004 -10"><span class='ocrx_word' id='word_1_154' title='bbox 1045 583 1170 611; x_wconf 88' lang='lat' dir='ltr'><strong>lationes.</strong></span> <span class='ocrx_word' id='word_1_155' title='bbox 1199 583 1265 610; x_wconf 84' lang='lat' dir='ltr'><strong>Nam</strong></span> <span class='ocrx_word' id='word_1_156' title='bbox 1297 589 1398 618; x_wconf 81' lang='lat' dir='ltr'><strong>septem</strong></span> <span class='ocrx_word' id='word_1_157' title='bbox 1435 591 1544 618; x_wconf 85' lang='lat' dir='ltr'><strong>quoque</strong></span> <span class='ocrx_word' id='word_1_158' title='bbox 1581 588 1643 611; x_wconf 78' lang='lat' dir='ltr'><strong>sunt</strong></span> <span class='ocrx_word' id='word_1_159' title='bbox 1672 585 1828 619; x_wconf 84' lang='lat' dir='ltr'><strong>spiritudcs</strong></span> 
     </span>
    </p>
   </div>
   <div class='ocr_carea' id='block_1_26' title="bbox 1045 628 1828 665">
    <p class='ocr_par' dir='ltr' id='par_1_26' title="bbox 1045 628 1828 665">
     <span class='ocr_line' id='line_1_26' title="bbox 1045 628 1828 665; baseline 0.003 -11"><span class='ocrx_word' id='word_1_160' title='bbox 1045 629 1147 662; x_wconf 72' lang='lat' dir='ltr'><strong>gratim.</strong></span> <span class='ocrx_word' id='word_1_161' title='bbox 1183 628 1316 661; x_wconf 86' lang='lat' dir='ltr'><strong>Quocirca</strong></span> <span class='ocrx_word' id='word_1_162' title='bbox 1360 629 1407 664; x_wconf 90' lang='lat' dir='ltr'><strong>qui</strong></span> <span class='ocrx_word' id='word_1_163' title='bbox 1441 629 1467 656; x_wconf 93' lang='lat' dir='ltr'><strong>in</strong></span> <span class='ocrx_word' id='word_1_164' title='bbox 1504 629 1603 664; x_wconf 87' lang='lat' dir='ltr'><strong>triplici</strong></span> <span class='ocrx_word' id='word_1_165' title='bbox 1635 630 1828 665; x_wconf 77' lang='lat' dir='ltr'><strong>philosophia,</strong></span> 
     </span>
    </p>
   </div>
   <div class='ocr_carea' id='block_1_27' title="bbox 1046 673 1828 708">
    <p class='ocr_par' dir='ltr' id='par_1_27' title="bbox 1046 673 1828 708">
     <span class='ocr_line' id='line_1_27' title="bbox 1046 673 1828 708; baseline 0.003 -9"><span class='ocrx_word' id='word_1_166' title='bbox 1046 674 1122 707; x_wconf 84' lang='lat' dir='ltr'><strong>quasi</strong></span> <span class='ocrx_word' id='word_1_167' title='bbox 1147 673 1235 701; x_wconf 88' lang='lat' dir='ltr'><strong>tribtts</strong></span> <span class='ocrx_word' id='word_1_168' title='bbox 1259 674 1373 706; x_wconf 89' lang='lat' dir='ltr'><strong>diebus,</strong></span> <span class='ocrx_word' id='word_1_169' title='bbox 1402 678 1560 700; x_wconf 84' lang='lat' dir='ltr'><strong>constanter</strong></span> <span class='ocrx_word' id='word_1_170' title='bbox 1590 675 1762 708; x_wconf 80' lang='lat' dir='ltr'><strong>prrsistunt,</strong></span> <span class='ocrx_word' id='word_1_171' title='bbox 1790 675 1828 702; x_wconf 92' lang='lat' dir='ltr'><strong>illi</strong></span> 
     </span>
    </p>
   </div>
   <div class='ocr_carea' id='block_1_28' title="bbox 1046 719 1828 755">
    <p class='ocr_par' dir='ltr' id='par_1_28' title="bbox 1046 719 1828 755">
     <span class='ocr_line' id='line_1_28' title="bbox 1046 719 1828 755; baseline 0.004 -11"><span class='ocrx_word' id='word_1_172' title='bbox 1046 719 1165 751; x_wconf 78' lang='lat' dir='ltr'><strong>domum,</strong></span> <span class='ocrx_word' id='word_1_173' title='bbox 1187 723 1214 745; x_wconf 89' lang='lat' dir='ltr'><strong>ct</strong></span> <span class='ocrx_word' id='word_1_174' title='bbox 1234 720 1360 751; x_wconf 89' lang='lat' dir='ltr'><strong>naturali,</strong></span> <span class='ocrx_word' id='word_1_175' title='bbox 1382 725 1409 746; x_wconf 89' lang='lat' dir='ltr'><strong>et</strong></span> <span class='ocrx_word' id='word_1_176' title='bbox 1434 720 1546 754; x_wconf 83' lang='lat' dir='ltr'><strong>scripta,</strong></span> <span class='ocrx_word' id='word_1_177' title='bbox 1566 725 1592 747; x_wconf 87' lang='lat' dir='ltr'><strong>et</strong></span> <span class='ocrx_word' id='word_1_178' title='bbox 1607 720 1721 754; x_wconf 83' lang='lat' dir='ltr'><strong>spiritali</strong></span> <span class='ocrx_word' id='word_1_179' title='bbox 1738 720 1796 755; x_wconf 77' lang='lat' dir='ltr'><strong>lege</strong></span> <span class='ocrx_word' id='word_1_180' title='bbox 1813 729 1828 746; x_wconf 79' lang='lat' dir='ltr'><strong>a</strong></span> 
     </span>
    </p>
   </div>
   <div class='ocr_carea' id='block_1_29' title="bbox 1046 764 1828 800">
    <p class='ocr_par' dir='ltr' id='par_1_29' title="bbox 1046 764 1828 800">
     <span class='ocr_line' id='line_1_29' title="bbox 1046 764 1828 800; baseline 0.001 -8"><span class='ocrx_word' id='word_1_181' title='bbox 1046 765 1136 792; x_wconf 83' lang='lat' dir='ltr'><strong>divino</strong></span> <span class='ocrx_word' id='word_1_182' title='bbox 1170 764 1440 792; x_wconf 79' lang='lat' dir='ltr'><strong>Verhonntriuntur.</strong></span> <span class='ocrx_word' id='word_1_183' title='bbox 1468 765 1504 792; x_wconf 86' lang='lat' dir='ltr'><strong>Ea</strong></span> <span class='ocrx_word' id='word_1_184' title='bbox 1535 773 1616 800; x_wconf 89' lang='lat' dir='ltr'><strong>porro</strong></span> <span class='ocrx_word' id='word_1_185' title='bbox 1648 767 1751 793; x_wconf 80' lang='lat' dir='ltr'><strong>ratione</strong></span> <span class='ocrx_word' id='word_1_186' title='bbox 1776 767 1828 800; x_wconf 83' lang='lat' dir='ltr'><strong>pri-</strong></span> 
     </span>
    </p>
   </div>
   <div class='ocr_carea' id='block_1_30' title="bbox 1047 811 1828 847">
    <p class='ocr_par' dir='ltr' id='par_1_30' title="bbox 1047 811 1828 847">
     <span class='ocr_line' id='line_1_30' title="bbox 1047 811 1828 847; baseline 0.001 -10"><span class='ocrx_word' id='word_1_187' title='bbox 1047 819 1118 838; x_wconf 92' lang='lat' dir='ltr'><strong>mum</strong></span> <span class='ocrx_word' id='word_1_188' title='bbox 1146 811 1267 846; x_wconf 78' lang='lat' dir='ltr'><strong>quinque</strong></span> <span class='ocrx_word' id='word_1_189' title='bbox 1309 811 1393 838; x_wconf 78' lang='lat' dir='ltr'><strong>millia</strong></span> <span class='ocrx_word' id='word_1_190' title='bbox 1430 816 1605 846; x_wconf 86' lang='lat' dir='ltr'><strong>pascuntur,</strong></span> <span class='ocrx_word' id='word_1_191' title='bbox 1639 812 1767 847; x_wconf 87' lang='lat' dir='ltr'><strong>quoniam</strong></span> <span class='ocrx_word' id='word_1_192' title='bbox 1802 812 1828 839; x_wconf 89' lang='lat' dir='ltr'><strong>in</strong></span> 
     </span>
    </p>
   </div>
   <div class='ocr_carea' id='block_1_31' title="bbox 1045 857 1830 892">
    <p class='ocr_par' dir='ltr' id='par_1_31' title="bbox 1045 857 1830 892">
     <span class='ocr_line' id='line_1_31' title="bbox 1045 857 1830 892; baseline -0.001 -8"><span class='ocrx_word' id='word_1_193' title='bbox 1045 865 1174 884; x_wconf 85' lang='lat' dir='ltr'><strong>sensuum</strong></span> <span class='ocrx_word' id='word_1_194' title='bbox 1198 865 1291 884; x_wconf 85' lang='lat' dir='ltr'><strong>curam</strong></span> <span class='ocrx_word' id='word_1_195' title='bbox 1319 858 1394 892; x_wconf 87' lang='lat' dir='ltr'><strong>prius</strong></span> <span class='ocrx_word' id='word_1_196' title='bbox 1423 857 1634 884; x_wconf 82' lang='lat' dir='ltr'><strong>incumbendum</strong></span> <span class='ocrx_word' id='word_1_197' title='bbox 1661 862 1722 890; x_wconf 88' lang='lat' dir='ltr'><strong>est,</strong></span> <span class='ocrx_word' id='word_1_198' title='bbox 1749 863 1830 892; x_wconf 83' lang='lat' dir='ltr'><strong>atque</strong></span> 
     </span>
    </p>
   </div>
   <div class='ocr_carea' id='block_1_32' title="bbox 1047 903 1829 938">
    <p class='ocr_par' dir='ltr' id='par_1_32' title="bbox 1047 903 1829 938">
     <span class='ocr_line' id='line_1_32' title="bbox 1047 903 1829 938; baseline 0.001 -8"><span class='ocrx_word' id='word_1_199' title='bbox 1047 904 1083 930; x_wconf 88' lang='lat' dir='ltr'><strong>ita</strong></span> <span class='ocrx_word' id='word_1_200' title='bbox 1106 904 1138 930; x_wconf 87' lang='lat' dir='ltr'><strong>ad</strong></span> <span class='ocrx_word' id='word_1_201' title='bbox 1163 903 1325 938; x_wconf 87' lang='lat' dir='ltr'><strong>perfectiora</strong></span> <span class='ocrx_word' id='word_1_202' title='bbox 1351 903 1586 938; x_wconf 81' lang='lat' dir='ltr'><strong>progrediendum.</strong></span> <span class='ocrx_word' id='word_1_203' title='bbox 1613 903 1673 931; x_wconf 81' lang='lat' dir='ltr'><strong>Jam</strong></span> <span class='ocrx_word' id='word_1_204' title='bbox 1703 911 1767 931; x_wconf 84' lang='lat' dir='ltr'><strong>vero</strong></span> <span class='ocrx_word' id='word_1_205' title='bbox 1789 911 1829 931; x_wconf 88' lang='lat' dir='ltr'><strong>co-</strong></span> 
     </span>
    </p>
   </div>
   <div class='ocr_carea' id='block_1_33' title="bbox 213 942 998 984">
    <p class='ocr_par' dir='ltr' id='par_1_33' title="bbox 213 942 995 979">
     <span class='ocr_line' id='line_1_33' title="bbox 213 942 995 979; baseline -0.008 -6"><span class='ocrx_word' id='word_1_206' title='bbox 213 946 295 973; x_wconf 75' lang='lat' dir='ltr'><strong>t‘antia</strong></span> <span class='ocrx_word' id='word_1_207' title='bbox 332 953 385 971; x_wconf 92' lang='lat' dir='ltr'><strong>non</strong></span> <span class='ocrx_word' id='word_1_208' title='bbox 423 945 501 979; x_wconf 86' lang='lat' dir='ltr'><strong>plane</strong></span> <span class='ocrx_word' id='word_1_209' title='bbox 538 944 637 970; x_wconf 84' lang='lat' dir='ltr'><strong>liberos</strong></span> <span class='ocrx_word' id='word_1_210' title='bbox 672 948 753 977; x_wconf 87' lang='lat' dir='ltr'><strong>atque</strong></span> <span class='ocrx_word' id='word_1_211' title='bbox 783 942 887 968; x_wconf 86' lang='lat' dir='ltr'><strong>alienos</strong></span> <span class='ocrx_word' id='word_1_212' title='bbox 925 948 995 968; x_wconf 87' lang='lat' dir='ltr'><strong>esse.</strong></span> 
     </span>
    </p>
   </div>
   <div class='ocr_carea' id='block_1_34' title="bbox 1051 942 1830 984">
    <p class='ocr_par' dir='ltr' id='par_1_34' title="bbox 1051 949 1830 984">
     <span class='ocr_line' id='line_1_34' title="bbox 1051 949 1830 984; baseline 0.003 -9"><span class='ocrx_word' id='word_1_213' title='bbox 1051 950 1134 984; x_wconf 88' lang='lat' dir='ltr'><strong>phini,</strong></span> <span class='ocrx_word' id='word_1_214' title='bbox 1152 951 1197 984; x_wconf 92' lang='lat' dir='ltr'><strong>qui</strong></span> <span class='ocrx_word' id='word_1_215' title='bbox 1218 958 1249 976; x_wconf 82' lang='lat' dir='ltr'><strong>ex</strong></span> <span class='ocrx_word' id='word_1_216' title='bbox 1267 950 1352 976; x_wconf 76' lang='lat' dir='ltr'><strong>textili</strong></span> <span class='ocrx_word' id='word_1_217' title='bbox 1369 950 1493 981; x_wconf 80' lang='lat' dir='ltr'><strong>materia,</strong></span> <span class='ocrx_word' id='word_1_218' title='bbox 1517 949 1569 977; x_wconf 85' lang='lat' dir='ltr'><strong>hoc</strong></span> <span class='ocrx_word' id='word_1_219' title='bbox 1590 953 1643 982; x_wconf 92' lang='lat' dir='ltr'><strong>est,</strong></span> <span class='ocrx_word' id='word_1_220' title='bbox 1667 957 1700 977; x_wconf 78' lang='lat' dir='ltr'><strong>ex</strong></span> <span class='ocrx_word' id='word_1_221' title='bbox 1723 949 1830 977; x_wconf 88' lang='lat' dir='ltr'><strong>vimini-</strong></span> 
     </span>
    </p>
   </div>
   <div class='ocr_carea' id='block_1_35' title="bbox 214 986 998 1026">
    <p class='ocr_par' dir='ltr' id='par_1_35' title="bbox 214 986 998 1026">
     <span class='ocr_line' id='line_1_35' title="bbox 214 986 998 1026; baseline -0.008 -8"><span class='ocrx_word' id='word_1_222' title='bbox 214 993 334 1026; x_wconf 88' lang='lat' dir='ltr'><strong>Denique</strong></span> <span class='ocrx_word' id='word_1_223' title='bbox 350 991 458 1024; x_wconf 84' lang='lat' dir='ltr'><strong>cophini</strong></span> <span class='ocrx_word' id='word_1_224' title='bbox 475 990 630 1022; x_wconf 83' lang='lat' dir='ltr'><strong>duodecim,</strong></span> <span class='ocrx_word' id='word_1_225' title='bbox 646 990 693 1024; x_wconf 88' lang='lat' dir='ltr'><strong>qui</strong></span> <span class='ocrx_word' id='word_1_226' title='bbox 710 988 884 1015; x_wconf 86' lang='lat' dir='ltr'><strong>multitudine</strong></span> <span class='ocrx_word' id='word_1_227' title='bbox 901 986 998 1013; x_wconf 87' lang='lat' dir='ltr'><strong>satiata</strong></span> 
     </span>
    </p>
   </div>
   <div class='ocr_carea' id='block_1_36' title="bbox 213 1033 997 1072">
    <p class='ocr_par' dir='ltr' id='par_1_36' title="bbox 213 1033 997 1072">
     <span class='ocr_line' id='line_1_36' title="bbox 213 1033 997 1072; baseline -0.009 -7"><span class='ocrx_word' id='word_1_228' title='bbox 213 1043 370 1072; x_wconf 83' lang='lat' dir='ltr'><strong>supersunt,</strong></span> <span class='ocrx_word' id='word_1_229' title='bbox 397 1037 546 1064; x_wconf 81' lang='lat' dir='ltr'><strong>naturalem</strong></span> <span class='ocrx_word' id='word_1_230' title='bbox 571 1040 599 1062; x_wconf 89' lang='lat' dir='ltr'><strong>et</strong></span> <span class='ocrx_word' id='word_1_231' title='bbox 623 1035 751 1062; x_wconf 86' lang='lat' dir='ltr'><strong>moralem</strong></span> <span class='ocrx_word' id='word_1_232' title='bbox 773 1039 800 1061; x_wconf 88' lang='lat' dir='ltr'><strong>et</strong></span> <span class='ocrx_word' id='word_1_233' title='bbox 818 1033 997 1067; x_wconf 79' lang='lat' dir='ltr'><strong>theologicam</strong></span> 
     </span>
    </p>
   </div>
   <div class='ocr_carea' id='block_1_37' title="bbox 212 1077 997 1116">
    <p class='ocr_par' dir='ltr' id='par_1_37' title="bbox 212 1077 997 1116">
     <span class='ocr_line' id='line_1_37' title="bbox 212 1077 997 1116; baseline -0.006 -7"><span class='ocrx_word' id='word_1_234' title='bbox 212 1083 363 1110; x_wconf 86' lang='lat' dir='ltr'><strong>doctrinam</strong></span> <span class='ocrx_word' id='word_1_235' title='bbox 404 1081 569 1116; x_wconf 72' lang='lat' dir='ltr'><strong>significant.</strong></span> <span class='ocrx_word' id='word_1_236' title='bbox 599 1080 645 1107; x_wconf 72' lang='lat' dir='ltr'><strong>Hm</strong></span> <span class='ocrx_word' id='word_1_237' title='bbox 675 1077 972 1113; x_wconf 78' lang='lat' dir='ltr'><strong>enim‘superfuerunt</strong></span> <span class='ocrx_word' id='word_1_238' title='bbox 990 1096 997 1109; x_wconf 87' lang='lat'><strong>,</strong></span> 
     </span>
    </p>
   </div>
   <div class='ocr_carea' id='block_1_38' title="bbox 212 1125 999 1163">
    <p class='ocr_par' dir='ltr' id='par_1_38' title="bbox 212 1125 999 1163">
     <span class='ocr_line' id='line_1_38' title="bbox 212 1125 999 1163; baseline -0.008 -8"><span class='ocrx_word' id='word_1_239' title='bbox 212 1130 276 1163; x_wconf 82' lang='lat' dir='ltr'><strong>quia</strong></span> <span class='ocrx_word' id='word_1_240' title='bbox 303 1128 404 1154; x_wconf 88' lang='lat' dir='ltr'><strong>nullam</strong></span> <span class='ocrx_word' id='word_1_241' title='bbox 436 1128 531 1153; x_wconf 87' lang='lat' dir='ltr'><strong>harum</strong></span> <span class='ocrx_word' id='word_1_242' title='bbox 562 1126 717 1158; x_wconf 83' lang='lat' dir='ltr'><strong>subierunt,</strong></span> <span class='ocrx_word' id='word_1_243' title='bbox 748 1125 798 1151; x_wconf 90' lang='lat' dir='ltr'><strong>hoc</strong></span> <span class='ocrx_word' id='word_1_244' title='bbox 824 1129 876 1154; x_wconf 85' lang='lat' dir='ltr'><strong>est.</strong></span> <span class='ocrx_word' id='word_1_245' title='bbox 903 1130 999 1158; x_wconf 89' lang='lat' dir='ltr'><strong>pervo-</strong></span> 
     </span>
    </p>
   </div>
   <div class='ocr_carea' id='block_1_39' title="bbox 214 1168 999 1201">
    <p class='ocr_par' dir='ltr' id='par_1_39' title="bbox 214 1168 999 1201">
     <span class='ocr_line' id='line_1_39' title="bbox 214 1168 999 1201; baseline -0.008 -2"><span class='ocrx_word' id='word_1_246' title='bbox 214 1174 321 1199; x_wconf 91' lang='lat' dir='ltr'><strong>luerunt</strong></span> <span class='ocrx_word' id='word_1_247' title='bbox 337 1176 384 1198; x_wconf 85' lang='lat' dir='ltr'><strong>aut</strong></span> <span class='ocrx_word' id='word_1_248' title='bbox 402 1171 610 1201; x_wconf 81' lang='lat' dir='ltr'><strong>intellexerunt,</strong></span> <span class='ocrx_word' id='word_1_249' title='bbox 633 1170 762 1196; x_wconf 89' lang='lat' dir='ltr'><strong>nitnirutn</strong></span> <span class='ocrx_word' id='word_1_250' title='bbox 778 1176 811 1195; x_wconf 75' lang='lat' dir='ltr'><strong>ex</strong></span> <span class='ocrx_word' id='word_1_251' title='bbox 827 1169 892 1195; x_wconf 84' lang='lat' dir='ltr'><strong>solis</strong></span> <span class='ocrx_word' id='word_1_252' title='bbox 912 1168 999 1194; x_wconf 86' lang='lat' dir='ltr'><strong>sensi-</strong></span> 
     </span>
    </p>
   </div>
   <div class='ocr_carea' id='block_1_40' title="bbox 213 1214 999 1250">
    <p class='ocr_par' dir='ltr' id='par_1_40' title="bbox 213 1214 999 1250">
     <span class='ocr_line' id='line_1_40' title="bbox 213 1214 999 1250; baseline -0.008 -5"><span class='ocrx_word' id='word_1_253' title='bbox 213 1220 275 1250; x_wconf 89' lang='lat' dir='ltr'><strong>bus,</strong></span> <span class='ocrx_word' id='word_1_254' title='bbox 291 1218 363 1245; x_wconf 87' lang='lat' dir='ltr'><strong>velut</strong></span> <span class='ocrx_word' id='word_1_255' title='bbox 379 1217 464 1244; x_wconf 85' lang='lat' dir='ltr'><strong>crassi</strong></span> <span class='ocrx_word' id='word_1_256' title='bbox 480 1222 507 1244; x_wconf 85' lang='lat' dir='ltr'><strong>et</strong></span> <span class='ocrx_word' id='word_1_257' title='bbox 522 1217 629 1250; x_wconf 88' lang='lat' dir='ltr'><strong>stttpide</strong></span> <span class='ocrx_word' id='word_1_258' title='bbox 657 1216 793 1243; x_wconf 80' lang='lat' dir='ltr'><strong>Creatoris</strong></span> <span class='ocrx_word' id='word_1_259' title='bbox 818 1214 999 1248; x_wconf 70' lang='lat' dir='ltr'><strong>cognitionem</strong></span> 
     </span>
    </p>
   </div>
   <div class='ocr_carea' id='block_1_41' title="bbox 213 1259 999 1297">
    <p class='ocr_par' dir='ltr' id='par_1_41' title="bbox 213 1259 999 1297">
     <span class='ocr_line' id='line_1_41' title="bbox 213 1259 999 1297; baseline -0.005 -8"><span class='ocrx_word' id='word_1_260' title='bbox 213 1264 343 1290; x_wconf 84' lang='lat' dir='ltr'><strong>assecuti.</strong></span> <span class='ocrx_word' id='word_1_261' title='bbox 360 1263 436 1296; x_wconf 86' lang='lat' dir='ltr'><strong>Quod</strong></span> <span class='ocrx_word' id='word_1_262' title='bbox 453 1263 476 1289; x_wconf 88' lang='lat' dir='ltr'><strong>si</strong></span> <span class='ocrx_word' id='word_1_263' title='bbox 493 1262 549 1297; x_wconf 75' lang='lat'><strong>(‘28)</strong></span> <span class='ocrx_word' id='word_1_264' title='bbox 565 1261 789 1296; x_wconf 77' lang='grc' dir='ltr'><strong>ὑπερϐεϐἡκασιν</strong></span> <span class='ocrx_word' id='word_1_265' title='bbox 808 1261 890 1293; x_wconf 81' lang='lat' dir='ltr'><strong>legas,</strong></span> <span class='ocrx_word' id='word_1_266' title='bbox 907 1259 932 1286; x_wconf 91' lang='lat' dir='ltr'><strong>id</strong></span> <span class='ocrx_word' id='word_1_267' title='bbox 948 1264 999 1291; x_wconf 79' lang='lat' dir='ltr'><strong>est,</strong></span> 
     </span>
    </p>
   </div>
   <div class='ocr_carea' id='block_1_42' title="bbox 215 1307 998 1342">
    <p class='ocr_par' dir='ltr' id='par_1_42' title="bbox 215 1307 998 1342">
     <span class='ocr_line' id='line_1_42' title="bbox 215 1307 998 1342; baseline -0.006 -7"><span class='ocrx_word' id='word_1_268' title='bbox 215 1314 377 1342; x_wconf 64' lang='lat' dir='ltr'><strong>superarunt</strong></span> <span class='ocrx_word' id='word_1_269' title='bbox 408 1313 488 1342; x_wconf 90' lang='lat' dir='ltr'><strong>atque</strong></span> <span class='ocrx_word' id='word_1_270' title='bbox 519 1307 680 1342; x_wconf 78' lang='lat' dir='ltr'><strong>supergressi</strong></span> <span class='ocrx_word' id='word_1_271' title='bbox 714 1311 795 1336; x_wconf 77' lang='lat' dir='ltr'><strong>sunt,</strong></span> <span class='ocrx_word' id='word_1_272' title='bbox 827 1313 881 1332; x_wconf 91' lang='lat' dir='ltr'><strong>non</strong></span> <span class='ocrx_word' id='word_1_273' title='bbox 910 1309 998 1331; x_wconf 84' lang='lat' dir='ltr'><strong>autem</strong></span> 
     </span>
    </p>
   </div>
   <div class='ocr_carea' id='block_1_43' title="bbox 215 1350 1001 1388">
    <p class='ocr_par' dir='ltr' id='par_1_43' title="bbox 215 1350 1001 1388">
     <span class='ocr_line' id='line_1_43' title="bbox 215 1350 1001 1388; baseline -0.005 -8"><span class='ocrx_word' id='word_1_274' title='bbox 215 1355 432 1388; x_wconf 64' lang='grc' dir='ltr'><strong>ὑποὸεῧήκασιν,</strong></span> <span class='ocrx_word' id='word_1_275' title='bbox 455 1354 480 1380; x_wconf 90' lang='lat' dir='ltr'><strong>id</strong></span> <span class='ocrx_word' id='word_1_276' title='bbox 499 1358 541 1380; x_wconf 88' lang='lat' dir='ltr'><strong>est</strong></span> <span class='ocrx_word' id='word_1_277' title='bbox 566 1354 712 1384; x_wconf 74' lang='lat' dir='ltr'><strong>subierunt,</strong></span> <span class='ocrx_word' id='word_1_278' title='bbox 739 1353 778 1379; x_wconf 87' lang='lat' dir='ltr'><strong>sic</strong></span> <span class='ocrx_word' id='word_1_279' title='bbox 797 1352 848 1378; x_wconf 88' lang='lat' dir='ltr'><strong>erit</strong></span> <span class='ocrx_word' id='word_1_280' title='bbox 864 1350 1001 1385; x_wconf 83' lang='lat' dir='ltr'><strong>accipien-</strong></span> 
     </span>
    </p>
   </div>
   <div class='ocr_carea' id='block_1_44' title="bbox 213 1397 1002 1433">
    <p class='ocr_par' dir='ltr' id='par_1_44' title="bbox 213 1397 1002 1433">
     <span class='ocr_line' id='line_1_44' title="bbox 213 1397 1002 1433; baseline -0.005 -7"><span class='ocrx_word' id='word_1_281' title='bbox 213 1401 277 1426; x_wconf 89' lang='lat' dir='ltr'><strong>dum</strong></span> <span class='ocrx_word' id='word_1_282' title='bbox 290 1409 297 1426; x_wconf 87' lang='grc'>;</span> <span class='ocrx_word' id='word_1_283' title='bbox 312 1400 385 1427; x_wconf 87' lang='lat' dir='ltr'><strong>Licet</strong></span> <span class='ocrx_word' id='word_1_284' title='bbox 400 1400 549 1427; x_wconf 90' lang='lat' dir='ltr'><strong>secundum</strong></span> <span class='ocrx_word' id='word_1_285' title='bbox 562 1407 659 1426; x_wconf 81' lang='lat' dir='ltr'><strong>sensus</strong></span> <span class='ocrx_word' id='word_1_286' title='bbox 674 1398 862 1433; x_wconf 71' lang='lat' dir='ltr'><strong>prtescriptum</strong></span> <span class='ocrx_word' id='word_1_287' title='bbox 880 1397 1002 1423; x_wconf 87' lang='lat' dir='ltr'><strong>viverent</strong></span> 
     </span>
    </p>
   </div>
   <div class='ocr_carea' id='block_1_45' title="bbox 213 1444 1001 1480">
    <p class='ocr_par' dir='ltr' id='par_1_45' title="bbox 213 1444 1001 1480">
     <span class='ocr_line' id='line_1_45' title="bbox 213 1444 1001 1480; baseline -0.004 -10"><span class='ocrx_word' id='word_1_288' title='bbox 213 1445 329 1480; x_wconf 87' lang='lat' dir='ltr'><strong>quinarii</strong></span> <span class='ocrx_word' id='word_1_289' title='bbox 352 1445 389 1472; x_wconf 89' lang='lat' dir='ltr'><strong>illi</strong></span> <span class='ocrx_word' id='word_1_290' title='bbox 408 1444 584 1480; x_wconf 78' lang='grc' dir='ltr'><strong>(μοναδικοὺς</strong></span> <span class='ocrx_word' id='word_1_291' title='bbox 606 1445 677 1470; x_wconf 87' lang='lat' dir='ltr'><strong>enim</strong></span> <span class='ocrx_word' id='word_1_292' title='bbox 700 1444 789 1478; x_wconf 81' lang='lat' dir='ltr'><strong>vocat)</strong></span> <span class='ocrx_word' id='word_1_293' title='bbox 816 1449 1001 1476; x_wconf 86' lang='lat' dir='ltr'><strong>sensuumque</strong></span> 
     </span>
    </p>
   </div>
   <div class='ocr_carea' id='block_1_46' title="bbox 213 1488 999 1526">
    <p class='ocr_par' dir='ltr' id='par_1_46' title="bbox 213 1488 999 1526">
     <span class='ocr_line' id='line_1_46' title="bbox 213 1488 999 1526; baseline -0.005 -7"><span class='ocrx_word' id='word_1_294' title='bbox 213 1499 296 1526; x_wconf 80' lang='lat' dir='ltr'><strong>opera</strong></span> <span class='ocrx_word' id='word_1_295' title='bbox 330 1496 357 1519; x_wconf 90' lang='lat' dir='ltr'><strong>et</strong></span> <span class='ocrx_word' id='word_1_296' title='bbox 391 1491 548 1525; x_wconf 85' lang='lat' dir='ltr'><strong>adjumento</strong></span> <span class='ocrx_word' id='word_1_297' title='bbox 579 1490 761 1524; x_wconf 71' lang='lat' dir='ltr'><strong>cognitionem</strong></span> <span class='ocrx_word' id='word_1_298' title='bbox 797 1489 842 1516; x_wconf 85' lang='lat' dir='ltr'><strong>Dei</strong></span> <span class='ocrx_word' id='word_1_299' title='bbox 876 1488 999 1522; x_wconf 74' lang='lat' dir='ltr'><strong>expisca-</strong></span> 
     </span>
    </p>
   </div>
   <div class='ocr_carea' id='block_1_47' title="bbox 216 1534 1002 1569">
    <p class='ocr_par' dir='ltr' id='par_1_47' title="bbox 216 1534 1002 1569">
     <span class='ocr_line' id='line_1_47' title="bbox 216 1534 1002 1569; baseline -0.005 -5"><span class='ocrx_word' id='word_1_300' title='bbox 216 1543 310 1564; x_wconf 83' lang='lat' dir='ltr'><strong>rentur</strong></span> <span class='ocrx_word' id='word_1_301' title='bbox 327 1557 334 1568; x_wconf 83' lang='lat'><strong>,</strong></span> <span class='ocrx_word' id='word_1_302' title='bbox 368 1542 455 1564; x_wconf 88' lang='lat' dir='ltr'><strong>tamen</strong></span> <span class='ocrx_word' id='word_1_303' title='bbox 476 1537 502 1563; x_wconf 87' lang='lat' dir='ltr'><strong>in</strong></span> <span class='ocrx_word' id='word_1_304' title='bbox 519 1544 551 1563; x_wconf 91' lang='lat' dir='ltr'><strong>eo</strong></span> <span class='ocrx_word' id='word_1_305' title='bbox 576 1537 773 1566; x_wconf 81' lang='lat' dir='ltr'><strong>redundarent,</strong></span> <span class='ocrx_word' id='word_1_306' title='bbox 792 1534 862 1569; x_wconf 88' lang='lat' dir='ltr'><strong>quod</strong></span> <span class='ocrx_word' id='word_1_307' title='bbox 881 1541 931 1560; x_wconf 86' lang='lat' dir='ltr'><strong>nec</strong></span> <span class='ocrx_word' id='word_1_308' title='bbox 952 1541 1002 1563; x_wconf 82' lang='lat' dir='ltr'><strong>na-</strong></span> 
     </span>
    </p>
   </div>
   <div class='ocr_carea' id='block_1_48' title="bbox 216 1579 1001 1615">
    <p class='ocr_par' dir='ltr' id='par_1_48' title="bbox 216 1579 1001 1615">
     <span class='ocr_line' id='line_1_48' title="bbox 216 1579 1001 1615; baseline -0.004 -6"><span class='ocrx_word' id='word_1_309' title='bbox 216 1583 351 1615; x_wconf 86' lang='lat' dir='ltr'><strong>turalem,</strong></span> <span class='ocrx_word' id='word_1_310' title='bbox 379 1591 429 1609; x_wconf 88' lang='lat' dir='ltr'><strong>nec</strong></span> <span class='ocrx_word' id='word_1_311' title='bbox 455 1582 596 1613; x_wconf 78' lang='lat' dir='ltr'><strong>moralem,</strong></span> <span class='ocrx_word' id='word_1_312' title='bbox 617 1589 665 1608; x_wconf 87' lang='lat' dir='ltr'><strong>nec</strong></span> <span class='ocrx_word' id='word_1_313' title='bbox 694 1581 873 1615; x_wconf 77' lang='lat' dir='ltr'><strong>theologicam</strong></span> <span class='ocrx_word' id='word_1_314' title='bbox 898 1579 1001 1607; x_wconf 89' lang='lat' dir='ltr'><strong>doctri-</strong></span> 
     </span>
    </p>
   </div>
   <div class='ocr_carea' id='block_1_49' title="bbox 215 1624 1000 1660">
    <p class='ocr_par' dir='ltr' id='par_1_49' title="bbox 215 1624 1000 1660">
     <span class='ocr_line' id='line_1_49' title="bbox 215 1624 1000 1660; baseline -0.006 -5"><span class='ocrx_word' id='word_1_315' title='bbox 215 1635 280 1655; x_wconf 86' lang='lat' dir='ltr'><strong>nam</strong></span> <span class='ocrx_word' id='word_1_316' title='bbox 305 1628 493 1660; x_wconf 82' lang='lat' dir='ltr'><strong>transilierint,</strong></span> <span class='ocrx_word' id='word_1_317' title='bbox 518 1627 543 1654; x_wconf 89' lang='lat' dir='ltr'><strong>id</strong></span> <span class='ocrx_word' id='word_1_318' title='bbox 569 1630 622 1658; x_wconf 90' lang='lat' dir='ltr'><strong>est,</strong></span> <span class='ocrx_word' id='word_1_319' title='bbox 651 1627 760 1652; x_wconf 77' lang='lat' dir='ltr'><strong>missam</strong></span> <span class='ocrx_word' id='word_1_320' title='bbox 784 1625 907 1652; x_wconf 78' lang='lat' dir='ltr'><strong>fecerint.</strong></span> <span class='ocrx_word' id='word_1_321' title='bbox 931 1624 1000 1651; x_wconf 85' lang='lat' dir='ltr'><strong>Nam</strong></span> 
     </span>
    </p>
   </div>
   <div class='ocr_carea' id='block_1_50' title="bbox 215 1671 999 1709">
    <p class='ocr_par' dir='ltr' id='par_1_50' title="bbox 215 1671 999 1709">
     <span class='ocr_line' id='line_1_50' title="bbox 215 1671 999 1709; baseline -0.009 -7"><span class='ocrx_word' id='word_1_322' title='bbox 215 1675 259 1702; x_wconf 83' lang='lat' dir='ltr'><strong>his</strong></span> <span class='ocrx_word' id='word_1_323' title='bbox 289 1675 334 1709; x_wconf 91' lang='lat' dir='ltr'><strong>qui</strong></span> <span class='ocrx_word' id='word_1_324' title='bbox 359 1682 406 1708; x_wconf 85' lang='lat' dir='ltr'><strong>per</strong></span> <span class='ocrx_word' id='word_1_325' title='bbox 430 1673 582 1700; x_wconf 86' lang='lat' dir='ltr'><strong>naturalem</strong></span> <span class='ocrx_word' id='word_1_326' title='bbox 611 1672 826 1706; x_wconf 86' lang='lat' dir='ltr'><strong>speculationem</strong></span> <span class='ocrx_word' id='word_1_327' title='bbox 850 1671 884 1697; x_wconf 90' lang='lat' dir='ltr'><strong>ad</strong></span> <span class='ocrx_word' id='word_1_328' title='bbox 908 1671 999 1704; x_wconf 91' lang='lat' dir='ltr'><strong>inqui-</strong></span> 
     </span>
    </p>
   </div>
   <div class='ocr_carea' id='block_1_51' title="bbox 215 1716 1000 1754">
    <p class='ocr_par' dir='ltr' id='par_1_51' title="bbox 215 1716 1000 1754">
     <span class='ocr_line' id='line_1_51' title="bbox 215 1716 1000 1754; baseline -0.008 -7"><span class='ocrx_word' id='word_1_329' title='bbox 215 1720 327 1748; x_wconf 85' lang='lat' dir='ltr'><strong>rendam</strong></span> <span class='ocrx_word' id='word_1_330' title='bbox 353 1719 398 1746; x_wconf 89' lang='lat' dir='ltr'><strong>Dei</strong></span> <span class='ocrx_word' id='word_1_331' title='bbox 425 1719 609 1754; x_wconf 80' lang='lat' dir='ltr'><strong>cognitionem</strong></span> <span class='ocrx_word' id='word_1_332' title='bbox 628 1721 782 1749; x_wconf 82' lang='lat' dir='ltr'><strong>moventur,</strong></span> <span class='ocrx_word' id='word_1_333' title='bbox 806 1717 853 1742; x_wconf 89' lang='lat' dir='ltr'><strong>Dei</strong></span> <span class='ocrx_word' id='word_1_334' title='bbox 881 1716 1000 1744; x_wconf 78' lang='lat' dir='ltr'><strong>Verbum</strong></span> 
     </span>
    </p>
   </div>
   <div class='ocr_carea' id='block_1_52' title="bbox 217 1761 1002 1800">
    <p class='ocr_par' dir='ltr' id='par_1_52' title="bbox 217 1761 1002 1800">
     <span class='ocr_line' id='line_1_52' title="bbox 217 1761 1002 1800; baseline -0.006 -7"><span class='ocrx_word' id='word_1_335' title='bbox 217 1766 372 1800; x_wconf 90' lang='lat' dir='ltr'><strong>spirituales</strong></span> <span class='ocrx_word' id='word_1_336' title='bbox 404 1769 508 1791; x_wconf 66' lang='lat' dir='ltr'><strong>natura:</strong></span> <span class='ocrx_word' id='word_1_337' title='bbox 537 1771 620 1798; x_wconf 89' lang='lat' dir='ltr'><strong>panes</strong></span> <span class='ocrx_word' id='word_1_338' title='bbox 647 1762 790 1797; x_wconf 76' lang='lat' dir='ltr'><strong>frangens,</strong></span> <span class='ocrx_word' id='word_1_339' title='bbox 823 1770 931 1789; x_wconf 88' lang='lat' dir='ltr'><strong>omnem</strong></span> <span class='ocrx_word' id='word_1_340' title='bbox 958 1761 1002 1788; x_wconf 91' lang='lat' dir='ltr'><strong>bo-</strong></span> 
     </span>
    </p>
   </div>
   <div class='ocr_carea' id='block_1_53' title="bbox 217 1807 1003 1842">
    <p class='ocr_par' dir='ltr' id='par_1_53' title="bbox 217 1807 1003 1842">
     <span class='ocr_line' id='line_1_53' title="bbox 217 1807 1003 1842; baseline -0.006 -5"><span class='ocrx_word' id='word_1_341' title='bbox 217 1819 312 1838; x_wconf 89' lang='lat' dir='ltr'><strong>norum</strong></span> <span class='ocrx_word' id='word_1_342' title='bbox 335 1809 498 1837; x_wconf 77' lang='lat' dir='ltr'><strong>aﬂluentiam</strong></span> <span class='ocrx_word' id='word_1_343' title='bbox 523 1809 728 1842; x_wconf 84' lang='lat' dir='ltr'><strong>satietatemque</strong></span> <span class='ocrx_word' id='word_1_344' title='bbox 753 1807 887 1842; x_wconf 78' lang='lat' dir='ltr'><strong>largitur:</strong></span> <span class='ocrx_word' id='word_1_345' title='bbox 908 1814 1003 1840; x_wconf 88' lang='lat' dir='ltr'><strong>quem-</strong></span> 
     </span>
    </p>
   </div>
   <div class='ocr_carea' id='block_1_54' title="bbox 218 1855 1002 1891">
    <p class='ocr_par' dir='ltr' id='par_1_54' title="bbox 218 1855 1002 1891">
     <span class='ocr_line' id='line_1_54' title="bbox 218 1855 1002 1891; baseline -0.008 -4"><span class='ocrx_word' id='word_1_346' title='bbox 218 1860 365 1887; x_wconf 88' lang='lat' dir='ltr'><strong>admodum</strong></span> <span class='ocrx_word' id='word_1_347' title='bbox 399 1859 520 1886; x_wconf 89' lang='lat' dir='ltr'><strong>indieant</strong></span> <span class='ocrx_word' id='word_1_348' title='bbox 557 1858 701 1885; x_wconf 88' lang='lat' dir='ltr'><strong>duodecim</strong></span> <span class='ocrx_word' id='word_1_349' title='bbox 732 1856 863 1891; x_wconf 89' lang='lat' dir='ltr'><strong>cophini,</strong></span> <span class='ocrx_word' id='word_1_350' title='bbox 891 1863 924 1881; x_wconf 77' lang='lat' dir='ltr'><strong>ex</strong></span> <span class='ocrx_word' id='word_1_351' title='bbox 960 1855 1002 1882; x_wconf 89' lang='lat' dir='ltr'><strong>his</strong></span> 
     </span>
    </p>
   </div>
   <div class='ocr_carea' id='block_1_55' title="bbox 217 1902 1001 1942">
    <p class='ocr_par' dir='ltr' id='par_1_55' title="bbox 217 1902 1001 1942">
     <span class='ocr_line' id='line_1_55' title="bbox 217 1902 1001 1942; baseline -0.009 -8"><span class='ocrx_word' id='word_1_352' title='bbox 217 1915 279 1942; x_wconf 69' lang='lat' dir='ltr'><strong>qua:</strong></span> <span class='ocrx_word' id='word_1_353' title='bbox 304 1906 495 1941; x_wconf 84' lang='lat' dir='ltr'><strong>superfuerant</strong></span> <span class='ocrx_word' id='word_1_354' title='bbox 534 1905 652 1932; x_wconf 86' lang='lat' dir='ltr'><strong>collecti.</strong></span> <span class='ocrx_word' id='word_1_355' title='bbox 683 1903 722 1930; x_wconf 84' lang='lat' dir='ltr'><strong>Ac</strong></span> <span class='ocrx_word' id='word_1_356' title='bbox 748 1903 866 1930; x_wconf 89' lang='lat' dir='ltr'><strong>ternaria</strong></span> <span class='ocrx_word' id='word_1_357' title='bbox 893 1902 1001 1936; x_wconf 87' lang='lat' dir='ltr'><strong>quidem</strong></span> 
     </span>
    </p>
   </div>
   <div class='ocr_carea' id='block_1_56' title="bbox 217 1948 1001 1988">
    <p class='ocr_par' dir='ltr' id='par_1_56' title="bbox 217 1948 1001 1988">
     <span class='ocr_line' id='line_1_56' title="bbox 217 1948 1001 1988; baseline -0.01 -7"><span class='ocrx_word' id='word_1_358' title='bbox 217 1959 259 1981; x_wconf 82' lang='lat' dir='ltr'><strong>est</strong></span> <span class='ocrx_word' id='word_1_359' title='bbox 283 1953 433 1988; x_wconf 78' lang='lat' dir='ltr'><strong>theologica</strong></span> <span class='ocrx_word' id='word_1_360' title='bbox 459 1951 604 1983; x_wconf 84' lang='lat' dir='ltr'><strong>doctrina,</strong></span> <span class='ocrx_word' id='word_1_361' title='bbox 635 1954 745 1985; x_wconf 87' lang='lat' dir='ltr'><strong>propter</strong></span> <span class='ocrx_word' id='word_1_362' title='bbox 768 1954 889 1976; x_wconf 85' lang='lat' dir='ltr'><strong>sanctam</strong></span> <span class='ocrx_word' id='word_1_363' title='bbox 920 1948 1001 1975; x_wconf 92' lang='lat' dir='ltr'><strong>unius</strong></span> 
     </span>
    </p>
   </div>
   <div class='ocr_carea' id='block_1_57' title="bbox 218 1996 1002 2030">
    <p class='ocr_par' dir='ltr' id='par_1_57' title="bbox 218 1996 1002 2030">
     <span class='ocr_line' id='line_1_57' title="bbox 218 1996 1002 2030; baseline -0.009 -4"><span class='ocrx_word' id='word_1_364' title='bbox 218 1999 366 2026; x_wconf 83' lang='lat' dir='ltr'><strong>divinitatis</strong></span> <span class='ocrx_word' id='word_1_365' title='bbox 402 1998 574 2025; x_wconf 84' lang='lat' dir='ltr'><strong>Trinitatem.</strong></span> <span class='ocrx_word' id='word_1_366' title='bbox 608 1996 781 2030; x_wconf 80' lang='lat' dir='ltr'><strong>Quadruplex</strong></span> <span class='ocrx_word' id='word_1_367' title='bbox 811 1999 900 2022; x_wconf 83' lang='lat' dir='ltr'><strong>autem</strong></span> <span class='ocrx_word' id='word_1_368' title='bbox 943 2001 1002 2020; x_wconf 91' lang='lat' dir='ltr'><strong>mo-</strong></span> 
     </span>
    </p>
   </div>
   <div class='ocr_carea' id='block_1_58' title="bbox 220 2038 1002 2079">
    <p class='ocr_par' dir='ltr' id='par_1_58' title="bbox 220 2038 1002 2079">
     <span class='ocr_line' id='line_1_58' title="bbox 220 2038 1002 2079; baseline -0.009 -8"><span class='ocrx_word' id='word_1_369' title='bbox 220 2045 306 2077; x_wconf 87' lang='lat' dir='ltr'><strong>ralis,</strong></span> <span class='ocrx_word' id='word_1_370' title='bbox 337 2048 446 2079; x_wconf 91' lang='lat' dir='ltr'><strong>propter</strong></span> <span class='ocrx_word' id='word_1_371' title='bbox 475 2046 593 2077; x_wconf 88' lang='lat' dir='ltr'><strong>quatuor</strong></span> <span class='ocrx_word' id='word_1_372' title='bbox 628 2041 773 2076; x_wconf 87' lang='lat' dir='ltr'><strong>primarias</strong></span> <span class='ocrx_word' id='word_1_373' title='bbox 805 2045 832 2067; x_wconf 89' lang='lat' dir='ltr'><strong>et</strong></span> <span class='ocrx_word' id='word_1_374' title='bbox 864 2038 1002 2074; x_wconf 81' lang='lat' dir='ltr'><strong>generales</strong></span> 
     </span>
    </p>
   </div>
   <div class='ocr_carea' id='block_1_59' title="bbox 221 2087 1001 2124">
    <p class='ocr_par' dir='ltr' id='par_1_59' title="bbox 221 2087 1001 2124">
     <span class='ocr_line' id='line_1_59' title="bbox 221 2087 1001 2124; baseline -0.008 -8"><span class='ocrx_word' id='word_1_375' title='bbox 221 2091 357 2123; x_wconf 87' lang='lat' dir='ltr'><strong>virtutes;</strong></span> <span class='ocrx_word' id='word_1_376' title='bbox 384 2089 554 2124; x_wconf 90' lang='lat' dir='ltr'><strong>prudentiam</strong></span> <span class='ocrx_word' id='word_1_377' title='bbox 573 2107 580 2119; x_wconf 93' lang='lat'><strong>,</strong></span> <span class='ocrx_word' id='word_1_378' title='bbox 608 2087 792 2115; x_wconf 85' lang='lat' dir='ltr'><strong>fortitudinem</strong></span> <span class='ocrx_word' id='word_1_379' title='bbox 806 2105 814 2118; x_wconf 88' lang='lat'><strong>,</strong></span> <span class='ocrx_word' id='word_1_380' title='bbox 846 2091 1001 2119; x_wconf 82' lang='lat' dir='ltr'><strong>temperan-</strong></span> 
     </span>
    </p>
   </div>
   <div class='ocr_carea' id='block_1_60' title="bbox 219 2130 999 2169">
    <p class='ocr_par' dir='ltr' id='par_1_60' title="bbox 219 2130 999 2169">
     <span class='ocr_line' id='line_1_60' title="bbox 219 2130 999 2169; baseline -0.008 -7"><span class='ocrx_word' id='word_1_381' title='bbox 219 2137 283 2162; x_wconf 84' lang='lat' dir='ltr'><strong>tiam</strong></span> <span class='ocrx_word' id='word_1_382' title='bbox 314 2140 340 2162; x_wconf 90' lang='lat' dir='ltr'><strong>et</strong></span> <span class='ocrx_word' id='word_1_383' title='bbox 365 2134 524 2169; x_wconf 78' lang='lat' dir='ltr'><strong>justitiam;</strong></span> <span class='ocrx_word' id='word_1_384' title='bbox 557 2134 683 2168; x_wconf 84' lang='lat' dir='ltr'><strong>quinaria</strong></span> <span class='ocrx_word' id='word_1_385' title='bbox 721 2136 812 2159; x_wconf 83' lang='lat' dir='ltr'><strong>autem</strong></span> <span class='ocrx_word' id='word_1_386' title='bbox 848 2130 999 2162; x_wconf 83' lang='lat' dir='ltr'><strong>naturalis,</strong></span> 
     </span>
    </p>
   </div>
   <div class='ocr_carea' id='block_1_61' title="bbox 219 2176 1001 2215">
    <p class='ocr_par' dir='ltr' id='par_1_61' title="bbox 219 2176 1001 2215">
     <span class='ocr_line' id='line_1_61' title="bbox 219 2176 1001 2215; baseline -0.004 -9"><span class='ocrx_word' id='word_1_387' title='bbox 219 2185 328 2215; x_wconf 91' lang='lat' dir='ltr'><strong>propter</strong></span> <span class='ocrx_word' id='word_1_388' title='bbox 363 2180 525 2212; x_wconf 78' lang='lat' dir='ltr'><strong>materiam,</strong></span> <span class='ocrx_word' id='word_1_389' title='bbox 551 2187 611 2213; x_wconf 77' lang='lat' dir='ltr'><strong>qua:</strong></span> <span class='ocrx_word' id='word_1_390' title='bbox 643 2187 674 2206; x_wconf 81' lang='lat' dir='ltr'><strong>ex</strong></span> <span class='ocrx_word' id='word_1_391' title='bbox 705 2182 822 2212; x_wconf 87' lang='lat' dir='ltr'><strong>quatuor</strong></span> <span class='ocrx_word' id='word_1_392' title='bbox 860 2176 1001 2204; x_wconf 87' lang='lat' dir='ltr'><strong>clementis</strong></span> 
     </span>
    </p>
   </div>
   <div class='ocr_carea' id='block_1_62' title="bbox 218 2223 999 2259">
    <p class='ocr_par' dir='ltr' id='par_1_62' title="bbox 218 2223 999 2259">
     <span class='ocr_line' id='line_1_62' title="bbox 218 2223 999 2259; baseline -0.006 -5"><span class='ocrx_word' id='word_1_393' title='bbox 218 2226 332 2254; x_wconf 74' lang='lat' dir='ltr'><strong>conﬂata</strong></span> <span class='ocrx_word' id='word_1_394' title='bbox 372 2226 486 2252; x_wconf 82' lang='lat' dir='ltr'><strong>fortnam</strong></span> <span class='ocrx_word' id='word_1_395' title='bbox 529 2226 653 2259; x_wconf 88' lang='lat' dir='ltr'><strong>quintam</strong></span> <span class='ocrx_word' id='word_1_396' title='bbox 701 2224 854 2258; x_wconf 84' lang='lat' dir='ltr'><strong>adjunctam</strong></span> <span class='ocrx_word' id='word_1_397' title='bbox 906 2223 999 2250; x_wconf 86' lang='lat' dir='ltr'><strong>habet.</strong></span> 
     </span>
    </p>
   </div>
   <div class='ocr_carea' id='block_1_63' title="bbox 1052 995 1830 1026">
    <p class='ocr_par' dir='ltr' id='par_1_63' title="bbox 1052 995 1830 1026">
     <span class='ocr_line' id='line_1_63' title="bbox 1052 995 1830 1026; baseline 0.001 -6"><span class='ocrx_word' id='word_1_398' title='bbox 1052 995 1102 1021; x_wconf 90' lang='lat' dir='ltr'><strong>bus</strong></span> <span class='ocrx_word' id='word_1_399' title='bbox 1131 995 1194 1021; x_wconf 78' lang='lat' dir='ltr'><strong>texti</strong></span> <span class='ocrx_word' id='word_1_400' title='bbox 1225 998 1300 1026; x_wconf 91' lang='lat' dir='ltr'><strong>sunt,</strong></span> <span class='ocrx_word' id='word_1_401' title='bbox 1325 995 1489 1022; x_wconf 75' lang='lat' dir='ltr'><strong>laboriosam</strong></span> <span class='ocrx_word' id='word_1_402' title='bbox 1514 999 1541 1022; x_wconf 86' lang='lat' dir='ltr'><strong>et</strong></span> <span class='ocrx_word' id='word_1_403' title='bbox 1567 1002 1747 1022; x_wconf 77' lang='lat' dir='ltr'><strong>:erumnosam</strong></span> <span class='ocrx_word' id='word_1_404' title='bbox 1772 1002 1830 1022; x_wconf 88' lang='lat' dir='ltr'><strong>cam</strong></span> 
     </span>
    </p>
   </div>
   <div class='ocr_carea' id='block_1_64' title="bbox 1050 1041 1829 1077">
    <p class='ocr_par' dir='ltr' id='par_1_64' title="bbox 1050 1041 1829 1077">
     <span class='ocr_line' id='line_1_64' title="bbox 1050 1041 1829 1077; baseline 0.003 -10"><span class='ocrx_word' id='word_1_405' title='bbox 1050 1041 1130 1067; x_wconf 59' lang='lat' dir='ltr'><strong>\itavu</strong></span> <span class='ocrx_word' id='word_1_406' title='bbox 1160 1041 1313 1076; x_wconf 79' lang='lat' dir='ltr'><strong>designant,</strong></span> <span class='ocrx_word' id='word_1_407' title='bbox 1340 1049 1400 1076; x_wconf 64' lang='lat' dir='ltr'><strong>quae</strong></span> <span class='ocrx_word' id='word_1_408' title='bbox 1430 1042 1456 1068; x_wconf 94' lang='lat' dir='ltr'><strong>in</strong></span> <span class='ocrx_word' id='word_1_409' title='bbox 1485 1043 1594 1069; x_wconf 86' lang='lat' dir='ltr'><strong>actione</strong></span> <span class='ocrx_word' id='word_1_410' title='bbox 1617 1047 1751 1075; x_wconf 87' lang='lat' dir='ltr'><strong>versatur,</strong></span> <span class='ocrx_word' id='word_1_411' title='bbox 1777 1050 1829 1077; x_wconf 87' lang='lat' dir='ltr'><strong>qua</strong></span> 
     </span>
    </p>
   </div>
   <div class='ocr_carea' id='block_1_65' title="bbox 1050 1086 1830 1122">
    <p class='ocr_par' dir='ltr' id='par_1_65' title="bbox 1050 1086 1830 1122">
     <span class='ocr_line' id='line_1_65' title="bbox 1050 1086 1830 1122; baseline 0.003 -9"><span class='ocrx_word' id='word_1_412' title='bbox 1050 1094 1117 1120; x_wconf 92' lang='lat' dir='ltr'><strong>opus</strong></span> <span class='ocrx_word' id='word_1_413' title='bbox 1136 1086 1256 1118; x_wconf 82' lang='lat' dir='ltr'><strong>habent,</strong></span> <span class='ocrx_word' id='word_1_414' title='bbox 1276 1086 1321 1121; x_wconf 87' lang='lat' dir='ltr'><strong>qui</strong></span> <span class='ocrx_word' id='word_1_415' title='bbox 1338 1086 1453 1120; x_wconf 87' lang='lat' dir='ltr'><strong>alicujus</strong></span> <span class='ocrx_word' id='word_1_416' title='bbox 1470 1087 1626 1122; x_wconf 87' lang='lat' dir='ltr'><strong>magisterio</strong></span> <span class='ocrx_word' id='word_1_417' title='bbox 1642 1093 1667 1114; x_wconf 89' lang='lat' dir='ltr'><strong>et</strong></span> <span class='ocrx_word' id='word_1_418' title='bbox 1689 1088 1830 1122; x_wconf 80' lang='lat' dir='ltr'><strong>disciplina</strong></span> 
     </span>
    </p>
   </div>
   <div class='ocr_carea' id='block_1_66' title="bbox 1050 1131 1830 1166">
    <p class='ocr_par' dir='ltr' id='par_1_66' title="bbox 1050 1131 1830 1166">
     <span class='ocr_line' id='line_1_66' title="bbox 1050 1131 1830 1166; baseline 0.001 -8"><span class='ocrx_word' id='word_1_419' title='bbox 1050 1136 1190 1166; x_wconf 75' lang='lat' dir='ltr'><strong>reguntur.</strong></span> <span class='ocrx_word' id='word_1_420' title='bbox 1216 1131 1319 1164; x_wconf 79' lang='lat' dir='ltr'><strong>Sporta:</strong></span> <span class='ocrx_word' id='word_1_421' title='bbox 1340 1136 1439 1164; x_wconf 88' lang='lat' dir='ltr'><strong>autem,</strong></span> <span class='ocrx_word' id='word_1_422' title='bbox 1458 1139 1519 1166; x_wconf 78' lang='lat' dir='ltr'><strong>qua:</strong></span> <span class='ocrx_word' id='word_1_423' title='bbox 1535 1139 1565 1158; x_wconf 86' lang='lat' dir='ltr'><strong>ex</strong></span> <span class='ocrx_word' id='word_1_424' title='bbox 1582 1132 1732 1165; x_wconf 84' lang='lat' dir='ltr'><strong>palmarum</strong></span> <span class='ocrx_word' id='word_1_425' title='bbox 1748 1134 1830 1159; x_wconf 89' lang='lat' dir='ltr'><strong>ramis</strong></span> 
     </span>
    </p>
   </div>
   <div class='ocr_carea' id='block_1_67' title="bbox 1051 1175 1830 1212">
    <p class='ocr_par' dir='ltr' id='par_1_67' title="bbox 1051 1175 1830 1212">
     <span class='ocr_line' id='line_1_67' title="bbox 1051 1175 1830 1212; baseline 0.003 -10"><span class='ocrx_word' id='word_1_426' title='bbox 1051 1176 1139 1208; x_wconf 87' lang='lat' dir='ltr'><strong>fiunt,</strong></span> <span class='ocrx_word' id='word_1_427' title='bbox 1169 1175 1310 1202; x_wconf 80' lang='lat' dir='ltr'><strong>victoriam</strong></span> <span class='ocrx_word' id='word_1_428' title='bbox 1342 1183 1401 1203; x_wconf 87' lang='lat' dir='ltr'><strong>eam</strong></span> <span class='ocrx_word' id='word_1_429' title='bbox 1432 1176 1602 1211; x_wconf 81' lang='lat' dir='ltr'><strong>significant,</strong></span> <span class='ocrx_word' id='word_1_430' title='bbox 1636 1184 1715 1212; x_wconf 77' lang='lat' dir='ltr'><strong>quam</strong></span> <span class='ocrx_word' id='word_1_431' title='bbox 1745 1177 1830 1211; x_wconf 77' lang='lat' dir='ltr'><strong>pcrfc~</strong></span> 
     </span>
    </p>
   </div>
   <div class='ocr_carea' id='block_1_68' title="bbox 1051 1221 1826 1252">
    <p class='ocr_par' dir='ltr' id='par_1_68' title="bbox 1051 1221 1826 1252">
     <span class='ocr_line' id='line_1_68' title="bbox 1051 1221 1826 1252; baseline 0.001 -3"><span class='ocrx_word' id='word_1_432' title='bbox 1051 1223 1150 1249; x_wconf 88' lang='lat' dir='ltr'><strong>ctiores</strong></span> <span class='ocrx_word' id='word_1_433' title='bbox 1175 1223 1318 1252; x_wconf 84' lang='lat' dir='ltr'><strong>homines.</strong></span> <span class='ocrx_word' id='word_1_434' title='bbox 1351 1221 1513 1249; x_wconf 87' lang='lat' dir='ltr'><strong>turbulentis</strong></span> <span class='ocrx_word' id='word_1_435' title='bbox 1541 1222 1625 1249; x_wconf 85' lang='lat' dir='ltr'><strong>animi</strong></span> <span class='ocrx_word' id='word_1_436' title='bbox 1651 1223 1769 1250; x_wconf 89' lang='lat' dir='ltr'><strong>motibus</strong></span> <span class='ocrx_word' id='word_1_437' title='bbox 1785 1223 1826 1250; x_wconf 86' lang='lat' dir='ltr'><strong>do-</strong></span> 
     </span>
    </p>
   </div>
   <div class='ocr_carea' id='block_1_69' title="bbox 1051 1267 1829 1302">
    <p class='ocr_par' dir='ltr' id='par_1_69' title="bbox 1051 1267 1829 1302">
     <span class='ocr_line' id='line_1_69' title="bbox 1051 1267 1829 1302; baseline 0 -8"><span class='ocrx_word' id='word_1_438' title='bbox 1051 1267 1126 1294; x_wconf 89' lang='lat' dir='ltr'><strong>mitis</strong></span> <span class='ocrx_word' id='word_1_439' title='bbox 1151 1272 1177 1294; x_wconf 91' lang='lat' dir='ltr'><strong>et</strong></span> <span class='ocrx_word' id='word_1_440' title='bbox 1203 1268 1375 1302; x_wconf 80' lang='lat' dir='ltr'><strong>expugnatis,</strong></span> <span class='ocrx_word' id='word_1_441' title='bbox 1406 1272 1626 1302; x_wconf 86' lang='lat' dir='ltr'><strong>consequuntur.</strong></span> <span class='ocrx_word' id='word_1_442' title='bbox 1649 1268 1718 1294; x_wconf 91' lang='lat' dir='ltr'><strong>Nam</strong></span> <span class='ocrx_word' id='word_1_443' title='bbox 1744 1268 1770 1294; x_wconf 93' lang='lat' dir='ltr'><strong>in</strong></span> <span class='ocrx_word' id='word_1_444' title='bbox 1795 1268 1829 1294; x_wconf 95' lang='lat' dir='ltr'><strong>vi-</strong></span> 
     </span>
    </p>
   </div>
   <div class='ocr_carea' id='block_1_70' title="bbox 1051 1312 1832 1348">
    <p class='ocr_par' dir='ltr' id='par_1_70' title="bbox 1051 1312 1832 1348">
     <span class='ocr_line' id='line_1_70' title="bbox 1051 1312 1832 1348; baseline 0 -8"><span class='ocrx_word' id='word_1_445' title='bbox 1051 1314 1143 1340; x_wconf 71' lang='lat' dir='ltr'><strong>ctoria:</strong></span> <span class='ocrx_word' id='word_1_446' title='bbox 1162 1313 1269 1348; x_wconf 55' lang='lat' dir='ltr'><strong>signum</strong></span> <span class='ocrx_word' id='word_1_447' title='bbox 1285 1312 1440 1347; x_wconf 86' lang='lat' dir='ltr'><strong>hujusmodi</strong></span> <span class='ocrx_word' id='word_1_448' title='bbox 1460 1320 1551 1340; x_wconf 85' lang='lat' dir='ltr'><strong>ramus</strong></span> <span class='ocrx_word' id='word_1_449' title='bbox 1567 1313 1653 1348; x_wconf 86' lang='lat' dir='ltr'><strong>accipi</strong></span> <span class='ocrx_word' id='word_1_450' title='bbox 1672 1313 1751 1341; x_wconf 88' lang='lat' dir='ltr'><strong>solet.</strong></span> <span class='ocrx_word' id='word_1_451' title='bbox 1778 1312 1832 1340; x_wconf 84' lang='lat' dir='ltr'><strong>Nec</strong></span> 
     </span>
    </p>
   </div>
   <div class='ocr_carea' id='block_1_71' title="bbox 1050 1358 1832 1393">
    <p class='ocr_par' dir='ltr' id='par_1_71' title="bbox 1050 1358 1832 1393">
     <span class='ocr_line' id='line_1_71' title="bbox 1050 1358 1832 1393; baseline 0.001 -8"><span class='ocrx_word' id='word_1_452' title='bbox 1050 1366 1115 1386; x_wconf 86' lang='lat' dir='ltr'><strong>vero</strong></span> <span class='ocrx_word' id='word_1_453' title='bbox 1131 1359 1280 1393; x_wconf 87' lang='lat' dir='ltr'><strong>quidquam</strong></span> <span class='ocrx_word' id='word_1_454' title='bbox 1306 1359 1403 1385; x_wconf 91' lang='lat' dir='ltr'><strong>horum</strong></span> <span class='ocrx_word' id='word_1_455' title='bbox 1424 1358 1618 1386; x_wconf 88' lang='lat' dir='ltr'><strong>miraculorum</strong></span> <span class='ocrx_word' id='word_1_456' title='bbox 1644 1364 1755 1392; x_wconf 86' lang='lat' dir='ltr'><strong>temere,</strong></span> <span class='ocrx_word' id='word_1_457' title='bbox 1783 1359 1832 1387; x_wconf 81' lang='lat' dir='ltr'><strong>hoc</strong></span> 
     </span>
    </p>
   </div>
   <div class='ocr_carea' id='block_1_72' title="bbox 1051 1404 1832 1440">
    <p class='ocr_par' dir='ltr' id='par_1_72' title="bbox 1051 1404 1832 1440">
     <span class='ocr_line' id='line_1_72' title="bbox 1051 1404 1832 1440; baseline -0.001 -8"><span class='ocrx_word' id='word_1_458' title='bbox 1051 1410 1111 1436; x_wconf 90' lang='lat' dir='ltr'><strong>cst,</strong></span> <span class='ocrx_word' id='word_1_459' title='bbox 1146 1405 1205 1432; x_wconf 80' lang='lat' dir='ltr'><strong>sine</strong></span> <span class='ocrx_word' id='word_1_460' title='bbox 1234 1411 1317 1432; x_wconf 80' lang='lat' dir='ltr'><strong>causa</strong></span> <span class='ocrx_word' id='word_1_461' title='bbox 1350 1405 1480 1431; x_wconf 80' lang='lat' dir='ltr'><strong>edebatur</strong></span> <span class='ocrx_word' id='word_1_462' title='bbox 1520 1404 1592 1440; x_wconf 88' lang='lat' dir='ltr'><strong>(hoc</strong></span> <span class='ocrx_word' id='word_1_463' title='bbox 1624 1405 1695 1431; x_wconf 86' lang='lat' dir='ltr'><strong>enim</strong></span> <span class='ocrx_word' id='word_1_464' title='bbox 1737 1405 1832 1439; x_wconf 89' lang='lat' dir='ltr'><strong>spiritu</strong></span> 
     </span>
    </p>
   </div>
   <div class='ocr_carea' id='block_1_73' title="bbox 1052 1449 1830 1487">
    <p class='ocr_par' dir='ltr' id='par_1_73' title="bbox 1052 1449 1830 1487">
     <span class='ocr_line' id='line_1_73' title="bbox 1052 1449 1830 1487; baseline -0.001 -9"><span class='ocrx_word' id='word_1_465' title='bbox 1052 1453 1191 1487; x_wconf 77' lang='lat' dir='ltr'><strong>indignum</strong></span> <span class='ocrx_word' id='word_1_466' title='bbox 1216 1449 1277 1486; x_wconf 85' lang='lat' dir='ltr'><strong>est)</strong></span> <span class='ocrx_word' id='word_1_467' title='bbox 1307 1459 1400 1478; x_wconf 89' lang='lat' dir='ltr'><strong>verum</strong></span> <span class='ocrx_word' id='word_1_468' title='bbox 1431 1452 1502 1478; x_wconf 87' lang='lat' dir='ltr'><strong>haud</strong></span> <span class='ocrx_word' id='word_1_469' title='bbox 1531 1451 1613 1478; x_wconf 79' lang='lat' dir='ltr'><strong>dubie</strong></span> <span class='ocrx_word' id='word_1_470' title='bbox 1637 1451 1830 1478; x_wconf 91' lang='lat' dir='ltr'><strong>miraculorum</strong></span> 
     </span>
    </p>
   </div>
   <div class='ocr_carea' id='block_1_74' title="bbox 1051 1497 1831 1532">
    <p class='ocr_par' dir='ltr' id='par_1_74' title="bbox 1051 1497 1831 1532">
     <span class='ocr_line' id='line_1_74' title="bbox 1051 1497 1831 1532; baseline 0 -8"><span class='ocrx_word' id='word_1_471' title='bbox 1051 1498 1215 1530; x_wconf 84' lang='lat' dir='ltr'><strong>diversitas,</strong></span> <span class='ocrx_word' id='word_1_472' title='bbox 1247 1505 1278 1525; x_wconf 91' lang='lat' dir='ltr'><strong>ae</strong></span> <span class='ocrx_word' id='word_1_473' title='bbox 1303 1498 1417 1525; x_wconf 68' lang='lat' dir='ltr'><strong>diversa:</strong></span> <span class='ocrx_word' id='word_1_474' title='bbox 1447 1497 1550 1525; x_wconf 75' lang='lat' dir='ltr'><strong>satiatae</strong></span> <span class='ocrx_word' id='word_1_475' title='bbox 1574 1497 1660 1531; x_wconf 85' lang='lat' dir='ltr'><strong>plebis</strong></span> <span class='ocrx_word' id='word_1_476' title='bbox 1689 1497 1831 1532; x_wconf 70' lang='lat' dir='ltr'><strong>reliquiae,</strong></span> 
     </span>
    </p>
   </div>
   <div class='ocr_carea' id='block_1_75' title="bbox 1052 1541 1832 1577">
    <p class='ocr_par' dir='ltr' id='par_1_75' title="bbox 1052 1541 1832 1577">
     <span class='ocr_line' id='line_1_75' title="bbox 1052 1541 1832 1577; baseline 0 -9"><span class='ocrx_word' id='word_1_477' title='bbox 1052 1542 1150 1576; x_wconf 84' lang='lat' dir='ltr'><strong>optima</strong></span> <span class='ocrx_word' id='word_1_478' title='bbox 1179 1542 1295 1576; x_wconf 87' lang='lat' dir='ltr'><strong>quadam</strong></span> <span class='ocrx_word' id='word_1_479' title='bbox 1326 1541 1431 1569; x_wconf 89' lang='lat' dir='ltr'><strong>ratione</strong></span> <span class='ocrx_word' id='word_1_480' title='bbox 1455 1546 1481 1568; x_wconf 88' lang='lat' dir='ltr'><strong>et</strong></span> <span class='ocrx_word' id='word_1_481' title='bbox 1505 1541 1619 1577; x_wconf 82' lang='lat' dir='ltr'><strong>mystica</strong></span> <span class='ocrx_word' id='word_1_482' title='bbox 1634 1541 1832 1576; x_wconf 78' lang='lat' dir='ltr'><strong>speculatione,</strong></span> 
     </span>
    </p>
   </div>
   <div class='ocr_carea' id='block_1_76' title="bbox 1053 1586 1834 1621">
    <p class='ocr_par' dir='ltr' id='par_1_76' title="bbox 1053 1586 1834 1621">
     <span class='ocr_line' id='line_1_76' title="bbox 1053 1586 1834 1621; baseline 0 -8"><span class='ocrx_word' id='word_1_483' title='bbox 1053 1594 1067 1613; x_wconf 90' lang='lat' dir='ltr'><strong>a</strong></span> <span class='ocrx_word' id='word_1_484' title='bbox 1095 1586 1202 1614; x_wconf 87' lang='lat' dir='ltr'><strong>Domini</strong></span> <span class='ocrx_word' id='word_1_485' title='bbox 1232 1587 1372 1614; x_wconf 86' lang='lat' dir='ltr'><strong>divinitate</strong></span> <span class='ocrx_word' id='word_1_486' title='bbox 1409 1594 1579 1621; x_wconf 85' lang='lat' dir='ltr'><strong>nequaquam</strong></span> <span class='ocrx_word' id='word_1_487' title='bbox 1611 1587 1719 1619; x_wconf 88' lang='lat' dir='ltr'><strong>aliena,</strong></span> <span class='ocrx_word' id='word_1_488' title='bbox 1747 1587 1834 1614; x_wconf 88' lang='lat' dir='ltr'><strong>conti-</strong></span> 
     </span>
    </p>
   </div>
   <div class='ocr_carea' id='block_1_77' title="bbox 1052 1632 1834 1668">
    <p class='ocr_par' dir='ltr' id='par_1_77' title="bbox 1052 1632 1834 1668">
     <span class='ocr_line' id='line_1_77' title="bbox 1052 1632 1834 1668; baseline 0.001 -9"><span class='ocrx_word' id='word_1_489' title='bbox 1052 1637 1157 1668; x_wconf 82' lang='lat' dir='ltr'><strong>gerunt.</strong></span> <span class='ocrx_word' id='word_1_490' title='bbox 1183 1632 1253 1665; x_wconf 90' lang='lat' dir='ltr'><strong>Quin</strong></span> <span class='ocrx_word' id='word_1_491' title='bbox 1279 1638 1306 1659; x_wconf 88' lang='lat' dir='ltr'><strong>tu</strong></span> <span class='ocrx_word' id='word_1_492' title='bbox 1340 1639 1448 1667; x_wconf 82' lang='lat' dir='ltr'><strong>quoque</strong></span> <span class='ocrx_word' id='word_1_493' title='bbox 1475 1632 1574 1660; x_wconf 85' lang='lat' dir='ltr'><strong>multos</strong></span> <span class='ocrx_word' id='word_1_494' title='bbox 1603 1639 1731 1659; x_wconf 89' lang='lat' dir='ltr'><strong>numeros</strong></span> <span class='ocrx_word' id='word_1_495' title='bbox 1759 1632 1834 1660; x_wconf 86' lang='lat' dir='ltr'><strong>inve-</strong></span> 
     </span>
    </p>
   </div>
   <div class='ocr_carea' id='block_1_78' title="bbox 1053 1678 1834 1714">
    <p class='ocr_par' dir='ltr' id='par_1_78' title="bbox 1053 1678 1834 1714">
     <span class='ocr_line' id='line_1_78' title="bbox 1053 1678 1834 1714; baseline 0.001 -9"><span class='ocrx_word' id='word_1_496' title='bbox 1053 1679 1123 1710; x_wconf 80' lang='lat' dir='ltr'><strong>nies,</strong></span> <span class='ocrx_word' id='word_1_497' title='bbox 1142 1679 1188 1713; x_wconf 87' lang='lat' dir='ltr'><strong>qui</strong></span> <span class='ocrx_word' id='word_1_498' title='bbox 1211 1679 1376 1713; x_wconf 85' lang='lat' dir='ltr'><strong>profundius</strong></span> <span class='ocrx_word' id='word_1_499' title='bbox 1394 1678 1493 1713; x_wconf 88' lang='lat' dir='ltr'><strong>aliquid</strong></span> <span class='ocrx_word' id='word_1_500' title='bbox 1515 1678 1641 1710; x_wconf 87' lang='lat' dir='ltr'><strong>habeant,</strong></span> <span class='ocrx_word' id='word_1_501' title='bbox 1663 1686 1744 1714; x_wconf 86' lang='lat' dir='ltr'><strong>quam</strong></span> <span class='ocrx_word' id='word_1_502' title='bbox 1762 1682 1834 1713; x_wconf 90' lang='lat' dir='ltr'><strong>quod</strong></span> 
     </span>
    </p>
   </div>
   <div class='ocr_carea' id='block_1_79' title="bbox 1052 1724 1834 1759">
    <p class='ocr_par' dir='ltr' id='par_1_79' title="bbox 1052 1724 1834 1759">
     <span class='ocr_line' id='line_1_79' title="bbox 1052 1724 1834 1759; baseline 0.001 -9"><span class='ocrx_word' id='word_1_503' title='bbox 1052 1726 1139 1758; x_wconf 85' lang='lat' dir='ltr'><strong>prima</strong></span> <span class='ocrx_word' id='word_1_504' title='bbox 1175 1725 1263 1751; x_wconf 77' lang='lat' dir='ltr'><strong>fronte</strong></span> <span class='ocrx_word' id='word_1_505' title='bbox 1295 1726 1459 1755; x_wconf 51' lang='lat' dir='ltr'><strong>ostendunt,</strong></span> <span class='ocrx_word' id='word_1_506' title='bbox 1479 1724 1504 1751; x_wconf 85' lang='lat' dir='ltr'><strong>id</strong></span> <span class='ocrx_word' id='word_1_507' title='bbox 1528 1729 1579 1755; x_wconf 86' lang='lat' dir='ltr'><strong>est,</strong></span> <span class='ocrx_word' id='word_1_508' title='bbox 1605 1724 1678 1750; x_wconf 90' lang='lat' dir='ltr'><strong>aliud</strong></span> <span class='ocrx_word' id='word_1_509' title='bbox 1706 1725 1834 1759; x_wconf 87' lang='lat' dir='ltr'><strong>quiddam</strong></span> 
     </span>
    </p>
   </div>
   <div class='ocr_carea' id='block_1_80' title="bbox 1053 1769 1834 1804">
    <p class='ocr_par' dir='ltr' id='par_1_80' title="bbox 1053 1769 1834 1804">
     <span class='ocr_line' id='line_1_80' title="bbox 1053 1769 1834 1804; baseline 0 -8"><span class='ocrx_word' id='word_1_510' title='bbox 1053 1769 1252 1804; x_wconf 81' lang='lat' dir='ltr'><strong>significantes,</strong></span> <span class='ocrx_word' id='word_1_511' title='bbox 1270 1773 1368 1803; x_wconf 57' lang='lat' dir='ltr'><strong>praster</strong></span> <span class='ocrx_word' id='word_1_512' title='bbox 1383 1769 1421 1803; x_wconf 65' lang='lat' dir='ltr'><strong>id,</strong></span> <span class='ocrx_word' id='word_1_513' title='bbox 1437 1769 1508 1803; x_wconf 87' lang='lat' dir='ltr'><strong>quod</strong></span> <span class='ocrx_word' id='word_1_514' title='bbox 1531 1769 1618 1802; x_wconf 87' lang='lat' dir='ltr'><strong>primo</strong></span> <span class='ocrx_word' id='word_1_515' title='bbox 1634 1770 1723 1796; x_wconf 87' lang='lat' dir='ltr'><strong>statim</strong></span> <span class='ocrx_word' id='word_1_516' title='bbox 1737 1769 1834 1796; x_wconf 91' lang='lat' dir='ltr'><strong>obtutu</strong></span> 
     </span>
    </p>
   </div>
   <div class='ocr_carea' id='block_1_81' title="bbox 1053 1813 1834 1849">
    <p class='ocr_par' dir='ltr' id='par_1_81' title="bbox 1053 1813 1834 1849">
     <span class='ocr_line' id='line_1_81' title="bbox 1053 1813 1834 1849; baseline -0.001 -8"><span class='ocrx_word' id='word_1_517' title='bbox 1053 1815 1184 1845; x_wconf 89' lang='lat' dir='ltr'><strong>cernitur,</strong></span> <span class='ocrx_word' id='word_1_518' title='bbox 1212 1818 1293 1848; x_wconf 84' lang='lat' dir='ltr'><strong>atque</strong></span> <span class='ocrx_word' id='word_1_519' title='bbox 1316 1813 1462 1847; x_wconf 87' lang='lat' dir='ltr'><strong>unicuique</strong></span> <span class='ocrx_word' id='word_1_520' title='bbox 1484 1813 1594 1839; x_wconf 82' lang='lat' dir='ltr'><strong>obvium</strong></span> <span class='ocrx_word' id='word_1_521' title='bbox 1618 1819 1669 1840; x_wconf 89' lang='lat' dir='ltr'><strong>est.</strong></span> <span class='ocrx_word' id='word_1_522' title='bbox 1694 1813 1750 1841; x_wconf 91' lang='lat' dir='ltr'><strong>lloc</strong></span> <span class='ocrx_word' id='word_1_523' title='bbox 1774 1816 1834 1849; x_wconf 91' lang='lat' dir='ltr'><strong>qui-</strong></span> 
     </span>
    </p>
   </div>
   <div class='ocr_carea' id='block_1_82' title="bbox 1053 1858 1835 1894">
    <p class='ocr_par' dir='ltr' id='par_1_82' title="bbox 1053 1858 1835 1894">
     <span class='ocr_line' id='line_1_82' title="bbox 1053 1858 1835 1894; baseline 0 -7"><span class='ocrx_word' id='word_1_524' title='bbox 1053 1862 1114 1888; x_wconf 85' lang='lat' dir='ltr'><strong>dem</strong></span> <span class='ocrx_word' id='word_1_525' title='bbox 1140 1860 1284 1887; x_wconf 83' lang='lat' dir='ltr'><strong>diecndum</strong></span> <span class='ocrx_word' id='word_1_526' title='bbox 1310 1863 1360 1892; x_wconf 89' lang='lat' dir='ltr'><strong>est,</strong></span> <span class='ocrx_word' id='word_1_527' title='bbox 1380 1858 1453 1894; x_wconf 88' lang='lat' dir='ltr'><strong>quod</strong></span> <span class='ocrx_word' id='word_1_528' title='bbox 1474 1859 1599 1893; x_wconf 57' lang='lat' dir='ltr'><strong>praesenti</strong></span> <span class='ocrx_word' id='word_1_529' title='bbox 1627 1859 1752 1886; x_wconf 85' lang='lat' dir='ltr'><strong>instituto</strong></span> <span class='ocrx_word' id='word_1_530' title='bbox 1769 1867 1835 1887; x_wconf 84' lang='lat' dir='ltr'><strong>con-</strong></span> 
     </span>
    </p>
   </div>
   <div class='ocr_carea' id='block_1_83' title="bbox 1054 1904 1834 1940">
    <p class='ocr_par' dir='ltr' id='par_1_83' title="bbox 1054 1904 1834 1940">
     <span class='ocr_line' id='line_1_83' title="bbox 1054 1904 1834 1940; baseline 0.001 -8"><span class='ocrx_word' id='word_1_531' title='bbox 1054 1907 1146 1939; x_wconf 74' lang='lat' dir='ltr'><strong>ienit,</strong></span> <span class='ocrx_word' id='word_1_532' title='bbox 1183 1913 1280 1940; x_wconf 88' lang='lat' dir='ltr'><strong>nempe</strong></span> <span class='ocrx_word' id='word_1_533' title='bbox 1312 1904 1385 1939; x_wconf 85' lang='lat' dir='ltr'><strong>quod</strong></span> <span class='ocrx_word' id='word_1_534' title='bbox 1417 1908 1525 1939; x_wconf 89' lang='lat' dir='ltr'><strong>propter</strong></span> <span class='ocrx_word' id='word_1_535' title='bbox 1553 1905 1677 1940; x_wconf 81' lang='lat' dir='ltr'><strong>superius</strong></span> <span class='ocrx_word' id='word_1_536' title='bbox 1714 1913 1834 1933; x_wconf 89' lang='lat' dir='ltr'><strong>comme-</strong></span> 
     </span>
    </p>
   </div>
   <div class='ocr_carea' id='block_1_84' title="bbox 1054 1950 1835 1985">
    <p class='ocr_par' dir='ltr' id='par_1_84' title="bbox 1054 1950 1835 1985">
     <span class='ocr_line' id='line_1_84' title="bbox 1054 1950 1835 1985; baseline 0 -8"><span class='ocrx_word' id='word_1_537' title='bbox 1054 1956 1172 1978; x_wconf 87' lang='lat' dir='ltr'><strong>moratas</strong></span> <span class='ocrx_word' id='word_1_538' title='bbox 1194 1951 1226 1977; x_wconf 89' lang='lat' dir='ltr'><strong>de</strong></span> <span class='ocrx_word' id='word_1_539' title='bbox 1251 1950 1494 1985; x_wconf 80' lang='lat' dir='ltr'><strong>quinquagenario,</strong></span> <span class='ocrx_word' id='word_1_540' title='bbox 1518 1950 1559 1977; x_wconf 79' lang='lat' dir='ltr'><strong>rel</strong></span> <span class='ocrx_word' id='word_1_541' title='bbox 1585 1951 1666 1977; x_wconf 88' lang='lat' dir='ltr'><strong>etiam</strong></span> <span class='ocrx_word' id='word_1_542' title='bbox 1684 1951 1835 1985; x_wconf 80' lang='lat' dir='ltr'><strong>septenario</strong></span> 
     </span>
    </p>
   </div>
   <div class='ocr_carea' id='block_1_85' title="bbox 1055 1996 1835 2031">
    <p class='ocr_par' dir='ltr' id='par_1_85' title="bbox 1055 1996 1835 2031">
     <span class='ocr_line' id='line_1_85' title="bbox 1055 1996 1835 2031; baseline 0 -8"><span class='ocrx_word' id='word_1_543' title='bbox 1055 2003 1188 2027; x_wconf 91' lang='lat' dir='ltr'><strong>numero,</strong></span> <span class='ocrx_word' id='word_1_544' title='bbox 1217 1997 1355 2027; x_wconf 88' lang='lat' dir='ltr'><strong>rationes,</strong></span> <span class='ocrx_word' id='word_1_545' title='bbox 1382 1999 1428 2022; x_wconf 89' lang='lat' dir='ltr'><strong>attt</strong></span> <span class='ocrx_word' id='word_1_546' title='bbox 1461 2000 1571 2030; x_wconf 81' lang='lat' dir='ltr'><strong>propter</strong></span> <span class='ocrx_word' id='word_1_547' title='bbox 1607 1996 1675 2023; x_wconf 84' lang='lat' dir='ltr'><strong>alias</strong></span> <span class='ocrx_word' id='word_1_548' title='bbox 1703 1996 1835 2031; x_wconf 82' lang='lat' dir='ltr'><strong>quasdam</strong></span> 
     </span>
    </p>
   </div>
   <div class='ocr_carea' id='block_1_86' title="bbox 1055 2041 1835 2075">
    <p class='ocr_par' dir='ltr' id='par_1_86' title="bbox 1055 2041 1835 2075">
     <span class='ocr_line' id='line_1_86' title="bbox 1055 2041 1835 2075; baseline 0 -7"><span class='ocrx_word' id='word_1_549' title='bbox 1055 2043 1095 2069; x_wconf 90' lang='lat' dir='ltr'><strong>bis</strong></span> <span class='ocrx_word' id='word_1_550' title='bbox 1121 2041 1266 2068; x_wconf 88' lang='lat' dir='ltr'><strong>admodum</strong></span> <span class='ocrx_word' id='word_1_551' title='bbox 1301 2041 1476 2075; x_wconf 88' lang='lat' dir='ltr'><strong>propinquas,</strong></span> <span class='ocrx_word' id='word_1_552' title='bbox 1502 2046 1548 2068; x_wconf 86' lang='lat' dir='ltr'><strong>aut</strong></span> <span class='ocrx_word' id='word_1_553' title='bbox 1576 2046 1684 2075; x_wconf 84' lang='lat' dir='ltr'><strong>propter</strong></span> <span class='ocrx_word' id='word_1_554' title='bbox 1719 2042 1835 2068; x_wconf 80' lang='lat' dir='ltr'><strong>nannul-</strong></span> 
     </span>
    </p>
   </div>
   <div class='ocr_carea' id='block_1_87' title="bbox 1054 2087 1835 2121">
    <p class='ocr_par' dir='ltr' id='par_1_87' title="bbox 1054 2087 1835 2121">
     <span class='ocr_line' id='line_1_87' title="bbox 1054 2087 1835 2121; baseline 0.003 -8"><span class='ocrx_word' id='word_1_555' title='bbox 1054 2088 1093 2115; x_wconf 87' lang='lat' dir='ltr'><strong>las</strong></span> <span class='ocrx_word' id='word_1_556' title='bbox 1118 2088 1264 2115; x_wconf 85' lang='lat' dir='ltr'><strong>diviniorcs</strong></span> <span class='ocrx_word' id='word_1_557' title='bbox 1283 2094 1380 2113; x_wconf 88' lang='lat' dir='ltr'><strong>causas</strong></span> <span class='ocrx_word' id='word_1_558' title='bbox 1410 2091 1490 2121; x_wconf 90' lang='lat' dir='ltr'><strong>atque</strong></span> <span class='ocrx_word' id='word_1_559' title='bbox 1516 2087 1568 2120; x_wconf 88' lang='lat' dir='ltr'><strong>his,</strong></span> <span class='ocrx_word' id='word_1_560' title='bbox 1587 2095 1654 2121; x_wconf 89' lang='lat' dir='ltr'><strong>quas</strong></span> <span class='ocrx_word' id='word_1_561' title='bbox 1671 2087 1835 2115; x_wconf 74' lang='lat' dir='ltr'><strong>adduximus</strong></span> 
     </span>
    </p>
   </div>
   <div class='ocr_carea' id='block_1_88' title="bbox 1054 2132 1835 2167">
    <p class='ocr_par' dir='ltr' id='par_1_88' title="bbox 1054 2132 1835 2167">
     <span class='ocr_line' id='line_1_88' title="bbox 1054 2132 1835 2167; baseline 0 -7"><span class='ocrx_word' id='word_1_562' title='bbox 1054 2133 1247 2160; x_wconf 87' lang='lat' dir='ltr'><strong>reconditiorcs</strong></span> <span class='ocrx_word' id='word_1_563' title='bbox 1264 2132 1406 2167; x_wconf 79' lang='lat' dir='ltr'><strong>magisque</strong></span> <span class='ocrx_word' id='word_1_564' title='bbox 1425 2132 1563 2166; x_wconf 82' lang='lat' dir='ltr'><strong>mystitas,</strong></span> <span class='ocrx_word' id='word_1_565' title='bbox 1579 2132 1835 2167; x_wconf 74' lang='lat' dir='ltr'><strong>quinquagesimum</strong></span> 
     </span>
    </p>
   </div>
   <div class='ocr_carea' id='block_1_89' title="bbox 1053 2178 1832 2209">
    <p class='ocr_par' dir='ltr' id='par_1_89' title="bbox 1053 2178 1832 2209">
     <span class='ocr_line' id='line_1_89' title="bbox 1053 2178 1832 2209; baseline 0.001 -3"><span class='ocrx_word' id='word_1_566' title='bbox 1053 2180 1124 2206; x_wconf 85' lang='lat' dir='ltr'><strong>diem</strong></span> <span class='ocrx_word' id='word_1_567' title='bbox 1161 2179 1334 2206; x_wconf 67' lang='lat' dir='ltr'><strong>llebrmorum</strong></span> <span class='ocrx_word' id='word_1_568' title='bbox 1374 2186 1449 2205; x_wconf 84' lang='lat' dir='ltr'><strong>more</strong></span> <span class='ocrx_word' id='word_1_569' title='bbox 1490 2178 1614 2206; x_wconf 89' lang='lat' dir='ltr'><strong>colimus.</strong></span> <span class='ocrx_word' id='word_1_570' title='bbox 1644 2179 1713 2206; x_wconf 87' lang='lat' dir='ltr'><strong>illud</strong></span> <span class='ocrx_word' id='word_1_571' title='bbox 1745 2185 1832 2209; x_wconf 71' lang='lat' dir='ltr'><strong>tamen</strong></span> 
     </span>
    </p>
   </div>
   <div class='ocr_carea' id='block_1_90' title="bbox 1053 2223 1836 2258">
    <p class='ocr_par' dir='ltr' id='par_1_90' title="bbox 1053 2223 1836 2258">
     <span class='ocr_line' id='line_1_90' title="bbox 1053 2223 1836 2258; baseline 0.004 -9"><span class='ocrx_word' id='word_1_572' title='bbox 1053 2224 1177 2257; x_wconf 87' lang='lat' dir='ltr'><strong>interest,</strong></span> <span class='ocrx_word' id='word_1_573' title='bbox 1201 2223 1274 2258; x_wconf 88' lang='lat' dir='ltr'><strong>quod</strong></span> <span class='ocrx_word' id='word_1_574' title='bbox 1302 2224 1341 2250; x_wconf 86' lang='lat' dir='ltr'><strong>illi</strong></span> <span class='ocrx_word' id='word_1_575' title='bbox 1367 2228 1476 2258; x_wconf 89' lang='lat' dir='ltr'><strong>propter</strong></span> <span class='ocrx_word' id='word_1_576' title='bbox 1493 2224 1675 2258; x_wconf 89' lang='lat' dir='ltr'><strong>scptenarium</strong></span> <span class='ocrx_word' id='word_1_577' title='bbox 1693 2233 1836 2252; x_wconf 82' lang='lat' dir='ltr'><strong>munerum</strong></span> 
     </span>
    </p>
   </div>
   <div class='ocr_carea' id='block_1_91' title="bbox 219 2269 1836 2309">
    <p class='ocr_par' dir='ltr' id='par_1_91' title="bbox 219 2269 1836 2309">
     <span class='ocr_line' id='line_1_91' title="bbox 219 2269 1836 2309; baseline -0.001 -11"><span class='ocrx_word' id='word_1_578' title='bbox 219 2272 311 2309; x_wconf 75' lang='lat' dir='ltr'><strong>Neque</strong></span> <span class='ocrx_word' id='word_1_579' title='bbox 334 2274 405 2298; x_wconf 85' lang='lat' dir='ltr'><strong>enim</strong></span> <span class='ocrx_word' id='word_1_580' title='bbox 432 2271 503 2298; x_wconf 88' lang='lat' dir='ltr'><strong>aliud</strong></span> <span class='ocrx_word' id='word_1_581' title='bbox 534 2270 683 2305; x_wconf 87' lang='lat' dir='ltr'><strong>quidquam</strong></span> <span class='ocrx_word' id='word_1_582' title='bbox 704 2273 746 2296; x_wconf 85' lang='lat' dir='ltr'><strong>est</strong></span> <span class='ocrx_word' id='word_1_583' title='bbox 767 2274 864 2295; x_wconf 92' lang='lat' dir='ltr'><strong>natura</strong></span> <span class='ocrx_word' id='word_1_584' title='bbox 890 2269 917 2294; x_wconf 91' lang='lat' dir='ltr'><strong>in</strong></span> <span class='ocrx_word' id='word_1_585' title='bbox 938 2275 999 2295; x_wconf 89' lang='lat' dir='ltr'><strong>sen-</strong></span> <span class='ocrx_word' id='word_1_586' title='bbox 1013 2277 1040 2306; x_wconf 82' lang='lat' dir='ltr'><strong>D</strong></span> <span class='ocrx_word' id='word_1_587' title='bbox 1055 2270 1128 2297; x_wconf 89' lang='lat' dir='ltr'><strong>hunc</strong></span> <span class='ocrx_word' id='word_1_588' title='bbox 1150 2270 1220 2296; x_wconf 89' lang='lat' dir='ltr'><strong>diem</strong></span> <span class='ocrx_word' id='word_1_589' title='bbox 1245 2270 1270 2296; x_wconf 88' lang='lat' dir='ltr'><strong>itt</strong></span> <span class='ocrx_word' id='word_1_590' title='bbox 1299 2269 1385 2304; x_wconf 87' lang='lat' dir='ltr'><strong>pretio</strong></span> <span class='ocrx_word' id='word_1_591' title='bbox 1404 2269 1526 2301; x_wconf 86' lang='lat' dir='ltr'><strong>habent,</strong></span> <span class='ocrx_word' id='word_1_592' title='bbox 1550 2277 1600 2297; x_wconf 91' lang='lat' dir='ltr'><strong>nos</strong></span> <span class='ocrx_word' id='word_1_593' title='bbox 1623 2275 1712 2297; x_wconf 85' lang='lat' dir='ltr'><strong>autem</strong></span> <span class='ocrx_word' id='word_1_594' title='bbox 1727 2276 1836 2305; x_wconf 87' lang='lat' dir='ltr'><strong>propter</strong></span> 
     </span>
    </p>
   </div>
   <div class='ocr_carea' id='block_1_92' title="bbox 220 2313 1000 2350">
    <p class='ocr_par' dir='ltr' id='par_1_92' title="bbox 220 2313 1000 2350">
     <span class='ocr_line' id='line_1_92' title="bbox 220 2313 1000 2350; baseline -0.006 -7"><span class='ocrx_word' id='word_1_595' title='bbox 220 2325 279 2344; x_wconf 91' lang='lat' dir='ltr'><strong>sum</strong></span> <span class='ocrx_word' id='word_1_596' title='bbox 307 2316 427 2348; x_wconf 87' lang='lat' dir='ltr'><strong>cadens,</strong></span> <span class='ocrx_word' id='word_1_597' title='bbox 455 2323 538 2350; x_wconf 84' lang='lat' dir='ltr'><strong>quam</strong></span> <span class='ocrx_word' id='word_1_598' title='bbox 569 2314 681 2342; x_wconf 83' lang='lat' dir='ltr'><strong>materia</strong></span> <span class='ocrx_word' id='word_1_599' title='bbox 712 2313 798 2341; x_wconf 88' lang='lat' dir='ltr'><strong>forma</strong></span> <span class='ocrx_word' id='word_1_600' title='bbox 840 2313 1000 2340; x_wconf 83' lang='lat' dir='ltr'><strong>convestita.</strong></span> 
     </span>
    </p>
   </div>
   <div class='ocr_carea' id='block_1_93' title="bbox 220 2357 1002 2394">
    <p class='ocr_par' dir='ltr' id='par_1_93' title="bbox 220 2357 1002 2394">
     <span class='ocr_line' id='line_1_93' title="bbox 220 2357 1002 2394; baseline -0.006 -6"><span class='ocrx_word' id='word_1_601' title='bbox 220 2362 258 2388; x_wconf 83' lang='lat' dir='ltr'><strong>Ac</strong></span> <span class='ocrx_word' id='word_1_602' title='bbox 273 2361 339 2388; x_wconf 89' lang='lat' dir='ltr'><strong>tales</strong></span> <span class='ocrx_word' id='word_1_603' title='bbox 364 2360 473 2394; x_wconf 89' lang='lat' dir='ltr'><strong>quidem</strong></span> <span class='ocrx_word' id='word_1_604' title='bbox 496 2364 559 2387; x_wconf 91' lang='lat' dir='ltr'><strong>sunt</strong></span> <span class='ocrx_word' id='word_1_605' title='bbox 581 2366 676 2386; x_wconf 88' lang='lat' dir='ltr'><strong>eorum</strong></span> <span class='ocrx_word' id='word_1_606' title='bbox 700 2359 802 2394; x_wconf 67' lang='lat' dir='ltr'><strong>epulae,</strong></span> <span class='ocrx_word' id='word_1_607' title='bbox 827 2358 873 2393; x_wconf 92' lang='lat' dir='ltr'><strong>qui</strong></span> <span class='ocrx_word' id='word_1_608' title='bbox 898 2357 1002 2391; x_wconf 91' lang='lat' dir='ltr'><strong>simpli-</strong></span> 
     </span>
    </p>
   </div>
   <div class='ocr_carea' id='block_1_94' title="bbox 220 2404 1004 2438">
    <p class='ocr_par' dir='ltr' id='par_1_94' title="bbox 220 2404 1004 2438">
     <span class='ocr_line' id='line_1_94' title="bbox 220 2404 1004 2438; baseline -0.006 -4"><span class='ocrx_word' id='word_1_609' title='bbox 220 2406 287 2434; x_wconf 86' lang='lat' dir='ltr'><strong>citer</strong></span> <span class='ocrx_word' id='word_1_610' title='bbox 313 2406 346 2432; x_wconf 89' lang='lat' dir='ltr'><strong>ad</strong></span> <span class='ocrx_word' id='word_1_611' title='bbox 373 2406 458 2432; x_wconf 92' lang='lat' dir='ltr'><strong>Deum</strong></span> <span class='ocrx_word' id='word_1_612' title='bbox 492 2405 630 2438; x_wconf 80' lang='lat' dir='ltr'><strong>tendunt,</strong></span> <span class='ocrx_word' id='word_1_613' title='bbox 654 2412 705 2432; x_wconf 87' lang='lat' dir='ltr'><strong>nec</strong></span> <span class='ocrx_word' id='word_1_614' title='bbox 738 2404 771 2431; x_wconf 89' lang='lat' dir='ltr'><strong>ab</strong></span> <span class='ocrx_word' id='word_1_615' title='bbox 800 2404 948 2430; x_wconf 87' lang='lat' dir='ltr'><strong>inveterata</strong></span> <span class='ocrx_word' id='word_1_616' title='bbox 977 2407 1004 2430; x_wconf 87' lang='lat' dir='ltr'><strong>et</strong></span> 
     </span>
    </p>
   </div>
   <div class='ocr_carea' id='block_1_95' title="bbox 221 2450 1003 2486">
    <p class='ocr_par' dir='ltr' id='par_1_95' title="bbox 221 2450 1003 2486">
     <span class='ocr_line' id='line_1_95' title="bbox 221 2450 1003 2486; baseline -0.004 -8"><span class='ocrx_word' id='word_1_617' title='bbox 221 2452 248 2478; x_wconf 90' lang='lat' dir='ltr'><strong>in</strong></span> <span class='ocrx_word' id='word_1_618' title='bbox 276 2451 397 2478; x_wconf 85' lang='lat' dir='ltr'><strong>habitum</strong></span> <span class='ocrx_word' id='word_1_619' title='bbox 418 2452 548 2486; x_wconf 89' lang='lat' dir='ltr'><strong>perducta</strong></span> <span class='ocrx_word' id='word_1_620' title='bbox 576 2452 660 2478; x_wconf 87' lang='lat' dir='ltr'><strong>animi</strong></span> <span class='ocrx_word' id='word_1_621' title='bbox 688 2450 829 2477; x_wconf 82' lang='lat' dir='ltr'><strong>atl‘cctione</strong></span> <span class='ocrx_word' id='word_1_622' title='bbox 855 2457 917 2483; x_wconf 81' lang='lat' dir='ltr'><strong>erga</strong></span> <span class='ocrx_word' id='word_1_623' title='bbox 944 2456 1003 2476; x_wconf 86' lang='lat' dir='ltr'><strong>eam</strong></span> 
     </span>
    </p>
   </div>
   <div class='ocr_carea' id='block_1_96' title="bbox 220 2496 1002 2532">
    <p class='ocr_par' dir='ltr' id='par_1_96' title="bbox 220 2496 1002 2532">
     <span class='ocr_line' id='line_1_96' title="bbox 220 2496 1002 2532; baseline -0.003 -8"><span class='ocrx_word' id='word_1_624' title='bbox 220 2498 325 2524; x_wconf 63' lang='lat' dir='ltr'><strong>anima:</strong></span> <span class='ocrx_word' id='word_1_625' title='bbox 344 2501 469 2531; x_wconf 88' lang='lat' dir='ltr'><strong>partem,</strong></span> <span class='ocrx_word' id='word_1_626' title='bbox 501 2505 562 2532; x_wconf 69' lang='lat' dir='ltr'><strong>quae.</strong></span> <span class='ocrx_word' id='word_1_627' title='bbox 589 2497 840 2532; x_wconf 78' lang='lat' dir='ltr'><strong>perturbationibus</strong></span> <span class='ocrx_word' id='word_1_628' title='bbox 866 2496 1002 2531; x_wconf 77' lang='lat' dir='ltr'><strong>agitatur,</strong></span> 
     </span>
    </p>
   </div>
   <div class='ocr_carea' id='block_1_97' title="bbox 220 2541 1002 2577">
    <p class='ocr_par' dir='ltr' id='par_1_97' title="bbox 220 2541 1002 2577">
     <span class='ocr_line' id='line_1_97' title="bbox 220 2541 1002 2577; baseline -0.004 -8"><span class='ocrx_word' id='word_1_629' title='bbox 220 2548 300 2577; x_wconf 89' lang='lat' dir='ltr'><strong>atque</strong></span> <span class='ocrx_word' id='word_1_630' title='bbox 316 2550 331 2569; x_wconf 87' lang='lat' dir='ltr'><strong>a</strong></span> <span class='ocrx_word' id='word_1_631' title='bbox 347 2542 452 2568; x_wconf 89' lang='lat' dir='ltr'><strong>ratione</strong></span> <span class='ocrx_word' id='word_1_632' title='bbox 468 2549 563 2569; x_wconf 84' lang='lat' dir='ltr'><strong>aversa</strong></span> <span class='ocrx_word' id='word_1_633' title='bbox 578 2549 628 2574; x_wconf 81' lang='lat' dir='ltr'><strong>est,</strong></span> <span class='ocrx_word' id='word_1_634' title='bbox 650 2543 729 2576; x_wconf 74' lang='lat' dir='ltr'><strong>plene</strong></span> <span class='ocrx_word' id='word_1_635' title='bbox 752 2542 840 2568; x_wconf 86' lang='lat' dir='ltr'><strong>adhuc</strong></span> <span class='ocrx_word' id='word_1_636' title='bbox 860 2541 1002 2574; x_wconf 79' lang='lat' dir='ltr'><strong>expurgati</strong></span> 
     </span>
    </p>
   </div>
   <div class='ocr_carea' id='block_1_98' title="bbox 221 2587 1003 2622">
    <p class='ocr_par' dir='ltr' id='par_1_98' title="bbox 221 2587 1003 2622">
     <span class='ocr_line' id='line_1_98' title="bbox 221 2587 1003 2622; baseline -0.004 -6"><span class='ocrx_word' id='word_1_637' title='bbox 221 2594 291 2616; x_wconf 86' lang='lat' dir='ltr'><strong>sunt.</strong></span> <span class='ocrx_word' id='word_1_638' title='bbox 311 2590 350 2615; x_wconf 83' lang='lat' dir='ltr'><strong>Ae</strong></span> <span class='ocrx_word' id='word_1_639' title='bbox 373 2587 566 2622; x_wconf 88' lang='lat' dir='ltr'><strong>perfectiorutn</strong></span> <span class='ocrx_word' id='word_1_640' title='bbox 589 2588 675 2622; x_wconf 70' lang='lat' dir='ltr'><strong>epulae</strong></span> <span class='ocrx_word' id='word_1_641' title='bbox 698 2588 783 2614; x_wconf 91' lang='lat' dir='ltr'><strong>multo</strong></span> <span class='ocrx_word' id='word_1_642' title='bbox 798 2587 1003 2620; x_wconf 70' lang='lat' dir='ltr'><strong>prtestantiores</strong></span> 
     </span>
    </p>
   </div>
   <div class='ocr_carea' id='block_1_99' title="bbox 221 2634 1004 2667">
    <p class='ocr_par' dir='ltr' id='par_1_99' title="bbox 221 2634 1004 2667">
     <span class='ocr_line' id='line_1_99' title="bbox 221 2634 1004 2667; baseline -0.005 -5"><span class='ocrx_word' id='word_1_643' title='bbox 221 2641 247 2662; x_wconf 80' lang='lat' dir='ltr'><strong>et</strong></span> <span class='ocrx_word' id='word_1_644' title='bbox 277 2634 449 2662; x_wconf 83' lang='lat' dir='ltr'><strong>sublimiOres</strong></span> <span class='ocrx_word' id='word_1_645' title='bbox 480 2639 542 2661; x_wconf 90' lang='lat' dir='ltr'><strong>sunt</strong></span> <span class='ocrx_word' id='word_1_646' title='bbox 565 2643 572 2660; x_wconf 88' lang='lat'>:</span> <span class='ocrx_word' id='word_1_647' title='bbox 601 2641 662 2660; x_wconf 91' lang='lat' dir='ltr'><strong>nam</strong></span> <span class='ocrx_word' id='word_1_648' title='bbox 690 2634 717 2660; x_wconf 85' lang='lat' dir='ltr'><strong>bi</strong></span> <span class='ocrx_word' id='word_1_649' title='bbox 749 2640 858 2667; x_wconf 86' lang='lat' dir='ltr'><strong>quoque</strong></span> <span class='ocrx_word' id='word_1_650' title='bbox 886 2637 1004 2667; x_wconf 86' lang='lat' dir='ltr'><strong>quatuor</strong></span> 
     </span>
    </p>
   </div>
   <div class='ocr_carea' id='block_1_100' title="bbox 222 2679 1003 2714">
    <p class='ocr_par' dir='ltr' id='par_1_100' title="bbox 222 2679 1003 2714">
     <span class='ocr_line' id='line_1_100' title="bbox 222 2679 1003 2714; baseline -0.005 -6"><span class='ocrx_word' id='word_1_651' title='bbox 222 2682 295 2708; x_wconf 89' lang='lat' dir='ltr'><strong>mille</strong></span> <span class='ocrx_word' id='word_1_652' title='bbox 325 2686 409 2712; x_wconf 86' lang='lat' dir='ltr'><strong>sunt,</strong></span> <span class='ocrx_word' id='word_1_653' title='bbox 442 2686 498 2707; x_wconf 92' lang='lat' dir='ltr'><strong>tum</strong></span> <span class='ocrx_word' id='word_1_654' title='bbox 527 2680 590 2714; x_wconf 88' lang='lat' dir='ltr'><strong>quia</strong></span> <span class='ocrx_word' id='word_1_655' title='bbox 620 2679 764 2714; x_wconf 85' lang='lat' dir='ltr'><strong>pauciores</strong></span> <span class='ocrx_word' id='word_1_656' title='bbox 793 2685 858 2706; x_wconf 89' lang='lat' dir='ltr'><strong>sunt</strong></span> <span class='ocrx_word' id='word_1_657' title='bbox 882 2679 1003 2713; x_wconf 88' lang='lat' dir='ltr'><strong>quinque</strong></span> 
     </span>
    </p>
   </div>
   <div class='ocr_carea' id='block_1_101' title="bbox 223 2725 1003 2759">
    <p class='ocr_par' dir='ltr' id='par_1_101' title="bbox 223 2725 1003 2759">
     <span class='ocr_line' id='line_1_101' title="bbox 223 2725 1003 2759; baseline -0.001 -7"><span class='ocrx_word' id='word_1_658' title='bbox 223 2726 363 2757; x_wconf 83' lang='lat' dir='ltr'><strong>millibus.</strong></span> <span class='ocrx_word' id='word_1_659' title='bbox 399 2726 463 2753; x_wconf 89' lang='lat' dir='ltr'><strong>mali</strong></span> <span class='ocrx_word' id='word_1_660' title='bbox 488 2727 560 2752; x_wconf 90' lang='lat' dir='ltr'><strong>enim</strong></span> <span class='ocrx_word' id='word_1_661' title='bbox 591 2732 704 2752; x_wconf 87' lang='lat' dir='ltr'><strong>numero</strong></span> <span class='ocrx_word' id='word_1_662' title='bbox 734 2725 888 2759; x_wconf 83' lang='lat' dir='ltr'><strong>superiores</strong></span> <span class='ocrx_word' id='word_1_663' title='bbox 918 2728 1003 2756; x_wconf 91' lang='lat' dir='ltr'><strong>sunt;</strong></span> 
     </span>
    </p>
   </div>
   <div class='ocr_carea' id='block_1_102' title="bbox 223 2770 1003 2806">
    <p class='ocr_par' dir='ltr' id='par_1_102' title="bbox 223 2770 1003 2806">
     <span class='ocr_line' id='line_1_102' title="bbox 223 2770 1003 2806; baseline -0.005 -6"><span class='ocrx_word' id='word_1_664' title='bbox 223 2778 279 2800; x_wconf 90' lang='lat' dir='ltr'><strong>tum</strong></span> <span class='ocrx_word' id='word_1_665' title='bbox 298 2772 361 2806; x_wconf 83' lang='lat' dir='ltr'><strong>quia</strong></span> <span class='ocrx_word' id='word_1_666' title='bbox 380 2771 555 2806; x_wconf 86' lang='lat' dir='ltr'><strong>perfectionis</strong></span> <span class='ocrx_word' id='word_1_667' title='bbox 584 2770 750 2806; x_wconf 81' lang='lat' dir='ltr'><strong>generalium</strong></span> <span class='ocrx_word' id='word_1_668' title='bbox 774 2771 904 2798; x_wconf 91' lang='lat' dir='ltr'><strong>virtutum</strong></span> <span class='ocrx_word' id='word_1_669' title='bbox 920 2771 1003 2797; x_wconf 83' lang='lat' dir='ltr'><strong>ratio-</strong></span> 
     </span>
    </p>
   </div>
   <div class='ocr_carea' id='block_1_103' title="bbox 1055 2313 1835 2349">
    <p class='ocr_par' dir='ltr' id='par_1_103' title="bbox 1055 2313 1835 2349">
     <span class='ocr_line' id='line_1_103' title="bbox 1055 2313 1835 2349; baseline 0.003 -8"><span class='ocrx_word' id='word_1_670' title='bbox 1055 2315 1172 2348; x_wconf 89' lang='lat' dir='ltr'><strong>Spiritus</strong></span> <span class='ocrx_word' id='word_1_671' title='bbox 1189 2315 1343 2341; x_wconf 86' lang='lat' dir='ltr'><strong>adventum.</strong></span> <span class='ocrx_word' id='word_1_672' title='bbox 1359 2313 1592 2346; x_wconf 85' lang='lat' dir='ltr'><strong>Quemadmodum</strong></span> <span class='ocrx_word' id='word_1_673' title='bbox 1609 2319 1636 2340; x_wconf 87' lang='lat' dir='ltr'><strong>et</strong></span> <span class='ocrx_word' id='word_1_674' title='bbox 1648 2315 1697 2340; x_wconf 82' lang='lat' dir='ltr'><strong>alia</strong></span> <span class='ocrx_word' id='word_1_675' title='bbox 1713 2316 1835 2349; x_wconf 64' lang='lat' dir='ltr'><strong>quasdam</strong></span> 
     </span>
    </p>
   </div>
   <div class='ocr_carea' id='block_1_104' title="bbox 1054 2358 1835 2395">
    <p class='ocr_par' dir='ltr' id='par_1_104' title="bbox 1054 2358 1835 2395">
     <span class='ocr_line' id='line_1_104' title="bbox 1054 2358 1835 2395; baseline 0.004 -9"><span class='ocrx_word' id='word_1_676' title='bbox 1054 2364 1119 2386; x_wconf 89' lang='lat' dir='ltr'><strong>sunt</strong></span> <span class='ocrx_word' id='word_1_677' title='bbox 1147 2359 1173 2385; x_wconf 92' lang='lat' dir='ltr'><strong>in</strong></span> <span class='ocrx_word' id='word_1_678' title='bbox 1201 2359 1260 2394; x_wconf 79' lang='lat' dir='ltr'><strong>tege</strong></span> <span class='ocrx_word' id='word_1_679' title='bbox 1284 2358 1429 2390; x_wconf 82' lang='lat' dir='ltr'><strong>chraica,</strong></span> <span class='ocrx_word' id='word_1_680' title='bbox 1458 2365 1518 2390; x_wconf 83' lang='lat' dir='ltr'><strong>quae</strong></span> <span class='ocrx_word' id='word_1_681' title='bbox 1543 2359 1616 2393; x_wconf 85' lang='lat' dir='ltr'><strong>apud</strong></span> <span class='ocrx_word' id='word_1_682' title='bbox 1645 2359 1705 2387; x_wconf 92' lang='lat' dir='ltr'><strong>illos</strong></span> <span class='ocrx_word' id='word_1_683' title='bbox 1728 2361 1835 2395; x_wconf 83' lang='lat' dir='ltr'><strong>quidem</strong></span> 
     </span>
    </p>
   </div>
   <div class='ocr_carea' id='block_1_105' title="bbox 1054 2403 1836 2439">
    <p class='ocr_par' dir='ltr' id='par_1_105' title="bbox 1054 2403 1836 2439">
     <span class='ocr_line' id='line_1_105' title="bbox 1054 2403 1836 2439; baseline 0.003 -8"><span class='ocrx_word' id='word_1_684' title='bbox 1054 2412 1101 2439; x_wconf 84' lang='lat' dir='ltr'><strong>per</strong></span> <span class='ocrx_word' id='word_1_685' title='bbox 1131 2405 1242 2439; x_wconf 75' lang='lat' dir='ltr'><strong>figuram</strong></span> <span class='ocrx_word' id='word_1_686' title='bbox 1275 2408 1301 2430; x_wconf 86' lang='lat' dir='ltr'><strong>ct</strong></span> <span class='ocrx_word' id='word_1_687' title='bbox 1332 2403 1567 2430; x_wconf 84' lang='lat' dir='ltr'><strong>adumbrationem</strong></span> <span class='ocrx_word' id='word_1_688' title='bbox 1603 2409 1776 2439; x_wconf 79' lang='lat' dir='ltr'><strong>peraguntur</strong></span> <span class='ocrx_word' id='word_1_689' title='bbox 1804 2413 1836 2433; x_wconf 86' lang='lat' dir='ltr'><strong>ac</strong></span> 
     </span>
    </p>
   </div>
   <div class='ocr_carea' id='block_1_106' title="bbox 1055 2448 1836 2482">
    <p class='ocr_par' dir='ltr' id='par_1_106' title="bbox 1055 2448 1836 2482">
     <span class='ocr_line' id='line_1_106' title="bbox 1055 2448 1836 2482; baseline 0.001 -6"><span class='ocrx_word' id='word_1_690' title='bbox 1055 2450 1237 2482; x_wconf 85' lang='lat' dir='ltr'><strong>celebrantur,</strong></span> <span class='ocrx_word' id='word_1_691' title='bbox 1263 2456 1278 2475; x_wconf 90' lang='lat' dir='ltr'><strong>a</strong></span> <span class='ocrx_word' id='word_1_692' title='bbox 1303 2448 1383 2475; x_wconf 90' lang='lat' dir='ltr'><strong>nobis</strong></span> <span class='ocrx_word' id='word_1_693' title='bbox 1399 2453 1487 2475; x_wconf 88' lang='lat' dir='ltr'><strong>autem</strong></span> <span class='ocrx_word' id='word_1_694' title='bbox 1507 2448 1617 2482; x_wconf 85' lang='lat' dir='ltr'><strong>mystice</strong></span> <span class='ocrx_word' id='word_1_695' title='bbox 1633 2453 1659 2477; x_wconf 90' lang='lat' dir='ltr'><strong>et</strong></span> <span class='ocrx_word' id='word_1_696' title='bbox 1675 2457 1738 2476; x_wconf 88' lang='lat' dir='ltr'><strong>vere</strong></span> <span class='ocrx_word' id='word_1_697' title='bbox 1754 2451 1836 2478; x_wconf 84' lang='lat' dir='ltr'><strong>resti-</strong></span> 
     </span>
    </p>
   </div>
   <div class='ocr_carea' id='block_1_107' title="bbox 1057 2493 1834 2530">
    <p class='ocr_par' dir='ltr' id='par_1_107' title="bbox 1057 2493 1834 2530">
     <span class='ocr_line' id='line_1_107' title="bbox 1057 2493 1834 2530; baseline 0.001 -8"><span class='ocrx_word' id='word_1_698' title='bbox 1057 2500 1171 2522; x_wconf 88' lang='lat' dir='ltr'><strong>tuttntur</strong></span> <span class='ocrx_word' id='word_1_699' title='bbox 1188 2503 1219 2522; x_wconf 87' lang='lat' dir='ltr'><strong>ac</strong></span> <span class='ocrx_word' id='word_1_700' title='bbox 1233 2495 1419 2529; x_wconf 81' lang='lat' dir='ltr'><strong>perficiuntur.</strong></span> <span class='ocrx_word' id='word_1_701' title='bbox 1443 2493 1501 2527; x_wconf 89' lang='lat' dir='ltr'><strong>Quo</strong></span> <span class='ocrx_word' id='word_1_702' title='bbox 1519 2495 1545 2520; x_wconf 92' lang='lat' dir='ltr'><strong>in</strong></span> <span class='ocrx_word' id='word_1_703' title='bbox 1560 2503 1656 2530; x_wconf 85' lang='lat' dir='ltr'><strong>genere</strong></span> <span class='ocrx_word' id='word_1_704' title='bbox 1671 2499 1712 2523; x_wconf 88' lang='lat' dir='ltr'><strong>est</strong></span> <span class='ocrx_word' id='word_1_705' title='bbox 1728 2496 1834 2524; x_wconf 87' lang='lat' dir='ltr'><strong>illorum</strong></span> 
     </span>
    </p>
   </div>
   <div class='ocr_carea' id='block_1_108' title="bbox 1057 2541 1836 2576">
    <p class='ocr_par' dir='ltr' id='par_1_108' title="bbox 1057 2541 1836 2576">
     <span class='ocr_line' id='line_1_108' title="bbox 1057 2541 1836 2576; baseline 0.001 -7"><span class='ocrx_word' id='word_1_706' title='bbox 1057 2542 1242 2573; x_wconf 85' lang='lat' dir='ltr'><strong>circumcisio,</strong></span> <span class='ocrx_word' id='word_1_707' title='bbox 1265 2546 1290 2568; x_wconf 90' lang='lat' dir='ltr'><strong>et</strong></span> <span class='ocrx_word' id='word_1_708' title='bbox 1305 2546 1397 2568; x_wconf 85' lang='lat' dir='ltr'><strong>noster</strong></span> <span class='ocrx_word' id='word_1_709' title='bbox 1411 2541 1577 2575; x_wconf 85' lang='lat' dir='ltr'><strong>baptismus;</strong></span> <span class='ocrx_word' id='word_1_710' title='bbox 1596 2542 1702 2568; x_wconf 93' lang='lat' dir='ltr'><strong>illorum</strong></span> <span class='ocrx_word' id='word_1_711' title='bbox 1721 2542 1836 2576; x_wconf 83' lang='lat' dir='ltr'><strong>Pascha,</strong></span> 
     </span>
    </p>
   </div>
   <div class='ocr_carea' id='block_1_109' title="bbox 1058 2586 1836 2623">
    <p class='ocr_par' dir='ltr' id='par_1_109' title="bbox 1058 2586 1836 2623">
     <span class='ocr_line' id='line_1_109' title="bbox 1058 2586 1836 2623; baseline 0.001 -8"><span class='ocrx_word' id='word_1_712' title='bbox 1058 2596 1144 2623; x_wconf 80' lang='lat' dir='ltr'><strong>agnus</strong></span> <span class='ocrx_word' id='word_1_713' title='bbox 1167 2588 1305 2615; x_wconf 84' lang='lat' dir='ltr'><strong>sensibilis</strong></span> <span class='ocrx_word' id='word_1_714' title='bbox 1322 2607 1329 2620; x_wconf 90' lang='lat'><strong>,</strong></span> <span class='ocrx_word' id='word_1_715' title='bbox 1351 2592 1472 2614; x_wconf 87' lang='lat' dir='ltr'><strong>ttostrutn</strong></span> <span class='ocrx_word' id='word_1_716' title='bbox 1498 2586 1613 2620; x_wconf 85' lang='lat' dir='ltr'><strong>Pascha,</strong></span> <span class='ocrx_word' id='word_1_717' title='bbox 1639 2587 1782 2620; x_wconf 85' lang='lat' dir='ltr'><strong>Christus;</strong></span> <span class='ocrx_word' id='word_1_718' title='bbox 1803 2597 1836 2616; x_wconf 87' lang='lat' dir='ltr'><strong>ac</strong></span> 
     </span>
    </p>
   </div>
   <div class='ocr_carea' id='block_1_110' title="bbox 1059 2634 1837 2670">
    <p class='ocr_par' dir='ltr' id='par_1_110' title="bbox 1059 2634 1837 2670">
     <span class='ocr_line' id='line_1_110' title="bbox 1059 2634 1837 2670; baseline 0 -9"><span class='ocrx_word' id='word_1_719' title='bbox 1059 2636 1187 2670; x_wconf 82' lang='lat' dir='ltr'><strong>pleraque</strong></span> <span class='ocrx_word' id='word_1_720' title='bbox 1210 2635 1272 2666; x_wconf 89' lang='lat' dir='ltr'><strong>alia,</strong></span> <span class='ocrx_word' id='word_1_721' title='bbox 1289 2642 1350 2670; x_wconf 71' lang='lat' dir='ltr'><strong>quae</strong></span> <span class='ocrx_word' id='word_1_722' title='bbox 1376 2642 1449 2661; x_wconf 91' lang='lat' dir='ltr'><strong>nunc</strong></span> <span class='ocrx_word' id='word_1_723' title='bbox 1466 2634 1601 2668; x_wconf 84' lang='lat' dir='ltr'><strong>sigillatim</strong></span> <span class='ocrx_word' id='word_1_724' title='bbox 1623 2642 1763 2662; x_wconf 86' lang='lat' dir='ltr'><strong>recensere</strong></span> <span class='ocrx_word' id='word_1_725' title='bbox 1783 2643 1837 2661; x_wconf 86' lang='lat' dir='ltr'><strong>non</strong></span> 
     </span>
    </p>
   </div>
   <div class='ocr_carea' id='block_1_111' title="bbox 1058 2679 1240 2707">
    <p class='ocr_par' dir='ltr' id='par_1_111' title="bbox 1058 2679 1240 2707">
     <span class='ocr_line' id='line_1_111' title="bbox 1058 2679 1240 2707; baseline -0.005 0"><span class='ocrx_word' id='word_1_726' title='bbox 1058 2680 1135 2707; x_wconf 85' lang='lat' dir='ltr'><strong>facile</strong></span> <span class='ocrx_word' id='word_1_727' title='bbox 1150 2679 1240 2707; x_wconf 87' lang='lat' dir='ltr'><strong>fuerit.</strong></span> 
     </span>
    </p>
   </div>
   <div class='ocr_carea' id='block_1_112' title="bbox 1093 2725 1838 2760">
    <p class='ocr_par' dir='ltr' id='par_1_112' title="bbox 1093 2725 1838 2760">
     <span class='ocr_line' id='line_1_112' title="bbox 1093 2725 1838 2760; baseline 0.003 -9"><span class='ocrx_word' id='word_1_728' title='bbox 1093 2725 1150 2752; x_wconf 87' lang='lat' dir='ltr'><strong>Col.</strong></span> <span class='ocrx_word' id='word_1_729' title='bbox 1165 2725 1217 2752; x_wconf 68' lang='grc'><strong>455</strong></span> <span class='ocrx_word' id='word_1_730' title='bbox 1233 2728 1265 2752; x_wconf 80' lang='grc' dir='ltr'><strong>Α.</strong></span> <span class='ocrx_word' id='word_1_731' title='bbox 1279 2726 1361 2760; x_wconf 81' lang='lat' dir='ltr'><strong>Atque</strong></span> <span class='ocrx_word' id='word_1_732' title='bbox 1372 2725 1425 2751; x_wconf 77' lang='lat' dir='ltr'><strong>lucc</strong></span> <span class='ocrx_word' id='word_1_733' title='bbox 1440 2725 1470 2752; x_wconf 79' lang='lat' dir='ltr'><strong>de</strong></span> <span class='ocrx_word' id='word_1_734' title='bbox 1483 2725 1526 2752; x_wconf 84' lang='lat' dir='ltr'><strong>die</strong></span> <span class='ocrx_word' id='word_1_735' title='bbox 1539 2726 1612 2752; x_wconf 78' lang='lat' dir='ltr'><strong>nobis</strong></span> <span class='ocrx_word' id='word_1_736' title='bbox 1622 2726 1692 2752; x_wconf 81' lang='lat' dir='ltr'><strong>dicta</strong></span> <span class='ocrx_word' id='word_1_737' title='bbox 1705 2727 1768 2759; x_wconf 80' lang='lat' dir='ltr'><strong>sint,</strong></span> <span class='ocrx_word' id='word_1_738' title='bbox 1786 2731 1838 2754; x_wconf 84' lang='lat' dir='ltr'><strong>etc.</strong></span> 
     </span>
    </p>
   </div>
   <div class='ocr_carea' id='block_1_113' title="bbox 1059 2771 1838 2806">
    <p class='ocr_par' dir='ltr' id='par_1_113' title="bbox 1059 2771 1838 2806">
     <span class='ocr_line' id='line_1_113' title="bbox 1059 2771 1838 2806; baseline 0.004 -9"><span class='ocrx_word' id='word_1_739' title='bbox 1059 2771 1097 2798; x_wconf 83' lang='lat' dir='ltr'><strong>Ac</strong></span> <span class='ocrx_word' id='word_1_740' title='bbox 1111 2771 1258 2806; x_wconf 85' lang='lat' dir='ltr'><strong>disputatio</strong></span> <span class='ocrx_word' id='word_1_741' title='bbox 1275 2777 1367 2798; x_wconf 88' lang='lat' dir='ltr'><strong>nostra</strong></span> <span class='ocrx_word' id='word_1_742' title='bbox 1385 2771 1417 2798; x_wconf 89' lang='lat' dir='ltr'><strong>de</strong></span> <span class='ocrx_word' id='word_1_743' title='bbox 1434 2771 1477 2798; x_wconf 90' lang='lat' dir='ltr'><strong>die</strong></span> <span class='ocrx_word' id='word_1_744' title='bbox 1495 2771 1539 2798; x_wconf 92' lang='lat' dir='ltr'><strong>hic</strong></span> <span class='ocrx_word' id='word_1_745' title='bbox 1555 2771 1635 2798; x_wconf 87' lang='lat' dir='ltr'><strong>finem</strong></span> <span class='ocrx_word' id='word_1_746' title='bbox 1653 2772 1751 2799; x_wconf 87' lang='lat' dir='ltr'><strong>habeat</strong></span> <span class='ocrx_word' id='word_1_747' title='bbox 1767 2781 1772 2798; x_wconf 93' lang='lat'>:</span> <span class='ocrx_word' id='word_1_748' title='bbox 1791 2780 1838 2801; x_wconf 87' lang='lat' dir='ltr'><strong>nos</strong></span> 
     </span>
    </p>
   </div>
   <div class='ocr_carea' id='block_1_114' title="bbox 256 2859 1838 2896">
    <p class='ocr_par' dir='ltr' id='par_1_114' title="bbox 256 2859 1838 2896">
     <span class='ocr_line' id='line_1_114' title="bbox 256 2859 1838 2896; baseline -0.001 -8"><span class='ocrx_word' id='word_1_749' title='bbox 256 2862 311 2896; x_wconf 71' lang='lat'><strong>(28)</strong></span> <span class='ocrx_word' id='word_1_750' title='bbox 332 2860 393 2887; x_wconf 59' lang='lat' dir='ltr'><strong>Haec</strong></span> <span class='ocrx_word' id='word_1_751' title='bbox 408 2860 508 2896; x_wconf 80' lang='lat' dir='ltr'><strong>omnia.</strong></span> <span class='ocrx_word' id='word_1_752' title='bbox 526 2864 555 2886; x_wconf 93' lang='lat' dir='ltr'><strong>ut</strong></span> <span class='ocrx_word' id='word_1_753' title='bbox 568 2859 594 2886; x_wconf 93' lang='lat' dir='ltr'><strong>in</strong></span> <span class='ocrx_word' id='word_1_754' title='bbox 611 2859 878 2896; x_wconf 17' lang='lat' dir='ltr'><strong>chinterexemplari</strong></span> <span class='ocrx_word' id='word_1_755' title='bbox 913 2859 1058 2892; x_wconf 87' lang='lat' dir='ltr'><strong>habentur,</strong></span> <span class='ocrx_word' id='word_1_756' title='bbox 1077 2861 1275 2888; x_wconf 87' lang='lat' dir='ltr'><strong>transtulimus.</strong></span> <span class='ocrx_word' id='word_1_757' title='bbox 1294 2860 1321 2886; x_wconf 94' lang='lat' dir='ltr'><strong>ln</strong></span> <span class='ocrx_word' id='word_1_758' title='bbox 1355 2868 1415 2888; x_wconf 91' lang='lat' dir='ltr'><strong>meo</strong></span> <span class='ocrx_word' id='word_1_759' title='bbox 1449 2864 1537 2888; x_wconf 87' lang='lat' dir='ltr'><strong>tamen</strong></span> <span class='ocrx_word' id='word_1_760' title='bbox 1553 2859 1644 2888; x_wconf 88' lang='lat' dir='ltr'><strong>Niccta</strong></span> <span class='ocrx_word' id='word_1_761' title='bbox 1681 2868 1734 2888; x_wconf 91' lang='lat' dir='ltr'><strong>non</strong></span> <span class='ocrx_word' id='word_1_762' title='bbox 1750 2861 1838 2896; x_wconf 61' lang='lat' dir='ltr'><strong>legun.</strong></span> 
     </span>
    </p>
   </div>
   <div class='ocr_carea' id='block_1_115' title="bbox 223 2891 925 2929">
    <p class='ocr_par' dir='ltr' id='par_1_115' title="bbox 223 2891 925 2929">
     <span class='ocr_line' id='line_1_115' title="bbox 223 2891 925 2929; baseline -0.004 -6"><span class='ocrx_word' id='word_1_763' title='bbox 223 2891 274 2929; x_wconf 62' lang='grc' dir='ltr'><strong>ιιιιῖ.</strong></span> <span class='ocrx_word' id='word_1_764' title='bbox 290 2897 320 2923; x_wconf 87' lang='lat' dir='ltr'><strong>Et</strong></span> <span class='ocrx_word' id='word_1_765' title='bbox 335 2901 407 2923; x_wconf 84' lang='lat' dir='ltr'><strong>certe</strong></span> <span class='ocrx_word' id='word_1_766' title='bbox 422 2896 456 2922; x_wconf 87' lang='lat' dir='ltr'><strong>ab</strong></span> <span class='ocrx_word' id='word_1_767' title='bbox 468 2895 559 2929; x_wconf 84' lang='lat' dir='ltr'><strong>aliquo</strong></span> <span class='ocrx_word' id='word_1_768' title='bbox 576 2891 677 2921; x_wconf 81' lang='lat' dir='ltr'><strong>inserta</strong></span> <span class='ocrx_word' id='word_1_769' title='bbox 691 2894 774 2923; x_wconf 86' lang='lat' dir='ltr'><strong>fuisse</strong></span> <span class='ocrx_word' id='word_1_770' title='bbox 791 2891 925 2929; x_wconf 75' lang='lat' dir='ltr'><strong>suspicor.</strong></span> 
     </span>
    </p>
   </div>
   <div class='ocr_carea' id='block_1_116' title="bbox 379 2944 751 2975">
    <p class='ocr_par' dir='ltr' id='par_1_116' title="bbox 379 2944 751 2975">
     <span class='ocr_line' id='line_1_116' title="bbox 379 2944 751 2975; baseline 0.005 -3"><span class='ocrx_word' id='word_1_771' title='bbox 379 2944 513 2973; x_wconf 74' lang='lat' dir='ltr'><strong>PATltOL.</strong></span> <span class='ocrx_word' id='word_1_772' title='bbox 529 2945 587 2973; x_wconf 77' lang='lat' dir='ltr'><strong>Gn.</strong></span> <span class='ocrx_word' id='word_1_773' title='bbox 607 2944 751 2975; x_wconf 70' lang='lat' dir='ltr'><strong>CXXVII.</strong></span> 
     </span>
    </p>
   </div>
   <div class='ocr_carea' id='block_1_117' title="bbox 1643 2941 1679 2971">
    <p class='ocr_par' dir='ltr' id='par_1_117' title="bbox 1643 2941 1679 2971">
     <span class='ocr_line' id='line_1_117' title="bbox 1643 2941 1679 2971; baseline 0 0"><span class='ocrx_word' id='word_1_774' title='bbox 1643 2941 1679 2971; x_wconf 74' lang='grc' dir='ltr'><strong>ῐιϐ</strong></span> 
     </span>
    </p>
   </div>
   <div class='ocr_carea' id='block_1_118' title="bbox 1844 2449 1848 2498">
    <p class='ocr_par' dir='ltr' id='par_1_118' title="bbox 1844 2449 1848 2498">
     <span class='ocr_line' id='line_1_118' title="bbox 1844 2449 1848 2498; baseline 0 0"><span class='ocrx_word' id='word_1_775' title='bbox 1844 2449 1848 2498; x_wconf 80' lang='lat' dir='ltr'><strong>l</strong></span> 
     </span>
    </p>
   </div>
   <div class='ocr_carea' id='block_1_119' title="bbox 1891 1545 1912 1554">
    <p class='ocr_par' dir='ltr' id='par_1_119' title="bbox 1891 1545 1912 1554">
     <span class='ocr_line' id='line_1_119' title="bbox 1891 1545 1912 1554; baseline 0 0"><span class='ocrx_word' id='word_1_776' title='bbox 1891 1545 1912 1554; x_wconf 48' lang='grc' dir='ltr'><strong>ς</strong></span> 
     </span>
    </p>
   </div>
  </div>
