2058 3159
233 230 303 263 tibi

938 221 1123 254 ADDEXDA.

1788 219 1854 251 14'2

239 292 329 313 autem
351 291 382 311 ca
410 290 468 316 qum
486 281 612 313 tlelthOpS
638 280 799 312 sequuntur,
817 276 939 303 ‘direndo
960 284 1020 310 per-
1036 279 1057 306 Α
1072 276 1205 310 abjecisse
1222 285 1228 302 :
1247 275 1318 310 quod
1338 276 1395 302 fieri
1414 283 1466 303 non
1486 283 1565 310 posse
1590 275 1721 305 dicerent.
1740 281 1768 302 et
1784 278 1854 311 quod

239 336 397 366 sequamur.
428 327 454 353 ld
479 330 579 357 autem,
607 323 679 358 quod
703 322 877 358 sequebatur,
901 326 929 349 et
951 322 1022 349 unde

240 385 287 412 per
325 372 519 408 digressionem
548 377 580 397 eo
610 370 811 404 processimus,
847 373 876 395 ut
906 369 940 395 de
968 368 1021 395 diei

241 421 345 448 ratione
368 419 448 445 verba
473 416 636 448 faceremus,
665 416 716 442 hoc
731 419 800 446 erat,
824 422 920 449 nempe
940 414 1021 448 spiri-

240 466 349 493 tualitcr
380 463 458 490 nobis
486 462 585 489 festum
614 468 675 488 esse
700 460 902 488 celebrandum.
925 460 965 486 Ad
991 467 1022 486 ea

240 512 322 546 igitur
344 507 571 536 accommodanda
597 511 671 538 sunt,
703 513 764 541 qua:
789 506 815 532 in
841 506 982 540 prmsentia
1008 513 1021 531 a

241 556 320 584 nobis
334 555 472 586 dicentur;
497 561 578 587 atque
605 553 641 579 ita
665 551 866 587 quodammodo
887 551 1022 586 agendum

240 607 292 629 est.
324 601 502 628 Pentecosten
543 598 736 630 celebramus,
775 606 827 624 non
864 597 1023 632 simpliciter

241 655 402 678 numerum,
433 646 480 672 sed
509 645 627 679 Spiritus
656 644 737 670 otiati)
763 644 932 674 adventum.
961 651 1022 669 nam

240 700 297 722 tum
328 693 372 720 ille
401 692 434 718 ad
462 690 611 724 discipulos
638 689 773 722 accessit;
800 694 879 723 atque
901 689 945 715 hic
965 689 1023 715 dies

241 745 311 771 erat,
336 747 414 772 quem
441 737 568 764 Christus
595 736 783 770 pollicitationi
806 743 862 762 sure
886 735 1024 769 explenda:

240 785 423 819 prmstituerat
437 803 443 815 ,
471 790 531 809 cum
554 782 683 816 apostolis
706 782 808 808 diceret
830 790 837 808 :
867 781 914 808 Vos
936 786 1023 807 autem

241 826 443 860 baptizabimini
465 827 491 852 in
521 825 625 860 Spiritu
638 830 729 852 sancto
747 833 797 851 non
821 826 911 852 multis
931 826 1025 852 abhinc

241 873 333 898 diebus
350 871 382 898 ³⁵.
410 870 516 897 Etenim
545 870 704 904 pollicitatio
731 869 839 904 quidem
862 870 889 896 in
914 877 947 896 eo
972 870 1026 896 sita

242 923 312 951 erat,
327 917 398 952 quod
418 917 484 951 ipsis
508 916 595 943 sancti
620 915 738 950 Spiritus
755 915 902 942 adventum
921 915 1025 948 promi-

243 967 315 990 serat
345 971 352 989 :
383 962 517 989 terminus
545 966 633 987 antem
669 965 727 987 erat
758 960 886 994 temporis
914 967 945 986 ac
974 959 1024 986 loci

244 1008 393 1036 deelaratio
411 1015 418 1033 :
437 1006 527 1033 Sedete
545 1006 629 1038 enim,
649 1006 744 1040 inquit,
773 1006 799 1032 in
821 1005 926 1031 civitate
949 1004 1027 1030 Jeru-

241 1053 334 1085 salem,
348 1060 480 1087 quousque
504 1051 654 1078 induamini
682 1051 777 1078 virtute
795 1058 827 1076 ea:
842 1050 897 1076 alto
913 1050 945 1076 ³⁷.
967 1050 1026 1076 tam

243 1099 339 1126 horutn
357 1098 538 1133 exspectatio,
561 1098 619 1133 spei
645 1103 713 1130 erat,
735 1105 816 1133 quam
836 1102 950 1125 eventus
966 1101 1027 1123 tan-

242 1144 304 1172 dem
328 1144 456 1179 explevit.
486 1144 536 1173 Ac.
567 1143 638 1170 Deus
653 1143 733 1176 bone,
751 1148 884 1178 quantum
906 1147 948 1170 est
974 1142 1026 1168 hoc

242 1190 414 1225 mysterium.
447 1189 535 1222 Illud,
570 1194 722 1224 quantum,
752 1196 813 1216 cum
846 1187 1027 1215 admiratione

243 1235 413 1263 eti‘erendum
430 1239 483 1267 est,
496 1234 578 1269 idque
596 1241 629 1261 ex
651 1241 685 1261 eo
708 1234 803 1268 liquet,
825 1234 898 1268 quod
912 1233 1027 1266 subjun-

243 1281 316 1316 g-itur
333 1290 339 1308 :
356 1280 444 1313 Quam
463 1277 593 1314 magnum
613 1284 641 1306 et
658 1278 856 1306 venerandum.
878 1278 945 1305 Nam
964 1285 1026 1304 cum

242 1326 300 1359 ait,
336 1329 487 1360 quantum,
524 1324 586 1351 festi
625 1323 838 1358 magnitudinem
867 1328 894 1349 et
921 1323 1028 1357 quanti-

243 1375 326 1398 tatem
348 1371 473 1406 requirit.
502 1369 585 1405 ldque
607 1369 746 1404 explicans
773 1367 929 1403 Theologua
961 1369 1025 1396 ait:

243 1417 328 1449 Quam
356 1422 494 1450 magnum,
523 1415 574 1441 hoc
599 1417 659 1446 est,
686 1413 764 1440 valde
789 1421 928 1448 magnum.
960 1413 1026 1440 Cum

243 1465 333 1489 autem
360 1461 473 1488 dixisset
495 1469 502 1487 :
531 1458 668 1494 Corporea
690 1459 792 1486 Christi
808 1459 889 1486 linem
915 1459 1025 1490 habent,

243 1514 386 1533 commune
420 1505 557 1541 quoddam
594 1512 694 1532 nomen
728 1512 757 1532 se
790 1505 929 1538 accepisse
960 1512 1026 1531 sen-

243 1552 325 1585 tiens,
351 1553 424 1586 quod
450 1559 503 1579 non
536 1551 616 1578 modo
637 1558 668 1577 ea
688 1557 749 1585 quae
767 1557 926 1584 corpoream
943 1549 1026 1583 ipsius

242 1599 414 1632 praesentiam
448 1602 476 1625 et
511 1596 738 1624 consuetudinem
775 1602 838 1622 cum
872 1595 1027 1621 hominibus

1075 322 1251 355 quantitatem
1281 325 1308 348 et
1333 322 1491 356 qualitatem
1525 321 1697 355 lormamque
1722 320 1855 354 haberet,

1076 375 1136 393 cum
1167 374 1200 394 co
1228 367 1411 400 jungerctur,
1443 366 1515 401 quod
1548 366 1590 393 bis
1616 366 1748 393 omnibus
1777 367 1857 394 rebus

1075 417 1197 445 careret;
1217 412 1371 447 hujusmodi
1390 412 1486 448 dogma
1500 413 1608 443 evertit,
1622 412 1717 439 dicens
1732 419 1740 439 :
1757 411 1859 440 Vereor

1075 458 1148 485 enim
1173 458 1282 489 dicere,
1311 458 1491 492 proprietates
1513 458 1638 491 corporis
1661 456 1809 484 deﬂuxisse
1827 465 1858 484 ae

1077 504 1195 538 dilapsas
1220 511 1292 531 csse.
1319 503 1366 530 llis
1394 504 1466 530 enim
1494 503 1611 530 sublatis
1639 503 1730 536 ipsum
1750 511 1859 538 quoque

1077 550 1159 576 simul
1187 549 1291 576 tollitur
1315 554 1342 576 et
1372 549 1520 578 evanescit.
1547 553 1640 582 utpote
1662 556 1678 575 a
1706 556 1760 582 quo
1784 549 1858 575 nullo

1078 603 1122 620 mo
1134 596 1158 621 lo
1173 595 1306 629 srparari,
1321 602 1352 621 ac
1373 602 1408 621 ne
1433 595 1597 629 cogitatione
1614 594 1724 628 quidem
1746 594 1858 622 distrahi

1078 641 1193 675 possint.
1229 639 1445 667 Ἀπεσκευάσθαι
1469 645 1572 671 autem,
1595 640 1622 666 id
1647 644 1688 666 est
1704 641 1860 672 excussisse,

1078 687 1162 718 dixit.
1191 686 1349 721 metaphora
1374 687 1455 713 ducta
1479 687 1513 713 ab
1533 687 1576 713 bis
1594 687 1639 720 qui
1658 693 1722 713 vasa
1739 687 1859 720 quaedam

1077 736 1259 767 comportant,
1284 739 1370 766 eaque
1393 732 1466 759 velut
1489 739 1598 766 gravem
1618 733 1754 759 sarcinam
1776 732 1861 766 depo-

1079 784 1156 805 nunt.
1185 778 1288 806 Idcirco
1314 786 1367 806 non
1393 778 1461 804 dixit
1491 785 1621 812 corporea
1650 778 1754 805 Christi
1782 779 1860 804 tinent

1080 824 1179 850 habere
1193 844 1200 856 ,
1229 824 1277 851 sed
1302 831 1333 850 ea
1361 831 1421 858 qua:
1443 823 1476 850 ad
1492 830 1656 858 corpoream
1680 827 1708 849 et
1727 828 1861 850 terrenam

1079 869 1164 903 ipsius
1181 868 1354 903 prtesentiam
1373 869 1518 902 pertinent.
1537 867 1655 903 Spiritus
1672 872 1761 894 autent
1778 869 1862 894 actio-

1079 915 1122 942 nis
1139 914 1300 950 principium
1319 914 1440 949 capiunt.
1462 914 1610 948 Postquam
1631 914 1706 940 enim
1733 913 1862 940 Christus

1079 959 1153 986 omni
1183 966 1314 994 corporeo
1344 966 1458 986 munere
1490 959 1676 994 perfunctus,
1710 959 1736 985 in
1763 959 1861 986 cet-lum

1079 1010 1203 1039 receptus
1218 1009 1270 1036 est,
1297 1005 1416 1038 Spiritus
1435 1009 1547 1032 sanctus
1561 1004 1712 1035 descendit.
1730 1011 1863 1038 suamque

1079 1050 1104 1076 in
1133 1050 1273 1084 apostolos
1299 1050 1352 1077 vim
1379 1055 1406 1077 et
1439 1051 1575 1076 actionem
1606 1057 1734 1076 exercere
1769 1050 1862 1084 ccepit.

1078 1095 1104 1122 in
1135 1096 1273 1122 divisione
1301 1095 1444 1130 igncarum
1468 1095 1647 1130 linguarum,
1673 1102 1729 1129 quo
1754 1095 1864 1121 nomine

1078 1139 1176 1167 festum
1193 1141 1263 1167 diem
1289 1141 1470 1167 celebramus.
1491 1141 1575 1167 l‘orro
1589 1148 1624 1167 ne
1649 1141 1710 1175 quis
1724 1140 1865 1167 addubitet

1077 1193 1110 1212 ac
1135 1186 1300 1218 sciscitetur,
1331 1192 1457 1220 quaenam
1487 1185 1532 1212 illa
1562 1186 1629 1218 sint,
1660 1192 1722 1221 qua
1749 1186 1782 1212 ad
1799 1193 1865 1211 cor-

1076 1238 1187 1266 poream
1215 1230 1318 1258 Christi
1349 1232 1522 1266 prasentiam
1556 1236 1702 1265 spectant,
1733 1238 1865 1266 expresso

1077 1277 1188 1304 disertis
1203 1277 1293 1304 verbis
1307 1285 1339 1304 ea
1355 1284 1537 1312 exponamus.
1564 1277 1694 1309 Quamam
1720 1285 1785 1311 ergo
1800 1280 1864 1302 sunt

1077 1323 1128 1350 ea?
1153 1322 1236 1358 Virgo
1257 1330 1307 1358 pro
1333 1323 1458 1355 muliere,
1488 1323 1615 1350 nativitas
1640 1330 1690 1358 pro
1717 1323 1864 1353 creatione,

1079 1377 1200 1405 praesepe
1228 1374 1339 1404 propter
1365 1369 1534 1403 paradisum,
1553 1368 1646 1396 feracia:
1676 1374 1787 1403 propter
1814 1376 1865 1394 nu-

1078 1416 1212 1448 ditatem,
1248 1416 1336 1450 angeli
1377 1415 1516 1442 cmlestem
1550 1415 1645 1445 illurn,
1683 1415 1781 1441 deinde
1807 1418 1865 1441 ter-

1078 1468 1174 1488 renum
1212 1460 1403 1491 celebrantes,
1441 1459 1588 1494 magnique
1624 1460 1732 1486 consilii
1774 1459 1863 1486 Patris

1078 1506 1222 1542 Angelnm.
1249 1510 1372 1540 pastores
1395 1509 1569 1532 accurrentes
1580 1505 1612 1531 ad
1630 1505 1735 1539 Agnum
1757 1509 1784 1532 et
1807 1504 1866 1531 Pa«

1078 1557 1192 1583 storem,
1220 1552 1299 1578 stella
1327 1559 1500 1586 prtecurrens
1523 1551 1662 1587 (creatura
1686 1551 1761 1578 enim
1781 1551 1865 1578 Crea-

1079 1602 1163 1624 torem
1195 1597 1324 1632 adorat),
1356 1596 1427 1632 Magi
1461 1597 1495 1624 ad
1527 1598 1611 1631 pedes
1642 1597 1799 1624 accidentes
1832 1605 1865 1624 ac

243 1644 373 1676 habitam,
406 1643 440 1670 de
466 1650 517 1676 qua
549 1642 676 1676 deinceps
703 1648 857 1668 sermonem
885 1640 1028 1667 habiturus
1040 1641 1063 1672 C
1079 1643 1150 1670 dona
1164 1643 1320 1674 oll'erentcs,
1335 1644 1455 1678 gentium
1473 1643 1600 1678 primitiae
1611 1648 1695 1677 atque
1711 1643 1864 1677 ingressus,

244 1694 294 1720 est,
322 1689 476 1722 signiﬁcare
502 1691 602 1721 posset,
630 1686 676 1713 sed
697 1685 788 1712 ~ctiam
812 1685 952 1712 naturales
966 1693 1028 1712 cor-

243 1735 318 1769 poris
341 1733 532 1768 proprietates,
559 1731 631 1759 relut
657 1731 791 1765 triplicem
816 1731 1028 1763 dimensione-nt,

245 1780 359 1807 formam
386 1799 392 1812 ,
430 1779 607 1813 quantitatem
640 1782 668 1805 et
695 1777 876 1812 qualitatem,
923 1777 1030 1811 aliaque

245 1825 326 1859 hujus
343 1824 451 1860 generis
467 1843 474 1855 ,
491 1831 524 1850 ne
548 1831 642 1850 ansam
666 1822 800 1849 haereticis
824 1821 955 1856 prtebcret
972 1821 1029 1847 cxi-

244 1871 369 1896 stitnandi
412 1868 562 1901 Christum,
603 1876 663 1894 cum
694 1868 720 1894 in
763 1867 863 1894 cmlutn
907 1872 1030 1900 receptus

243 1919 326 1947 esset,
342 1922 443 1949 corpus
458 1922 565 1948 quoque
576 1913 664 1948 ipsum
683 1913 826 1947 abjecisse,
837 1910 869 1938 ac
886 1913 944 1938 sola
959 1912 1029 1938 divi-

245 1961 329 1987 nitate
354 1961 379 1986 in
395 1960 494 1987 caelum
516 1960 674 1986 ascendisse
688 1958 744 1994 (‘29)
758 1979 765 1990 ,
791 1958 1023 1993 quemadmodum

245 2007 437 2034 existimarunt
470 2006 635 2038 Maniehtei,
669 2006 714 2039 qtii
753 2006 785 2031 ad
822 2005 957 2039 dogmatis
987 2004 1027 2030 sui

244 2053 424 2086 patrociniutn
455 2053 527 2078 hunc
557 2050 665 2077 Davidis
695 2051 783 2076 locum
814 2050 1028 2084 produxerunt:

245 2097 278 2122 1n
305 2097 359 2125 sole
380 2096 466 2130 posuit
489 2095 689 2122 tabernaculum
714 2102 791 2121 suum
807 2095 829 2110 ³⁸
845 2103 851 2121 :
868 2099 946 2122 acula
961 2102 1030 2128 prte-

245 2142 398 2167 mnnitione
419 2141 482 2167 huic
506 2140 653 2173 suspicioni
687 2139 829 2171 medetur,
856 2140 1029 2174 subjiciens:

247 2185 349 2213 Vereor
372 2187 462 2212 dicere
479 2193 522 2212 res
544 2185 576 2211 ad
601 2192 702 2218 corpus
725 2184 903 2219 pertinentes,
932 2185 958 2211 id
976 2189 1028 2216 est,

246 2230 360 2267 llefugio
387 2239 419 2258 ac
447 2230 595 2257 reformido
621 2230 713 2257 dicere
740 2237 782 2256 res
812 2230 947 2264 corporis,
978 2231 1030 2257 hoc

244 2282 294 2308 est.
319 2277 408 2311 ipsum
436 2283 548 2310 corpus,
565 2275 654 2310 quoad
672 2275 737 2302 mihi
759 2274 922 2309 cujusquam
939 2275 1028 2302 oratio

245 2323 407 2358 persuaserit
430 2322 579 2358 (nunquam
604 2326 694 2348 autem
714 2321 905 2356 persuadebit)
932 2322 1028 2350 melius

245 2378 276 2397 ac
299 2369 479 2405 praestabilius
510 2376 571 2395 esse
597 2368 718 2402 corpori,
749 2372 831 2402 atque
853 2371 887 2395 ad
912 2368 1029 2403 gloriam

245 2421 271 2442 et
299 2417 432 2442 honorem
463 2414 645 2448 praeclarius,
677 2413 830 2448 projectum
859 2421 941 2447 esse,
974 2421 1030 2441 non

244 2467 326 2486 secus
340 2466 371 2486 ac
386 2467 433 2486 vas
445 2459 581 2492 quoddam
607 2465 853 2493 supervacaneum,
871 2464 917 2486 aut
933 2459 1030 2486 inutile

243 2509 271 2530 et
297 2503 398 2530 infame
424 2504 626 2535 vestimentum,
655 2508 738 2537 atque
768 2503 794 2530 in
817 2503 884 2531 solis
914 2511 1030 2538 corpore

245 2549 394 2583 repositum
423 2555 483 2575 esse
500 2567 508 2580 ,
534 2548 611 2584 juxta
643 2548 853 2575 Manichaeorum
882 2549 1023 2576 delirium.

244 2593 292 2621 Est
307 2594 387 2622 etiam
415 2594 512 2621 horum
537 2596 681 2622 verborum
706 2595 758 2622 alia
782 2595 862 2622 ratio.
891 2595 1027 2628 Quoniam

243 2641 314 2666 enim
346 2641 472 2667 nonnulli
503 2641 607 2667 unitam
630 2641 739 2675 quidem
763 2648 870 2675 Semper
895 2648 956 2668 esse
982 2649 1027 2668 as-

243 2691 378 2720 sumptam
395 2687 592 2713 humanitatem
616 2694 678 2712 cum
697 2686 841 2713 divinitate
857 2687 1026 2719 asserebant,

243 2738 336 2758 verum
378 2731 557 2766 proprietates
595 2738 660 2758 SllﬂS
698 2736 759 2766 post
795 2733 1026 2759 resurrectionem

274 2820 301 2835 ‘“
322 2821 382 2848 Act.
401 2829 418 2852 ι,
439 2821 465 2848 5.
503 2821 526 2836 ³⁷
545 2820 610 2848 Luc.
628 2829 701 2854 xsuv,
719 2821 764 2848 49.
803 2821 824 2837 ³⁸
844 2814 915 2849 l’sal.
934 2830 1009 2854 xvm,
1031 2822 1057 2848 6.

1081 1689 1295 1723 idololatriaequo
1316 1690 1443 1716 interitus
1466 1694 1493 1715 et
1520 1690 1676 1723 oppressio,
1701 1690 1735 1715 ab
1755 1688 1866 1716 Herode

1080 1739 1186 1768 patrata
1218 1742 1365 1768 puerorum
1395 1735 1483 1762 cattle»
1509 1734 1584 1769 (hoc
1616 1739 1676 1766 est,
1708 1738 1866 1761 tenerorum

1079 1786 1106 1808 et
1126 1781 1269 1815 puerilium
1299 1781 1364 1815 legis
1392 1782 1584 1816 ﬁgurarum),
1608 1781 1692 1808 Vetus
1715 1782 1788 1808 enirn
1813 1779 1866 1808 Tc-

1079 1831 1243 1854 smrncntum
1286 1826 1352 1852 Novi
1378 1828 1462 1861 tlgura
1500 1832 1560 1853 erat
1589 1827 1756 1861 (seiunctio
1786 1831 1867 1861 atque

1079 1871 1259 1907 cxstinctio);
1279 1871 1358 1899 .Iestls
1381 1872 1407 1898 in
1433 1871 1581 1907 Egyptum
1609 1871 1734 1906 fugietis,
1765 1877 1792 1898 ιιι
1816 1879 1867 1899 nos

1079 1925 1199 1951 quoque,
1235 1917 1473 1951 persecutionibus
1500 1918 1608 1949 vexati,
1639 1925 1671 1943 ex
1694 1918 1803 1944 civitate
1838 1918 1866 1944 iu

1080 1962 1217 1989 civitatein
1243 1962 1410 1996 migrcinus,
1436 1970 1532 1989 rursus
1556 1971 1589 1988 ex
1613 1961 1734 1998 Egypto
1759 1963 1866 1990 rediens

1080 2012 1225 2041 postquam
1241 2008 1301 2041 ejus
1316 2007 1464 2034 simulacra
1487 2008 1628 2034 concussit
1646 2013 1729 2042 atque
1748 2007 1866 2042 deiecit;

1080 2053 1274 2084 circumcisus,
1291 2053 1419 2087 baptistni
1438 2060 1509 2087 aqua
1525 2053 1664 2087 pertusas.
1688 2053 1781 2088 Atqui,
1793 2054 1867 2080 dicet

1081 2098 1267 2132 quisquiam,
1301 2099 1461 2133 priusquam
1496 2099 1523 2125 in
1557 2097 1704 2134 Egyptian
1732 2099 1864 2133 lugisset,

1081 2148 1179 2170 octavo
1198 2144 1259 2170 vitae
1277 2143 1320 2170 die
1344 2143 1525 2170 circumcisus
1551 2144 1650 2170 fuerat.
1685 2143 1722 2170 Ita
1746 2143 1865 2178 proiecto

1081 2193 1132 2215 cst.
1164 2187 1263 2215 Verum
1294 2190 1359 2224 quia
1397 2189 1569 2216 circumcisio
1596 2189 1725 2224 baptismi
1750 2189 1865 2223 ligurem

1080 2233 1214 2267 gerebat,
1247 2234 1308 2261 ideo
1335 2242 1395 2261 eam
1424 2235 1562 2270 baptismo
1590 2236 1744 2270 proximam
1772 2234 1863 2262 Theo-

1081 2279 1159 2314 logus
1195 2279 1348 2308 collocavit.
1379 2280 1444 2308 Erat
1471 2287 1562 2308 autem
1594 2281 1864 2317 hujusmodiplava-

1081 2333 1181 2356 crum,
1210 2330 1383 2360 peccatorum
1414 2332 1574 2354 nostrorum
1607 2327 1746 2362 purgatio.
1777 2327 1864 2354 Testi-

1079 2371 1170 2397 monio
1195 2371 1302 2398 ctelitus
1328 2372 1413 2399 misso
1439 2374 1653 2408 comprobatus:
1684 2373 1760 2400 illine
1791 2374 1862 2400 enim

1079 2415 1138 2448 ipse
1168 2422 1332 2449 congressus
1356 2421 1426 2448 erat,
1443 2420 1523 2451 atque
1547 2417 1668 2450 ejusdem
1685 2424 1746 2443 cum
1770 2417 1864 2443 testitl~

1079 2464 1158 2487 canle
1179 2461 1351 2488 substantiae.
1377 2460 1509 2488 Teutalus
1528 2462 1555 2489 in
1571 2462 1679 2489 deserto
1699 2469 1714 2488 a
1732 2462 1861 2494 diabolo;

1080 2509 1195 2534 tentatio
1224 2513 1314 2535 autem
1343 2515 1403 2536 erat
1430 2509 1613 2544 perscrutatio
1635 2509 1786 2536 divinitatis
1813 2509 1862 2536 hu-

1083 2554 1214 2580 manitate
1239 2559 1326 2581 tectae.
1346 2553 1494 2588 Lapidihus
1511 2560 1621 2589 propter
1642 2561 1691 2581 nos
1704 2555 1862 2589 impetitus:

1081 2597 1251 2625 Sustulertmt
1273 2599 1344 2625 enim
1358 2618 1365 2630 ,
1387 2600 1495 2634 inquit,
1515 2599 1618 2633 lapides
1647 2605 1675 2626 ut
1695 2600 1813 2634 jacerent
1836 2600 1863 2624 in

1080 2650 1139 2668 eum
1168 2643 1200 2669 ".
1226 2642 1314 2677 Atque
1340 2644 1396 2669 hzee
1427 2648 1538 2678 propter
1563 2651 1614 2671 nos
1639 2645 1810 2678 perpetiens,
1837 2645 1863 2668 id

1081 2693 1131 2719 est,
1157 2688 1319 2715 eruditionis
1340 2694 1442 2716 nostrae
1468 2697 1561 2717 causa.
1591 2689 1676 2716 Nobis
1699 2691 1771 2716 enim
1797 2689 1861 2716 allii-

1081 2733 1204 2766 ctionis,
1232 2741 1282 2768 pro
1324 2735 1482 2770 evangelica
1521 2735 1714 2770 praedicatione
1755 2741 1780 2762 et
1814 2737 1861 2761 ti.lr

1096 2822 1117 2838 "
1135 2822 1213 2850 Joan.
1232 2832 1290 2856 \‘lll,
1309 2825 1352 2852 59.

278 2897 331 2931 (9.9)
351 2899 529 2925 ‘l'hcmloritus
544 2900 569 2926 in
590 2899 705 2933 lipitrmi.
723 2900 818 2928 Iri-res.
839 2908 844 2926 l
860 2901 940 2934 liujus
961 2901 1095 2927 luercseos
1111 2906 1247 2929 auctorem
1264 2903 1325 2930 facit
1343 2903 1362 2929 ll
1375 2912 1550 2939 -rtnogt‘nc.n.
