2058 3159
231 227 299 259 1453

228 281 407 319 perferendat,
433 280 549 308 formam
576 286 657 316 atque
682 282 835 316 txempium
853 280 912 307 dari
929 288 1010 315 opor-
1026 284 1047 310 Α

227 330 310 356 tebat.
340 326 466 355 Proditus
488 335 501 354 a
525 327 659 362 disripulo
674 334 771 361 panem
797 326 883 361 ipsius
900 327 1006 353 edente.

225 374 314 401 Ciavis
343 373 507 404 transfixus,
531 377 560 399 ut
588 377 727 407 peccatum
751 379 840 398 meum
870 371 1006 406 configat,

226 419 277 446 hoc
301 423 352 451 est,
378 423 472 446 enecet
499 424 526 445 ct
554 419 690 445 absttmat.
724 417 809 444 Morte
837 418 957 448 functus,
980 421 1009 443 ut

227 467 338 490 mortem
355 470 442 489 meam
466 463 552 489 tollat.
581 461 671 489 ilumo
688 462 814 489 conditus
832 482 838 494 ,
861 466 889 488 ut
909 465 1008 488 nostra:

225 509 251 535 in
279 514 377 535 terram
400 507 551 535 reversioni
575 508 724 535 medeatur.
754 507 819 534 Vita:
841 507 983 534 restitutus
1000 528 1007 539 ,

225 558 254 580 ut
269 560 318 580 nos
333 561 364 580 ex
388 553 495 579 infertto
521 553 617 580 liberet
655 553 772 587 vittaque
794 553 928 580 restituat.
958 554 1008 579 As-

227 600 353 631 ?endens,
382 603 411 626 ut
430 606 472 626 inc
493 606 600 633 qnoque
624 599 767 626 subvehat.
793 597 914 631 Quorum
936 605 1007 624 nunc

223 644 304 671 etiam
330 645 448 679 plurinra
463 644 575 678 patitur,
603 650 658 671 tam
686 651 780 671 eorum
805 651 866 677 qua:
887 647 1008 670 contem-

223 695 286 724 plus
311 694 392 724 atque
413 690 570 724 ignominiae
591 693 665 721 sunt.
694 695 776 723 quam
801 693 861 722 quae
883 688 1007 715 horteris.

224 734 291 763 Nam
324 742 432 767 eorum,
463 742 553 769 quaea
584 735 662 762 nobis
696 738 905 761 commemorata
933 737 1006 766 sunt,

224 782 323 815 partim
347 781 379 807 ad
402 781 461 815 ejus
487 781 619 808 honorem
645 780 715 807 facta
743 784 824 812 sunt,
848 780 945 814 partim
975 779 1008 806 ad

223 831 407 860 contemptum
434 830 460 853 ct
485 825 677 861 ignominiam.
700 825 757 852 Pati
775 825 846 852 enirn
869 825 1005 856 dicimus,

224 879 277 898 non
293 876 397 898 tantum
421 871 453 898 de
473 871 554 902 malo,
569 871 616 899 sed
631 870 711 897 etiam
725 870 759 897 de
780 871 860 898 bono.
882 869 1007 897 Christus

223 917 356 952 siquidem
383 917 418 944 ab
452 917 543 952 impiis
564 924 594 943 ea
621 924 682 951 qua:
707 916 883 951 ignominiam
908 916 1009 942 habent

705 227 861 257 NICETAS
882 227 920 256 IN
940 226 1050 256 0R.\T.
1072 226 1163 257 XLIV
1185 226 1214 256 5.
1236 226 1352 256 ίῖΡιΕῧ.

1777 230 1845 262 1454

1061 279 1181 314 jusmodi
1210 279 1306 307 saltem
1334 279 1484 307 orationem
1513 281 1644 308 concedat
1672 290 1733 317 qua:
1764 283 1845 319 hujus

1059 323 1120 350 festi
1135 324 1285 351 celebritati
1307 332 1356 359 par
1385 326 1432 358 sit,
1462 325 1691 362 immodicamque
1720 329 1846 358 humana

1061 373 1162 396 naturae
1178 370 1354 404 cupiditatem
1381 371 1566 399 mediocritate
1586 373 1658 399 velut
1678 374 1779 402 incidat
1806 376 1844 403 Ac

1061 411 1180 445 proiecto
1199 412 1322 440 lrcriliter
1341 418 1367 441 cl
1383 419 1489 442 suontct
1505 415 1582 450 jussu
1604 417 1841 452 (quemadmodum

1061 465 1109 484 nos
1123 457 1241 492 Spiritus
1259 459 1363 493 afllatu,
1380 465 1407 487 ct
1429 462 1575 494 sentimus,
1602 467 1629 489 ct
1653 464 1820 499 profitemur)
1835 487 1841 498 ,

1060 510 1112 528 non
1133 509 1220 531 autent
1236 505 1348 532 alterius
1363 505 1472 540 jussutn
1491 512 1572 542 atque
1594 507 1738 542 imperium
1755 512 1841 537 servi-

1059 548 1120 574 liter
1137 557 1299 584 cxscquctts.
1314 556 1342 578 ut
1356 558 1500 586 creatura},
1513 554 1742 586 quemadtuodum
1755 555 1843 583 Macc-

1058 593 1180 627 doniani,
1199 596 1314 630 Spiritui
1332 602 1427 625 sancto
1453 597 1553 625 bellum
1572 599 1730 633 inferentes,
1748 601 1839 629 existi-

1059 646 1145 672 mant,
1175 641 1304 668 nimirum
1337 643 1475 670 contrario
1501 644 1598 678 spiritu
1617 644 1709 672 afﬂati.
1729 646 1844 682 Spiritus

1058 685 1142 717 etritn,
1163 686 1206 712 ubi
1227 687 1294 719 vult,
1315 688 1410 722 spirat,
1432 693 1461 715 ut
1477 689 1548 723 apud
1566 688 1697 717 Joannem
1726 692 1845 727 loquitur

1057 730 1184 759 Christus
1200 731 1234 765 ",
1251 731 1277 759 id
1300 737 1351 766 est,
1378 733 1404 759 in
1437 741 1491 767 quo
1517 734 1577 761 loco
1607 735 1681 763 orbis
1710 741 1844 765 terrarum

1058 777 1127 810 vult,
1143 782 1170 804 et
1191 785 1274 812 super
1303 786 1372 813 quos
1400 779 1525 808 homines
1552 781 1620 814 vult;
1637 782 1693 809 vult
1708 789 1796 810 autcrtr
1821 785 1844 812 si

1058 823 1193 851 invenerit
1209 824 1304 859 quales
1323 825 1382 859 ipse
1403 826 1461 852 vult
1475 834 1481 853 :
1496 831 1523 853 et
1537 831 1647 861 quando
1668 829 1733 861 vuit,
1750 829 1776 856 id
1791 835 1843 862 est,

1057 876 1178 905 congruo
1197 875 1328 905 tempore.
1354 870 1433 898 Verbi
1458 872 1556 907 gratia,
1582 873 1665 900 aliunr
1696 881 1729 901 ex
1750 876 1845 903 matris

1059 921 1151 943 ventre
1163 924 1211 951 per
1224 917 1424 951 praescientiam
1439 919 1584 946 sanctitate
1598 920 1745 954 perfundit,
1761 923 1844 949 alium

224 962 336 997 paritur!
348 969 379 989 ac
395 970 443 996 pro
457 970 506 989 sua
527 962 642 989 lenitate
666 961 784 996 perfert;
805 969 820 988 δ
847 962 896 996 piis
916 967 1006 989 autem
1022 959 1044 988 B
1059 968 1152 995 greges
1170 961 1260 987 ovium
1280 968 1447 996 pascentem,
1468 963 1550 990 alium
1567 963 1640 990 aliud
1658 964 1786 999 quiddam
1802 966 1843 993 [ιι-

223 1009 364 1043 ipsiusque
375 1016 469 1036 amore
483 1009 614 1043 praeditis,
627 1016 657 1035 ea
670 1016 731 1044 quae
746 1016 807 1035 curn
824 1008 928 1036 honore
942 1017 1008 1035 con-

220 1055 314 1089 juncta
334 1058 409 1081 sunt.
427 1055 465 1082 Ac
485 1062 573 1089 neque
593 1054 646 1082 illis
660 1055 727 1082 irarrr
747 1054 838 1086 infert,
855 1062 936 1089 quam
956 1055 1006 1082 sibi

223 1101 345 1127 thesauri
366 1101 452 1128 instar
467 1101 609 1136 colligunt,
631 1109 680 1128 nec
695 1109 742 1128 cos
763 1108 858 1128 rursus
878 1108 893 1127 a
909 1101 1007 1136 quibus

222 1147 332 1179 colitur,
352 1147 442 1174 statitn
465 1147 521 1174 suis
534 1148 612 1174 bonis
635 1152 828 1174 retnuncratur
843 1156 851 1174 :
868 1155 960 1174 verum
981 1151 1007 1173 et

223 1192 277 1219 illis
296 1192 472 1227 supplicium,
488 1197 514 1219 et
534 1192 612 1220 nobis
625 1193 797 1227 praemiorum
811 1193 1005 1227 benignitatem

222 1237 323 1269 differt,
339 1242 368 1264 ut
380 1243 407 1264 et
417 1238 471 1264 illis
485 1242 591 1271 tempus
610 1238 777 1272 pmnitentia:
790 1237 843 1270 det,
858 1243 884 1265 et
896 1245 945 1265 nos
959 1245 1007 1264 ex-

223 1281 322 1316 ploret,
335 1286 417 1316 atque
432 1283 588 1317 experiatur
602 1291 667 1309 num
685 1290 734 1317 pro
752 1283 852 1317 pietate
865 1282 1007 1310 decertan-

223 1333 264 1356 tes
277 1328 375 1356 animis
395 1328 552 1364 frangcmur
576 1336 609 1356 ac
631 1329 842 1356 dcbilitalritnur.
858 1328 920 1356 [lare
933 1329 1006 1355 enim

219 1372 276 1407 jam
291 1373 355 1400 olim
368 1377 394 1400 et
414 1381 429 1399 a
451 1373 585 1408 pritrcipio
605 1373 676 1400 ratio
693 1378 720 1399 et
742 1381 825 1400 causa
849 1377 891 1400 est
909 1373 1008 1400 divinat

221 1419 436 1453 dispensationis
451 1424 478 1446 et
503 1419 758 1454 impcrccptibilium
783 1420 870 1453 ipsius
887 1419 1004 1454 judicio-

221 1473 293 1498 rum,
307 1465 407 1500 quibus
419 1465 555 1499 sapienter
568 1473 610 1491 res
622 1469 730 1491 nostras
741 1465 838 1492 recitat
850 1470 876 1492 et
889 1464 1007 1491 admini-

222 1515 300 1538 strat.
320 1509 397 1543 Quod
427 1514 517 1536 autent
547 1509 715 1536 abstrusiora
741 1510 796 1536 sint
810 1509 857 1536 Dci
881 1510 1005 1542 consilia,

223 1563 303 1590 quam
320 1560 348 1582 ut
365 1563 397 1582 ea
421 1555 566 1590 quisquam
584 1555 692 1590 assequi
709 1555 808 1590 possit,
825 1555 888 1582 hinc
908 1556 1008 1582 clamat

224 1600 308 1628 David
328 1602 421 1628 dicens
440 1609 447 1628 :
472 1600 580 1628 Iudicia
596 1606 640 1627 tua
659 1601 768 1635 abyssus
783 1601 867 1627 multa
884 1600 924 1634 ‘°;
944 1601 1008 1627 hinc

222 1648 303 1673 etiam
319 1646 430 1679 Paulus,
446 1653 507 1672 cum
523 1647 703 1673 admiratione
718 1655 815 1681 magna
832 1652 857 1673 et
876 1651 1005 1681 stupore:

223 1693 311 1726 Quam
325 1691 511 1718 iitscrtttabilia
524 1693 698 1726 sunljtidicia
711 1691 792 1726 ipsius
801 1697 824 1719 et
839 1692 1005 1726 investigabi'

223 1738 259 1764 les
273 1739 322 1764 via:
346 1737 402 1771 cjus
419 1737 459 1763 “1
481 1737 594 1769 Verum,
609 1737 708 1763 dixerit
730 1736 839 1771 aliquis,
861 1737 888 1762 Si
904 1736 948 1763 Dei
961 1737 1006 1771 jn-

222 1782 293 1809 dicia
315 1782 416 1816 percipi
433 1785 581 1816 nequeunt,
600 1782 645 1816 qui
663 1781 691 1807 fit
707 1786 735 1808 ut
751 1780 917 1816 Theologus,
934 1782 1007 1809 velut

223 1834 318 1854 eorum
329 1826 512 1861 cognitionem
526 1831 681 1856 assecutus.
697 1827 950 1861 procraStiuationis
961 1827 1006 1854 ltci

222 1880 334 1900 causam
346 1872 486 1908 proferat?
497 1871 663 1907 Responderi
679 1877 776 1906 potest,
787 1873 859 1906 quod
876 1879 924 1907 per
938 1881 1005 1900 corr-

221 1917 354 1952 jecturatn
367 1925 426 1944 eam
440 1917 565 1951 protulit;
576 1918 611 1943 ob
622 1917 647 1943 id
659 1918 730 1943 enim
743 1917 856 1948 addidit,
869 1916 1006 1944 Fortasse.

223 1961 292 1988 Tum
313 1962 376 1996 quia
402 1962 448 1989 Dei
468 1962 553 1989 Filius
579 1962 779 1988 comtrruuiorcs
803 1968 893 1988 rerutn
909 1969 1006 1989 causas

224 2014 255 2033 ac
265 2008 395 2039 rationes,
412 2007 462 2034 etsi
478 2014 533 2033 non
543 2014 648 2039 orrtnes,
663 2014 849 2041 sa'pcnutnero
865 2006 941 2033 nobis
956 2014 1005 2041 pa-

223 2052 324 2085 tefecit;
338 2052 514 2086 parti‘cularcs
527 2057 616 2079 autem
628 2056 655 2079 ct
668 2052 821 2087 singulares
835 2053 1007 2087 itupercepti~

222 2097 291 2124 biles
307 2103 407 2125 servat.
435 2097 522 2132 Atque
548 2097 705 2132 hujusmodi
722 2097 832 2132 quidem
856 2101 920 2125 sunt
946 2105 1007 2132 qua:

223 2144 256 2170 ad
272 2143 414 2170 Christum
439 2143 586 2177 pertinent,
601 2143 659 2170 sive
679 2144 829 2179 passiones,
845 2144 903 2171 sive
917 2144 1006 2171 actio-

223 2196 271 2216 nes
285 2196 292 2222 ;
313 2193 339 2215 et
361 2195 420 2223 qua:
434 2192 525 2222 postea
541 2196 699 2223 sequentur,
716 2189 767 2216 hoc
783 2195 834 2223 cst,
850 2197 910 2224 qua:
921 2190 953 2217 ad
964 2197 1008 2217 sc-

222 2235 338 2262 cundaur
358 2235 528 2268 praesentiain
556 2235 685 2268 attinent,
701 2241 765 2262 tntrc
788 2236 932 2270 gloriosius
945 2244 1006 2270 spc-

1058 1007 1186 1033 ciculem.
1197 1007 1231 1034 Et
1246 1014 1378 1042 quantum
1396 1009 1469 1042 vult;
1486 1011 1582 1038 tttodus
1593 1011 1666 1038 enim
1681 1017 1770 1040 certus
1785 1020 1841 1045 est,

1058 1055 1082 1076 et
1100 1051 1244 1079 diversitas
1264 1052 1414 1086 gratiarum
1432 1059 1513 1089 atque
1537 1055 1735 1090 inspirationis.
1756 1058 1844 1092 Atque

1058 1096 1122 1122 illud
1139 1097 1251 1124 observa
1266 1118 1273 1131 ,
1303 1098 1346 1124 ubi
1371 1099 1460 1126 locutu
1476 1100 1649 1135 significare;
1667 1109 1746 1137 super
1769 1111 1844 1137 quos,

1058 1148 1188 1174 personas
1217 1150 1264 1170 eas
1284 1151 1344 1178 qua;
1370 1144 1552 1179 inspirantur;
1579 1147 1695 1180 quando,
1719 1153 1845 1183 ten-pus;

1058 1191 1185 1219 quantum
1197 1207 1203 1219 ,
1218 1188 1337 1216 tuodutrr.
1352 1188 1497 1216 Enimvero
1513 1189 1639 1218 Christus
1654 1194 1704 1218 hoc
1726 1192 1784 1220 loco
1798 1201 1845 1228 per

1058 1231 1194 1265 spiritum,
1223 1241 1277 1259 ttotr
1305 1234 1437 1267 Spiritum
1474 1241 1599 1262 sanctum
1636 1237 1771 1272 iugelligit,
1797 1242 1843 1265 sei

1058 1283 1167 1304 aereum
1179 1283 1206 1305 et
1223 1284 1300 1306 vento
1316 1279 1475 1313 conflatum,
1493 1289 1539 1316 per
1552 1282 1739 1310 obscur-iorem
1766 1284 1845 1310 nimi-

1058 1331 1118 1349 ruttt
1144 1325 1325 1360 cognitionem
1353 1326 1404 1353 hoc
1425 1327 1548 1361 exemplo
1577 1328 1764 1362 pet‘fecliorcm
1793 1329 1846 1357 illis

1058 1368 1183 1396 achrens.
1200 1369 1267 1397 Nam
1285 1379 1346 1397 cum
1360 1371 1474 1398 dixisset
1497 1370 1661 1399 Nicodetnus
1676 1381 1683 1399 :
1707 1373 1845 1404 Quomodo

1057 1419 1141 1448 potest
1166 1415 1242 1442 homo
1269 1417 1342 1444 nasci
1365 1417 1450 1444 denuo
1466 1417 1505 1443 “?
1528 1418 1602 1444 velut
1627 1418 1758 1452 ignorans
1785 1427 1844 1446 eam

1059 1461 1239 1494 nativitatem,
1254 1462 1288 1490 de
1301 1470 1355 1498 qua
1371 1462 1503 1490 Dominus
1519 1463 1689 1497 loquebatur,
1706 1465 1844 1498 Christus,

1058 1507 1172 1541 exempli
1187 1509 1285 1543 gratia,
1301 1514 1409 1535 verrturrr
1426 1509 1478 1543 ipsi
1504 1509 1665 1543 proposuit:
1684 1509 1711 1536 Si
1729 1515 1823 1537 ventus
1837 1532 1844 1543 ,

1058 1560 1139 1586 quem
1156 1554 1243 1586 vides,
1262 1558 1289 1580 et
1301 1554 1378 1588 cujus
1403 1561 1496 1581 vocem
1527 1555 1614 1588 audis,
1636 1556 1707 1582 unde
1732 1557 1846 1590 prodeat

1059 1603 1086 1624 et
1100 1606 1154 1632 qtto
1170 1599 1259 1632 vadat,
1273 1601 1373 1631 nescis,
1387 1607 1440 1633 qua
1453 1600 1561 1626 tandem
1576 1601 1680 1627 ratione
1696 1600 1844 1635 spiritalem

1060 1645 1230 1672 nativitatem
1250 1645 1400 1679 intelligere
1417 1646 1528 1679 poteris,
1547 1653 1608 1671 cum
1627 1651 1724 1679 praeter
1739 1653 1770 1673 ea
1785 1653 1845 1680 quin

1058 1690 1085 1716 itt
1104 1698 1215 1716 sensum
1241 1696 1324 1725 atque
1347 1691 1442 1717 oeulos
1461 1690 1605 1716 incurrunt
1622 1691 1740 1717 nondum
1765 1691 1844 1724 quid-

1057 1742 1139 1768 quam
1153 1736 1324 1770 cognoscasi
1338 1735 1492 1769 'l‘heologus
1507 1741 1596 1762 autem
1615 1736 1665 1761 hoc
1678 1735 1737 1762 loco
1752 1740 1845 1762 0stcn~

1058 1780 1125 1805 detis
1138 1779 1268 1812 Spiritum
1287 1784 1408 1806 sanctum
1427 1779 1640 1806 dominationem
1657 1786 1739 1815 atque
1758 1781 1843 1815 impe-

1058 1824 1128 1850 rium
1147 1831 1193 1857 per
1207 1831 1236 1850 se
1264 1823 1377 1856 Irabere,‘
1400 1831 1452 1850 tton
1475 1829 1565 1851 autem
1599 1830 1753 1852 creaturam
1767 1833 1843 1858 esse,

1058 1875 1105 1896 aut
1120 1876 1228 1896 servum
1245 1869 1321 1903 jussa
1344 1873 1533 1903 capessentem
1562 1871 1601 1897 ait
1618 1879 1625 1898 :
1642 1871 1759 1906 Spiritus
1780 1879 1845 1898 sau-

1058 1918 1117 1940 etus
1127 1915 1212 1948 spirat
1226 1914 1270 1940 ubi
1285 1918 1352 1946 vult,
1365 1918 1392 1941 ct
1407 1915 1433 1940 in
1447 1922 1516 1949 quos
1529 1915 1596 1948 vult,
1608 1920 1635 1942 et
1649 1924 1702 1951 qtto
1712 1920 1843 1950 tempore,

1058 1964 1085 1987 ct
1104 1966 1236 1995 quantutn
1255 1960 1321 1986 vult.

1092 2005 1152 2033 Col.
1168 2006 1221 2033 438
1234 2006 1266 2033 A.
1281 2005 1333 2038 Qui
1349 2006 1480 2040 Spiritum
1496 2012 1618 2034 sanctum
1631 2008 1658 2034 in
1673 2015 1759 2034 rerum
1772 2016 1846 2035 crea-

1059 2056 1164 2083 tarum,
1186 2056 1238 2079 etc.
1258 2051 1391 2086 Spiritum
1417 2056 1539 2079 sanctunr
1563 2053 1609 2080 alii
1627 2054 1679 2081 vitu
1697 2058 1800 2081 tantum
1819 2063 1846 2082 et

1057 2097 1214 2125 facultatem
1229 2106 1288 2126 esse
1299 2098 1435 2130 dicebant,
1446 2099 1491 2125 alii
1501 2103 1652 2126 creaturam
1663 2120 1671 2133 ,
1690 2107 1704 2126 a
1716 2100 1734 2126 ii
1747 2100 1844 2132 Deum.

1058 2144 1103 2170 alii
1113 2144 1201 2170 tnedio
1213 2144 1330 2178 quodam
1342 2144 1422 2170 nrodo
1443 2143 1531 2171 aﬂ‘ecti
1542 2150 1618 2171 erant
1629 2165 1636 2178 ,
1655 2152 1704 2172 nec
1719 2146 1843 2173 \idel.cet

1057 2197 1119 2216 eunt
1138 2190 1268 2222 colentes,
1284 2197 1333 2216 nec
1352 2190 1520 2224 contemptui
1538 2190 1680 2219 ltabctttes-
1697 2192 1783 2218 Porro
1798 2193 1844 2226 qui

1060 2235 1144 2277 Deutn
1163 2237 1253 2270 ipsum
1279 2243 1340 2263 esse
1363 2237 1569 2271 cxistimabatit_
1595 2237 1692 2270 partitn
1711 2237 1843 2265 iuclusattr

221 2282 367 2313 ctalrimus,
393 2280 552 2314 utinamque
581 2281 631 2315 ipsi
650 2289 665 2307 a
691 2281 800 2309 Christo
833 2283 1004 2316 potissimum
1023 2286 1044 2313 D
1060 2282 1151 2308 animo
1178 2283 1306 2316 pietatem
1333 2281 1480 2314 habebant,
1507 2282 1608 2316 partim
1638 2283 1716 2309 labiis
1736 2291 1771 2317 qu
1792 2291 1845 2316 que

222 2331 385 2360 spectentur.
399 2326 478 2359 Quod
492 2332 581 2354 autem
594 2327 740 2361 perfectius
752 2332 809 2354 tuin
820 2329 1005 2362 spectabimus

222 2379 254 2398 ac
284 2372 478 2404 spectabimur,
502 2373 595 2399 Davidi
617 2373 683 2400 fides
709 2374 831 2400 habenda
846 2374 942 2401 estsic
963 2375 1005 2401 lo-

223 2418 316 2449 quenti
336 2426 342 2443 :
363 2416 419 2451 Ego
437 2423 525 2444 autem
542 2418 569 2444 in
582 2417 693 2452 ⁸ἱιιδιὶιίιι
707 2420 839 2453 apparebo
853 2419 1006 2453 conspectui

224 2467 278 2495 tuo,
295 2463 411 2488 satiabor
432 2471 491 2489 cum
519 2465 671 2498 apparuerit
700 2465 784 2499 gloria
802 2469 848 2491 tua
871 2464 904 2491 “.
927 2465 1005 2492 Nunc

224 2507 295 2533 enim
312 2506 382 2532 Deus
396 2506 463 2533 viris
476 2507 630 2541 integritate
648 2513 675 2535 et
696 2510 841 2536 sanctitate
858 2509 920 2536 vita:
937 2517 1007 2544 pra:-

223 2552 288 2578 ditis
296 2551 485 2586 velutguslum
494 2553 639 2586 quemdam
650 2558 678 2580 et
689 2555 869 2581 arrhabouem
880 2556 1004 2589 praebuit:

225 2598 331 2631 plenam
347 2601 437 2624 autem
453 2603 479 2624 et
490 2598 655 2625 cumulatam
678 2599 884 2633 beatitudinem,
899 2608 951 2635 qua
973 2601 1006 2627 ad

225 2643 375 2670 satietatem
396 2649 483 2676 usque
498 2642 683 2676 perfruentur,
700 2650 755 2670 tum
780 2646 888 2672 deruunt
915 2646 1005 2680 perci-

224 2689 308 2723 pient.
322 2687 388 2714 Mihi
398 2688 516 2718 vero,de
527 2687 709 2724 Spirituloqui
721 2690 884 2723 instituenti,
899 2691 1003 2718 utinam

225 2734 344 2768 Spiritus
364 2733 421 2767 ipse
445 2734 526 2766 adsit,
544 2739 625 2769 atque
653 2736 738 2770 ipsius
767 2737 899 2764 beneficio
931 2743 1004 2765 tanta

225 2779 290 2806 tnilri
306 2780 391 2806 oratio
405 2779 493 2810 detur,
510 2785 640 2814 quautam
657 2780 756 2815 cupio;
771 2787 817 2808 aut
831 2783 852 2809 si
863 2791 916 2810 non
932 2788 1006 2811 tanta

225 2827 307 2863 (quod
322 2826 542 2861 intempestivum
559 2827 610 2853 hoc
626 2828 662 2853 sit
684 2827 829 2862 minusque
848 2819 1006 2864 utile),'ltu-

258 2919 279 2935 ⁸⁸
296 2920 365 2947 Ρςιιὶ.
385 2929 464 2951 xxxv,
480 2921 507 2946 7.
545 2921 564 2935 δι
582 2920 659 2946 llo'u.
679 2928 714 2952 γι,
734 2919 776 2946 35.

816 2919 837 2934 η
855 2920 925 2946 ι’ςςιτ.
945 2927 1000 2951 ut,
1026 2920 1066 2945 lii.

1058 2327 1126 2361 ipsis
1145 2327 1226 2354 Deum
1240 2327 1451 2354 confitebantur.
1463 2326 1618 2360 Theologus
1638 2328 1720 2361 igitur
1736 2336 1784 2355 eos
1796 2336 1842 2362 qui

1058 2373 1191 2407 Spiritum
1206 2377 1360 2400 creaturam
1380 2379 1441 2399 esse
1452 2377 1535 2406 atque
1554 2380 1569 2398 a
1584 2370 1654 2399 Filio
1674 2372 1773 2399 factum
1801 2382 1846 2400 as-

1057 2419 1195 2450 serebant,
1217 2418 1431 2445 contumeliosos
1448 2421 1536 2448 vocat,
1551 2418 1753 2452 imperiumque
1765 2427 1845 2454 repn~

1057 2464 1166 2491 diantes
1184 2472 1215 2490 ac
1242 2463 1408 2498 rejicientes,
1434 2462 1565 2491 adversus
1593 2462 1737 2491 Domittunr
1763 2472 1843 2492 suum

1058 2511 1158 2546 perfide
1181 2511 1379 2544 insurgentes;
1400 2517 1447 2537 eos
1474 2514 1576 2542 autem,
1594 2510 1641 2545 qui
1665 2510 1794 2545 Spiritutn
1817 2512 1844 2538 in

1057 2557 1156 2583 auitnis
1173 2557 1230 2583 suis
1247 2555 1332 2582 Deum
1360 2555 1565 2588 existimabant,
1582 2556 1724 2590 splendido
1753 2557 1844 2583 animo

1057 2602 1185 2636 praeditos
1200 2609 1261 2629 esse
1278 2601 1344 2628 dicit
1358 2609 1365 2634 ;
1378 2609 1426 2628 eos
1443 2609 1516 2632 vero,
1542 2602 1588 2635 qui
1608 2609 1663 2628 non
1688 2602 1768 2629 tnodo
1782 2610 1843 2629 eum

1059 2647 1141 2674 Deum
1152 2647 1311 2678 credebant,
1336 2647 1382 2674 sed
1396 2646 1477 2673 etiam
1493 2647 1684 2680 praedicabant,
1698 2648 1720 2674 si
1736 2650 1844 2682 quidem

1059 2694 1129 2728 apud
1143 2701 1235 2728 mquos
1254 2701 1286 2720 ac
1312 2694 1412 2727 probos
1425 2693 1574 2727 auditores,
1602 2693 1719 2727 fideique
1744 2694 1846 2728 pietate

1060 2739 1196 2774 praeditos,
1215 2740 1266 2766 hoc
1286 2739 1417 2771 dicerent,
1447 2738 1579 2766 sublimes
1591 2747 1651 2770 eos,
1672 2745 1699 2766 ct
1723 2740 1845 2766 ntiritics

1061 2786 1187 2813 laudibus
1204 2786 1301 2821 dignos
1317 2786 1444 2820 appellat.
1461 2785 1508 2812 Sin
1525 2790 1615 2812 autem
1636 2784 1707 2819 apud
1729 2785 1845 2812 humiles

1060 2837 1086 2858 et
1101 2832 1275 2866 imperfectos
1291 2837 1464 2866 mentemque
1490 2831 1621 2859 habentes
1640 2831 1716 2858 hutni
1731 2831 1844 2866 depres-

1106 2920 1126 2935 ""
1152 2919 1228 2947 Jvttn.
1253 2929 1293 2953 ttt,
1318 2920 1342 2946 8.
1383 2922 1401 2935 ⁵’“
1429 2920 1491 2946 ibid.
1515 2920 1540 2946 ι.
