2058 3159
235 216 300 250 i157

723 219 881 248 NICETAS
901 219 939 248 IN
952 219 1070 250 ‘ORAT.
1087 220 1174 250 XLIV
1196 219 1225 248 S.
1247 219 1360 249 GREG.

1774 219 1853 249 1ξῆἷῖ

230 274 313 304 atque
333 270 469 305 eapunitc,
482 270 621 305 quodnam
647 271 672 298 id
697 272 743 304 sit,
759 277 787 298 ut
813 272 867 298 illic
883 271 1010 306 Spiritutn
1028 273 1049 303 Α
1064 280 1132 307 quas
1156 271 1242 306 magis
1255 270 1395 298 honoratis
1411 277 1442 297 ac
1457 270 1635 302 vcncramini,
1661 274 1689 297 ιιι
1716 271 1851 305 probatas

229 316 370 343 collucent.
395 317 476 350 Atqui
495 316 560 343 nihil
579 317 697 344 medium
722 317 791 344 inter
808 317 964 344 servitutem
986 321 1012 343 et

229 362 378 388 dominium
404 362 493 388 atl‘crri
519 366 616 396 potest.
642 363 663 388 Δ
688 363 799 389 veritate
824 362 904 396 igitur
923 363 1010 396 pressi

230 413 311 442 atque
334 408 432 440 coacti,
454 415 487 434 eo
506 407 662 442 adigcmhti,
688 411 716 434 ut
734 407 864 442 Spiritum
889 413 1010 435 sanetum

232 452 314 479 Deum
332 460 363 480 ac
388 453 532 479 Dominum
551 452 700 480 fateamini.
724 451 791 479 Nam
815 453 836 480 si
859 453 958 487 ipsum,
983 457 1013 479 ut

230 506 275 532 par
300 503 359 528 est,
388 506 497 525 servum
524 498 614 525 dicere
641 498 839 529 reformidatis,
869 498 1011 525 Dominum

229 551 290 570 cum
315 551 347 570 ac
371 543 454 570 Deum
483 543 561 571 fateri
586 544 663 571 vobis
689 551 800 571 necesse
822 544 882 570 erit.
906 543 1010 570 Etenim

228 588 275 622 qtti
295 589 328 615 de
344 589 509 616 itnmediatis
524 590 669 616 contrariis
686 590 878 624 interrogatur,
895 590 1009 616 duorum

228 634 342 660 alterum
368 634 533 668 respondere
558 642 667 662 necesse
693 635 772 662 habet
794 643 800 661 :
819 643 873 661 non
897 635 960 661 item
984 634 1010 660 in

228 678 363 705 mediatis.
379 678 441 705 llam
462 685 552 706 autem
574 680 674 707 idcirco
689 687 703 707 a
720 680 852 714 Gregorio
871 679 1010 712 dicuntur,

228 724 357 756 quoniam
373 724 483 758 quidam
508 732 540 751 ex
556 725 589 751 iis
605 725 649 759 qui
667 725 779 759 Spiritui
801 730 895 752 sancto
910 725 1009 751 bellutn

228 768 401 799 indixerant,
427 776 477 795 nce
501 768 643 796 Dominum
671 776 703 796 ac
727 769 810 794 Deum
833 776 895 795 eum
922 768 1011 795 dicere

227 814 408 845 sustinebant,
423 814 494 848 quod
509 819 600 847 aperte
615 815 640 841 itl
656 815 682 841 in
698 814 838 849 Scriptura
851 822 1010 849 expressum

228 867 280 885 IIOII
301 863 373 886 esset
395 867 401 885 ε
419 867 468 887 nec
492 867 587 886 I'UI‘SUS
611 867 717 886 servum
742 867 840 887 vocare
862 861 1008 887 audebant.

226 903 268 929 Ab
291 903 324 930 iis
347 903 430 938 igitur
451 909 606 938 extorquet,
624 913 656 932 ne
679 910 826 940 utrmnque
843 906 1007 937 ittﬁeientttr,

228 956 322 982 nempe
337 949 409 984 quod
428 957 477 976 nec
494 958 598 982 servus,
619 958 669 977 ttec
685 950 817 978 Dominus
839 952 875 979 sit
893 951 1010 986 Spiritus

226 999 337 1021 sanctus
353 1003 359 1021 :
381 996 508 1030 quoniam
527 996 593 1022 nihil
617 997 651 1023 sit
670 997 790 1028 tertium,
807 998 878 1032 quod
897 1005 1009 1033 respon-

226 1040 314 1067 dendo
334 1041 455 1075 proferre
481 1047 591 1076 queant,
617 1051 721 1076 verum,
747 1045 875 1078 quoniam
901 1051 1008 1071 servum

225 1093 285 1113 cum
312 1087 403 1114 dicere
428 1087 581 1124 refugiunt,
607 1090 772 1123 persuadere
796 1090 835 1117 eis
861 1090 956 1118 nititur
981 1096 1011 1118 ut

224 1132 298 1165 quod
317 1132 452 1167 reliquum
474 1138 515 1160 est
539 1133 685 1167 fateantur,
711 1135 841 1169 Spiritum
863 1135 1008 1163 Dominum

224 1185 284 1204 esse
308 1186 315 1204 :
340 1179 560 1212 quandoquidem
592 1180 664 1207 inter
689 1181 827 1207 dominum
853 1186 880 1208 et.
901 1190 1008 1209 servum

225 1221 328 1248 nullum
351 1224 387 1248 sit
405 1223 535 1250 mediutn.
552 1225 585 1250 At
599 1224 717 1258 syllabas
741 1224 854 1251 moleste
869 1224 965 1251 fertis?
983 1226 1007 1252 id

225 1271 284 1298 est,
313 1275 410 1294 nomen
438 1268 507 1299 hoc,
537 1268 626 1300 Deus,
654 1269 716 1303 quia
743 1278 874 1304 expresso
901 1272 1009 1298 nomine

223 1313 341 1346 Spiritus
363 1321 474 1341 sanctus
497 1314 522 1341 in
551 1314 691 1350 Scriptura
711 1315 781 1343 Deus
805 1324 859 1343 non
886 1317 1006 1344 dicitur:

223 1364 254 1384 ac
270 1362 412 1393 propterea
429 1359 461 1386 ad
485 1361 553 1388 banc
570 1368 673 1394 vocem,
690 1365 817 1396 tanquam
840 1363 872 1390 ad
893 1363 1007 1397 lapidem

223 1404 368 1438 quemdam
390 1406 551 1440 impingitis,
569 1412 649 1442 atque
667 1409 692 1434 id
709 1409 786 1436 vobis
803 1408 962 1437 offensionis
977 1417 1008 1436 ac

222 1449 363 1477 divisionis
378 1458 460 1479 causa
475 1457 516 1479 est
533 1461 539 1479 :
561 1461 609 1480 nec
627 1454 737 1486 mirum,
761 1463 822 1482 cum
847 1457 904 1490 ipse
925 1456 1007 1483 etiatn

221 1497 347 1524 Christus
371 1498 408 1525 ob
433 1506 543 1525 carnem
569 1500 731 1534 quibusdam
756 1502 884 1528 seandalo
910 1503 1005 1535 fuerit,

222 1544 451 1576 quemadmodum
468 1549 493 1571 et
515 1546 675 1580 praedixerat
696 1546 789 1579 lsaias,
806 1553 832 1574 et
853 1547 951 1575 Paulus
974 1549 1006 1575 ad

223 1587 359 1616 ltomanos
373 1590 496 1618 scribens
511 1591 705 1625 interpretatus
719 1598 760 1619 est
775 1602 780 1619 :
795 1592 910 1627 Offendit
921 1595 1005 1627 enim,
1019 1604 1040 1632 ο

222 1634 321 1669 inquit,
336 1639 369 1661 nd
388 1635 503 1670 lapidem
522 1637 685 1671 o/fensionis,
707 1639 775 1664 sicut
797 1640 923 1673 scriptum
945 1647 980 1666 est
995 1648 1004 1666 :

222 1679 289 1706 [fere
306 1689 373 1714 pono
396 1681 422 1707 in
445 1681 508 1708 Sion
531 1682 642 1716 lapidem
671 1683 833 1716 o/fenst'onis,
855 1689 878 1709 et
903 1690 1005 1717 petram

220 1727 341 1752 scantlali
354 1726 386 1753 ".
407 1727 589 1759 Quamobrem
611 1728 634 1755 si
656 1729 707 1754 hoc
724 1736 772 1755 vos
796 1729 916 1760 offendit,
933 1731 1004 1764 quod

221 1779 353 1806 nusquam
379 1772 526 1807 Scriptura:
552 1773 641 1800 verbis
667 1781 825 1808 expressum
853 1776 904 1807 sit,
932 1777 1004 1811 quod

222 1817 341 1850 Spiritus
366 1818 400 1844 sit
426 1818 507 1851 Deus,
530 1818 648 1846 humano
671 1826 764 1847 errore
788 1820 854 1854 lapsi
879 1822 955 1852 estis,
973 1830 1004 1849 ac

221 1862 299 1889 vobis
325 1863 501 1898 ignoscimus.
527 1863 650 1897 Agedum
677 1864 760 1899 igitur
790 1867 1003 1893 controversiam

221 1910 416 1944 transigamus,
441 1910 467 1937 id
493 1916 545 1944 est,
567 1911 655 1938 amice
681 1917 706 1938 et
732 1912 842 1946 paciﬁce
863 1912 932 1938 inter
955 1921 1004 1940 nos

220 1955 368 1982 efﬁciamur
394 1963 402 1982 :
430 1956 510 1990 idque
537 1964 589 1983 non
617 1957 777 1990 simpliciter
803 1958 848 1984 sed
874 1959 1002 1992 spiritua-

221 2001 281 2027 litcr
306 2000 448 2033 faciamus,
477 2002 528 2028 hoc
541 2005 605 2034 est,
622 2006 650 2028 ιιι
677 2002 789 2036 Spiritui
816 2008 921 2037 gratum
949 2009 1000 2030 est.

220 2044 331 2072 Gratum
364 2050 405 2072 est
434 2050 542 2077 autem,
571 2051 615 2079 ut,
644 2047 753 2080 privatis
783 2048 1002 2075 contentionibus

220 2091 450 2126 opinionibusque
482 2092 600 2125 relictis,
632 2092 746 2119 aliorum
785 2092 914 2120 utilitates
941 2102 1001 2120 eum

220 2137 293 2164 omni
333 2138 529 2172 tranquillitate
565 2146 743 2173 procuremus
785 2148 791 2165 :
832 2139 905 2174 quod
940 2139 1002 2174 qui-

219 2184 279 2210 dem
298 2182 400 2210 facittnt
415 2184 462 2218 qtti
485 2192 538 2210 ιιοιι
564 2185 618 2215 sui,
639 2185 686 2212 sed
711 2185 824 2211 fratrum
852 2192 883 2212 ac
910 2186 1002 2220 proxi-

196 2243 200 2264 ί
220 2236 326 2254 tnorutn
350 2236 444 2255 amore
466 2229 583 2264 correpti
607 2233 680 2258 sunt.
704 2228 728 2256 Is
743 2235 832 2256 autem
850 2229 891 2256 sui
909 2238 1002 2257 amore

219 2278 335 2306 tenetur,
362 2273 409 2308 qui
438 2275 535 2309 qumrit
563 2282 624 2309 qua:
652 2283 701 2302 sua
731 2280 811 2308 sunt;
842 2276 1002 2310 φιλάδελφος

219 2323 307 2345 autem
331 2318 354 2345 is
378 2323 428 2351 est,
456 2319 501 2353 qui
527 2320 642 2346 aliorutn
664 2321 814 2347 commodis
835 2320 928 2346 servit.
952 2320 1015 2346 Ve-'

219 2371 296 2396 rum,
326 2371 385 2398 qua:
421 2364 564 2391 laudabilis
592 2365 744 2392 concordiae
783 2366 905 2391 incutdae
934 2366 1002 2392 ratio

218 2408 288 2434 erit?
313 2409 380 2435 Date
402 2417 450 2436 vos
473 2409 526 2436 vim
549 2409 698 2436 divinitatis
720 2418 751 2436 ac
772 2410 932 2444 potentiam,
952 2411 1002 2438 hoc

218 2459 270 2486 est,
286 2455 377 2481 omnia
399 2464 461 2490 quas
475 2461 565 2490 potest
576 2456 718 2487 divinitas,
734 2456 825 2483 omnia
840 2464 901 2490 qua:
914 2456 1001 2491 ipsius

219 2500 327 2534 propria
359 2505 433 2533 sunt,
449 2502 540 2527 omnia
563 2510 624 2536 qua:
640 2503 723 2529 certis
745 2503 816 2529 notis
829 2503 999 2530 divinitatem

217 2545 395 2578 exprimunt:
412 2552 444 2571 ac
468 2553 518 2572 nos
549 2547 667 2573 vicissim
695 2547 765 2574 hanc
788 2555 899 2580 vocem,
917 2547 999 2580 Deus,

217 2589 413 2624 aliquantisper
439 2590 518 2617 vobis
543 2592 746 2623 concedctnus,
775 2600 947 2627 nequaquam
983 2601 998 2620 a

218 2635 293 2661 vobis
309 2643 368 2662 eam
383 2635 534 2670 exigentes.
553 2636 632 2664 Modo
643 2638 715 2664 enim
732 2639 785 2664 vim
806 2642 832 2664 ct
848 2639 996 2672 potentiam

217 2681 413 2713 conﬁteamini,
435 2681 469 2708 de
484 2689 549 2708 voce
564 2683 766 2709 contentionem
782 2684 894 2710 minime
908 2691 999 2710 move-

220 2726 321 2753 bimus.
336 2725 466 2753 Naturam
484 2731 510 2753 ct
522 2727 689 2754 divinitatem
707 2728 825 2762 Spiritus
834 2729 920 2755 sancti
932 2737 999 2755 eon-

218 2771 346 2798 fiteamini
365 2772 392 2798 in
407 2772 468 2799 aliis
481 2772 659 2804 dictionibus,
669 2773 793 2800 eamdem
805 2774 859 2800 vim
873 2773 999 2801 habenti—

217 2817 278 2851 bus,
293 2825 324 2845 ac
342 2817 394 2846 Deo
411 2819 646 2853 convenientibus,
662 2820 762 2854 quibus
786 2820 848 2854 plus
867 2820 997 2852 tribuitis,

253 2896 274 2912 ν
292 2895 369 2922 nom.
387 2904 424 2928 ιι,
440 2897 483 2928 52,
500 2897 550 2929 55;
568 2897 620 2924 lsa.
639 2906 696 2928 vtn,
717 2898 760 2924 1-1.

1020 2265 1039 2291 Ι)

1063 318 1130 344 etin
1152 317 1292 351 Scriptura
1313 324 1466 350 expressas.
1485 316 1620 349 Quoniam
1645 317 1716 343 enim
1731 318 1838 344 unicam

1066 362 1136 389 hanc
1159 369 1265 393 vocem,
1291 361 1373 391 Deus,
1400 362 1477 388 nobis
1497 363 1561 388 dare
1589 362 1750 397 gravamini,
1777 361 1843 388 alias

1063 408 1156 434 saltem
1181 408 1252 440 date,
1276 408 1349 435 verbi
1365 408 1461 442 gratia,
1490 408 1561 442 quod
1589 407 1707 442 Spititns
1732 412 1843 434 sanctus

1063 452 1200 480 increatus
1210 452 1255 485 sit,
1272 453 1343 486 quod
1359 452 1542 487 omnipotens,
1565 456 1592 478 et
1605 451 1723 485 reliquas
1747 451 1842 484 hujus-

1063 498 1160 530 modi,
1187 505 1220 524 ex
1252 498 1349 532 quibus
1382 497 1576 531 compendiose
1607 496 1722 522 artiﬁcio
1753 496 1841 529 ipsum

1062 549 1172 576 quoque
1191 542 1273 569 Deum
1287 549 1346 568 esse
1371 541 1540 576 colligamus.
1565 540 1620 566 Nos
1636 543 1727 566 autem
1752 539 1841 565 haud-

1062 594 1198 621 quaqttam
1224 594 1272 614 vos
1292 591 1320 613 ut
1341 593 1440 620 pravos
1474 590 1501 612 et
1531 585 1678 612 sceleratos
1692 584 1842 610 exsecrabi-

1063 640 1133 663 tnur,
1147 632 1194 659 sed
1209 637 1237 659 ut
1258 632 1380 659 inﬁrmos
1395 631 1562 658 medicorum
1578 638 1653 657 more
1673 630 1847 660 eurabitnus..

1063 678 1232 713 ignoratione
1263 677 1354 712 potius
1371 685 1452 711 quam
1476 676 1594 704 amentia
1620 675 1691 702 circa
1710 675 1773 701 ﬁdei
1792 675 1840 701 do-

1062 723 1176 751 ctrinam
1196 722 1375 753 offendentes,
1390 729 1421 748 ac
1436 727 1546 756 propter
1561 721 1660 747 mentis
1684 720 1841 754 languorem

1062 774 1087 796 rt
1111 768 1326 796 imbecillitatem
1352 767 1510 801 hujusmodi
1526 774 1619 793 vocem
1647 766 1770 800 proferre
1788 773 1841 791 non

1062 814 1202 841 audentes.
1227 813 1291 840 Eam
1307 817 1396 840 autem
1412 812 1438 838 in
1458 811 1578 839 curando
1594 811 1725 838 rationem
1739 811 1842 837 tenebi-

1061 867 1140 893 mus,
1165 865 1195 887 ut
1220 866 1391 894 nequaquam
1421 866 1516 893 puram
1546 858 1580 885 de
1610 858 1728 892 Spiritus
1754 858 1847 884 sancti

1061 905 1202 932 divinitate
1216 905 1368 932 doctrinam
1393 904 1468 931 vobis
1492 904 1688 938 propinentus,
1712 903 1759 930 sed
1775 911 1843 929 non-

1062 951 1135 978 nulla
1161 957 1269 984 quoque
1284 950 1377 981 verba,
1407 957 1467 984 quae
1487 949 1564 976 vobis
1588 950 1676 984 magis
1699 949 1839 979 arrident,

1061 996 1258 1022 admisceamus
1286 1003 1293 1022 :
1321 1002 1373 1021 non
1412 1002 1492 1022 secus
1523 1002 1554 1021 ac
1596 994 1693 1021 medici
1720 994 1841 1028 jucunda

1061 1040 1184 1076 qutedam
1218 1040 1413 1075 mgrotantibus
1448 1040 1614 1075 indulgent,
1646 1048 1700 1075 quo
1735 1039 1842 1067 facilius

1061 1086 1222 1113 medicinam
1235 1086 1388 1112 admittant.
1405 1085 1495 1120 Turpe
1508 1086 1580 1112 enim
1595 1091 1636 1113 est
1655 1091 1681 1113 et
1701 1087 1842 1120 perabsur-

1059 1131 1136 1164 dum,
1161 1139 1221 1163 vos,
1251 1139 1312 1158 cum
1342 1133 1434 1158 animo
1455 1131 1513 1158 sani
1531 1137 1557 1158 et
1588 1131 1741 1159 incolumes
1764 1132 1839 1164 sitis,

1061 1178 1207 1214 (quatenus
1243 1177 1375 1212 Spiritum
1409 1182 1534 1205 sanctum
1573 1178 1724 1205 rectissime
1755 1178 1839 1205 Deum

1059 1224 1231 1258 existimatis)
1252 1225 1355 1252 minute
1365 1224 1437 1252 circa
1449 1225 1524 1252 vocis
1534 1232 1632 1252 sonum
1647 1225 1720 1251 litem
1734 1232 1839 1256 creare,

1060 1278 1091 1297 ac
1118 1270 1249 1297 tenaciter
1276 1270 1434 1301 immorari,
1463 1270 1554 1297 dicere
1581 1270 1701 1297 nolentes
1725 1269 1750 1296 id
1768 1270 1842 1304 quod

1060 1307 1151 1342 animo
1179 1316 1301 1349 creditis,
1333 1315 1461 1342 nimirum
1485 1316 1556 1350 quod
1582 1315 1700 1349 Spiritus
1731 1319 1842 1342 sanctus

1060 1361 1130 1388 Deus
1159 1361 1194 1388 sit
1218 1369 1336 1388 :verum
1353 1362 1509 1389 thesaurum
1525 1381 1532 1391 .
1559 1369 1640 1395 quem
1675 1362 1701 1387 in
1734 1365 1841 1395 pectore

1059 1406 1176 1439 habetis,
1203 1407 1414 1438 abscondenteS,
1439 1410 1469 1432 ut
1487 1406 1669 1440 suspicionem
1697 1405 1839 1437 moveatis,

1059 1452 1083 1478 id
1099 1460 1129 1479 ea
1151 1454 1182 1480 de
1197 1455 1310 1480 causa’a
1323 1452 1401 1479 vobis
1413 1452 1481 1484 ﬁeri,
1503 1452 1543 1478 vel
1556 1452 1627 1486 quod
1641 1451 1702 1478 aliis
1716 1450 1838 1477 invidea—

1058 1497 1103 1529 tis,
1120 1505 1152 1524 ac
1168 1498 1218 1524 soli
1238 1497 1289 1524 hac
1301 1497 1456 1532 cognitione
1480 1502 1508 1523 et
1532 1496 1645 1523 scientia
1669 1495 1722 1522 frui
1739 1495 1839 1528 velitis,

1058 1543 1100 1569 vel
1135 1543 1206 1576 quod
1236 1543 1375 1574 metuatis,
1408 1549 1442 1568 ne
1475 1541 1576 1575 lingute
1604 1547 1714 1574 quoque
1746 1544 1841 1566 vestra:

1059 1587 1189 1615 sanctitas
1217 1589 1275 1622 ipsa
1302 1586 1522 1622 pronuntiatione
1538 1589 1731 1619 comparetur:
1745 1591 1839 1618 quem—

1058 1633 1204 1660 admodum
1233 1633 1323 1659 anima
1353 1640 1401 1667 per
1429 1637 1531 1658 rectatu
1558 1632 1591 1658 de
1617 1631 1721 1665 Spiritu
1745 1634 1840 1657 sancto

1056 1679 1136 1706 ﬁdem
1165 1679 1336 1706 sanctiﬁcata
1362 1682 1414 1705 est.
1431 1677 1551 1713 Turpius
1574 1682 1664 1704 autem
1693 1676 1770 1703 nobis
1786 1679 1839 1707 est,

1056 1725 1078 1752 si
1095 1725 1165 1751 idem
1181 1725 1325 1751 admittere
1340 1725 1554 1759 comperiantur,
1568 1724 1641 1757 quod
1657 1723 1732 1750 vobis
1745 1722 1841 1756 objici-

1059 1777 1130 1800 mus.
1145 1770 1197 1796 hoe
1212 1774 1265 1800 est,
1289 1777 1350 1796 cuin
1366 1777 1414 1795 vos
1435 1777 1609 1800 accusamus,
1628 1773 1656 1794 ut
1673 1769 1745 1794 circa
1762 1766 1838 1793 vocis

1058 1822 1156 1841 sonum
1183 1815 1278 1849 jejune
1311 1819 1338 1841 et
1370 1821 1506 1848 praeparce
1535 1813 1663 1845 allectos,
1695 1820 1743 1839 nec
1777 1820 1838 1839 eam

1056 1861 1246 1893 intendentes,
1273 1860 1354 1886 iidctn
1380 1864 1497 1893 quatuor
1528 1859 1631 1886 litteras
1661 1859 1744 1894 (qua:
1764 1864 1837 1890 sunt,

1058 1904 1140 1940 Deus)
1159 1906 1273 1932 nitnium
1296 1906 1376 1932 anxie
1398 1912 1607 1940 persequamur,
1625 1912 1674 1931 nec
1698 1905 1775 1931 aliter
1790 1912 1839 1930 vos

1054 1951 1240 1983 admittamus,
1257 1959 1338 1984 quam
1356 1951 1379 1977 si
1390 1958 1436 1978 eas
1450 1950 1633 1985 pronuntletis
1650 1959 1656 1976 :
1677 1949 1788 1984 perinde
1808 1957 1839 1975 ac

1054 1998 1076 2023 si
1096 1996 1181 2030 pietas
1200 1996 1226 2022 in
1244 1996 1401 2022 notninibtts
1417 1996 1505 2029 posita
1522 1995 1568 2028 sit,
1584 2002 1638 2021 non
1653 1994 1679 2020 in
1693 1995 1784 2021 rebus.

1088 2048 1145 2074 Col.
1165 2047 1216 2074 459
1231 2048 1260 2075 Β.
1274 2047 1442 2079 Trinitatem,
1465 2055 1479 2073 ο
1495 2047 1554 2079 viri,
1572 2047 1648 2072 tutius
1669 2046 1773 2072 deitatis
1783 2054 1839 2072 esse

1054 2094 1201 2128 fateamini,
1222 2100 1275 2122 etc.
1307 2093 1470 2125 Fateamini,
1498 2093 1598 2126 inquit,
1620 2100 1635 2119 ο
1658 2092 1751 2123 amici,
1774 2100 1838 2120 sar.-

1053 2145 1123 2167 ctant
1140 2139 1300 2167 Trinitatem
1319 2139 1397 2166 unius
1412 2147 1471 2166 esse
1486 2138 1639 2165 divinitatis
1657 2146 1688 2165 ac
1707 2144 1809 2164 naturae
1830 2147 1836 2167 ;

1053 2190 1133 2221 atque
1147 2193 1196 2221 ego
1223 2186 1353 2220 Spiritutn
1381 2185 1523 2219 precabor,
1542 2189 1571 2211 ut
1586 2192 1637 2211 vox
1659 2184 1726 2216 hate,
1749 2185 1816 2210 Deus
1830 2206 1836 2217 ,

1055 2231 1132 2257 vobis
1159 2231 1318 2264 inspiretur.
1347 2228 1410 2256 Haec
1436 2233 1527 2256 autem
1556 2228 1657 2255 idcirco
1683 2227 1838 2260 Theologus

1056 2277 1130 2309 dicit,
1149 2277 1278 2311 quoniam
1291 2276 1344 2302 illis
1362 2275 1446 2302 levius
1467 2275 1609 2302 videbatur
1626 2275 1729 2306 dicere,
1748 2274 1838 2301 Trini-

1056 2327 1136 2348 tatem
1161 2322 1242 2348 unius
1269 2328 1329 2347 esse
1350 2325 1464 2351 natum,
1484 2328 1565 2353 quam
1594 2320 1650 2346 haec
1677 2320 1728 2346 tria
1754 2327 1837 2346 unum

1056 2368 1140 2394 Deum
1159 2375 1229 2398 esse,
1249 2373 1406 2401 quanquam
1423 2365 1518 2392 eadem
1537 2367 1682 2392 verborum
1697 2365 1737 2392 vis
1755 2371 1837 2392 esset.

1055 2411 1157 2438 Deinde
1176 2410 1318 2445 subjungit
1333 2417 1340 2435 :
1356 2410 1406 2442 Qui
1435 2410 1553 2444 primum
1581 2409 1666 2441 dedit,
1694 2417 1790 2444 nempe
1810 2417 1836 2435 ιιι

1054 2455 1215 2482 Trinitatem
1240 2456 1321 2481 unius
1349 2462 1410 2481 esse
1436 2459 1540 2481 natura:
1570 2454 1733 2487 fateamini,
1764 2456 1837 2482 dabit

1054 2503 1134 2529 etiam
1166 2501 1336 2534 secundum,
1368 2501 1495 2528 nitnirum
1534 2505 1563 2527 ut
1589 2501 1717 2535 Spiritum
1753 2501 1835 2528 Dcutn

1055 2552 1147 2582 aperte
1164 2546 1360 2573 conﬁteamini.
1373 2546 1440 2572 Nam
1463 2546 1484 2572 si
1502 2547 1584 2572 unius
1606 2551 1710 2572 natura:
1726 2551 1754 2572 et
1768 2546 1830 2572 divi-

1054 2593 1147 2619 nitatis
1161 2597 1202 2619 est
1216 2592 1345 2623 Trinitas,
1358 2591 1480 2626 profecto
1491 2599 1551 2618 cum
1562 2599 1620 2617 eam
1632 2592 1737 2625 expleat
1753 2592 1835 2626 Spiri-

1054 2643 1096 2666 tus
1116 2643 1238 2671 sanctus,
1264 2638 1322 2672 ipse
1341 2645 1450 2672 quoque
1476 2637 1547 2664 Dens
1570 2642 1621 2664 est.
1644 2637 1722 2664 Dabit
1745 2643 1834 2664 autem

1052 2684 1130 2710 vobis
1149 2683 1302 2718 hnjusmodi
1315 2691 1408 2710 vocem
1428 2691 1460 2709 ac
1484 2681 1697 2715 confessionem,
1716 2683 1738 2709 si
1756 2683 1835 2709 modo

1052 2729 1342 2755 conﬁictatiovestraa
1361 2729 1505 2755 timiditate
1521 2729 1654 2763 spirituali
1675 2729 1834 2762 proﬁcisca-

1053 2780 1096 2802 tur
1121 2775 1205 2809 (quod
1230 2775 1347 2802 fortasse
1372 2775 1491 2802 timeatis
1515 2775 1616 2808 dicere,
1645 2783 1704 2809 qua:
1736 2775 1835 2809 apertis

1052 2819 1142 2847 verbis
1174 2819 1316 2855 Scriptura
1347 2828 1402 2847 non
1427 2819 1588 2855 expressit):
1620 2828 1672 2847 non
1703 2824 1792 2846 autem
1821 2827 1835 2845 a
