2058 3159
225 195 293 226 H59
929 196 1119 227 ADDENDA.
1771 200 1838 230 uso

221 252 355 278 diabolica
378 253 583 279 Contradictndi
601 253 723 285 libidine,
739 252 914 287 Cupientibus
929 252 1003 279 scili-
1019 256 1041 282 Α
1057 261 1109 279 ιιοιι
1139 253 1282 281 dubitem:
1313 255 1442 288 Optabam
1467 255 1605 282 anathema
1638 262 1692 279 esse
1719 262 1734 280 a
1763 253 1839 280 Chri-

222 303 265 325 cet
279 298 354 325 vohis
374 299 515 333 proprium
544 299 642 333 dogma
663 299 851 332 conscribere,
877 299 1004 334 quamvis

222 345 358 372 inﬁrmum
377 345 411 371 sit
425 348 452 371 et
478 345 607 372 vanitatis
626 345 747 379 plenum.
762 345 861 379 Atque,
887 349 915 371 tit
930 352 1006 371 cotti-

222 391 380 426 pendiosius
400 392 507 424 loquar,
524 391 563 418 sic
586 392 656 418 inter
682 399 731 418 nos
752 399 876 426 agamus,
898 396 928 418 ut
955 399 1005 418 nec

222 443 270 464 vos
287 437 455 464 sublimiorls
470 437 545 464 vocis
563 444 629 471 ergo
649 444 699 464 nos
714 437 861 468 accusatis,
877 437 928 464 hoc
951 441 1004 469 est,
1023 444 1025 448 ‘

221 482 283 516 quia
301 489 400 516 magna
424 482 547 517 quasdam
565 482 599 510 de
616 482 720 517 Spiritu
745 488 841 511 sancto
864 483 1005 518 proloqui-

222 536 292 560 niur,
308 534 391 563 atque
405 529 437 555 ad
453 529 581 563 perfecta:
598 530 742 564 tlieologize
762 530 893 557 verticem
909 537 1004 556 ascen-

219 573 323 604 dimus,
344 573 428 601 Deum
445 574 532 608 ipsum
548 582 608 601 csse
630 575 839 609 pronuntiantes
855 575 915 609 (nec
932 575 1004 601 enim

221 619 352 645 invidiam
381 624 407 646 et
434 620 675 654 reprehensionem
698 625 819 648 meretur
847 620 1004 654 huiusmodi

220 664 391 698 theologicus
419 664 563 699 ascensus)
584 674 591 693 :
609 673 659 692 nec
691 673 740 692 nos
770 665 889 692 vicissim
930 665 1006 692 vobis

220 707 336 735 infirmis
347 713 375 736 et
389 709 502 736 rudibus
511 717 569 737 eam
585 717 689 742 vocem,
703 710 782 744 cujus
795 710 881 737 solum
892 718 1005 746 capaces

221 755 311 783 adhuc
328 757 406 788 estis,
428 757 551 784 criminis
566 765 650 785 causa
675 757 858 793 proferemus.
877 758 1006 791 Quamvis

220 801 294 827 enim
325 800 457 836 Spiritum
487 807 613 830 sanctum
641 803 801 831 nominatim
836 803 919 831 Deum
951 811 1006 831 non

221 845 358 879 dixeritis,
384 847 466 874 modo
490 847 570 875 aliam
596 849 743 883 quamdam
770 856 864 876 vocem
879 850 1004 877 eamdem

222 891 278 918 vim
293 891 437 919 habentem
452 893 478 920 in
492 893 578 921 altero
591 895 737 922 verborum
757 902 825 922 sono
840 895 1005 928 extuleritis,

224 936 434 972 haudquaquam
465 946 496 966 eo
526 940 639 967 nomine
671 948 720 968 vos
751 942 941 969 accusabimus
974 950 1006 968 ac

223 981 454 1014 reprehendemus
471 991 478 1009 :
494 984 584 1018 quoad
598 985 667 1012 velut
683 986 795 1020 quidam
818 986 938 1013 viatores
957 994 1006 1021 per

222 1026 274 1053 alia
302 1027 413 1055 nomina
439 1033 466 1056 et
486 1030 569 1057 verba
586 1031 664 1065 quasi
682 1039 730 1066 per
753 1032 832 1058 aliam
858 1033 1005 1066 quamdam

222 1071 358 1106 orbitam,
383 1074 416 1100 ad
445 1074 515 1101 idem
537 1076 717 1104 diversorium
738 1082 822 1111 atque
856 1077 1005 1113 hospitium

224 1117 306 1151 hujus
319 1119 403 1151 vocis,
418 1119 487 1146 Deus
500 1142 506 1154 ,
525 1122 651 1149 veniatis.
670 1122 761 1157 Neque
788 1123 861 1150 enim
877 1123 911 1150 de
927 1124 1006 1151 vobis

223 1161 366 1192 victoriam
394 1164 498 1193 referre
524 1166 703 1200 all'ectamus,
721 1172 749 1194 ut
779 1167 797 1194 ii
824 1168 912 1195 solent
937 1175 1006 1203 quos

222 1212 300 1232 amor
327 1208 369 1235 sui
397 1209 551 1244 praecipites
578 1210 653 1245 agit:
682 1217 777 1237 verum
814 1215 844 1238 ut
873 1210 1006 1237 charitate

227 1252 331 1284 prazditi
360 1253 459 1282 fratres
485 1263 626 1283 assumere
658 1257 784 1290 cupimus
811 1256 874 1283 lidei
902 1256 1006 1284 unitate

224 1296 367 1324 nobi.cum
387 1299 562 1333 coniunctos,
577 1308 695 1335 quorum
714 1302 869 1330 secessione
883 1310 936 1329 non
953 1303 1006 1329 mi-

226 1348 278 1368 nus
305 1343 402 1370 acerbe
432 1344 632 1373 discruciamur
648 1366 657 1380 ,
688 1355 770 1382 quam
796 1347 819 1376 si
845 1356 859 1374 a
890 1348 1007 1383 propriis

226 1387 356 1414 membris
372 1388 575 1417 divelleremur.
792 1419 797 1423 .

258 1431 326 1459 Ibid.
352 1433 438 1468 Atque
459 1434 515 1462 luet:
540 1437 574 1462 ad
590 1444 634 1463 vos
649 1437 722 1464 dicta
749 1438 812 1470 sint,
839 1432 892 1465 etc.
916 1439 1006 1473 Atque

225 1477 292 1508 liter,
311 1477 410 1512 inquit,
437 1480 515 1508 vobis
538 1481 712 1514 disserimus,
736 1483 806 1518 apud
832 1491 902 1518 quos
924 1485 1006 1512 vitale

222 1522 362 1557 quidpiam
388 1526 550 1559 reperimus.
581 1527 652 1560 Quid
670 1528 743 1556 hoc?
769 1529 870 1556 Sanam
886 1530 920 1556 de
935 1529 1006 1558 Filio

223 1567 376 1595 doctrinam
395 1575 422 1596 et
438 1570 529 1598 tidem.
546 1571 735 1601 Macedoniam
747 1575 819 1600 enim
841 1575 953 1602 ditnidia
972 1583 1002 1602 ex

225 1617 301 1645 parte
330 1619 403 1641 recte
426 1617 596 1650 sentiebant,
624 1623 705 1653 atque
731 1620 812 1647 etiam
843 1620 1006 1648 S:miariani

223 1659 448 1692 nominabantur,
465 1667 494 1687 ut
506 1662 552 1696 qui
576 1663 603 1688 in
619 1663 750 1697 Spiritum
774 1670 898 1692 sanctum
916 1667 1006 1694 solum

224 1703 455 1739 blusphemarent,
469 1713 525 1734 non
545 1707 609 1735 item
631 1709 657 1735 in
674 1708 785 1736 Filium.
798 1710 920 1743 Quorum
936 1719 1006 1744 prte-

222 1749 326 1776 claram
356 1755 383 1777 et
408 1752 518 1786 pietatis
543 1754 664 1781 colenda:
689 1756 782 1784 studio
803 1757 927 1785 devotam
945 1759 1007 1786 vita:

222 1795 355 1823 rationem
368 1798 562 1831 suspicientes,
571 1799 724 1828 doctrinam
737 1806 824 1830 tamen
836 1811 1006 1839 nequaquam

222 1842 457 1876 (’(ltlipl‘Obamus,
491 1849 585 1879 utpote
616 1854 670 1874 non
701 1853 775 1875 recte
804 1854 907 1877 sectam
937 1850 1006 1886 (30).

222 1886 372 1922 Quocirca,
398 1897 460 1916 cum
492 1890 610 1926 Spiritus
640 1893 759 1920 fructum
784 1894 955 1928 habeatis",
981 1896 1006 1924 id

223 1939 264 1960 est
292 1934 428 1968 spiritales
456 1937 594 1970 actiones,
620 1939 752 1973 Spiritum
768 1948 878 1976 quoque
894 1942 1008 1977 insuper

223 1981 365 2012 a~sumite,
397 1981 430 2009 de
456 1982 542 2016 ipsius
564 1984 730 2019 divinitate,
756 1991 786 2013 ut
814 1987 926 2022 dignum
954 1994 1006 2022 est,

223 2025 406 2057 disserentes;
424 2033 452 2054 ut
467 2028 607 2064 (quoniam
617 2030 694 2065 juxta
709 2033 868 2066 Apostolutn
880 2034 913 2066 ἰ,
925 2035 1006 2062 etiam

224 2070 247 2096 si
262 2071 324 2104 quis
333 2076 430 2106 certet,
442 2081 496 2100 non
513 2079 604 2102 tamen
622 2077 808 2110 coronabitur,
824 2079 876 2106 nisi
889 2079 1009 2114 legitime

224 2114 319 2150 certet)
335 2123 384 2143 vos
401 2124 456 2144 non
471 2118 558 2145 solum
582 2121 703 2153 certetis,
720 2122 767 2148 sed
783 2124 865 2150 etiam
878 2125 1007 2159 legitime.

224 2159 292 2186 Nam
320 2161 384 2188 hinc
407 2169 517 2190 corona:
533 2165 616 2192 decus
648 2174 839 2201 comparatur,
860 2178 956 2205 nempe
975 2179 1008 2198 ex

224 2205 348 2240 legitimo
372 2208 534 2236 certamine.
557 2209 639 2237 Stulti
665 2213 738 2240 enim
754 2221 786 2241 ac
809 2215 900 2242 stolidi
924 2216 1007 2244 animi

1058 299 1133 331 sta“,
1149 299 1175 325 id
1191 304 1242 331 est,
1260 300 1412 334 disiunctus
1427 305 1453 327 et
1475 306 1625 334 separatus.
1644 298 1745 325 Paulus
1766 299 1836 324 enim

1058 343 1158 372 Mosem
1185 345 1361 378 imitabatur,
1391 351 1569 381 cognatorum
1596 353 1628 371 ac
1654 343 1839 370 contribulum

1058 397 1167 417 suorum
1183 390 1268 418 vicem
1285 391 1431 423 dolentem,
1446 391 1585 424 Deumque
1608 389 1651 416 his
1668 389 1758 416 verbis
1772 390 1839 416 allo-

1057 441 1183 470 qucntem
1202 445 1209 464 :
1227 436 1256 464 Si
1272 442 1409 471 peccatum
1425 437 1488 471 ipsis
1501 436 1646 468 dimiseris,
1662 436 1764 462 dimitte
1779 436 1840 463 :sin

1056 482 1152 514 minus,
1172 483 1203 509 de
1219 483 1297 516 libro,
1313 492 1388 518 quem
1399 483 1541 517 scripsisti,
1558 490 1596 508 me
1611 489 1712 516 quoque
1721 481 1777 507 dele
1789 481 1837 507 “'.

1057 528 1145 563 Atque
1165 529 1312 556 multorum
1336 530 1451 557 salutem
1482 536 1531 556 sua
1563 529 1646 555 unius
1667 528 1754 554 salute
1779 526 1839 553 fru-

1061 573 1226 600 etuosiorem
1251 574 1533 608 prmstabilioremque
1557 571 1697 600 ducebat:
1719 572 1744 598 id
1767 571 1838 605 quod

1056 622 1097 643 est
1119 617 1247 650 hominis,
1265 623 1321 644 tum
1350 618 1502 653 proximum
1523 621 1552 644 ut
1579 617 1699 651 scipsum
1725 616 1840 650 diligen-

1057 662 1114 693 tis,
1146 666 1202 689 tum
1228 664 1346 690 maxime
1372 663 1510 691 Christum
1547 662 1686 694 amantis,
1722 669 1755 689 ac
1787 662 1841 688 duo

1057 707 1143 740 prima
1159 711 1186 734 et
1208 715 1306 742 magna
1322 714 1453 742 praecepta
1479 708 1561 734 simul
1576 706 1720 741 explentis.
1738 706 1840 733 Eodem

1057 751 1140 785 igitur
1162 752 1243 779 modo
1271 754 1327 787 ipse
1342 760 1450 787 quoque
1475 752 1611 784 nonnihil,
1631 756 1659 778 ut
1682 751 1840 782 damnatus,

1057 798 1161 832 perpeti
1180 805 1234 825 non
1252 806 1360 831 recuso,
1377 798 1429 825 hac
1445 797 1617 829 conditione,
1643 801 1674 824 ut
1698 797 1841 824 nobiseum

1057 842 1135 869 stetis
1150 850 1182 869 ac
1196 843 1388 870 communibus
1411 843 1510 870 animis
1524 842 1686 869 Trinitatem
1714 842 1841 868 concele-

1058 887 1178 915 brcmus.
1211 888 1278 916 Nam
1301 889 1367 923 quid
1388 889 1421 916 de
1441 889 1501 915 aliis
1528 888 1638 920 dicam,
1672 887 1705 914 de
1733 887 1841 914 Arianis

1059 933 1162 960 scilicet
1177 941 1204 960 et
1218 933 1407 967 Eunomianis,
1427 934 1472 967 qui
1488 941 1541 960 non
1557 933 1644 959 solutn
1661 933 1686 960 in
1707 932 1840 966 Spiritum

1061 979 1234 1013 blasphemos
1263 987 1405 1007 sermones
1423 983 1564 1011 evomunt,
1591 986 1686 1005 verum
1712 978 1792 1004 etiarn
1814 979 1840 1004 in

1059 1023 1156 1050 Filium
1171 1043 1178 1055 ,
1197 1031 1228 1050 ac
1238 1029 1394 1058 propterea.
1412 1029 1542 1059 quantum
1558 1024 1591 1050 ad
1602 1024 1720 1050 animam
1736 1024 1841 1055 attinet,

1059 1077 1171 1105 prorsus
1188 1070 1287 1096 mortui
1302 1075 1384 1104 atque
1397 1070 1520 1097 exstincti
1534 1067 1610 1097 sunt?
1624 1070 1728 1096 Animae
1743 1069 1841 1103 quippe

1059 1124 1133 1143 ntors
1149 1117 1284 1150 separatio
1296 1121 1336 1143 est
1351 1123 1365 1142 a
1380 1115 1444 1149 Deo,
1471 1116 1699 1150 quemadmodum
1720 1115 1842 1148 corporis

1059 1169 1134 1190 mors
1146 1166 1188 1189 est
1207 1161 1293 1196 ipsius
1309 1162 1343 1188 ab
1359 1162 1447 1188 anima
1461 1161 1617 1195 disjuuctio.
1632 1160 1685 1187 Hos
1698 1160 1770 1186 enim
1797 1167 1841 1193 per

1061 1208 1281 1235 iueredulitatem
1312 1213 1338 1235 et
1364 1208 1505 1243 perﬁdiam
1537 1214 1660 1233 mortuos
1691 1207 1724 1232 ad
1759 1206 1840 1232 vitam

1059 1261 1199 1285 remeare.
1213 1254 1315 1280 Christi
1338 1254 1423 1280 solius
1439 1259 1480 1280 est
1491 1253 1560 1288 (qui,
1579 1257 1609 1279 ut
1627 1256 1669 1279 est
1683 1251 1754 1286 apud
1771 1251 1841 1278 Pau-

1060 1299 1159 1333 lum“,
1189 1299 1307 1326 viviﬁcat
1335 1304 1476 1331 mortuos,
1497 1300 1648 1325 secundum
1680 1297 1841 1323 iuellabilctn

1061 1344 1213 1370 divinitatis
1228 1351 1285 1370 sua:
1302 1343 1473 1378 potentiam).
1500 1342 1569 1375 Quid
1587 1342 1696 1377 quidem
1723 1340 1816 1367 Ariani
1832 1340 1843 1366 ?

1059 1390 1191 1417 Pietatem
1202 1390 1374 1421 simulantes,
1384 1390 1443 1417 loco
1453 1389 1561 1424 quidem
1572 1397 1586 1415 a
1597 1389 1708 1422 reliquis
1720 1387 1841 1422 ejusdem

1060 1434 1191 1460 doctrinae
1214 1435 1396 1461 asserturibus
1412 1453 1420 1466 ,
1445 1434 1572 1460 nimirum
1592 1433 1626 1460 ab
1654 1431 1840 1461 Eunontianis,

1061 1480 1159 1508 callide
1184 1485 1264 1515 atque
1289 1485 1378 1508 astute
1401 1485 1574 1515 separantur,
1591 1486 1762 1513 nequaquam
1780 1484 1841 1504 cum

1059 1525 1115 1553 illis
1134 1525 1209 1553 velut
1222 1526 1256 1552 ab
1275 1533 1370 1552 eorum
1393 1525 1519 1560 dogmate
1543 1525 1764 1554 abhorrentibus,
1780 1531 1843 1548 ver-

1060 1576 1150 1598 santes
1168 1579 1175 1598 :
1192 1576 1318 1598 caeterum
1331 1577 1462 1606 quantum
1479 1571 1512 1598 ad
1527 1570 1679 1598 doctrinam
1695 1577 1726 1596 ac
1740 1573 1840 1595 sectam

1059 1616 1164 1649 attinet,
1188 1615 1363 1650 inseparabili
1382 1625 1451 1644 nexu
1477 1624 1539 1644 cum
1559 1616 1612 1643 illis
1633 1615 1781 1646 cohaerent,
1810 1620 1842 1639 ac

1060 1663 1168 1690 tametsi
1183 1663 1216 1690 de
1229 1663 1290 1690 ﬁdei
1306 1663 1429 1690 doctrina
1444 1663 1514 1689 inter
1531 1670 1559 1689 se
1580 1661 1713 1688 dissidere
1729 1660 1842 1686 videan-

1061 1713 1114 1740 tur,
1135 1708 1199 1743 quia
1225 1708 1346 1735 locorum
1372 1708 1521 1735 intervallis
1538 1707 1660 1734 distincti
1684 1711 1766 1737 sunt,
1788 1713 1842 1731 non

1061 1759 1152 1782 tamen
1179 1754 1335 1787 dissident,
1363 1754 1584 1789 quandoquidem
1610 1754 1643 1780 ad
1660 1760 1741 1780 uitam
1769 1759 1844 1778 eain-

1060 1800 1177 1834 demque
1209 1808 1266 1827 rem
1300 1800 1482 1827 concordibus
1508 1799 1608 1826 animis
1643 1798 1778 1825 feruntur.
1810 1797 1843 1823 Et

1060 1846 1289 1880 quemadmodum
1307 1845 1361 1873 duo
1375 1846 1445 1872 oeuli
1461 1845 1581 1877 distorti,
1599 1844 1707 1871 tametsi
1735 1844 1770 1870 ob
1783 1851 1844 1877 per-

1061 1900 1167 1920 versum
1182 1897 1209 1919 et
1228 1893 1389 1927 ina-qualem
1405 1892 1487 1918 situtn
1509 1892 1559 1919 sibi
1575 1891 1688 1918 invicem
1705 1889 1842 1916 adversari

1060 1939 1212 1969 videantur,
1241 1938 1352 1964 minime
1379 1943 1468 1964 tamen
1496 1937 1688 1968 adversantur,
1713 1935 1841 1970 quoniam

1061 1992 1117 2012 rem
1133 1985 1256 2011 eamdem
1276 1986 1416 2010 intuentur
1431 1985 1530 2017 (neque
1550 1983 1623 2010 enim
1649 1986 1774 2017 aspectu,
1793 1980 1841 2008 sed

1058 2031 1111 2058 situ
1139 2030 1290 2062 dissident;
1309 2037 1358 2057 nec
1374 2034 1508 2065 quantum
1540 2029 1574 2056 ad
1600 2033 1691 2056 actum
1722 2028 1792 2054 inter
1812 2035 1842 2055 se

1059 2075 1192 2102 contrarii
1216 2075 1299 2110 sunt)
1317 2084 1325 2105 ;
1343 2075 1383 2103 sic
1409 2076 1490 2102 etiam
1507 2075 1600 2102 Ariani
1630 2074 1841 2108 haudquaquam

1060 2120 1131 2147 inter
1144 2128 1183 2152 se,
1200 2127 1332 2156 quantum
1350 2121 1382 2148 ad
1400 2121 1461 2148 ﬁdei
1486 2121 1638 2148 doctrinam
1656 2126 1789 2155 pugnant,
1809 2118 1843 2145 ad

1060 2165 1182 2192 eatndetn
1212 2166 1312 2194 etenim
1345 2166 1510 2201 impietatem
1544 2166 1706 2198 collimant,
1742 2171 1840 2192 verum

1059 2217 1192 2244 quantum
1220 2212 1253 2239 ad
1287 2212 1390 2244 locum,
1411 2219 1466 2247 quo
1483 2212 1554 2238 inter
1582 2219 1612 2238 se
1637 2211 1841 2245 disiunguntur.

224 2250 268 2278 est
291 2252 318 2278 in
335 2252 525 2286 spiritualibus
541 2255 692 2290 elaborare,
709 2258 811 2286 laboris
825 2263 914 2287 autent
930 2269 1007 2290 coro-
1022 2274 1046 2302 ι)
1062 2256 1135 2289 QUln
1151 2258 1233 2296 Elia!!!
1247 2257 1298 2285 hoc
1324 2257 1351 2284 in
1367 2257 1420 2285 i513
1443 2257 1650 2291 comparatione
1675 2255 1843 2283 discriminis

223 2304 286 2323 nam
304 2297 364 2324 ideo
381 2305 435 2326 non
454 2299 588 2335 accipere,
603 2301 666 2336 quia
682 2302 839 2338 hujusmodi
853 2305 928 2334 labor
940 2315 1005 2341 non,

224 2346 253 2368 ut
283 2348 409 2378 oportet,
440 2346 598 2380 suscipitur.
624 2348 651 2376 Is
678 2357 759 2384 porro
776 2351 896 2386 legitime
912 2359 1008 2387 certat,

223 2388 271 2422 qui
289 2397 342 2416 non
360 2391 442 2417 modo
456 2391 488 2419 ad
501 2397 638 2421 certamen
655 2396 794 2424 accinctus
807 2403 860 2431 est,
876 2404 957 2434 atque
978 2402 1004 2428 in

225 2441 336 2460 arenam
368 2435 490 2470 prodiit,
516 2438 564 2465 sed
598 2440 680 2467 etiam
709 2444 868 2472 certaminis
902 2446 1008 2480 lcgihus

224 2479 368 2512 satisfecit,
382 2485 465 2516 atque
481 2483 669 2513 adversarium
684 2490 831 2522 superavit.
844 2490 904 2524 ipse
919 2479 1008 2518 citim-

227 2532 292 2551 vcro
325 2527 401 2554 votis
429 2528 498 2556 hanc
523 2529 666 2559 laudabilis
683 2533 745 2561 vitae
769 2537 922 2564 mercedem
949 2538 1007 2565 dari

226 2574 300 2602 opto,
321 2576 348 2597 ut
368 2571 500 2606 Spiritum
527 2576 634 2610 egregie
658 2579 855 2607 conﬁteamini.
884 2582 922 2608 Ac
943 2590 1005 2609 cum

228 2620 324 2643 caetera
340 2621 429 2644 vestra
445 2623 518 2646 recte
533 2619 613 2654 facta,
641 2624 849 2657 tumpallorem
865 2626 947 2653 istum
974 2636 1006 2654 ex

224 2660 286 2687 vita:
304 2661 471 2689 continentia
497 2667 523 2690 et
538 2664 694 2700 frugalitate
714 2667 830 2694 aﬂ'usum
856 2670 1006 2702 amplector

224 2709 253 2732 ct
267 2709 422 2739 exosculor,
444 2713 472 2735 ut
488 2717 538 2744 pro
562 2711 638 2738 vobis
657 2711 721 2740 illud
738 2713 860 2749 Apostoli
885 2715 1008 2750 prolerre

1060 2308 1112 2334 est,
1129 2303 1200 2337 quod
1214 2303 1287 2337 pravi
1304 2311 1335 2330 ac
1348 2302 1454 2329 distorti
1466 2302 1537 2329 oculi
1550 2307 1690 2335 utcunque
1706 2304 1821 2327 cernunt
1835 2307 1843 2326 :

1060 2348 1086 2375 lii
1105 2353 1208 2382 autem,
1224 2353 1254 2376 ut
1278 2349 1368 2383 aptius
1383 2348 1491 2383 loquar,
1519 2348 1603 2374 animi
1619 2347 1706 2374 oculis
1731 2353 1843 2380 prorsus

1060 2395 1190 2430 (alligant.
1206 2396 1306 2430 Atque,
1324 2399 1354 2421 ut
1378 2395 1431 2421 alio
1446 2395 1571 2429 exetnplo
1589 2399 1708 2424 utamur,
1724 2391 1796 2426 quod
1815 2392 1842 2416 in

1059 2441 1110 2467 viis
1126 2445 1151 2467 et
1165 2440 1255 2466 ﬂuviis
1271 2440 1388 2474 reperire
1407 2444 1458 2470 est,
1473 2443 1526 2466 uta
1542 2446 1570 2465 se
1585 2438 1698 2465 invicem
1708 2441 1843 2467 secentur,

1063 2494 1094 2513 ac
1118 2494 1214 2513 rursus
1241 2487 1267 2512 in
1284 2494 1367 2512 unum
1392 2490 1499 2518 coeant,
1530 2485 1599 2511 idem
1629 2483 1761 2510 ltmreticis
1779 2489 1843 2508 usu-

1063 2533 1146 2559 venit.
1162 2531 1229 2558 Nam
1251 2531 1277 2558 in
1294 2531 1458 2566 quihusdam
1471 2531 1676 2560 dissentientes,
1691 2529 1717 2554 in
1730 2527 1843 2562 quibus-

1061 2578 1124 2605 dam
1149 2585 1243 2605 rursus
1268 2577 1464 2604 conscntiunt:
1481 2577 1549 2602 adeo
1573 2579 1603 2601 ut
1626 2575 1704 2609 plane
1729 2572 1843 2607 perspici

1061 2628 1188 2658 nequeat,
1199 2624 1225 2650 in
1243 2631 1299 2657 quo
1311 2623 1352 2649 vel
1364 2622 1500 2655 dilIerant,
1516 2623 1557 2649 vel
1571 2623 1701 2649 doctrina-3
1717 2628 1841 2648 commu-

1061 2670 1141 2696 nione
1156 2670 1315 2704 iungantur.
1329 2670 1384 2705 (51)
1400 2670 1461 2697 llaec
1476 2671 1557 2697 verba
1574 2675 1656 2704 atque
1686 2671 1742 2696 haec
1768 2667 1843 2694 vobis

1062 2715 1235 2748 disserimus,
1265 2717 1298 2743 ad
1329 2716 1478 2743 Macedonii
1495 2721 1645 2744 sectatores
1677 2715 1842 2743 referuntur.

261 2785 283 2800 ⁸ο
296 2786 383 2813 Galat.
400 2795 426 2818 v,
440 2786 485 2814 2‘2.
523 2787 546 2804 ⁸¹
566 2788 587 2815 ιι
599 2789 670 2816 Tim.
685 2798 715 2822 lt,
733 2791 758 2818 5.
795 2792 818 2808 δ’
833 2791 911 2819 Rom.
928 2800 964 2823 ιχ,
980 2793 1008 2820 5.
1039 2793 1074 2809 ’ν
1087 2793 1172 2820 Exod.
1187 2801 1274 2827 xuii,
1290 2793 1335 2822 32.
1374 2795 1397 2810 "
1410 2794 1491 2821 Rom.
1507 2801 1546 2824 tv,
1564 2793 1608 2819 i7.

335 2854 681 2897 νᾭρβρτομουμένηνκῌᾳε
702 2858 816 2897 dictione
837 2861 921 2887 utitur
939 2860 1006 2887 Paul

1070 2861 1101 2888 11
1118 2861 1186 2888 Tim.
1213 2870 1271 2896 cup.
1294 2871 1324 2895 ιι,
1359 2861 1580 2897 Ὀρῦοτομοῦντα
1609 2860 1655 2886 τὸν
1677 2859 1757 2893 λόγον
1791 2855 1843 2891 τῆς

229 2886 355 2920 diritate;
371 2886 439 2914 recte
456 2886 597 2924 secdritem,
612 2891 724 2926 Vulgata
743 2894 839 2925 vcrsio,
854 2886 1020 2922 tractantem.
