2058 3159
204 190 271 223 “Gl

678 191 836 221 NICETAS
859 191 895 220 ΙΝ
920 192 1028 221 ΟιὶΛΤ.
1051 192 1141 221 XLIV
1162 193 1191 222 S.
1214 192 1316 222 (ΠιΕο

1751 189 1826 221 1462⁷

203 247 298 274 Ariani
309 246 382 274 enim
399 249 425 273 et
442 245 604 272 Eunomiani
621 250 694 273 tanta
706 247 860 274 animorum
876 253 990 274 conten-
1005 249 1026 276 Α
1042 248 1089 274 "lC
1103 248 1175 275 enim
1192 247 1309 282 primum
1323 247 1442 282 Spiritus
1454 248 1541 275 sancti
1561 247 1685 274 meminit
1696 266 1702 278 ,
1724 246 1823 272 deinde

205 293 281 319 tione
308 291 378 318 inter
396 298 425 320 se
448 291 616 325 pugnabant,
638 295 666 318 ut
694 299 728 318 ne
742 296 867 318 mutuum
880 292 989 327 quidem

206 341 351 372 aspectum
368 342 394 363 et
407 343 584 371 congressum
597 336 668 364 ferre
679 343 801 371 possent.
820 337 895 370 Quos
907 338 990 364 etiam

207 383 280 410 haud
293 382 374 409 dubie
389 386 513 410 mortuos
527 390 587 410 esse
601 383 676 415 dicit,
696 388 788 418 utpote
801 392 834 411 eo
849 383 990 418 impuden-

208 429 253 455 tia;
264 432 483 462 prorumpentes,
501 432 530 455 ut
543 432 570 455 et
593 427 704 461 Filium,
729 433 755 456 et
770 429 902 464 Spiritum
926 438 992 456 san-

207 478 284 500 ctum
311 473 402 508 impiis
419 474 548 502 convitiis
576 475 786 502 insectarentur.
803 475 886 511 Optat
901 482 991 503 autem

206 519 355 555 Gregorius
373 521 442 548 hanc
468 521 669 555 probatissimae
682 522 744 549 vitm
767 523 918 550 mercedem
937 523 993 550 Ma-

206 566 367 594 cedonianis
382 567 452 598 dari,
472 572 501 594 ut
517 567 648 602 Spiritum
662 573 786 599 sanetum
804 569 886 596 Deum
906 569 994 596 conli-

206 617 327 645 teantur,
347 620 464 647 eumque
478 621 540 640 cum
556 614 720 642 Christianis
739 615 822 642 Deum
835 617 992 650 praedicent;

206 657 265 684 imo
289 658 371 684 etiam
387 664 449 685 ante
465 666 527 690 nos.
551 658 577 686 id
601 661 784 691 estrseorsim
804 668 819 687 a
840 660 935 692 nobis;
953 661 993 687 Vel

207 703 291 729 etiam
309 703 361 730 hoc
378 703 446 736 vult,
466 709 496 730 ut
509 704 668 738 priusquam
692 704 726 732 ad
748 704 818 732 hanc
842 704 994 732 confessio.

208 756 272 775 nem
299 748 423 781 veniant,
450 757 510 784 quae
539 749 672 784 Spiritum
697 755 822 778 sanctum
853 751 995 786 perspicue

208 794 295 822 Deum
312 795 451 830 praedicat,
478 804 526 830 per
550 796 619 824 alias
639 797 775 824 dictiones
802 798 872 824 idem
891 798 995 833 signiﬁ-

209 845 308 867 cantes
334 840 529 868 conﬁteantur.
557 842 626 870 Nam
653 842 710 871 haec
735 844 815 870 verba
832 853 839 872 :
857 843 994 876 Quantum

210 887 299 920 ipsius
325 887 445 922 dignitas
477 889 610 922 postulat,
634 890 818 924 exprimenda:
845 891 995 918 divinitnis

209 931 278 958 mihi
299 932 352 959 vim
374 933 476 960 habere
504 934 642 963 videntur.
657 934 706 962 Vel
719 936 801 962 etiam
821 945 828 962 ι
845 936 916 963 Alite
931 943 993 966 nos,

210 977 292 1008 dixit.
306 978 333 1005 id
349 983 403 1011 est,
417 978 444 1006 in
465 980 589 1007 omnium
603 986 751 1016 conspectu
770 987 797 1008 et
808 982 947 1016 propalam
964 989 995 1008 ac

212 1024 312 1051 libere.

247 1070 306 1098 Col.
333 1071 397 1098 Mi.
413 1071 558 1106 Postquam
578 1078 666 1100 autem
690 1074 724 1101 ad
735 1082 779 1101 vos
792 1079 933 1109 utcunque.
941 1080 994 1104 etc.

210 1115 370 1149 Postquam,
398 1117 496 1151 inquit,
513 1117 547 1144 ad
565 1125 612 1146 vos
636 1122 778 1152 utcunque
803 1119 931 1150 disserui.
949 1121 994 1154 qui

211 1160 363 1189 Macedonii
375 1167 473 1197 dogma
485 1163 653 1197 proﬁtentes,
666 1164 739 1190 circa
752 1164 813 1192 Filii
828 1166 995 1193 divinitatem

213 1207 405 1242 rectojudicio
423 1208 573 1239 ducimini,
599 1209 714 1244 agedum
739 1210 773 1236 ad
794 1218 947 1238 sermonem
965 1212 997 1238 de

212 1252 314 1287 Spiritu
328 1258 426 1281 sancto
439 1261 469 1281 se
485 1253 585 1282 referat
598 1256 697 1283 oratio.
716 1256 754 1282 Ae
769 1263 818 1284 vos
830 1265 952 1291 quoque,
968 1262 997 1284 ut

213 1299 322 1332 opinor.
346 1298 398 1328 his.
415 1306 476 1334 quae
492 1299 644 1331 attulimus.
664 1301 800 1335 persuasi.
822 1303 997 1330 contentione

212 1345 317 1379 abjecta
328 1345 463 1373 dicentem
477 1347 640 1380 sequemini.
660 1355 691 1374 ac
705 1347 822 1383 benigne
843 1353 870 1375 et
882 1349 997 1375 candide

212 1391 295 1417 verba
308 1396 402 1419 nostra
417 1393 547 1420 audietis.
570 1392 639 1420 Hinc
657 1398 748 1421 autem
767 1395 918 1422 ordiemur.
935 1396 997 1430 Spi-

213 1437 282 1464 ritus
298 1442 419 1470 sanctus,
440 1445 489 1466 nec
514 1440 598 1473 coepit
614 1447 676 1467 esse
694 1439 814 1476 (semper
832 1441 904 1468 enim
928 1442 997 1476 erat)

213 1490 264 1510 nec
279 1490 341 1510 esse
354 1483 479 1516 desinet;
496 1492 592 1511 verum
605 1490 657 1518 est,
671 1489 698 1512 et
719 1487 781 1519 erit,
796 1491 823 1515 et
838 1495 898 1514 cum
918 1488 998 1514 Patre

213 1535 247 1554 ac
261 1527 330 1555 Filio
345 1529 522 1564 coniungitur
543 1534 571 1557 et
591 1537 820 1564 conuumeratur,
836 1540 890 1560 non
907 1538 997 1560 autem

214 1573 410 1608 subiungitur,
436 1579 483 1601 aut
512 1576 745 1608 subnumeratur,
769 1579 997 1612 quemadmodum

215 1618 351 1648 haereticis
368 1620 457 1654 placet
484 1620 571 1654 ipsius
588 1622 749 1656 dignitatem
770 1623 935 1651 imminuere
949 1630 998 1650 cn-

215 1664 365 1698 pientibus.
381 1665 465 1693 Aiunt
481 1665 555 1693 enim
569 1666 723 1701 aequalibus
746 1671 772 1694 et
797 1668 920 1695 eamdem
937 1668 1001 1695 sub-

215 1711 343 1738 stantiam
384 1712 563 1744 habentibus,
605 1713 848 1740 connumerationis
885 1713 999 1740 verbum

216 1757 385 1785 convenire:
412 1757 590 1785 inferioribus
614 1763 706 1785 autem
720 1758 913 1793 diversamque
933 1759 1001 1786 sub-

217 1803 347 1831 stantiam
383 1803 568 1836 habentibus.
622 1804 866 1832 subtmmerationis
903 1812 1002 1832 nomen

219 1851 366 1885 quadrare,
384 1850 428 1878 vel
447 1850 596 1886 singularis
618 1851 823 1878 declarationis.
841 1852 880 1878 Ae
899 1859 1004 1879 connu-

217 1897 398 1924 merationem
425 1897 534 1932 quidem
562 1902 662 1925 Vtcant
693 1897 907 1924 contractionem
932 1904 1002 1929 eam,

219 1951 280 1977 quas
304 1944 331 1970 itt
349 1951 432 1971 unum
455 1952 600 1971 numerum
620 1944 661 1976 (it,
683 1948 714 1970 ut
733 1951 795 1971 cum
813 1943 932 1971 dicimus
950 1948 1005 1970 tres

219 1989 285 2015 deos
299 1994 347 2016 aut
362 1994 418 2017 tres
434 1989 559 2017 homines
577 1998 584 2016 :
602 1997 656 2017 non
670 1995 761 2017 autem
779 1989 1003 2017 conuumeratio-

220 2042 293 2067 nem,
308 2036 354 2062 sed
371 2036 539 2070 singularem
553 2036 784 2068 enuntiationem.
800 2044 861 2064 cum
875 2036 1004 2068 dicimus,

221 2088 305 2108 unum
318 2086 345 2108 et
359 2089 444 2108 unum
457 2090 464 2109 :
482 2082 755 2109 subnumerationem
770 2082 887 2116 denique
897 2087 1004 2117 postre-

221 2134 295 2153 mum
313 2127 340 2154 in
365 2128 575 2155 enumeratione
590 2128 717 2163 gradum,
747 2132 777 2155 ut
790 2127 881 2160 Pater,
908 2127 1005 2160 Filius,

221 2177 249 2200 et
281 2171 399 2208 Spiritus
427 2178 561 2203 sanctus:
578 2173 617 2200 En
634 2194 641 2206 ,
675 2174 825 2208 inquiunt,
852 2178 1005 2209 postremus

223 2225 380 2247 recensetur
397 2227 430 2247 ac
451 2221 644 2254 pronuntiatur
671 2220 809 2254 Spiritus,
836 2227 868 2247 ac
884 2219 957 2247 Patri
980 2223 1006 2247 et

1043 294 1114 325 Filii,
1131 298 1266 328 postremo
1282 293 1328 320 Dei
1345 297 1373 321 et
1384 293 1482 320 Patris.
1499 292 1557 320 Jam
1574 301 1622 320 nec
1635 300 1666 319 ea
1683 292 1739 319 sola
1758 298 1824 318 c0n-
1853 303 1857 304 ν

1042 345 1232 373 numerantur,
1250 349 1310 377 quae
1338 340 1489 368 substantia
1514 340 1608 367 eadem
1629 343 1705 370 sunt,
1730 338 1778 366 sed
1793 346 1824 364 ea

1041 389 1135 417 etiam.
1149 396 1207 422 qua:
1219 387 1355 416 diversam
1370 387 1550 415 substantiam
1566 386 1675 413 habent.
1693 385 1736 412 Ait
1750 385 1823 411 enim

1041 434 1160 461 JOannes
1176 443 1182 460 :
1203 433 1266 460 Tres
1279 437 1340 460 sunt
1351 453 1359 464 ,
1376 432 1420 467 qui
1440 431 1619 459 testimonium
1645 430 1721 462 dant,
1737 428 1824 463 Spiri-

1044 484 1096 510 tus.
1114 487 1193 513 aqua,
1221 483 1244 506 et
1266 478 1409 512 sanguis“.
1436 477 1500 504 Hzec
1525 483 1606 511 porro
1631 479 1765 510 quantum
1790 473 1824 500 ad

1044 524 1224 552 substantiam
1243 524 1336 550 eadem
1355 531 1407 550 non
1422 527 1494 550 sunt.
1512 521 1594 548 Vides
1610 521 1746 555 quomodo
1763 527 1824 546 cor-

1044 574 1105 597 ruat
1135 569 1274 597 haereticis
1307 569 1353 596 illa
1381 567 1635 596 connumeralionis
1664 564 1823 600 disputatio.

1045 615 1164 650 Spiritus
1190 615 1272 649 igitur
1297 615 1393 642 eodem
1410 614 1507 641 ordine
1522 620 1582 639 cum
1610 611 1688 638 Patre
1709 614 1736 637 et
1759 609 1826 636 Filio

1044 666 1169 690 censetur
1196 668 1228 687 ac
1257 659 1447 695 gloriﬁcatur,
1475 662 1567 693 utpote
1592 664 1639 692 per
1657 662 1738 691 quem
1769 654 1826 687 ipsa

1044 715 1153 742 quoque
1185 707 1276 734 divina
1300 706 1425 743 operatio
1442 705 1605 739 expleatur:
1629 701 1722 729 Gratia
1753 699 1826 728 enim

1044 753 1150 781 Domini
1170 753 1253 780 nostri
1273 752 1337 779 Jesu
1368 751 1480 783 Christi,
1502 749 1589 784 inquit
1616 747 1765 782 Apostolus
1778 766 1785 778 ,
1803 750 1826 771 et

1045 801 1160 827 charitar
1182 798 1229 825 Dei
1245 798 1345 829 Patris.
1363 801 1387 824 et
1406 796 1575 832 participatio
1592 794 1677 821 sancti
1697 792 1827 827 Spiritus.

1045 847 1079 874 sit
1094 853 1153 872 cum
1170 844 1291 872 omnibus
1307 843 1420 870 vobis“.
1441 842 1472 869 Et
1497 845 1598 869 nostrae
1624 838 1721 866 salutis
1737 840 1829 872 caput,

1047 898 1077 918 ac
1094 891 1213 925 perfecta
1236 891 1269 917 de
1294 889 1438 917 divinitate
1458 887 1568 914 traditio
1592 887 1650 912 hrec
1671 889 1724 917 est,
1739 888 1769 911 ut
1784 882 1830 917 qui

1013 925 1029 951 Β
1048 937 1174 972 baptismi
1190 945 1260 971 aqua
1286 937 1441 969 tinguntur,
1468 934 1501 961 ad
1519 930 1740 966 consequendam
1768 937 1832 956 san-

1047 983 1257 1015 ctilicationem,
1272 982 1298 1009 in
1315 983 1427 1009 nomine
1443 980 1531 1007 Patris
1543 983 1569 1005 et
1594 977 1656 1004 Filii
1671 980 1697 1004 et
1714 975 1833 1010 Spiritus

1047 1031 1134 1058 sancti
1157 1029 1341 1064 baptizentur.
1366 1026 1434 1054 Nam
1450 1026 1523 1061 quod
1554 1024 1583 1052 in
1610 1024 1706 1051 iisdem
1732 1021 1839 1048 divinis

1046 1076 1174 1109 operibus
1190 1079 1283 1102 sancta
1305 1074 1427 1101 Trinitas
1441 1071 1622 1108 gloriﬁcetur,
1645 1068 1831 1097 certissimum

1046 1122 1199 1149 divinitatis
1243 1121 1324 1147 unius
1356 1122 1547 1153 argumentum
1581 1120 1633 1143 est.
1667 1115 1706 1141 Ac
1739 1120 1834 1140 rursus

1047 1167 1193 1202 Apostolus
1210 1167 1236 1193 in
1252 1166 1324 1193 hunc
1341 1166 1450 1193 modum
1463 1163 1582 1199 loquitur
1598 1172 1604 1189 :
1623 1161 1695 1189 Unus
1712 1160 1789 1190 Drus,
1803 1166 1836 1185 ex

1047 1223 1097 1249 quo
1120 1213 1220 1245 omnia,
1241 1216 1264 1238 et
1281 1220 1348 1238 unus
1375 1211 1502 1241 Dominus
1523 1209 1601 1235 Jews
1630 1207 1767 1237 Christus,
1790 1211 1836 1239 per

1046 1268 1122 1295 quem
1139 1258 1238 1290 omnia,
1259 1262 1283 1284 et
1299 1265 1364 1284 unus
1381 1255 1499 1290 Spiritus
1516 1258 1632 1286 sanctus,
1649 1253 1676 1279 in
1699 1259 1750 1286 quo
1776 1258 1838 1276 um-

1049 1305 1092 1330 m‘u
1108 1304 1141 1331 ".
1162 1303 1199 1330 En
1216 1303 1266 1330 hoc
1284 1309 1392 1337 quoque
1408 1302 1466 1327 loco
1483 1300 1599 1334 Spiritus
1615 1302 1726 1325 sanctus
1739 1295 1834 1321 eodem

1049 1349 1144 1376 ordine
1174 1355 1332 1375 acnunu-ro
1359 1354 1419 1373 cum
1452 1346 1532 1372 Patre
1561 1348 1588 1371 et
1619 1343 1687 1370 Filio
1714 1341 1834 1376 ponitur.

1048 1394 1141 1429 Neque
1161 1394 1232 1421 enim
1263 1393 1363 1427 alioqui
1384 1391 1503 1419 Trinitas
1529 1390 1621 1419 fuerit,
1638 1388 1690 1415 nisi
1716 1386 1836 1422 Spiritus

1048 1451 1158 1478 quoque
1173 1446 1399 1470 connumeretur.
1428 1441 1459 1466 Et
1472 1438 1702 1474 quemadmodum
1726 1434 1838 1462 tradidit

1049 1496 1165 1523 magnus
1196 1487 1252 1520 ille,
1277 1492 1305 1514 et
1327 1494 1340 1513 θ
1361 1485 1502 1513 miraculis
1528 1483 1610 1510 editis
1639 1481 1836 1513 Thaumaturgi

1050 1538 1261 1569 cognomentum
1294 1533 1410 1568 adeptus
1436 1530 1604 1566 Gregorius,
1628 1534 1766 1562 nunquam
1796 1525 1838 1551 vel

1012 1591 1033 1621 ρ
1051 1579 1125 1607 Patri
1150 1579 1237 1605 Filius
1259 1578 1357 1610 deluit,
1377 1577 1419 1604 vel
1436 1576 1506 1603 Filio
1521 1575 1638 1609 Spiritus
1660 1576 1793 1621 sanctus,
1810 1569 1837 1621 id

1052 1626 1124 1660 qttod
1148 1630 1236 1653 tamen
1264 1623 1382 1658 Spiritus
1396 1623 1487 1650 hostes
1501 1624 1637 1649 astruunt.
1660 1619 1686 1646 ld
1712 1618 1784 1645 enim
1812 1616 1838 1643 in

1053 1672 1199 1700 maximam
1216 1670 1394 1706 ignominiam
1409 1669 1459 1697 Dei
1472 1668 1589 1696 cederet.
1603 1666 1673 1693 ilinc
1687 1665 1758 1692 enim
1772 1671 1837 1690 con-

1054 1718 1191 1750 ﬁceretur,
1205 1716 1288 1743 Deum
1305 1724 1320 1742 a
1337 1713 1472 1750 principio
1489 1712 1638 1747 perfectura
1663 1717 1718 1737 non
1741 1708 1837 1738 fuisse,

1053 1771 1148 1790 verum
1167 1767 1271 1796 postea,
1289 1761 1367 1795 quasi
1380 1758 1540 1794 paenitentia
1564 1763 1679 1788 motum.
1694 1761 1839 1790 personant

1054 1817 1115 1843 quae
1135 1807 1351 1839 desiderabatur,
1384 1806 1437 1833 hoc
1454 1809 1506 1835 est,
1536 1804 1667 1837 Spiritum
1703 1805 1840 1828 sanciunt.

1055 1853 1248 1888 assumpsisse,
1265 1856 1346 1886 atque
1361 1851 1398 1877 ita
1416 1850 1447 1877 ad
1465 1849 1552 1876 modis
1567 1847 1694 1874 omnibus
1716 1846 1840 1873 cmnula-

1057 1905 1110 1928 tam
1144 1905 1171 1927 et
1197 1898 1346 1934 perfectam
1371 1895 1539 1923 divinitatem
1574 1893 1740 1928 pervenisse.
1776 1891 1842 1918 Erat

1056 1946 1139 1980 igitur
1151 1945 1178 1972 in
1198 1943 1330 1979 principio
1347 1942 1475 1977 Spiritus,
1494 1946 1574 1974 atque
1594 1939 1628 1966 ab
1644 1937 1718 1966 omni
1731 1937 1840 1972 quidem

1056 1997 1181 2020 creatura
1213 1989 1382 2026 percipitur,
1405 1988 1439 2015 ad
1454 1987 1495 2015 sui
1530 1984 1791 2020 coagmentationem
1816 1986 1846 2009 et

1057 2037 1290 2066 conversationem
1302 2043 1336 2062 eo
1354 2042 1422 2069 opus
1444 2032 1642 2066 habentezipse
1667 2034 1757 2056 autem
1779 2028 1842 2054 nul-

1057 2085 1110 2113 lius
1130 2084 1169 2112 rei
1190 2083 1323 2118 particeps
1346 2081 1471 2108 edicitur.
1489 2078 1595 2105 Nullius
1621 2076 1693 2104 enim
1725 2074 1842 2109 indiget,

1058 2137 1142 2165 seque
1159 2130 1218 2164 ipso
1235 2130 1438 2156 contentusest.
1450 2124 1558 2154 Perlicit
1574 2122 1666 2151 omnia
1675 2125 1755 2155 atque
1770 2120 1851 2154 ipsos

1058 2177 1139 2204 etiam
1164 2175 1274 2210 angelos
1306 2181 1354 2209 per
1381 2171 1622 2202 sanctiﬁcationem
1642 2178 1649 2196 :
1667 2169 1723 2203 ipse
1753 2171 1843 2194 autem

1058 2230 1114 2250 non
1129 2221 1279 2256 perlicitur,
1299 2219 1399 2255 quippe
1423 2223 1518 2245 natura
1536 2215 1674 2251 perfectus
1695 2218 1777 2248 atque
1799 2212 1842 2238 in-

223 2265 293 2293 Fdio
310 2266 535 2293 subnumeratur.
552 2267 642 2300 Atque
655 2265 774 2300 baecipsi
787 2265 891 2296 dicunt.
907 2265 1008 2292 doctri-
1024 2268 1046 2294 D
1060 2273 1230 2296 creinentum
1247 2266 1381 2293 nesciens.
1403 2265 1501 2298 implet
1516 2262 1607 2290 omnia
1629 2269 1678 2288 sua
1703 2259 1821 2287 essentia
1836 2266 1843 2284 ι

223 2320 287 2339 nam
311 2320 390 2339 suam
406 2313 485 2347 quasi
507 2312 560 2339 lata
576 2312 635 2347 lege
649 2313 865 2347 promulgantes.
881 2316 1009 2338 caeterum

224 2365 238 2384 a
253 2358 365 2384 veritate
379 2358 548 2385 recedentes.
566 2357 633 2384 Nam
650 2363 742 2385 revera
759 2358 876 2391 Spiritus
891 2362 1002 2384 sanctus

226 2404 253 2430 in
270 2404 412 2439 Scriptura
434 2413 488 2432 non
515 2412 624 2439 semper
643 2409 781 2440 postremo
800 2404 860 2431 loco
886 2403 1007 2438 ponitur,

225 2451 272 2477 sed
298 2451 436 2478 interdum
452 2453 534 2480 etiam
552 2452 635 2487 priori
656 2451 716 2478 loco
732 2455 902 2482 numeratur;
928 2450 1008 2477 Pater

226 2501 317 2523 autem
334 2498 490 2530 posteriori,
507 2502 536 2524 ut
544 2506 606 2525 cum
621 2497 660 2525 ait
677 2497 845 2532 Apostolus:
862 2496 1009 2523 Diuisione:

227 2543 374 2577 gratiarum
391 2548 464 2575 sunt,
483 2543 552 2570 idem
573 2548 660 2570 autem
680 2543 811 2577 Spiritus,
825 2543 870 2577 qui
885 2547 1010 2577 operatur

227 2588 368 2615 divisiones
398 2590 544 2624 gratiarum
565 2589 624 2625 (pro
651 2591 767 2621 ratione,
794 2594 823 2616 ut
840 2589 955 2624 opinor,
983 2592 1010 2616 et

229 2636 327 2661 merito
343 2643 450 2668 eorum,
478 2636 524 2670 qui
550 2643 596 2663 cas
613 2636 766 2670 suseipiunt
784 2636 812 2670 );
826 2641 850 2662 et
866 2635 1010 2662 divisiones

229 2682 455 2708 ministrationum
485 2686 564 2712 siml,
595 2682 663 2707 idem
694 2686 781 2708 (tatem
817 2681 961 2711 Dominus;
985 2684 1009 2706 et

229 2727 368 2754 divisiones
395 2728 576 2762 operationum
595 2733 667 2759 sunt,
691 2728 760 2754 idem
782 2732 871 2754 autent
886 2727 956 2754 Deus
965 2726 1009 2753 ⁸³⁸.

1051 2316 1166 2350 Spiritus
1190 2314 1262 2341 enim
1282 2312 1388 2339 Dommi
1406 2311 1512 2345 repleuit
1546 2309 1633 2335 orbein
1661 2312 1791 2334 terrarum
1809 2306 1844 2335 ⁵⁷,

1059 2360 1305 2395 inquitSalomon;
1322 2361 1349 2384 et
1365 2356 1467 2383 David:
1481 2355 1539 2387 Quo
1551 2355 1591 2380 ibo
1605 2362 1620 2379 α
1637 2352 1740 2387 Spiritu
1753 2356 1798 2377 tuo
1812 2351 1846 2377 “5?

1059 2407 1120 2441 Ipse
1142 2409 1234 2433 autem
1259 2411 1312 2430 non
1332 2401 1473 2436 impletur,
1498 2404 1590 2434 utpote
1613 2398 1707 2431 plenus
1729 2404 1761 2423 ac
1786 2395 1846 2429 plus

1059 2459 1140 2487 quam
1165 2451 1283 2485 plenus:
1304 2448 1338 2475 Et
1360 2447 1391 2473 de
1407 2446 1571 2481 plenitudine
1598 2444 1654 2477 ejus
1681 2450 1727 2468 nos
1756 2449 1846 2468 (minus

1060 2486 1208 2532 accepimus
1231 2496 1266 2527 ",
1280 2499 1306 2521 et
1330 2493 1489 2528 accipimus,
1513 2494 1596 2526 atque
1616 2488 1770 2523 implemur.
1813 2486 1847 2512 At

1062 2545 1122 2580 ipse
1135 2550 1186 2570 nec
1202 2542 1240 2570 rei
1259 2540 1339 2568 ullius
1359 2538 1472 2573 indiget,
1485 2544 1536 2564 nec
1554 2535 1686 2562 minuitur
1703 2541 1776 2560 :non
1795 2540 1847 2580 Δεα-

1064 2577 1112 2617 c'us
1133 2596 1164 2616 ae
1180 2588 1220 2616 sol
1235 2585 1398 2621 corporibus
1417 2583 1562 2618 aliulgens,
1589 2580 1716 2615 varieque
1738 2579 1772 2606 ab
1794 2577 1848 2604 illis

1063 2640 1217 2671 perceptus,
1255 2632 1466 2667 haudquaquam
1487 2636 1502 2656 a
1527 2627 1739 2671 percipientibns
1759 2623 1848 2671 inuni-

1065 2668 1168 2706 iiuitur.
1183 2677 1352 2707 Sanctiﬁcat,
1372 2679 1400 2701 ut
1416 2678 1511 2701 natura
1527 2676 1638 2700 sanctus
1652 2679 1659 2697 :
1675 2669 1764 2696 Abluti
1775 2668 1849 2695 enim

1064 2726 1136 2757 estis,
1151 2724 1249 2759 inquit,
1262 2727 1286 2750 et
1301 2720 1461 2755 sancti/irati
1485 2719 1546 2747 estis
1571 2719 1597 2745 in
1620 2716 1723 2744 nomine
1743 2713 1849 2741 Domini

264 2785 313 2811 “'l
327 2786 391 2813 Cor.
407 2793 456 2820 xu,
471 2785 531 2812 4-6.
568 2784 590 2801 "
606 2783 704 2812 lJoan.
719 2793 744 2817 v,
755 2785 782 2811 8.
820 2784 843 2800 ⁵⁸
856 2783 877 2810 ιι
890 2783 1035 2815 Comum,
1047 2783 1088 2810 l3.
1125 2781 1148 2797 "‘
1162 2780 1245 2807 Itlor.
1260 2787 1320 2810 vni,
1332 2778 1358 2805 6.
1395 2777 1417 2793 "
1433 2777 1496 2811 Sap.
1508 2775 1563 2808 1,7.
1601 2775 1623 2791 "
1635 2773 1707 2802 Psal.
1720 2778 1850 2803 cxnvut,

232 2820 257 2849 7.
295 2823 318 2838 ⁸⁵
334 2822 412 2849 Jnan.
428 2829 446 2854 ι,
468 2821 512 2848 iii.

266 2902 322 2935 (ἰιι)
345 2901 404 2929 llaec
420 2901 446 2928 in
464 2909 525 2928 meo
550 2899 640 2927 Niuta
658 2908 708 2926 ron
731 2899 878 2931 habentur,
904 2903 930 2924 et
947 2897 1015 2923 alius
1036 2895 1188 2930 Cltjllrpittllt
1209 2892 1367 2928 interpretis
1386 2899 1445 2919 esse
1460 2890 1596 2917 \idcnlur.
