2058 3159
240 192 308 223 1463

955 191 1145 222 ABDENDA.

1800 195 1866 227 1464

237 249 320 276 nostri
335 247 399 274 Iesu
417 247 527 279 Christi,
546 251 569 273 et
586 247 612 272 in
633 245 734 280 Spirim
759 245 804 271 Dei
828 245 912 272 nostri
925 246 957 279 '°;
971 246 1027 280 ipse
1041 247 1065 276 Α
1079 247 1105 274 id
1123 252 1175 280 est,
1193 252 1288 275 natura
1303 253 1329 275 et
1345 257 1393 283 per
1409 249 1528 284 seipsum
1550 251 1699 285 potentiam
1721 251 1814 284 habet,
1835 262 1866 281 ac

237 299 328 321 autem
344 292 463 328 Spiritus
477 292 589 319 minime
611 292 818 323 sanctil‘rcalur;
834 299 922 326 neque
952 292 1026 319 enim

238 340 312 376 quod
342 340 460 367 essentia
484 344 609 366 sanctum
634 343 676 366 est
702 338 950 365 sanctificatiouem
981 345 1027 366 re.

238 385 333 421 quirit.
350 384 513 412 Hominibus
527 384 696 412 divinitatem
721 384 807 415 aflert,
826 391 874 419 per
898 383 1026 419 adoptio-

236 439 297 459 nem
318 436 345 459 et
366 431 479 466 gratiam
498 440 504 458 :
522 431 579 466 ipse
606 437 696 458 autem
724 431 795 458 Deus
817 439 869 457 non
899 431 1024 458 efficitur.

235 477 303 504 Nam
327 477 401 511 quod
424 477 485 505 aliis
502 477 670 504 divinitatem
686 477 811 512 largitur,
826 482 924 504 natura
954 478 1024 505 Deus

234 528 286 552 est.
301 524 403 551 Adhaec
424 524 467 551 ille
491 523 541 551 sibi
564 523 614 558 ipsi
629 532 737 558 semper
765 524 879 558 alqualis
900 528 926 551 ct
952 524 1023 551 idem

233 576 285 603 est,
308 571 411 598 nullam
434 571 640 598 conversionem
671 571 896 598 aemulationum
923 571 1023 598 admit-

233 622 311 648 tens,
335 617 564 651 quemadmodum
589 624 638 644 nec
666 617 747 644 Pater
762 624 811 644 nec
837 616 935 649 Filius,
961 625 1022 644 cum

232 663 334 697 quibus
363 662 483 698 Spiritus
516 663 681 697 coniunctus
715 668 766 690 est.
799 663 1023 700 lnvisibilis;sic

232 710 305 736 enim
331 710 369 737 ait
387 709 513 737 Christus
532 719 538 737 :
558 709 688 744 Spiritum
709 710 821 737 mundus
838 711 955 745 accipere
971 719 1023 738 non

230 761 323 789 potest,
338 758 399 789 quin
414 766 466 784 non
484 758 552 784 uidet
567 757 818 791 eum“.Tcmporis
837 765 943 792 expers,
955 765 1023 793 quo-

231 802 304 829 niam
321 807 348 830 et
361 802 511 830 iucreatus.
525 802 623 830 Creata
640 803 712 830 enim
731 808 804 836 sunt,
820 811 880 839 quae
900 803 927 831 in
951 809 1022 831 tem-

231 855 298 882 pore
313 853 386 876 sunt.
405 849 692 883 lncomprehensibilis
708 850 820 882 mundo,
841 855 973 885 quantum
987 850 1021 877 ad

229 895 380 928 potentiam
399 899 427 921 et
448 895 675 930 magnitudinem,
699 900 808 931 propter
822 896 971 923 bonitatem
989 905 1020 923 ac

231 941 438 968 beneficentiam
455 949 569 976 capacus
590 943 632 970 sui
654 943 780 969 homines
797 943 871 970 facit.
890 943 1020 972 lmmuta-

230 987 302 1020 bilis,
319 988 383 1022 quia
405 992 430 1016 et
451 988 610 1023 ingenitus;
627 996 688 1023 quae
711 989 783 1016 enim
807 995 866 1017 orta
887 994 914 1016 et
938 998 1021 1025 gene-

229 1038 289 1060 rata
326 1039 403 1067 sunt,
428 1035 573 1062 mutationi
597 1035 713 1062 obnoxia
754 1039 826 1062 sunt.
867 1035 1019 1068 Qualitate,

228 1080 391 1114 quantitate,
407 1080 506 1108 forma.
524 1085 550 1108 et
566 1085 638 1108 tactu
653 1089 763 1114 carens,
781 1081 844 1116 quia
861 1082 975 1116 simplex
994 1086 1020 1108 et

228 1126 418 1161 incorporeus.
441 1127 631 1155 Accidentium
659 1128 732 1155 enim
760 1128 893 1155 rationem
918 1128 1020 1155 habent

227 1171 356 1206 qualitas,
376 1173 529 1207 quantitas,
553 1178 652 1206 tactus,
679 1177 706 1200 et
728 1173 826 1205 forma,
852 1182 899 1202 seu
921 1175 1017 1209 figura,

228 1225 288 1251 qua:
307 1217 418 1252 quidem
441 1218 468 1245 in
493 1219 652 1254 compositis
676 1219 898 1247 considerantur.
909 1220 944 1246 At
965 1219 1018 1247 Deo

228 1262 344 1296 (pralitas
361 1263 434 1290 nulla
451 1264 594 1292 tribuenda
615 1269 656 1291 est
667 1265 714 1299 (ne
729 1265 911 1300 compositum
929 1266 1017 1300 ipsum

228 1311 393 1341 statuamus,
424 1309 553 1337 nimirum
579 1318 612 1337 ex
639 1311 794 1338 substantia
818 1316 844 1338 et
863 1311 1016 1347 qualitate),

192 1388 195 1391 ν
228 1361 278 1380 uec
299 1353 385 1380 ullum
412 1355 525 1382 onmiuo
559 1355 696 1383 accidens.
719 1356 790 1382 Nihil
812 1357 884 1383 enim
905 1357 931 1383 in
956 1357 1017 1391 ipso

228 1399 351 1426 nascitur
374 1405 457 1435 atque
483 1401 668 1436 exstinguitur
685 1410 691 1429 :
708 1409 803 1429 verum
838 1402 1016 1432 immutabilis

226 1449 268 1471 est
285 1449 312 1472 et
327 1445 516 1479 inallerabilis,
536 1454 711 1482 semperque.
729 1454 758 1475 ut
776 1448 906 1480 diximus,
921 1450 1015 1477 eodem

227 1491 308 1519 modo
325 1499 355 1520 se
378 1493 471 1520 habet.
488 1492 548 1520 Jam
572 1501 636 1521 vero
665 1500 762 1522 caetera
788 1496 880 1522 omnia
906 1495 1016 1523 aliunde

225 1542 331 1565 motum
346 1538 456 1571 habent,
472 1539 524 1567 hoc
547 1545 598 1572 est,
614 1548 629 1568 a
643 1540 708 1574 Deo,
726 1548 741 1568 a
757 1549 811 1575 quo
834 1542 905 1569 facta
927 1548 991 1569 sunt
1008 1551 1014 1569 :

226 1590 254 1610 at
268 1583 387 1618 Spiritus
399 1591 523 1618 sanctus,
535 1586 582 1620 qui
604 1587 676 1613 Deus
697 1592 749 1617 est,
769 1595 819 1613 nec
840 1596 854 1614 a
875 1595 1014 1622 quoquam
1029 1599 1050 1627 ρ

225 1635 334 1657 creatus
348 1635 400 1661 εει,
417 1639 467 1658 nec
486 1637 625 1663 fllOVCllll‘,
640 1640 734 1659 verum
750 1637 847 1666 suopte
863 1639 938 1659 "lolll
957 1634 1013 1659 Cit}-

227 1680 284 1708 tur,
298 1684 330 1703 ac
346 1676 460 1710 proinde
487 1682 648 1711 perpetuum
670 1682 774 1704 motum
798 1678 888 1705 habet.
902 1679 1014 1713 insuper

225 1722 332 1749 arbitrii
346 1730 455 1757 quoque
470 1722 548 1749 liberi
572 1729 612 1750 est
629 1723 748 1758 Spiritus
762 1730 883 1751 sanctus.
902 1724 1013 1753 Diversa

225 1773 315 1796 autem
330 1769 530 1803 signiﬁcatione
548 1769 653 1796 arbitrii
665 1769 777 1797 libertas
792 1772 916 1805 capitur,
935 1771 1013 1798 aliter

224 1822 287 1841 cum
304 1815 337 1842 de
349 1815 405 1842 Deo
422 1822 514 1842 sermo
526 1815 652 1847 habetur,
668 1815 745 1842 aliter
762 1823 823 1842 curn
844 1816 878 1843 de
897 1817 1010 1850 angrlis.

224 1861 304 1888 aliter
321 1861 439 1896 denique
455 1870 516 1889 cum
534 1862 567 1889 de
585 1862 751 1889 hominibus.
776 1862 804 1889 ln
829 1862 883 1890 Deo
902 1867 944 1890 est
965 1871 1013 1890 su-

223 1905 470 1940 peressentialiter;
484 1906 510 1933 in
526 1906 640 1941 angelis,
659 1906 722 1940 quia
737 1912 853 1935 conatus
868 1909 1012 1943 operiSque

222 1952 394 1986 expromptio
416 1959 476 1979 cum
498 1953 592 1980 habitu
608 1954 757 1987 concurrit,
776 1962 828 1982 nec
843 1954 926 1981 ullam
940 1959 1011 1982 tetu-

223 1997 296 2029 poris
317 1998 549 2032 intercapedinem
572 1999 702 2026 admittit.
720 1999 788 2026 Nam
815 2007 877 2027 cum
900 2000 1012 2034 angelus

222 2044 327 2071 arbitrii
353 2045 505 2072 libertatem
530 2050 627 2072 natura
645 2045 754 2076 habeat.
774 2046 834 2073 sine
849 2046 905 2073 ullo
921 2046 1008 2081 impe-

221 2089 346 2116 dimento
360 2098 391 2117 ea
409 2091 505 2122 utitur,
522 2091 746 2125 quandoquidem
759 2099 810 2119 nec
828 2094 951 2127 corporis
967 2102 1009 2120 re-

220 2134 398 2162 luctationem
416 2137 535 2170 patitur,
552 2143 603 2163 nec
619 2137 780 2170 cujusquam
805 2139 1011 2172 oppugnatione

220 2180 364 2213 premitur.
381 2179 469 2207 Simul
485 2181 558 2207 enim
572 2188 634 2207 cum
650 2187 747 2208 mlura
761 2187 788 2209 et
804 2183 944 2210 creatione
959 2191 1007 2211 sua

220 2225 334 2253 liberam
366 2226 472 2253 arbitrii
501 2226 658 2253 facultatem
686 2229 808 2262 accepit,
835 2237 1008 2264 nequaquam

1078 298 1221 329 propterea
1247 295 1360 327 omnia,
1386 304 1446 330 quae
1463 297 1535 327 vult,
1560 301 1668 332 potest;
1695 306 1750 325 non
1775 304 1864 326 autem

1077 340 1169 367 omnia
1186 340 1254 372 vult,
1273 349 1334 376 qua:
1356 346 1454 376 potest.
1471 341 1600 369 Mundum
1622 343 1696 369 enim
1719 343 1810 370 delere
1835 352 1866 372 ac

1078 387 1190 420 perdere
1206 391 1306 421 potest,
1325 395 1378 413 non
1404 392 1493 414 tamen
1508 388 1575 414 vult.
1593 388 1669 420 Quod
1687 388 1710 415 si
1728 389 1793 423 quid
1816 389 1866 416 hu-

1077 431 1170 458 milius
1185 437 1210 458 et
1224 432 1358 465 abiectius
1372 432 1405 459 de
1429 439 1462 459 eo
1479 433 1580 459 dictum
1601 433 1734 466 invenias,
1750 434 1866 469 exempli

1077 482 1160 502 causa
1178 485 1184 502 :
1202 476 1279 509 Quod
1295 484 1308 502 a
1324 476 1405 504 Patre
1423 477 1552 508 mittitur,
1567 483 1614 504 aut
1629 479 1717 511 datur,
1735 483 1780 506 aut
1795 480 1864 506 divi-

1075 522 1218 554 ditur,aut
1232 523 1388 555 intercedit,
1403 529 1448 550 aut
1465 524 1536 550 aliud
1560 525 1700 559 quidpiam
1717 525 1797 559 hujus
1814 534 1862 560 ge-

1076 568 1160 598 neris,
1177 569 1246 595 scito
1267 569 1322 595 haec
1335 570 1426 596 omnia
1441 570 1474 596 ad
1490 570 1603 604 primatu
1621 578 1730 597 causam
1752 571 1857 604 referri,

1077 613 1126 639 hoc
1146 618 1198 644 est,
1215 614 1247 640 ad
1265 613 1383 645 Patrem,
1401 615 1631 650 quemadmodum
1650 621 1676 642 (-t
1688 617 1720 642 ad
1739 618 1863 644 eumdem

1075 666 1122 685 sua
1140 659 1225 687 Filius
1241 661 1332 688 refert.
1352 661 1396 688 Sic
1411 662 1484 688 enim
1500 662 1560 690 Vita
1573 663 1629 696 ipsa
1651 662 1792 697 loquitur:
1809 663 1863 698 Ego

1075 706 1130 731 vivo
1146 712 1251 741 propter
1266 707 1373 734 Patrem
1386 709 1420 735 ".
1436 708 1468 736 Et
1480 709 1537 743 ipsa
1555 708 1676 735 Potentia
1688 718 1694 736 :
1705 709 1766 736 Non
1781 715 1862 744 potest

1075 753 1162 780 Filius
1181 753 1268 787 facere
1280 762 1296 780 a
1311 755 1397 788 seipso
1412 755 1554 789 quidquam
1575 755 1607 782 ".
1628 755 1660 782 Et
1680 756 1799 790 perfecta
1814 757 1864 783 Sa-

1074 800 1173 835 pientia
1191 808 1197 826 :
1218 800 1373 827 Mandatum
1396 803 1494 835 accepi,
1514 802 1577 836 quid
1602 802 1702 834 dicam,
1728 808 1786 837 aut.
1801 804 1863 838 quid

1073 846 1170 881 loquar
1187 846 1233 874 “?
1249 847 1287 873 Ac
1306 856 1401 875 rursus
1415 857 1422 874 :
1436 849 1455 873 A
1474 849 1572 882 meipso
1590 857 1640 875 non
1663 858 1721 876 sum
1747 850 1862 880 (orntus.

1073 893 1350 928 sed'quemadmodum
1364 894 1431 921 tliJit
1446 895 1508 920 milii
1524 894 1614 926 Pater,
1628 896 1666 922 sic
1683 896 1752 929 facio
1767 896 1798 921 “.
1816 896 1863 922 llis

1075 944 1165 966 autetn
1182 941 1272 966 verbis
1289 947 1341 967 non
1355 947 1388 967 eo
1399 941 1493 972 utitur,
1508 941 1729 975 quodvoluntate
1745 949 1777 967 ac
1789 947 1860 968 tnotu

1074 991 1175 1017 careat,
1192 991 1219 1012 et
1238 986 1308 1013 velut
1335 986 1502 1020 imperialem
1535 991 1665 1013 tesseram
1696 993 1857 1021 exspectet;

1074 1031 1120 1058 sed
1138 1033 1336 1059 utsententiam
1349 1039 1426 1059 suam
1437 1033 1603 1066 conjunctim
1613 1037 1639 1059 et
1649 1033 1862 1067 inseparabiliter

1074 1085 1088 1104 a
1106 1077 1184 1105 Patre
1199 1078 1361 1112 pendentem
1386 1079 1524 1109 ostendat,
1541 1086 1572 1105 ac
1587 1086 1635 1113 per
1651 1079 1707 1106 ha‘c
1722 1079 1813 1106 omnia
1826 1079 1861 1106 ad

1073 1123 1163 1150 Patris
1183 1125 1365 1158 cognitionem
1394 1124 1475 1150 nobis
1493 1129 1593 1158 praeut
1606 1134 1613 1151 :
1625 1125 1658 1151 ad
1672 1131 1753 1158 quem
1771 1132 1860 1150 rerum

1079 1177 1187 1203 earum,
1202 1177 1263 1204 quae
1283 1169 1317 1196 ab
1332 1177 1364 1196 eo
1383 1168 1512 1200 eduntur,
1533 1170 1693 1196 miraculum
1716 1169 1808 1198 refert.
1831 1175 1861 1197 ut

1072 1223 1120 1250 per
1138 1223 1200 1242 eutn
1225 1216 1258 1242 ad
1283 1214 1371 1241 Patris
1393 1215 1575 1249 cognitionem
1605 1215 1762 1242 evehamur.
1788 1215 1859 1247 Quin

1072 1261 1153 1288 etiam
1171 1260 1290 1295 Spiritus
1307 1261 1359 1287 vita
1379 1265 1430 1293 est,
1447 1265 1474 1287 et
1499 1261 1650 1293 vivificaris;
1667 1262 1706 1288 sic
1725 1261 1798 1287 enim
1822 1261 1861 1287 ait

1072 1307 1218 1342 Apostolus
1245 1315 1252 1333 :
1274 1305 1390 1340 Spiritus
1416 1307 1469 1333 vita
1496 1311 1535 1333 est
1557 1314 1603 1341 per
1617 1307 1756 1340 justitiam
1767 1306 1800 1333 “.
1829 1306 1860 1333 Et

1072 1362 1170 1380 rursus
1187 1362 1193 1380 ε
1210 1353 1312 1380 Littera
1327 1353 1436 1385 occidit,
1454 1353 1573 1387 Spiritus
1592 1358 1679 1380 autem
1696 1353 1810 1386 viviﬁcat
1824 1353 1856 1379 ".

1071 1400 1103 1427 Et
1132 1399 1263 1428 Dominus
1283 1399 1341 1434 ipse
1366 1400 1417 1426 hoe
1435 1399 1592 1426 testimonio
1620 1407 1670 1426 suo
1688 1399 1830 1426 confirmat
1847 1407 1855 1425 :

1070 1445 1199 1480 Spiritus,
1217 1445 1317 1480 inquit,
1334 1450 1371 1472 est
1387 1446 1432 1480 qui
1450 1445 1580 1479 viui/irat;
1595 1453 1658 1471 caro
1678 1452 1730 1471 non
1749 1444 1856 1479 prodest

1069 1492 1212 1527 quidquam
1224 1491 1257 1517 ⁸⁸.
1283 1490 1407 1518 Vivificat
1422 1499 1501 1525 porro
1518 1499 1578 1517 cum
1595 1491 1650 1518 Deo
1669 1491 1749 1517 Patre
1764 1491 1856 1518 omnia

1070 1537 1234 1568 vivificante,
1252 1540 1279 1563 et
1296 1544 1357 1563 cum
1375 1536 1444 1563 Filio
1461 1537 1543 1563 vitam
1560 1537 1653 1563 dante.
1671 1537 1716 1563 Sic
1731 1537 1804 1563 enim
1819 1537 1857 1563 ait

1069 1583 1217 1616 Apostolus
1234 1591 1241 1608 :
1258 1583 1310 1614 Qui
1330 1583 1465 1609 suscitavit
1481 1582 1616 1609 Christum
1642 1591 1657 1608 a
1673 1583 1798 1615 mortuis,
1815 1583 1856 1609 oi-

1070 1629 1183 1663 riﬁcabit
1198 1634 1222 1655 et
1239 1637 1350 1663 corpora
1375 1633 1465 1655 nostra
1486 1629 1610 1655 mortalia
1635 1637 1685 1663 per
1706 1629 1856 1655 inhabitan-

1070 1678 1121 1700 tent
1134 1673 1262 1708 Spiritum
1290 1682 1366 1700 suum
1382 1674 1409 1700 in
1427 1673 1500 1700 nobis
1517 1674 1551 1700 θ’.
1569 1674 1602 1700 Ει
1625 1673 1772 1701 Christus:
1789 1673 1854 1700 Ores

1070 1728 1133 1746 meta
1149 1728 1234 1746 recent
1253 1727 1336 1746 meam
1355 1719 1485 1751 audiunt,
1506 1724 1530 1746 et
1553 1727 1599 1754 ego
1626 1719 1707 1745 vitam
1728 1724 1855 1745 retentam

1069 1774 1102 1791 ao
1118 1766 1155 1792 eis
1172 1766 1206 1791 "°.
1221 1765 1254 1792 Et
1268 1771 1297 1791 ut
1313 1773 1367 1792 uno
1388 1765 1471 1792 verbo
1496 1765 1652 1795 absolvam,
1675 1765 1854 1799 qnemadmo-

1068 1811 1132 1838 dum
1151 1818 1200 1838 nec
1215 1811 1249 1837 ab
1264 1810 1324 1843 igne
1341 1811 1426 1842 calor,
1447 1818 1496 1837 nec
1517 1818 1532 1837 a
1547 1811 1608 1837 luce
1629 1811 1758 1844 splendor
1776 1817 1853 1844 sapao

1068 1857 1122 1884 rari
1140 1862 1240 1892 potest,
1252 1857 1292 1884 sic
1307 1864 1356 1883 nec
1369 1865 1384 1883 a
1400 1857 1503 1891 Spiritu
1521 1857 1712 1888 sanctificatio,
1731 1857 1852 1884 vivifica-

1068 1904 1116 1936 tio,
1137 1903 1253 1935 bonitas,
1272 1903 1415 1930 reetitudo.
1439 1902 1496 1930 Nec
1519 1904 1667 1938 quidquatu
1690 1903 1787 1930 horum
1805 1904 1853 1930 ad-

1067 1949 1210 1976 ventitium
1235 1949 1285 1983 ipsi
1304 1953 1346 1976 est
1362 1954 1408 1976 aut
1430 1950 1565 1983 p:sterius
1585 1950 1728 1976 accedens.
1747 1949 1851 1976 Lumen

1066 2001 1106 2024 est
1119 2001 1146 2023 et
1161 1997 1271 2023 luminis
1284 1996 1405 2030 largitor.
1419 1995 1452 2023 In
1467 1995 1566 2023 lumine
1583 1996 1656 2022 enim
1681 2001 1735 2029 tuo,
1751 1997 1849 2031 inquit,

1066 2043 1207 2069 videbimus
1231 2042 1363 2074 lumen",
1379 2041 1405 2068 id
1426 2046 1477 2073 est,
1499 2042 1525 2068 in
1545 2041 1646 2076 Spiritu
1667 2041 1777 2070 Filium.
1795 2041 1851 2068 Hoc

1066 2095 1147 2122 porro
1172 2087 1281 2115 Davidis
1301 2087 1441 2114 oraculum
1467 2091 1523 2114 tum
1546 2087 1686 2121 impletqu
1709 2092 1761 2119 est,
1786 2094 1848 2114 cum

1065 2134 1202 2169 baptizato
1219 2134 1338 2170 Jesu,!ut
1353 2140 1394 2161 est
1407 2134 1477 2169 apud
1491 2133 1636 2166 Joannem,
1657 2134 1775 2168 Spiritus
1790 2142 1850 2160 san-

1065 2185 1125 2208 ctus
1164 2181 1233 2208 Filio
1259 2180 1409 2208 divinitatis
1442 2179 1628 2207 testimonium
1656 2180 1794 2214 praebuit,
1821 2180 1848 2206 in

1065 2225 1197 2252 columba:
1219 2226 1305 2252 forma
1325 2225 1511 2256 descendens;
1526 2233 1587 2252 nam
1609 2230 1665 2251 tum
1692 2225 1719 2252 in
1744 2224 1848 2259 Spiritu

221 2276 314 2305 postea
336 2271 387 2306 ipsi
410 2272 596 2303 accedentem,
624 2278 671 2300 aut
691 2274 881 2301 intermedium
904 2279 1009 2309 tempus
1025 2276 1049 2306 D
1065 2276 1161 2297 SRnClO
1177 2270 1275 2298 Filium
1290 2271 1480 2305 ὒοειιονὶηιυει
1502 2270 1607 2297 Lumen
1619 2274 1711 2297 amem
1733 2270 1848 2304 Spiritus

220 2318 377 2346 habentem.
402 2318 430 2346 ld
450 2325 539 2346 autem
573 2319 714 2354 proposito
750 2319 875 2354 exemplo
905 2320 1008 2348 clarius

218 2366 280 2392 erit.
308 2364 380 2393 Puer
403 2365 494 2398 enim,
518 2366 569 2394 etsi
596 2371 693 2394 natura
722 2367 838 2394 liberum
863 2368 1007 2394 arbitrium

218 2412 312 2444 habet,
330 2416 420 2440 tamen
437 2413 472 2440 ob
489 2413 703 2440 imbecillitatem
723 2414 748 2440 itt
776 2414 869 2442 multis
883 2414 963 2441 rebus
977 2422 1008 2441 ea

217 2456 341 2484 libertate
367 2458 405 2485 uti
427 2458 599 2492 prohibetur.
615 2459 650 2485 At
673 2459 698 2485 in
718 2458 875 2487 hominibus
899 2459 1007 2486 habitus

217 2506 283 2529 ante
295 2503 496 2537 aggressionem
512 2504 656 2538 temporali
672 2505 752 2531 tuodo
767 2505 840 2538 prior
859 2504 1005 2538 cogitatur.

197 2583 199 2585 _
217 2547 338 2576 Tametsi
354 2549 425 2575 enim
439 2549 496 2584 ipse
515 2557 625 2585 quoque
641 2550 746 2577 arbitrii
765 2550 890 2577 libertate
908 2549 1005 2583 pracdi-

217 2599 261 2621 tus
286 2601 338 2626 est,
363 2602 479 2630 eamque
499 2601 596 2622 natura
623 2596 702 2622 habet
718 2603 724 2622 :
740 2600 828 2622 tamen
849 2595 883 2622 ob
904 2595 1004 2622 diaboli

217 2640 349 2674 impetum
372 2645 399 2668 et
421 2641 669 2675 oppugnationem,
696 2645 722 2668 et
746 2646 854 2675 propter
882 2641 1004 2674 corporis

186 2697 194 2706 ι
216 2686 389 2720 gravitatem,
408 2694 473 2714 usus
487 2687 574 2720 ipsius
591 2691 617 2714 et
644 2687 785 2714 exsecutio
801 2687 894 2713 habitu
911 2691 1004 2720 poste-

216 2733 303 2760 riores
321 2736 396 2760 sunt.
413 2731 471 2760 Jaut
487 2732 605 2768 Spiritus
625 2740 734 2768 quoque
748 2733 934 2767 αὐτοὸύναμος
949 2735 1000 2764 est,

251 2821 298 2847 σοι
318 2822 381 2848 Cor.
396 2829 433 2853 vr,
446 2821 488 2848 11.

230 2856 275 2882 51.
313 2857 335 2872 ⁵⁸
349 2856 438 2883 Galat.
455 2864 491 2889 γι,
510 2856 537 2884 8.

215 2897 298 2922 xxxv,
318 2891 361 2917 10.

527 2821 547 2838 ⁸⁸
566 2821 644 2848 .loan.
660 2828 715 2853 xtv,
738 2822 781 2847 Π.

576 2857 597 2872 ⁸⁷
616 2856 637 2882 ll
657 2855 720 2883 Cor.
743 2864 783 2886 ιιι,
799 2855 826 2882 6.

820 2821 842 2836 ⁸³
854 2819 933 2847 Joan.
955 2829 991 2854 vi,
1006 2820 1050 2847 58.

865 2855 888 2872 “
902 2855 979 2883 Joau.
994 2864 1030 2888 γι,
1047 2855 1092 2882 Μ.

1061 2323 1173 2345 sanctus
1205 2319 1367 2352 appellatur,
1392 2318 1457 2352 quia
1482 2324 1589 2344 omnem
1613 2317 1791 2352 ignorantiam
1822 2322 1847 2343 et

1060 2371 1182 2390 errorem
1207 2371 1239 2390 ex
1253 2363 1362 2396 animis,
1386 2362 1486 2396 quibus
1509 2361 1618 2389 infusus
1635 2367 1688 2392 est,
1704 2361 1822 2396 dispellit
1837 2370 1846 2390 ξ

1060 2414 1116 2436 tum
1149 2410 1231 2437 etiam
1264 2409 1327 2444 quia
1359 2409 1468 2441 omnia,
1499 2416 1560 2442 qua:
1585 2407 1671 2442 ipsius
1704 2407 1847 2442 splendore

1059 2457 1242 2487 continentur,
1271 2455 1302 2482 ad
1328 2455 1447 2489 seipsum
1467 2454 1579 2489 colligit.
1608 2454 1717 2481 Bonitas
1741 2453 1797 2487 ipsa
1821 2458 1847 2480 et

1059 2502 1120 2530 fons
1150 2501 1290 2532 bonitatis,
1318 2500 1344 2528 id
1361 2505 1402 2527 est
1423 2500 1569 2528 essentiale
1587 2500 1699 2531 bonum,
1721 2506 1735 2525 a
1751 2506 1805 2533 quo
1820 2503 1847 2525 et

1060 2547 1113 2574 alia
1129 2553 1157 2574 ut
1173 2555 1206 2574 ex
1226 2546 1300 2574 fonte
1322 2546 1469 2574 bonitatem
1498 2545 1637 2572 hauriunt.
1669 2544 1750 2571 David
1773 2544 1843 2570 enim

1059 2591 1189 2626 Spiritqu
1204 2592 1306 2619 bonum
1320 2592 1407 2625 ipsum
1426 2591 1566 2622 nominat;
1582 2588 1736 2623 Theologus
1753 2592 1843 2614 autent

1056 2639 1163 2666 laudem
1179 2640 1358 2673 amplificatis,
1377 2643 1458 2672 atque
1473 2637 1619 2664 ostendens
1631 2643 1692 2662 eum
1711 2642 1764 2662 non
1780 2642 1843 2668 par-

1056 2686 1212 2719 ticipatione
1228 2686 1327 2712 bonum
1342 2692 1414 2716 esse,
1431 2683 1579 2710 bonitatem
1597 2683 1681 2716 ipsam
1698 2688 1758 2707 eum
1774 2687 1845 2706 nuu-

1056 2731 1174 2765 cupavit.
1204 2730 1283 2765 cujus
1310 2729 1443 2757 beneficio
1474 2729 1528 2756 alia
1555 2735 1664 2762 quoque
1693 2726 1842 2753 bonitatem

1647 2818 1671 2832 ”
1689 2817 1768 2844 Joan.
1785 2823 1840 2846 xw.

1349 2819 1373 2835 ⁸⁸
1388 2818 1466 2847 Joan.
1489 2827 1537 2851 xu,
1561 2819 1607 2846 49.
1647 2818 1671 2832 ⁸³
1689 2818 1768 2844 Joan.
1785 2823 1828 2842 xrv

1349 2855 1385 2877 II,
1443 2855 1465 2870 ⁷ο
1483 2854 1563 2877 Jun".
1587 2862 1609 2877 κ.
1631 2853 1676 2877 23.
1730 2852 1751 2867 ⁷¹
1768 2850 1828 2877 i‘sal

1790 2864 1841 2878 θαι.

1091 2820 1113 2835 ⁸³
1128 2820 1205 2847 Joau.
1223 2828 1249 2851 v,
1268 2820 1310 2847 19.
1349 2820 1373 2835 ⁸⁸
1388 2820 1466 2847 Joan.
1489 2827 1537 2851 xu,
1561 2820 1607 2846 49.
1647 2820 1665 2857 'f

1132 2856 1154 2871 ⁸⁸
1171 2855 1248 2881 Rotu.
1267 2863 1311 2882 vru
1324 2876 1330 2882 .
1344 2855 1386 2882 ll.
1443 2855 1465 2870 ⁷⁰
1483 2854 1563 2882 Joan.
1587 2862 1610 2882 κ.
1631 2853 1665 2879 28

1132 2856 1154 2871 ⁸⁸
1171 2855 1248 2881 Rotu.
1267 2863 1311 2883 vru
1324 2876 1330 2888 ,
1344 2855 1386 2883 ll.
