2058 3159
192 202 258 234 Μϋῖ

669 208 827 239 NICETAS
849 210 888 240 IN
909 211 1020 241 OliAT.
1041 212 1131 244 XLIV
1153 213 1184 243 S.
1202 214 1317 243 GREG.

1743 216 1813 249 1466

190 265 403 293 consequuntur.
434 261 553 296 Spiritus
579 267 685 296 rectus,
714 265 884 300 principalis.
911 266 973 292 lla-c
990 268 1010 295 Α
1027 267 1134 293 modum
1149 267 1299 294 vaticinans
1315 277 1321 294 :
1342 267 1375 294 Et
1391 268 1550 302 requiescent
1566 277 1646 304 super
1661 278 1718 296 eum
1736 273 1814 305 spiri-

191 313 299 340 qnoque
313 307 422 334 Davidis
433 312 496 335 sunt
511 317 517 335 :
534 307 662 343 Spiritum
671 311 755 341 enim.
765 312 861 345 inquit,
877 319 975 338 rectum

190 350 285 377 innoxia
305 352 332 378 in
351 352 490 379 visceribus
508 354 570 380 meis
586 354 619 380 τ’.
638 355 685 381 Et:
706 354 809 388 Spiritu
835 357 976 391 principali

190 396 318 428 confirma
344 405 385 424 me
408 398 441 424 ⁷³.
471 397 509 425 Ac
543 403 632 425 rectus
664 400 772 434 quidem
800 401 917 433 dicitur,
945 406 975 429 ut

190 441 311 469 ﬂexuoso
329 447 356 470 et
379 443 489 478 obliquo
517 445 636 479 serpenti
661 447 826 474 contrarius.
843 447 909 474 Nam
923 468 929 479 ,
946 453 975 475 ut

188 487 227 513 ait
253 487 414 523 Scriptura:
433 488 550 524 Spiritus
575 495 681 517 sanctus
705 492 812 526 effugiet
835 493 926 520 dolum
941 495 973 523 ".

188 532 288 560 Rectus
307 534 386 561 etiam
404 535 515 566 dicitur,
530 537 594 570 quia
609 537 666 571 ipse
688 538 792 572 jnslitia
806 544 848 566 est
864 545 890 566 et
905 541 975 566 veri-

188 581 241 610 tas,
254 579 437 613 digressiones
450 587 481 607 ac
492 580 656 609 dcﬂexiones
673 583 698 609 in
714 588 855 618 utramque
869 590 972 619 partem

186 631 241 650 non
259 625 373 651 habens.
390 625 551 660 Principalis
567 633 669 659 autem,
683 633 711 655 ut
729 630 853 665 princeps
874 637 900 658 et
922 632 972 658 do-

186 671 314 702 tuinator,
331 675 387 698 tum
404 673 486 699 etiam
503 678 531 700 ut
545 674 694 709 principem
707 681 824 702 tuentem
843 678 972 712 dirigens.

186 715 223 741 Ita
242 715 386 743 Dominum
404 725 465 744 eum
482 723 560 745 vocat
578 720 734 754 Apostolus,
748 721 840 748 dicens
858 730 865 749 :
883 723 973 749 Dami-

185 767 234 784 nus
250 764 337 786 autem
360 761 458 796 dirigat
474 763 554 788 corda
575 768 660 789 vestra
677 764 703 790 in
719 766 849 792 clturitate
875 766 932 798 Dei,
948 772 972 793 et

184 805 315 838 patientia
335 804 436 834 Christi
452 807 484 833 ".
500 808 531 834 Et
543 810 595 835 alio
610 810 690 837 loco:
708 810 756 838 Vos
771 816 858 838 autem
881 812 972 840 Domi-

186 857 235 876 nus
265 851 418 884 multiplicet
444 857 467 878 et
490 853 626 880 abundare
650 855 732 889 faciat
756 864 802 889 per
817 858 971 884 charitatem

186 901 316 930 mutuam,
327 901 352 923 et
368 898 402 924 ad
414 899 596 932 confirmanda
611 901 693 928 corda
706 907 792 930 vestra
812 904 869 930 sine
884 913 972 937 repre-

184 941 309 968 hensione
331 943 358 969 in
381 945 522 971 sanctitate
546 954 634 972 coram
658 953 681 973 et
711 948 762 974 Deo
792 954 815 975 et
839 948 919 976 Patre
944 949 972 976 in
989 941 1008 967 Β

188 988 300 1014 adventu
323 989 427 1016 Domini
445 992 527 1017 nostri
546 991 611 1018 Jesu
633 992 776 1020 Christi".
795 995 826 1022 Et
840 995 903 1022 alibi
926 1004 971 1022 ex-

185 1041 278 1067 presse
294 1034 436 1062 Dominum
455 1045 516 1063 eum
536 1043 624 1069 vacat,
643 1039 684 1065 his
705 1040 795 1067 verbis
814 1049 819 1067 :
844 1040 971 1068 Dominus

184 1084 272 1106 autent
300 1079 417 1114 Spiritus
441 1087 478 1108 est
495 1083 528 1110 "’.
545 1084 579 1110 Et
593 1092 689 1112 rursus
707 1094 713 1111 :
734 1085 870 1120 Tanquam
887 1095 902 1112 α
922 1087 973 1113 Do-

183 1126 254 1152 mino
280 1125 395 1160 Spiritus
413 1126 448 1154 “.
475 1128 563 1164 Atque
590 1130 671 1157 etiam
701 1130 820 1166 Spiritus
860 1139 971 1161 sanctus

183 1172 264 1199 mittit
279 1178 305 1199 et
324 1179 456 1208 segregat.
473 1175 517 1202 Ait
533 1177 605 1203 enim
619 1176 702 1205 Isaias
718 1187 724 1204 :
753 1178 878 1206 Dominus
899 1181 971 1207 misit

183 1226 234 1249 me,
250 1223 274 1244 et
292 1218 409 1252 Spiritus
436 1220 519 1253 ipsius
534 1221 569 1248 ".
585 1221 721 1255 Scriptum
748 1224 828 1250 etiam
857 1226 970 1252 habetur

183 1263 209 1289 in
233 1263 346 1292 Actibus
375 1267 584 1299 apostolorum:
602 1267 635 1294 Et
658 1269 700 1294 illi
720 1270 824 1303 quidem
843 1271 931 1298 emissi
955 1281 970 1298 a

183 1308 284 1342 Spiritu
309 1310 498 1338 descenderunt
531 1311 680 1340 Seleuciam
704 1315 738 1341 ⁸ο.
770 1315 800 1342 Et
824 1316 849 1342 in
874 1317 968 1343 eodem

182 1355 250 1381 libro
267 1364 274 1382 :
289 1355 363 1383 Dixit
385 1356 499 1391 Spiritus
512 1364 620 1386 satiatus
634 1368 643 1387 :
662 1361 804 1396 Segregate
821 1363 884 1388 milii
898 1362 968 1389 Pau-

181 1401 236 1427 lum
267 1406 291 1427 et
315 1401 469 1430 Barnabam
491 1405 518 1431 in
540 1413 604 1439 opus
625 1406 659 1432 ad
680 1408 750 1441 quod
772 1416 815 1434 eos
835 1409 922 1442 accepi
934 1409 967 1436 ³¹.

181 1446 323 1482 Templum
351 1449 402 1475 sibi
418 1454 574 1478 exstruens.
593 1451 650 1478 Hoc
667 1460 775 1487 quoque
792 1454 826 1480 ab
841 1455 968 1488 Apostolo

179 1499 318 1527 sumptum
337 1500 399 1521 cst:
418 1494 530 1522 Nescitis
544 1497 613 1530 quod
635 1499 759 1528 templum
782 1499 827 1525 Dei
845 1501 924 1531 estis,
943 1505 967 1527 et

179 1539 297 1573 Spiritus
316 1540 361 1566 Dei
374 1541 476 1567 habitat
496 1543 521 1568 in
540 1543 610 1569 vobis
623 1543 664 1569 οη
680 1543 711 1569 Et
728 1552 821 1572 rursus
832 1555 838 1572 :
851 1546 967 1581 Corpora

178 1591 266 1612 vestra
294 1588 418 1620 templum
435 1592 495 1614 sunt
518 1587 636 1622 Spiritus
662 1592 758 1623 sancti,
775 1592 820 1626 qui
847 1593 873 1618 in
896 1593 966 1620 vobis

177 1637 217 1659 ru
232 1633 264 1658 ⁸³.
284 1633 372 1667 Atque
391 1634 471 1661 etiam
490 1635 607 1669 Spiritus
623 1641 736 1663 sanctus
751 1637 802 1664 iter
822 1646 965 1665 common-

177 1682 266 1705 strat:
281 1678 420 1705 Descendit
435 1681 518 1713 enim,
529 1681 626 1714 inquit,
642 1680 757 1716 Spiritus
775 1692 791 1709 a
806 1683 927 1715 Domino,
942 1689 966 1711 et

176 1725 280 1759 prceivit
293 1726 329 1751 eis
344 1725 377 1752 ".
397 1726 427 1754 Et
444 1726 525 1753 David
541 1736 547 1753 :
561 1728 676 1762 Spiritus
694 1734 752 1755 tuus
765 1729 847 1756 bonus
859 1730 966 1757 deducet

177 1779 220 1797 me
240 1771 267 1797 in
284 1772 353 1798 uiam
377 1777 477 1798 rectam
498 1773 531 1798 θ’.
551 1773 584 1800 Ει
604 1775 735 1802 Dominus
753 1783 760 1801 :
778 1775 844 1802 Cum
869 1777 967 1803 eriterit

177 1816 348 1848 Paracletus,
366 1817 480 1850 Spiritus
496 1819 628 1851 veritatis,
645 1819 690 1846 ille
710 1828 752 1846 vos
769 1821 929 1852 admonebit,
943 1827 967 1848 et

179 1862 286 1889 deducet
312 1863 338 1889 in
363 1871 466 1890 omnem
487 1865 623 1892 veritatem
637 1866 672 1892 ⁸⁵.
687 1869 725 1892 Ac
745 1875 778 1892 ne
803 1867 869 1893 mihi
898 1867 967 1894 hanc

179 1907 346 1942 praeitinncm
365 1911 391 1934 in
405 1910 579 1943 abjectiorem
590 1919 700 1938 sensum
710 1912 906 1945 interpreteris,
917 1915 967 1940 hoc

178 1962 288 1988 quoque
316 1963 383 1989 opus
409 1955 550 1990 Scriptura
581 1956 636 1983 Deo
667 1958 811 1984 attribuit:
831 1958 967 1985 Deduxisti

179 2000 263 2032 enim,
284 2000 382 2034 inquit.
399 2002 474 2036 quasi
491 2010 548 2028 oves
562 2004 686 2037 populum
709 2008 782 2030 tuum
799 2004 832 2031 ⁸⁷.
849 2004 880 2031 Ει
896 2014 902 2031 :
917 2005 968 2036 Qui

179 2046 287 2072 deducis
302 2046 370 2073 velut
388 2056 459 2074 orem
481 2047 577 2082 Ioseph
590 2049 623 2076 ⁸⁸.
638 2049 669 2075 Et
685 2058 692 2076 :
711 2049 852 2077 Deduxisti
871 2059 913 2077 eos
941 2052 967 2077 in

179 2099 235 2125 spe,
251 2096 275 2118 et
300 2100 351 2118 non
374 2093 516 2120 timuerunt
531 2094 562 2120 ⁸⁵.
577 2093 708 2122 Praeterea
729 2095 864 2129 Spiritus,
887 2101 968 2130 prout

181 2137 255 2167 vult,
283 2142 412 2171 operatur
434 2146 466 2165 ac
492 2139 590 2166 dividit
611 2141 723 2174 gratias,
739 2141 966 2175 quemadmodum

178 2187 205 2208 ct
223 2183 321 2210 Paulus
335 2187 462 2217 testatur,
476 2185 569 2212 dicens
589 2194 596 2212 :
614 2187 678 2213 [lies
694 2192 781 2213 autent
803 2188 892 2214 omnia
906 2196 968 2223 0pc-

179 2233 257 2254 ratur
271 2236 338 2256 unus
358 2234 436 2263 atque
455 2230 524 2256 idem
540 2230 672 2265 Spiritus,
694 2231 811 2258 dividens
828 2233 968 2267 unicuique

1028 316 1069 338 tus
1081 318 1186 347 septem,
1200 314 1308 347 spiritus
1326 314 1462 345 Sapientia
1478 319 1502 340 et
1522 315 1682 349 prudentie,
1703 318 1812 350 spiritus

1026 359 1130 385 consilii
1149 363 1173 384 ct
1198 359 1373 392 fortitudinis,
1389 360 1498 392 spiritus
1522 361 1638 387 scientia:
1660 367 1684 388 et
1705 363 1812 395 pietatis

1025 404 1134 438 spiritui
1151 404 1251 430 timoris
1268 404 1314 431 Dei
1327 405 1443 439 implebit
1460 413 1518 432 eum
1531 406 1565 433 ".
1579 406 1624 432 Sic
1648 412 1737 433 autem
1764 416 1812 434 vo-

1025 455 1103 476 catur
1119 450 1237 484 Spiritus
1258 456 1380 482 sanctus,
1405 456 1434 478 nt
1447 459 1542 478 eorum
1567 456 1662 478 auctor
1676 457 1701 478 et
1717 461 1814 487 suppe-

1024 495 1132 521 ditatur.
1159 496 1245 529 Atque
1260 496 1341 522 etiam
1359 496 1436 523 Pater
1453 504 1500 530 per
1517 496 1649 530 Spiritum
1668 497 1812 531 cognosci-

1025 545 1083 566 tur:
1102 540 1216 573 Spiritus
1230 542 1314 572 cnitn,
1332 546 1361 568 ut
1375 542 1412 568 ait
1427 542 1583 575 Apostolus,
1597 543 1686 568 omnia
1704 548 1809 568 scruta-

1025 591 1078 617 tur,
1097 587 1176 613 etiam
1192 587 1325 621 profunda
1342 587 1388 613 Dei
1401 587 1434 614 ".
1452 587 1483 612 Et
1503 587 1540 613 ait
1554 588 1612 613 loco
1630 595 1637 616 :
1659 587 1723 619 Quis
1744 588 1811 614 enim

1022 641 1052 659 ea
1071 635 1128 663 scit,
1150 642 1208 667 qum
1225 640 1285 660 sunt
1297 634 1419 665 homims,
1443 634 1493 660 nisi
1510 635 1619 668 spiritus
1638 634 1750 661 [laminis
1768 635 1812 668 qui

1023 679 1049 706 in
1063 680 1088 712 ip
1104 688 1118 705 ο
1134 681 1197 707 est?
1215 680 1251 706 sic
1265 681 1344 706 etiam
1365 689 1395 706 ea
1416 688 1473 714 qum
1494 680 1540 706 Dei
1563 685 1633 709 sunt.
1657 687 1730 706 nemo
1750 680 1811 712 scit,

1023 723 1075 749 nisi
1092 722 1208 756 Spiritus
1223 723 1271 749 Dei
1283 724 1318 750 ".
1333 722 1384 749 Per
1399 722 1531 757 Spiritum
1547 723 1631 749 Filius
1647 723 1810 749 eelobratnr.

1023 767 1081 802 Ipse
1098 768 1169 794 enim
1188 767 1348 803 Unigenitus
1369 768 1394 794 in
1411 767 1525 795 Joannis
1549 768 1694 802 Evangelia
1713 768 1745 794 de
1761 767 1812 794 Pa-

1022 813 1122 839 racleto
1141 814 1181 840 sic
1198 814 1336 846 loquitur:
1349 813 1400 840 Ille
1415 821 1453 840 me
1471 813 1630 847 glori/icabit
1645 813 1677 839 °°.
1691 812 1809 847 Spiritus

1021 859 1092 884 enim
1119 858 1262 885 Dominum
1284 859 1362 893 digne
1383 859 1525 893 gloriﬁcat,
1543 866 1596 884 non
1623 863 1651 885 ut
1675 862 1809 890 creatura,

1023 904 1068 930 sed
1090 908 1119 930 nt
1134 903 1251 938 Spiritus
1272 904 1410 936 veritatis,
1428 904 1546 930 dilucide
1567 911 1599 931 ac
1616 904 1761 938 perspicue
1784 904 1810 930 itt

1024 950 1113 983 seipso
1132 949 1270 976 veritatem
1286 949 1444 979 ostendens.
1459 953 1539 983 atque
1555 949 1634 975 etiam
1653 954 1681 975 ut
1695 948 1812 983 Spit-tius

1024 995 1173 1029 sapientia,
1199 995 1351 1027 Christum,
1367 996 1412 1029 qui
1431 995 1476 1021 Dri
1494 995 1625 1029 sapientia
1641 1000 1693 1027 est,
1717 995 1743 1020 in
1761 1003 1812 1022 sna

1025 1041 1212 1075 magnitudine
1243 1042 1421 1075 patefaciens.
1443 1040 1512 1067 Tum
1538 1041 1620 1067 etiam
1648 1041 1747 1075 duplex
1770 1045 1812 1067 est

1024 1087 1121 1121 gloria,
1140 1087 1192 1114 alia
1207 1088 1350 1120 naturalis,
1368 1092 1398 1114 ιιι
1425 1087 1511 1122 gloria
1535 1087 1602 1114 solis
1619 1087 1663 1113 lux
1683 1091 1735 1118 cst,
1758 1086 1811 1113 alia

1023 1137 1212 1166 exterua,qua
1230 1141 1261 1158 ex
1282 1132 1366 1159 animi
1394 1133 1535 1167 proposito
1559 1137 1585 1159 et
1610 1133 1750 1159 voluntate
1779 1139 1811 1158 ac

1020 1179 1134 1213 judicio,
1160 1180 1206 1214 qui
1223 1187 1253 1206 ea
1270 1180 1344 1214 digni
1371 1184 1444 1210 sunt,
1466 1179 1629 1206 adiciuntur.
1645 1179 1730 1212 Cujus
1756 1178 1810 1204 duo

1023 1234 1132 1260 quoque
1144 1231 1206 1253 sunt
1223 1234 1339 1260 genera:
1355 1225 1438 1252 Filius
1451 1225 1533 1256 enim,
1548 1225 1636 1259 inquit
1655 1224 1709 1255 ille,
1727 1224 1810 1258 glori-

1023 1273 1084 1298 licnt
1097 1277 1200 1306 patrem
1216 1280 1305 1302 suum,
1321 1276 1348 1299 et
1364 1278 1460 1298 servus
1475 1271 1614 1296 dominum
1632 1277 1722 1296 suum.
1737 1269 1811 1300 Quo—

1025 1319 1097 1345 circa
1118 1318 1201 1351 gloria
1232 1317 1339 1344 servilis
1362 1325 1375 1344 a
1400 1317 1533 1344 creaturis
1550 1321 1713 1351 praestatur:
1728 1320 1751 1341 at
1769 1314 1810 1341 fa-

1022 1364 1135 1391 miliaris
1149 1369 1176 1390 et
1192 1364 1300 1398 propria
1311 1382 1318 1394 ,
1332 1371 1347 1389 a
1366 1363 1462 1397 spiritu
1496 1362 1634 1389 tribuitur.
1652 1361 1697 1387 Sic
1718 1361 1809 1394 igitur,

1021 1415 1047 1437 ct
1065 1410 1145 1437 Pater
1160 1418 1207 1444 per
1226 1410 1357 1444 Spiritum
1384 1409 1567 1443 cognoscitur,
1585 1413 1610 1434 et
1627 1407 1711 1433 Filius
1727 1405 1810 1440 glori-

1021 1457 1128 1484 ﬁcatur.
1147 1456 1252 1483 Rursus
1267 1462 1355 1483 autem
1372 1456 1490 1490 Spiritus
1506 1455 1540 1481 ab
1557 1455 1598 1480 his
1620 1453 1687 1481 solis
1709 1459 1809 1486 cogno—

1021 1505 1116 1534 scitur.
1139 1505 1190 1529 hoc
1215 1507 1256 1529 est
1270 1523 1277 1534 ,
1294 1511 1308 1529 τι
1329 1501 1408 1528 I’atre
1434 1502 1492 1528 solo
1509 1505 1534 1527 et
1549 1499 1628 1526 Filio.
1647 1499 1733 1532 Atque
1755 1505 1808 1524 una

1020 1555 1122 1577 sancta:
1139 1548 1281 1576 Trinitatis
1295 1549 1391 1575 classis
1403 1552 1453 1579 est,
1466 1547 1492 1574 id
1504 1551 1554 1575 est.
1567 1546 1633 1573 unio
1646 1549 1673 1572 et
1687 1544 1810 1571 adoratio

1020 1596 1123 1622 eadem.
1142 1594 1196 1622 Nec
1213 1595 1284 1621 enim
1306 1595 1385 1621 aliter
1410 1594 1519 1620 l‘atrem
1539 1600 1571 1619 ac
1589 1591 1687 1618 Filium
1701 1610 1708 1622 ,
1733 1589 1811 1616 aliter

1020 1642 1151 1677 Spiritum
1167 1646 1291 1669 sanctum
1308 1642 1424 1668 colimus
1440 1645 1466 1667 et
1481 1640 1638 1668 adoramus,
1655 1637 1701 1664 sed
1714 1636 1808 1663 eodem

1022 1696 1137 1722 prorsus
1149 1689 1240 1715 modo.
1257 1688 1316 1715 Uno
1332 1686 1465 1717 anloratio,
1484 1690 1508 1711 et
1526 1693 1596 1711 ututs
1614 1684 1700 1710 honor
1715 1689 1812 1708 sei-nn-

1018 1734 1082 1761 dum
1102 1735 1215 1766 cultum,
1239 1742 1291 1760 non
1315 1733 1463 1759 secundum
1490 1732 1659 1758 relationem.
1678 1728 1736 1755 Una
1763 1736 1811 1761 pu-

1020 1781 1103 1806 tentia
1117 1780 1196 1806 trium
1214 1786 1389 1811 personarum
1403 1778 1533 1803 immensa
1546 1781 1571 1802 et
1590 1776 1704 1802 inﬁnita.
1721 1773 1810 1800 Potest

996 1824 998 1826 ’
1019 1825 1090 1850 enim
1106 1829 1197 1850 sancta
1212 1823 1330 1849 Trinitas
1347 1821 1478 1856 quidquid
1494 1820 1627 1848 vult.Una
1642 1819 1772 1854 periei-tio
1784 1823 1809 1845 et

1019 1869 1211 1900 sanctiﬁcatio,
1224 1876 1284 1902 qua:
1303 1875 1316 1894 a
1333 1867 1421 1894 tribus
1437 1867 1560 1900 personis
1576 1865 1687 1892 aﬂertnr
1701 1864 1766 1898 (δῇ).

1056 1915 1099 1940 14.
1121 1914 1192 1946 Quid
1207 1913 1325 1948 pluribus
1350 1913 1432 1940 verbis
1455 1920 1520 1946 opus
1538 1913 1597 1939 est?
1617 1910 1724 1942 Omnia,
1755 1915 1808 1935 clc.

1021 1959 1111 1991 Pater,
1127 1959 1222 1990 Filius,
1242 1959 1359 1993 Spiritus
1378 1963 1499 1990 sanctus,
1519 1957 1685 1991 ingenitnra,
1700 1963 1812 1990 genera-

1021 2005 1076 2037 tio,
1110 2005 1249 2040 processio
1277 2013 1283 2030 :
1313 2003 1355 2031 fac
1384 2003 1565 2039 proprietates
1599 2003 1648 2029 has
1679 2001 1810 2028 memoria

1021 2054 1125 2078 teneas.
1142 2050 1221 2083 Quid,
1240 2050 1336 2084 inquit,
1353 2055 1450 2077 caetera
1464 2055 1680 2076 commemorare
1693 2047 1809 2073 attinet?
1826 2078 1828 2081 ν

1020 2097 1118 2122 Omnia
1137 2104 1307 2130 qumcuuqne
1325 2095 1404 2122 Pater
1425 2095 1517 2127 habet,
1531 2099 1595 2122 stitit
1616 2094 1687 2124 Filii,
1700 2097 1810 2128 praetcr-

1019 2148 1101 2175 qnam
1122 2141 1192 2175 quod
1212 2141 1348 2174 ingenitus
1365 2148 1418 2167 non
1434 2144 1486 2170 est,
1501 2140 1579 2174 juxta
1600 2138 1705 2165 Domini
1723 2138 1808 2171 ipsius
1827 2141 1830 2144 ’

1019 2195 1124 2218 vocem,
1149 2187 1285 2213 dicentis:
1303 2186 1410 2217 Omnia,
1434 2193 1594 2220 quacunque
1616 2185 1690 2211 liabet
1718 2184 1808 2215 Pater,

1020 2241 1077 2259 mea
1092 2238 1153 2260 sunt
1172 2233 1244 2259 '7'”.
1261 2231 1327 2258 Nam
1346 2232 1465 2266 perfecto
1493 2237 1662 2265 qumcunque
1693 2229 1809 2264 principi

178 2275 245 2301 sicut
260 2275 317 2302 vult
332 2275 489 2310 ".Spiritus
507 2277 671 2311 adoptionis.
692 2278 736 2304 Sic
754 2286 849 2305 rursus
868 2278 967 2306 Paulus
985 2278 1006 2304 ι)
1022 2278 1116 2304 forma:
1141 2278 1256 2309 adsunt,
1282 2277 1376 2304 eadem
1401 2277 1529 2310 imaginis
1551 2284 1660 2310 quoque
1685 2280 1759 2302 sunt.
1781 2275 1810 2300 Et

179 2321 267 2354 ipsum
284 2327 372 2354 vocat,
388 2323 429 2350 sic
442 2323 557 2357 loquens
572 2334 579 2350 :
596 2323 657 2350 Non
671 2325 739 2351 enim
761 2325 897 2358 accepistis
914 2325 968 2358 spi-

179 2366 259 2393 ritum
279 2368 412 2394 servitutis
438 2367 465 2394 in
489 2369 600 2401 timore,
624 2369 669 2396 sed
689 2369 817 2403 Spiritum
846 2369 967 2404 adoptio-

179 2412 218 2438 nis
233 2412 266 2438 ".
288 2412 419 2446 Spiritum
442 2418 533 2442 autem
552 2416 673 2442 veritatis
692 2416 822 2443 Dominus
836 2416 892 2450 ipse
905 2423 967 2442 eum

180 2458 351 2489 nominavit,
373 2458 467 2486 dicens
489 2469 496 2486 :
519 2459 586 2487 Cum
614 2462 711 2488 venerit
728 2461 893 2494 Paracletus,
908 2461 968 2495 Spi-

183 2504 249 2530 ritus
266 2504 388 2530 aeritatis
400 2505 434 2531 ν’.
449 2504 565 2534 Nomina
581 2513 683 2539 autem,
701 2516 761 2542 qua:
775 2508 902 2542 deinceps
926 2516 970 2535 sev

181 2555 301 2585 quuntur
315 2570 323 2584 ,
342 2551 425 2578 lsaias
452 2559 611 2586 enumerat,
631 2555 665 2582 de
683 2555 793 2582 Christo
821 2555 854 2581 ad
896 2554 969 2581 hunc

216 2627 242 2664 '_'_
254 2627 327 2664 Psal.
342 2635 368 2658 ι..
382 2629 426 2655 i2.
481 2628 504 2664 ’ξ
519 2629 584 2664 ibid.
601 2630 643 2656 Μ.
699 2631 723 2647 ⁷⁵
741 2630 803 2664 Sap.
829 2639 846 2663 I,
864 2631 890 2658 5.

180 2662 203 2677 ⁷⁸
221 2661 244 2697 ll
261 2663 322 2690 Cor.
339 2670 381 2695 ιιι,
399 2664 442 2690 t8.
481 2663 503 2680 "
516 2663 567 2690 lsa.
585 2673 680 2697 vant,
699 2667 732 2692 16

181 2697 204 2712 ⁸³
221 2696 271 2723 lsa.
290 2705 372 2730 LXIII,
392 2699 434 2725 14.
489 2699 513 2715 ⁸⁸
528 2699 598 2726 Psal.
613 2700 756 2728 cutt.10.

375 2733 397 2749 '°
412 2734 420 2759 l
439 2733 502 2761 Cor.
513 2741 569 2763 xui.
586 2735 628 2761 Η.

384 2769 408 2784 ⁹⁶
424 2768 502 2796 Joan.
521 2777 575 2801 xvr,
594 2770 636 2796 M.

182 2739 281 2764 uxvn,
293 2733 337 2759 55.

182 2767 205 2782 ⁸-⁵
220 2767 286 2794 ibid.
304 2767 346 2794 Η.

681 2736 702 2751 9'
718 2735 796 2762 Rom.
815 2743 871 2766 nu,
890 2736 932 2762 l5.

675 2770 734 2788 '7'”
751 2769 829 2798 .Ioan.
847 2779 900 2802 ut,
917 2770 958 2798 15.

218 2847 275 2881 (52)
291 2847 349 2874 Hoc
369 2847 429 2874 loco
445 2849 470 2875 in
490 2848 599 2884 Reginae
619 2849 712 2876 codice
724 2850 845 2884 quaedam
864 2850 966 2878 inserta

183 2887 270 2917 erant,
287 2890 348 2917 qua:
375 2883 440 2910 nihil
461 2885 493 2910 ad
512 2883 566 2910 rem
584 2883 797 2916 faciebant,rnec
822 2886 847 2911 in
874 2890 966 2912 nostro

185 2915 276 2945 Niccta
296 2915 470 2952 'legebantur.
483 2918 573 2953 Quare
592 2928 624 2948 ea
637 2920 697 2947 loco
720 2920 866 2953 movimus,
885 2925 966 2954 atque

938 2631 960 2647 ⁷⁸
975 2631 1070 2658 Thess.
1096 2639 1137 2660 ιιι,
1155 2631 1182 2657 5.

791 2666 814 2682 ⁸⁰
830 2667 889 2692 Aet.
910 2674 967 2695 χιιι.
985 2667 1010 2693 4,

794 2701 816 2716 ⁸⁸
829 2701 907 2728 Joan.
928 2709 982 2733 xvt,
999 2701 1042 2728 i3.
1082 2701 1103 2716 ⁸⁷
1122 2701 1193 2727 Psal.
1210 2708 1230 2726 ις

794 2756 796 2761 .
815 2743 871 2766 nu,
890 2736 932 2762 l5.
988 2737 1009 2752 "
1023 2736 1101 2763 Joan.
1119 2743 1173 2768 va,
1189 2735 1230 2762 15.

1029 2324 1121 2350 omnia
1144 2331 1203 2356 quu-
1230 2322 1315 2349 Filius
1345 2321 1436 2353 habet,
1463 2321 1580 2354 Spiritus
1606 2320 1694 2346 sancti
1737 2323 1810 2350 sunt,

1023 2375 1134 2403 excepta
1151 2369 1337 2404 generatione.
1357 2365 1451 2401 Neque
1475 2366 1548 2392 enim
1570 2366 1678 2400 genitus
1694 2371 1735 2391 est
1750 2364 1810 2397 Spi-

1024 2417 1104 2446 ritus,
1122 2415 1168 2442 scd
1194 2414 1355 2449 procedens.
1379 2412 1498 2446 Spiritus
1519 2420 1615 2438 rursus
1639 2410 1700 2437 Filii
1723 2410 1811 2444 imago

1023 2466 1072 2488 est.
1087 2461 1149 2487 Ilaec
1162 2466 1250 2486 autent
1268 2458 1387 2490 nomina,
1402 2456 1529 2483 nimirum
1546 2456 1717 2491 ingeniturae,
1733 2464 1810 2490 gene-

1023 2507 1181 2539 rationis,et
1196 2506 1390 2540 processionis,
1402 2503 1465 2531 licet
1475 2503 1696 2538 pronuntiatione
1705 2503 1810 2529 diversa

1023 2554 1096 2585 sint,
1130 2553 1340 2587 haudquaquam
1370 2556 1460 2578 tamen
1491 2550 1615 2576 diversas
1646 2549 1810 2576 substantias

1239 2630 1261 2650 ⁷⁸
1280 2629 1288 2655 Ι
1309 2629 1406 2656 Thess.
1436 2636 1477 2659 tu.
1505 2628 1547 2655 15.
1566 2627 1586 2642 ⁷⁷
1602 2627 1681 2653 .loan.
1708 2633 1744 2657 IV,
1760 2626 1809 2653 ει.

1251 2666 1273 2680 ⁸¹
1291 2665 1309 2687 ll
1323 2665 1386 2687 (Zur.
1404 2672 1443 2687 ιιι.
1465 2663 1506 2687 lii.
1562 2662 1584 2677 ⁸³
1598 2661 1606 2687 Ι
1620 2662 1672 2687 Cor
1703 2669 1747 2687 VI.
1770 2661 1809 2686 15.

1088 2666 1152 2692 ibid.
1171 2666 1198 2692 2.
1251 2666 1273 2680 θ’
1290 2665 1309 2691 ll
1323 2665 1386 2691 (lor.
1404 2672 1444 2691 ιιι.
1465 2663 1506 2689 16.
1562 2662 1584 2677 ⁸³
1598 2662 1606 2687 1
1620 2662 1672 2688 Cor
1703 2669 1747 2691 vr,
1770 2662 1810 2686 15.

1082 2701 1103 2716 ⁸⁷
1122 2701 1193 2727 Psal.
1210 2708 1299 2732 Lxxvn,
1313 2699 1357 2726 Et.
1397 2699 1420 2714 ⁸³
1437 2699 1508 2725 Psal.
1524 2705 1615 2728 Lxxtx,
1634 2697 1659 2732 ιθ.
1698 2697 1719 2712 ⁸⁸
1740 2695 1809 2732 Psal.

1289 2730 1312 2751 “
1328 2735 1379 2761 lsa.
1399 2742 1436 2766 χι,
1451 2735 1479 2766 2,
1493 2733 1520 2760 5,
1573 2732 1595 2748 ³⁵
1614 2731 1700 2759 lCor.
1717 2739 1746 2762 ιι,
1769 2730 1810 2758 ιυ.

1049 2667 1070 2682 ³¹
1088 2666 1152 2692 iliill.
1171 2666 1198 2692 ‘2.

1022 2850 1048 2877 in
1067 2857 1116 2876 sua
1131 2849 1195 2876 sedc
1208 2847 1422 2879 collocavimns,
1444 2847 1572 2874 nimirum
1596 2846 1640 2872 ubi
1666 2845 1742 2872 locus
1764 2844 1808 2871 illo

1024 2884 1130 2911 Dnvidis
1146 2884 1282 2918 profertur
1304 2893 1310 2911 τ
1331 2882 1364 2910 In
1387 2883 1484 2910 lumina
1501 2887 1545 2908 tuo
1562 2881 1704 2908 vidrbimus
1721 2880 1808 2907 (utre:

1022 2919 1105 2952 (Psal.
1121 2927 1202 2953 xxxv,
1221 2919 1276 2954 to).
