2058 3159
121 1142 123 1145 ι
163 1134 267 1160 sanctis
298 1133 387 1160 inesse
418 1133 546 1167 Spiritus.

168 210 236 241 I469

661 211 820 241 NICETAS
842 212 880 242 IN
901 212 1013 242 ΟΗᾹΤ.
1035 212 1125 242 XLIV
1147 211 1179 241 S.
1199 210 1314 240 GREG.

1721 207 1786 240 H70

202 269 268 296 Tum
296 269 323 296 in
344 268 445 296 Christi
470 267 608 302 discipulis
619 287 626 299 ,
655 273 707 294 etc.
736 267 817 300 Tum,
849 269 934 302 inquit
947 290 953 300 .
968 270 993 299 Α
1007 269 1071 296 nihil
1088 277 1142 295 non
1159 271 1294 300 poterant,
1309 265 1452 300 sanctique
1467 264 1586 299 Spiritus
1597 262 1787 297 cxplctiouem,

166 315 285 349 Spiritus
299 319 412 343 sanctus
429 314 456 341 in
474 313 576 341 Christi
601 313 745 347 discipulis
768 314 862 341 ellicax
879 319 947 341 erat.

165 360 218 387 Nec
235 361 306 388 enim
325 360 416 387 dicere
432 367 555 394 possunt,
573 359 647 394 quod
673 359 699 386 in
717 359 826 387 Christo
841 368 949 395 quoque

163 407 338 440 operabatur.
362 406 471 433 Christo
495 405 627 439 siquidem
653 406 759 437 aderat,
783 414 836 433 non
859 413 888 433 ut
908 407 948 433 af-

163 453 242 481 ﬂans.
259 452 488 486 quemadmodum
507 452 533 478 in
550 452 610 479 aliis
634 451 800 483 hominibus,
820 453 865 486 qui
888 453 950 487 Spi-

163 499 216 524 ritu
243 503 338 525 saneto
361 497 498 528 aﬂlantur,
518 497 565 524 sed
595 502 623 523 ut
651 505 713 524 cum
741 499 838 532 aequali
866 498 947 525 simul

164 544 294 570 incedens
322 547 404 578 atque
429 544 576 575 exsistens,
604 548 714 577 propter
741 542 948 577 inseparabilem

162 591 263 613 sancta:
281 586 423 613 Trinitatis
436 587 667 620 conjunctionetn.
685 586 721 613 De
734 595 786 621 qua
801 595 829 614 re
847 587 874 614 in
893 587 950 614 hate

162 633 244 658 verba
261 633 382 667 loquitur
398 632 515 659 Basilius
533 641 539 659 :
557 631 606 658 Ubi
620 633 727 666 propria
740 637 766 659 et
784 637 951 659 connatora-

163 677 196 704 lis
212 681 295 711 atque
323 678 513 712 inseparabilis
537 682 580 704 est
594 677 723 710 societas,
746 677 800 705 illic
815 678 904 712 aptior
923 681 950 704 et

161 722 362 756 sigttiticantior
385 730 436 749 vox
460 726 502 749 est
525 723 721 757 συνυπάρχειν,
739 723 764 749 id
792 727 832 749 est
846 741 854 753 .
870 721 950 749 simul

161 768 304 798 exsistere,
321 767 392 802 quod
411 768 463 794 ltoc
482 767 594 794 verbum
614 767 803 802 inseparabilis
818 767 949 794 consortii

161 813 354 847 cogitationem
387 814 480 840 animo
507 812 604 839 oll‘erat
627 820 633 838 :
662 817 688 839 at
720 813 765 840 ubi
795 820 841 840 res
868 813 950 840 unita

162 859 283 891 separari
303 862 430 892 possunt,
448 858 504 885 illic
529 858 703 886 commodior
717 864 743 885 et
758 859 951 892 congruentior

162 910 215 930 vn:
229 908 269 930 est
282 904 460 938 ἐνυπάρχειν,
477 903 529 930 hoc
542 908 593 936 est,
610 905 704 932 inerte.
714 904 948 937 Quemadmodum

162 948 247 975 vitam
263 950 362 976 animae
375 949 563 984 συνυπάρχειν
585 950 716 981 dicimus.
733 951 758 977 id
780 954 832 982 est,
851 958 948 983 coeue,

163 995 273 1026 corpori
303 1000 407 1026 autem,
432 995 612 1030 ἐνυπάρχει-ι,
636 996 729 1022 inesse.
755 997 795 1023 Ab
817 1003 850 1022 eo
876 997 948 1023 cnim

162 1041 285 1074 srparari
305 1045 403 1074 potest.
423 1041 524 1068 Eodem
540 1041 622 1076 igitur
644 1043 724 1068 modo
742 1041 860 1076 Spiritus
883 1049 949 1069 san-

163 1091 225 1113 ctus
257 1086 398 1120 unigenito
424 1087 494 1114 Filio
519 1094 614 1114 coesse
636 1088 756 1114 dicitur:
774 1088 835 1115 aliis
858 1093 948 1115 autem

584 1133 675 1168 Itaque
700 1134 798 1168 triplici
824 1135 904 1161 modo
922 1134 948 1161 in

164 1179 298 1212 apostolis
315 1179 368 1205 vim
382 1186 458 1205 suam
474 1179 581 1212 edebat,
602 1184 681 1213 prout
706 1180 833 1206 nimirum
850 1184 877 1206 et
898 1180 948 1213 ipsi

164 1233 279 1258 capaces
305 1230 395 1255 erant,
415 1229 442 1252 et
465 1225 547 1252 trium
567 1231 718 1259 temporum
744 1226 814 1252 ratio
835 1225 947 1252 ferebat.

163 1269 298 1302 Primum,
320 1270 346 1296 id
363 1275 414 1302 est,
433 1275 496 1297 ante
520 1271 622 1298 Christi
638 1272 804 1305 passionem,
821 1271 949 1304 obscure,

164 1322 226 1341 cutn
241 1323 288 1342 eos
302 1316 477 1354 prmtlicatum
495 1316 580 1348 misit,
596 1322 622 1343 et
637 1317 821 1351 pellendorum
840 1317 949 1344 morbo-

165 1368 238 1393 rtttn,
249 1361 459 1396 dzetnonumque
468 1362 697 1397 proﬂigandorum
710 1368 868 1398 potestatem
883 1365 949 1398 ipsis

164 1406 272 1432 dedit".
287 1406 353 1438 Quae
375 1407 465 1434 onmia
487 1416 659 1442 nequaquam
679 1409 737 1436 sine
763 1409 880 1444 Spiritus
900 1419 950 1437 llll-

165 1451 237 1478 mino
252 1451 361 1478 ﬁebant.
380 1452 506 1479 Secundo
518 1458 580 1487 post
594 1455 822 1482 resurrectionem
836 1464 949 1490 expres-

163 1498 223 1524 sius
248 1502 275 1523 et
300 1498 412 1525 clarius.
438 1499 565 1525 Christus
590 1500 662 1525 enim
686 1509 748 1528 cum
773 1502 948 1533 insulllasset,

164 1543 235 1569 dixit
259 1551 266 1569 :
290 1545 406 1576 Arripite
433 1544 560 1579 Spiritum
584 1547 747 1578 sanctum‘,
777 1555 948 1581 nequaquam

166 1587 239 1616 alius
253 1590 399 1622 exsistens,
415 1599 495 1625 quam
515 1592 560 1624 qui
574 1600 589 1618 a
605 1593 692 1626 prima
711 1600 799 1618 rerum
813 1593 950 1619 creatione

165 1634 361 1669 insulﬂaverat,
385 1637 432 1663 sed
454 1637 525 1664 idem
548 1638 616 1672 ipse,
629 1646 674 1672 per
699 1645 777 1672 quem
803 1638 949 1665 insumatio

165 1681 229 1707 data
249 1681 347 1714 fuerat,
372 1687 437 1710 tunc
462 1684 571 1717 quidem
589 1683 645 1717 (5t)
667 1691 728 1709 cum
754 1683 855 1716 anima,
877 1692 951 1712 nunc

165 1731 258 1753 autem
284 1727 310 1754 in
329 1729 461 1755 animam.
483 1728 577 1755 Tertio
600 1733 690 1754 autern
706 1728 863 1762 perfectius,
887 1737 950 1756 cum

165 1771 291 1798 Christus
316 1772 343 1798 in
366 1773 464 1799 caelum
494 1772 626 1804 ascendit,
659 1772 701 1799 vel
732 1773 830 1799 divina:
856 1773 950 1807 gloriae

167 1818 311 1844 restitutus
328 1822 380 1849 est,
397 1818 439 1844 vel
453 1826 508 1852 quo
526 1818 637 1845 nomine
650 1818 677 1845 id
695 1819 887 1853 appellandum
904 1819 949 1851 sit,

166 1863 271 1890 nescio.
298 1864 435 1890 Addubito
453 1864 525 1891 enim
545 1864 616 1899 quod
634 1871 732 1891 nomen
759 1864 887 1891 ineffabili
912 1865 950 1891 illi

167 1908 200 1934 ad
216 1908 334 1942 priorem
349 1913 450 1935 statum
467 1908 623 1935 ascensioni
646 1908 818 1935 tribuendum
836 1910 880 1936 sit.
898 1909 951 1936 Sed

167 1955 307 1987 quomodo
328 1954 449 1989 Spiritus
472 1955 616 1989 discipulis
635 1954 780 1990 perfectius
803 1955 829 1982 in
847 1955 953 1991 lingua-

169 2007 229 2025 rum
256 1999 389 2026 divisione
407 1999 462 2026 vim
480 2007 557 2027 suam
584 2000 706 2027 exeruit?
732 1999 864 2027 Nimirum
888 2001 952 2035 quia

169 2044 287 2078 Spiritus
306 2051 418 2073 sanctus
435 2054 487 2072 non
503 2046 570 2080 jam,
589 2051 619 2072 ut
641 2047 765 2078 antehac,
792 2054 838 2080 per
856 2054 953 2080 opera-

169 2091 270 2117 tionem
284 2091 388 2123 aderat,
403 2091 461 2124 sed,
476 2095 505 2118 ut
519 2092 560 2119 sic
571 2092 678 2126 loquar,
695 2091 876 2119 essentialiter
889 2099 951 2118 cum

169 2137 236 2170 ipsis
255 2142 311 2164 erat
322 2145 355 2164 ac
369 2138 537 2165 venabatur.
555 2138 631 2171 Quod
645 2142 736 2165 autem
753 2137 821 2164 dixit
835 2146 842 2165 τ
863 2137 895 2165 Ut
913 2138 954 2166 sic

170 2181 277 2216 loquar,
292 2183 326 2210 ad
341 2183 573 2218 praemolliendum
593 2184 663 2210 hanc
681 2191 784 2214 vocem,
806 2183 953 2210 “sentiati-

170 2233 220 2258 ter,
235 2229 315 2259 dixit,
325 2233 355 2255 ut
369 2229 459 2256 minus
474 2229 584 2263 proprie
598 2233 679 2264 atque
695 2234 788 2255 exacte
807 2228 952 2263 prolatam,

1000 315 1089 341 dicere
1105 313 1242 348 quispiam
1260 317 1353 347 posset
1368 318 1431 338 eum
1447 309 1630 337 essentialiter
1643 315 1705 335 cum
1720 307 1788 342 ipsis

999 369 1058 388 esse
1079 368 1110 387 ac
1125 359 1239 386 versari.
1259 358 1325 385 Nam
1345 365 1408 384 cum
1422 356 1510 383 Filius
1528 361 1644 388 corpore
1660 353 1787 381 sensibili

999 409 1080 440 atque
1096 403 1244 438 conspicuo
1264 402 1408 428 nobiscum
1425 398 1651 426 consuetudinem
1673 397 1788 424 habuis-

999 456 1050 481 set,
1084 458 1133 484 par
1161 454 1232 480 erat,
1264 452 1292 474 ut
1318 447 1436 481 Spiritus
1468 452 1578 479 quoque
1609 442 1790 477 corporaliter

999 501 1154 531 appareret,
1171 493 1403 530 quemadmodum
1422 493 1502 517 etiam
1517 490 1655 524 apparuit,
1670 489 1788 522 primum

1003 543 1029 570 in
1046 542 1132 569 forma
1161 541 1305 569 columbae.
1331 546 1404 565 nunc
1427 542 1519 564 autem
1537 537 1562 562 in
1581 535 1667 562 forma
1684 534 1789 568 lingua-

999 594 1059 613 rum
1075 587 1226 620 ignearum.
1243 585 1274 611 Et
1293 591 1354 610 cum
1369 582 1496 609 Christus
1509 581 1543 607 ab
1561 581 1595 607 iis
1610 588 1670 614 qua:
1693 579 1790 606 huma-

999 632 1078 659 nitati
1105 636 1251 665 assumpta:
1278 628 1487 658 conveniebant,
1519 631 1581 660 post
1609 625 1789 653 resurrectio-

999 685 1073 708 nem,
1092 677 1124 703 ad
1136 684 1167 703 ea
1184 683 1245 711 quae
1259 676 1314 702 Deo
1332 673 1542 704 conveniebant,
1560 678 1688 698 reversus
1705 674 1789 700 esset.

999 731 1111 758 suaeque
1144 723 1259 758 gloriae,
1290 729 1374 756 quam
1408 724 1471 747 ante
1507 723 1665 752 susceptum
1693 717 1790 744 salutis

1003 773 1106 797 nostrae
1122 769 1259 804 negotium
1274 766 1402 798 habebat,
1419 765 1565 792 restitutus
1580 768 1651 790 esset
1672 764 1746 796 (nam
1757 769 1789 788 ea

999 816 1025 843 in
1051 815 1131 843 breve
1154 820 1261 849 tempus
1287 817 1397 848 propter
1421 818 1471 838 nos
1495 810 1652 838 exinanitus
1676 808 1786 840 fuerat;

999 855 1202 890 dicebat~enim
1221 870 1228 888 ε
1253 860 1382 894 Clariﬁca
1404 867 1455 890 me,
1476 858 1567 888 Pater,
1598 855 1669 890 apud
1697 859 1791 881 temet-

1001 910 1088 944 ipsum
1104 908 1238 938 claritate,
1253 914 1332 941 quam
1348 905 1476 931 [iubebant
1492 903 1562 936 apud
1586 907 1619 932 te.
1635 902 1790 936 priusquam

968 941 990 968 Β
1004 941 1116 981 mundus
1143 957 1208 979 esset
1218 952 1239 985 °)
1257 960 1263 978 :
1282 951 1412 985 Spiritum
1429 950 1460 976 ad
1484 956 1533 975 nos
1563 952 1623 982 post
1651 946 1789 973 Christum

1001 1001 1168 1027 descendere
1183 997 1337 1030 oportebat.
1365 995 1443 1028 Quod
1460 995 1483 1022 si
1510 994 1631 1020 :ntdieris
1648 992 1788 1019 Christum

1001 1047 1027 1073 in
1051 1045 1197 1080 Evangelia
1222 1043 1360 1070 dicentem
1377 1051 1383 1069 :
1399 1042 1465 1068 Cum
1492 1040 1589 1067 venerit
1621 1037 1789 1067 Paraclelus,

1000 1100 1077 1127 quem
1105 1099 1151 1126 ego
1182 1089 1337 1120 mittam“,
1370 1093 1450 1122 atque
1477 1086 1566 1113 illud:
1599 1084 1657 1112 Nisi
1681 1083 1788 1112 abiero,

1003 1138 1159 1165 Paraclctus
1180 1145 1232 1163 non
1252 1136 1336 1162 veniet
1356 1134 1390 1160 ad
1410 1133 1499 1164 vos“,
1515 1132 1550 1158 ita
1575 1131 1621 1157 tibi
1646 1130 1697 1156 hoc
1719 1128 1790 1155 arci-

1001 1185 1128 1219 pit-mlum
1144 1188 1195 1212 est.
1215 1186 1245 1209 ut
1266 1181 1360 1208 venire
1378 1179 1487 1214 quidem
1513 1177 1642 1211 Spiritum
1666 1179 1788 1200 sanctum

1001 1229 1135 1263 intelligas
1156 1227 1294 1258 heriliter,
1315 1230 1395 1259 atque
1419 1228 1447 1250 ut
1467 1222 1612 1249 Dominum
1634 1228 1640 1246 :
1657 1219 1726 1245 mitti
1743 1226 1790 1243 au—

1002 1279 1055 1302 tem
1083 1280 1157 1300 certo
1178 1272 1293 1299 consilio
1326 1278 1358 1297 ac
1384 1267 1601 1304 dispensatione,
1626 1270 1653 1291 et
1682 1270 1711 1289 ut
1736 1263 1790 1289 Deo

1001 1320 1113 1347 minime
1130 1318 1330 1345 adversantem.
1359 1315 1404 1342 llae
1420 1313 1555 1348 siquidem
1573 1317 1662 1341 voces,
1681 1309 1791 1342 πέμπε-

1002 1365 1065 1392 σθαι
1092 1369 1118 1391 et
1142 1361 1365 1392 ἀποστέλλεσθαι,
1392 1360 1417 1386 id
1448 1362 1500 1391 est,
1524 1357 1605 1388 mitti,
1629 1362 1660 1381 ac
1687 1359 1790 1380 cratera:

1001 1409 1149 1445 ejusmodi,
1177 1414 1350 1441 nequaquam
1380 1405 1492 1432 omnino
1516 1406 1629 1428 naturas
1653 1399 1789 1429 dividunt,

1002 1454 1231 1491 quemadmodum
1257 1453 1405 1487 opinantur
1430 1449 1552 1476 lucretici
1577 1453 1696 1473 :verum
1725 1451 1791 1470 con-

1001 1502 1121 1528 cordiam
1144 1500 1301 1530 ostendunt,
1329 1503 1358 1524 ut
1382 1497 1404 1523 si
1429 1496 1491 1530 quis
1508 1495 1602 1521 dicat:
1626 1491 1723 1518 Missus
1749 1495 1790 1516 est

1003 1547 1108 1574 amicus
1127 1547 1161 1573 ab
1185 1547 1286 1576 amico,
1301 1549 1348 1570 ant
1372 1543 1470 1569 litterae
1491 1540 1525 1567 ab
1543 1546 1576 1565 eo
1591 1540 1637 1572 qul
1664 1535 1790 1570 scripsit,

1003 1597 1050 1619 aut
1076 1592 1143 1626 lapis
1171 1591 1204 1618 ab
1235 1599 1267 1617 eo
1301 1589 1347 1624 qui
1373 1587 1492 1622 projicit.
1524 1583 1708 1617 Quamobrem
1736 1588 1789 1606 non

1002 1645 1111 1672 semper
1136 1642 1251 1664 naturas
1277 1634 1443 1662 distrahunt,
1472 1631 1518 1658 sed
1547 1628 1684 1656 interdum
1709 1626 1790 1652 etiam

1002 1683 1179 1711 concordiam
1207 1687 1281 1709 certo
1309 1679 1482 1709 confirmant,
1506 1680 1587 1710 atque
1615 1680 1691 1706 teque
1718 1678 1791 1698 nttnc

1002 1729 1065 1758 hoc.
1080 1735 1153 1754 nunc
1170 1727 1235 1753 illud
1259 1725 1389 1751 etliciunt.
1418 1721 1549 1752 Proinde,
1574 1718 1645 1752 quod
1672 1716 1791 1750 Spiritus

1002 1772 1073 1799 mitti
1096 1771 1207 1801 dicitur,
1235 1769 1411 1795 concordiam
1429 1766 1515 1799 ipsius
1543 1771 1603 1790 cum
1629 1770 1673 1793 eo,
1700 1768 1715 1787 a
1737 1766 1792 1794 quo

1003 1818 1104 1844 missus
1122 1821 1174 1846 est,
1189 1814 1301 1844 indicat,
1319 1820 1372 1838 nott
1388 1816 1478 1838 autem
1493 1807 1618 1835 servilem
1634 1805 1749 1840 gradum
1764 1807 1792 1830 et

1004 1861 1200 1895 sulvjcctioncm
1223 1858 1289 1890 (54).

1027 1907 1100 1934 -Col.
1125 1905 1178 1932 445
1201 1904 1233 1931 D.
1265 1902 1370 1929 Idcirco
1386 1904 1445 1935 post
1468 1899 1603 1925 Christum
1624 1903 1700 1931 quem
1717 1901 1791 1920 acce«

1004 1954 1054 1986 dit,
1071 1957 1125 1979 etc.
1140 1951 1257 1978 Causam
1276 1948 1394 1982 explicat
1412 1945 1579 1978 Theologus,
1595 1950 1680 1977 quare
1708 1940 1793 1975 Spiri—

1004 2003 1049 2025 tus
1066 2001 1126 2032 post
1139 1995 1241 2022 Christi
1258 2000 1404 2021 ascensum
1420 1990 1610 2021 descenderit;
1630 1994 1712 2022 atque
1729 1987 1767 2013 ait
1782 1994 1790 2014 :

1004 2044 1042 2071 Ne
1059 2043 1217 2070 Paracletus
1234 2041 1312 2067 nobis
1332 2039 1412 2066 desit.
1437 2037 1502 2064 Nam
1516 2036 1598 2063 etiam
1615 2035 1740 2061 Christus
1763 2033 1791 2060 in

1004 2091 1092 2125 prima
1122 2087 1235 2115 Joannis
1270 2085 1389 2120 Epistola
1415 2083 1566 2120 paracletus
1611 2081 1736 2108 dicitur:
1762 2079 1793 2106 Si

1003 2138 1073 2170 quis,
1091 2135 1189 2169 inquit,
1205 2132 1361 2167 peccaverit,
1374 2129 1541 2164 paracletum
1571 2127 1695 2153 habemus
1721 2125 1792 2158 apud

1005 2181 1114 2208 Patrem
1133 2180 1224 2207 Jcsum
1249 2178 1383 2205 Christum
1395 2177 1499 2211 justum
1511 2174 1543 2200 “.
1565 2174 1689 2200 Abeunte
1711 2171 1794 2206 igitur

1005 2228 1115 2254 Christo
1147 2225 1309 2262 paraclcto,
1351 2223 1521 2250 Paraclctum
1554 2227 1650 2246 rursus
1681 2218 1714 2244 ad
1743 2224 1794 2244 nos

169 2274 205 2300 ob
219 2273 334 2307 aptioris
347 2274 475 2302 dictionis
489 2275 641 2309 penuriam.
657 2273 749 2308 Neque
766 2274 838 2301 enim
857 2281 951 2300 essen-
969 2276 988 2303 ο
1004 2273 1135 2300 accedere
1157 2271 1349 2300 conveniebat,
1379 2275 1476 2301 nempe
1500 2265 1632 2300 Spiritum
1655 2268 1792 2289 sanctum.

170 2320 270 2347 tialiter
293 2328 355 2347 cum
381 2320 450 2347 Filio
480 2320 597 2356 Spiritus
626 2325 736 2347 sanctus
765 2319 791 2345 io
818 2319 949 2352 apostolis

171 2365 304 2392 habitavit
331 2374 340 2396 ς
370 2374 462 2393 verum
493 2374 541 2400 per
569 2366 689 2392 divinam
728 2364 953 2391 inhabitationem

171 2418 318 2444 tgneasque
333 2411 446 2446 linguas,
463 2416 544 2447 atque
563 2412 682 2439 alllatum
704 2411 791 2442 illum,
809 2419 857 2446 per
874 2418 954 2445 (ιω-ιιι

206 2500 216 2516 "
230 2500 325 2526 Matth.
341 2509 367 2534 κ,
384 2502 409 2527 1.

172 2539 193 2554 ³³
207 2536 285 2564 Joan.
307 2543 362 2567 ltv,
382 2536 425 2564 16.

447 2500 547 2529 ‘Ioan.
565 2511 613 2533 xx,
629 2503 676 2531 ‘22.
715 2504 725 2520 ν
739 2502 820 2530 Joan.
838 2509 903 2534 xvtt,
920 2501 947 2528 5.

209 2630 264 2664 (3M
286 2629 358 2656 Tum
373 2628 488 2663 quidem.
508 2627 566 2654 Hoc
580 2633 632 2660 est,
648 2631 675 2656 ln
692 2628 788 2664 Atlami
814 2627 954 2654 cteatione

174 2665 322 2692 iltSllﬂldlio
339 2664 409 2691 facta
432 2667 474 2690 est
488 2670 549 2690 cum
574 2664 675 2693 auitna,
694 2663 719 2689 id
735 2669 786 2693 cst.
803 2670 954 2696 cooperaus

175 2701 282 2728 animm.
305 2707 358 2726 non
374 2698 446 2733 quod
463 2698 532 2723 idem
549 2705 610 2724 cum
634 2698 723 2724 anima
736 2701 809 2725 esset
824 2706 831 2724 :
850 2701 956 2733 atmpost

175 2731 402 2761 resurrectionem
434 2733 575 2766 discipulis
603 2732 628 2758 in
663 2733 781 2758 animam
809 2731 956 2758 insulﬂatio

177 2771 239 2796 data
265 2774 322 2800 est,
350 2769 402 2794 hoc
432 2773 490 2797 cst.
517 2767 671 2793 virvntibns
700 2768 783 2800 ipsis,
815 2774 867 2793 una
896 2774 957 2792 cum

177 2807 311 2838 potestate
336 2803 436 2838 ligandi
468 2807 493 2829 et
526 2801 656 2828 solvendi.
679 2800 782 2838 'ltaque
812 2801 958 2838 insnlllatio

178 2835 239 2864 cum
256 2835 446 2868 animafsicut
463 2842 524 2863 ante
538 2837 639 2863 dictum
652 2840 705 2867 est,
729 2836 787 2862 haec
804 2837 858 2861 duo
874 2835 958 2870 signi-

179 2873 250 2904 licat,
265 2880 360 2906 netnpc
375 2872 446 2906 quod
461 2879 514 2898 non
532 2877 560 2897 ut
575 2879 588 2897 a
604 2875 676 2896 terra
693 2878 793 2906 corpus
811 2870 929 2906 hominis
942 2879 957 2896 a

179 2908 233 2934 Deo
249 2904 390 2941 acceptum
403 2911 484 2941 atque
499 2912 619 2933 creatum
634 2911 685 2938 est,
705 2905 744 2932 sic
760 2904 841 2932 etiam
855 2904 956 2936 auium,

1006 2319 1077 2351 Quin
1105 2319 1162 2351 ipse
1196 2324 1305 2351 quoque
1335 2314 1467 2340 Dominus
1495 2310 1566 2344 apud
1595 2308 1728 2335 Joannem
1758 2307 1795 2332 ita

1008 2363 1148 2398 loquitur:
1161 2361 1217 2395 Ego
1232 2359 1328 2395 rogabo
1345 2357 1466 2385 Patrem,
1483 2359 1507 2382 et
1522 2354 1604 2380 alium
1621 2352 1795 2378 Paracletum

1009 2410 1082 2436 dabit
1105 2408 1175 2436 vobis
1189 2407 1226 2440 “,
1248 2407 1275 2433 id
1295 2411 1347 2438 est,
1362 2404 1444 2431 alium
1465 2402 1531 2429 mihi
1557 2399 1699 2434 thualem.
1718 2397 1794 2430 Quo-

987 2500 1008 2516 ¹⁰
1021 2500 1101 2527 Joan.
1117 2499 1234 2531 xvr,‘26.
1274 2498 1294 2514 “
1309 2496 1388 2524 Joan.
1407 2503 1463 2527 avt,
1483 2495 1524 2521 Η.
1563 2492 1606 2519 ¹¹1
1623 2490 1701 2519 Joau.
1720 2496 1750 2522 tt,
1765 2489 1795 2516 2.

1007 2633 1120 2653 verum.
1137 2633 1168 2652 ex
1198 2624 1284 2652 nihilo
1311 2623 1346 2650 ab
1376 2630 1409 2651 eo
1437 2621 1569 2656 producta
1594 2628 1601 2646 :
1627 2623 1683 2646 tum
1713 2618 1795 2645 etiam

1010 2661 1181 2695 ligandorum
1207 2664 1289 2693 atque
1310 2657 1698 2695 solvendorumpeccatorum
1717 2657 1794 2688 pote-

1010 2688 1107 2723 statem
1136 2688 1274 2725 ostendit,
1303 2701 1384 2727 quam
1410 2688 1568 2727 apostolirra
1595 2688 1795 2727 D_omit_io__post

1010 2730 1240 2757 resurrectionem
1255 2723 1434 2762 accc-perunt.-
1444 2728 1481 2752 Ac
1495 2726 1573 2751 tertio
1584 2724 1667 2762 etiam
1680 2723 1794 2762 indicat,

1013 2765 1085 2798 quod
1113 2772 1165 2791 non
1193 2765 1284 2790 minus
1308 2758 1398 2798 facile.
1409 2762 1499 2787 anima
1519 2759 1638 2798 hominis
1662 2758 1794 2798 producta

1012 2790 1063 2828 tlst.
1075 2790 1161 2833 rquatn
1179 2799 1252 2826 velut
1269 2799 1292 2825 si
1309 2798 1370 2831 quis
1383 2796 1478 2833 ﬂatum
1489 2795 1612 2833 emittere
1626 2790 1716 2833 queat.
1731 2790 1794 2818 llaec

1013 2836 1077 2867 quia
1091 2828 1191 2860 Nicetis
1209 2828 1408 2860 commentario
1420 2831 1447 2857 itt
1464 2831 1571 2867 llugina:
1587 2828 1794 2867 codico‘lctnere

1013 2862 1037 2894 ἐι
1051 2869 1207 2903 perturbate
1221 2868 1422 2903 iunget-tacrant,
1437 2874 1487 2892 nec
1499 2862 1525 2892 in
1540 2867 1633 2891 nostro
1646 2862 1791 2894 habentur,

1012 2903 1065 2931 huc
1079 2904 1226 2938 rcjicienda
1243 2902 1407 2937 putmimus.
