2058 3159
260 211 327 244 ῙΠΙ

259 268 332 294 circa
358 265 415 292 hanc
438 263 530 294 dictio,
555 262 640 293 Alius,
668 260 841 295 aequalitatis,
872 268 924 287 non
949 264 1038 286 autem
1054 262 1074 290 Λ

260 310 459 339 imminutiouis
487 315 568 335 causa
594 307 681 342 posita
707 310 764 337 est,
795 313 827 333 ac
847 313 893 340 per
906 313 964 332 cam
988 305 1038 331 do-

260 356 416 384 minationis
434 353 614 383 consortium,
630 360 683 378 non
700 356 871 385 contemptus
893 351 1037 378 indicatur.-

259 401 321 428 Htee
349 401 420 428 enim
450 406 514 431 vox,
544 399 632 429 Alius,
661 398 695 424 ita
725 397 897 430 intelligenda
925 400 976 428 est,
1008 399 1038 422 ut

258 447 341 474 alium
371 445 437 472 mihi
470 444 600 479 aqualem
631 442 774 476 signiticet.
803 441 908 468 Etenim
938 441 964 468 in
992 440 1035 472 iis,

257 500 317 526 quae
345 491 468 525 ejusdem
499 494 603 516 natura:
630 493 706 519 sunt,
735 488 816 514 alium
847 491 928 521 atque
953 486 1036 513 alium

257 537 385 567 dicimus,
402 536 475 562 velut
499 535 569 562 alius
595 534 701 567 Petrus,
723 538 750 560 et
769 533 839 559 alius
864 532 988 558 Paulus:
1010 536 1036 558 at

256 590 318 610 cum
336 582 369 609 de
393 582 427 608 iis
443 589 503 615 qua:
528 581 634 607 diversa
658 584 753 606 natura
778 583 852 610 sunt,
878 584 969 604 sermo
990 577 1037 603 ha-

256 631 348 658 betur.
376 628 449 655 aliud
473 632 553 661 atque
575 626 647 653 aliud
669 624 804 655 dicimus,
826 626 875 655 ut,
900 622 972 649 aliud
995 627 1036 649 est

257 675 316 707 bos,
338 679 363 701 et
389 673 461 700 aliud
490 680 590 707 equus.
627 670 759 704 Quoniam
788 675 879 696 autem
909 669 935 695 in
962 669 1036 695 Actis

257 720 441 754 apostolorum
466 717 625 749 habetur“,
654 715 727 750 quod
754 723 815 742 cum
844 715 870 741 in
894 713 1036 741 cmnaeulo

257 765 401 796 sederent,
433 766 617 797 apparuerunt
653 761 721 795 ipsis
753 760 902 794 dispertita:
938 759 1036 793 lingua!

256 809 334 843 quasi
351 809 432 842 ignis,
456 807 579 840 seditque
601 813 682 840 super
711 805 824 839 singulis
849 812 954 836 eorum,
980 805 1036 830 haec

256 861 364 887 quoque
375 851 538 886 dispicienda
552 855 623 877 sunt.
639 852 676 877 Ac
689 850 805 884 primutn
818 857 866 875 cur
877 850 902 875 in
916 848 1036 883 linguis?

257 900 341 934 Cujus
356 899 392 925 rei
410 898 526 924 fortasse
541 897 598 923 hinc
617 900 658 923 est
673 896 754 927 ratio,
771 895 834 930 quia
858 897 930 922 sicut
946 895 1034 930 lingua

256 945 392 979 proprium
412 948 454 970 cst
473 942 608 970 sermonis
634 949 765 975 organum
781 949 788 968 :
806 941 842 967 ita
866 940 946 967 etiam
971 948 1036 974 apo-
1053 936 1073 963 Β

256 991 317 1017 stoli
348 990 380 1016 ad
415 988 553 1023 Evangelii
583 988 695 1014 verbum
725 987 780 1021 apti
809 991 836 1013 et
863 986 1034 1013 accommodi

256 1041 353 1068 erant,
378 1043 431 1063 non
453 1043 531 1062 SOCIIS
555 1039 635 1068 atque
652 1041 752 1068 organa
766 1054 773 1066 ν
796 1034 885 1068 ipsum
909 1041 1038 1061 resonan-

255 1088 296 1109 tes
322 1091 328 1108 :
354 1089 385 1109 ac
415 1089 462 1116 pcr
486 1081 614 1115 linguas,
650 1081 827 1114 congruentia
857 1087 976 1112 eorum,
1011 1084 1037 1106 ct

254 1127 377 1162 aptitudo
420 1127 453 1154 ad
501 1126 662 1153 Christiana:
693 1126 823 1152 doctrina:
867 1124 1039 1160 praedicatio-

254 1181 314 1201 nem
342 1172 557 1207 signiﬁcabatur.
572 1173 635 1204 Aut,
668 1172 690 1199 si
725 1172 810 1206 magis
836 1172 960 1204 arridet,
989 1179 1037 1206 per

255 1217 372 1244 Verbum
400 1217 451 1244 hoc
475 1217 535 1243 loco
551 1215 690 1243 Christum
707 1215 837 1250 intellige.
865 1215 958 1249 ltaque
973 1222 1035 1241 cunt

255 1262 410 1297 huiusmodi
435 1262 523 1289 Verho
551 1261 669 1296 Spiritus
700 1266 837 1292 sanctus,
866 1260 979 1295 perinde
1003 1268 1036 1287 ac

255 1309 344 1342 lingua
378 1307 521 1341 quaedam,
562 1307 754 1341 cognationem
791 1306 1035 1333 necessitudinem-

253 1362 306 1386 que
332 1354 422 1380 habet.
453 1354 540 1379 Tanta
565 1358 607 1379 est
630 1353 701 1379 enim
723 1352 841 1387 Spiritus
867 1352 953 1379 sancti
975 1359 1036 1378 cuin

253 1400 362 1427 Christo
389 1399 569 1434 coniunctio,
595 1404 623 1426 ut
655 1399 756 1426 Christi
784 1406 894 1433 quoque
920 1398 1038 1433 Spiritus

253 1447 376 1473 dicatur:
392 1445 422 1472 Si
436 1446 494 1479 quis
517 1445 602 1477 enim,
621 1445 719 1479 inquit,
737 1443 867 1478 Spiritum
883 1451 934 1469 non
948 1443 1036 1474 habet,

253 1493 295 1518 hic
312 1500 363 1518 non
383 1496 422 1518 ett
446 1492 547 1526 ejus".
568 1491 624 1518 Cur
648 1496 738 1517 autem
761 1490 788 1516 in
815 1490 900 1524 igneis
917 1489 1038 1523 linguis?

253 1538 379 1565 Fortasse
391 1539 451 1571 quia
468 1537 586 1571 Spiritus
603 1537 735 1572 purgandi
748 1537 800 1562 vim
826 1541 854 1563 et
881 1535 1036 1562 facultatem

255 1584 344 1615 habet,
361 1584 431 1610 vilut
460 1584 529 1617 ignis
557 1582 610 1614 ille,
640 1582 674 1608 de
696 1590 750 1616 quo
776 1581 900 1608 Christus
929 1581 1072 1628 aiebat':C

253 1628 344 1662 Ignem
360 1629 416 1655 veni
443 1629 546 1654 mittere
574 1628 602 1654 in
617 1631 714 1653 terram
726 1627 757 1653 ¹⁶.
776 1626 824 1653 llic
839 1631 928 1652 autent
957 1626 1038 1653 absu-

255 1675 359 1702 menda:
375 1674 506 1704 materia}.
523 1673 682 1706 vitiosaeque
702 1672 819 1698 actionis
833 1677 858 1698 et
872 1671 1038 1698 habitudinis

255 1722 407 1749 facultatem
423 1720 512 1751 habet,
529 1727 609 1754 quem
622 1719 701 1746 etiam
714 1717 914 1752 quamprimum
927 1717 1037 1744 accendi

253 1767 338 1802 cupit,
364 1767 416 1794 hoc
440 1769 491 1798 est,
519 1765 701 1800 erangelicam
730 1763 961 1798 praedicationem,
978 1770 1038 1797 qum

254 1814 324 1848 ignis
334 1814 420 1840 instar
434 1811 601 1839 credentium
615 1815 724 1845 peccata
741 1813 837 1844 purgat
851 1813 931 1843 atque
939 1809 1037 1836 abolet.

254 1859 382 1886 Fortasse
396 1859 478 1886 etiam
503 1862 612 1892 propter
630 1857 789 1884 essentiam.
814 1855 950 1889 Scriptum
965 1855 1038 1883 enim

253 1907 366 1933 habetur
402 1906 427 1932 in
458 1904 664 1932 Deuteronomio
688 1913 695 1930 :
721 1902 847 1929 Dominus
881 1902 949 1928 Deus
979 1906 1038 1928 tuus

253 1954 319 1987 ignis
333 1960 484 1979 consumens
499 1956 548 1984 est,
560 1951 627 1977 Deus
635 1948 853 1977 wmulator‘m".
867 1948 939 1982 Ignis
957 1947 1039 1982 igitur

253 1999 362 2025 nomine
379 1997 426 2026 Dei
442 1997 588 2024 essentiam
603 1996 771 2030 intelligitur,
796 2001 850 2020 non
876 1994 946 2028 quod
968 1993 1038 2027 ignis

253 2045 298 2077 sit,
317 2051 410 2070 verum
429 2043 573 2078 allegorica
591 2041 706 2073 ratione,
722 2040 784 2074 quia
801 2040 824 2066 vi
839 2048 888 2066 sua
901 2039 1039 2066 consumit

252 2095 333 2123 atque
353 2088 453 2118 abolet,
473 2095 504 2113 ac
521 2087 589 2112 mira
604 2084 772 2112 vehementia
788 2083 852 2115 agit.
869 2083 939 2109 Deus
954 2082 1037 2113 enim,

253 2140 283 2160 ut
299 2134 380 2167 iustis
392 2133 436 2158 lux
453 2131 551 2162 est,ita
567 2129 755 2164 peccatoribus
771 2128 850 2162 ignis.
871 2127 970 2154 Eodem
990 2127 1038 2161 igi-

253 2185 297 2206 tur
329 2178 410 2204 modo
439 2177 558 2209 Spiritus
583 2182 692 2210 quoque
718 2175 788 2209 ignis
812 2173 920 2204 dicitur,
946 2177 1039 2206 utpote

254 2225 334 2255 Deus,
351 2224 383 2250 ad
397 2221 612 2257 exprimendam,
632 2221 660 2247 ni
684 2219 774 2251 fallor,
792 2219 852 2254 ejus
868 2226 930 2245 cuin
958 2218 1039 2245 Patre

956 204 1143 234 .\DDEND.-\.

1803 205 1871 236 1472

1091 261 1184 296 gratiae
1200 268 1284 295 genus
1297 262 1328 289 ".
1340 262 1499 297 Quanquam
1515 263 1584 290 enim
1599 263 1717 297 Spiritus
1733 263 1791 298 ipse
1807 265 1873 291 sim—

1091 307 1150 340 plex
1163 311 1204 333 est
1232 312 1260 333 et
1283 308 1404 341 partibus
1434 315 1539 337 carens.
1569 312 1651 342 atque
1680 308 1871 335 indivisibilis:

1089 351 1175 385 ipsius
1193 358 1281 378 tamen
1302 353 1395 386 gratiae
1422 352 1590 385 dividuntur,
1614 353 1659 380 ac‘
1673 360 1722 386 pro
1743 353 1873 387 cujusque

1089 397 1186 423 merito
1200 402 1226 424 et
1241 397 1370 430 dignitate
1388 397 1595 424 distribuuntur.
1612 397 1699 430 Quam
1721 403 1811 424 autem
1839 399 1874 424 ob

1088 450 1198 469 causam
1214 443 1340 470 sedentes
1353 443 1450 477 lingua:
1464 451 1545 477 super
1561 444 1698 477 apostolos
1711 445 1775 473 visa:
1791 447 1875 474 sunt?

1087 488 1221 520 Quoniam
1235 488 1323 522 regius
1339 488 1452 515 thronus
1466 489 1516 523 ipsi
1532 489 1593 516 facti
1611 494 1674 516 sunt
1688 491 1758 524 regis
1774 497 1800 518 et
1812 492 1872 522 Dci.

1089 533 1140 559 hoc
1158 537 1212 564 est,
1227 532 1347 566 Spiritus
1361 533 1457 563 sancti.
1477 541 1508 560 ac
1519 535 1652 567 requievit
1664 543 1744 569 super
1755 543 1800 562 cos
1820 537 1874 563 Pa-

1087 579 1212 605 racletus.
1227 577 1271 605 Sic
1283 578 1354 604 enim
1380 578 1499 611 loquitur
1517 578 1598 605 David
1616 587 1623 605 :
1642 579 1694 612 Qui
1705 580 1777 606 sedes
1795 588 1876 614 super

1087 623 1237 655 Cherubim,
1253 623 1464 657 ntanifestare".
1482 624 1514 650 Et
1527 631 1645 652 rursus:
1661 625 1784 651 Ascendit
1797 634 1875 659 super

1086 670 1236 700 Clmrubim,
1263 675 1286 696 et
1320 670 1416 696 volavit
1441 670 1474 696 ".
1507 669 1538 696 Et
1568 669 1692 697 Ezechiel
1718 668 1873 704 hujusmodi

1085 716 1232 749 quamdam
1257 715 1389 742 visionem
1415 715 1519 748 habuit,
1545 723 1642 750 nempe
1664 716 1823 748 Cherubim,
1846 719 1874 743 et

1086 761 1291 789 similitudinem
1306 761 1478 793 thronorum,
1494 766 1521 788 et
1538 769 1620 796 supra
1632 770 1692 788 eum
1715 763 1874 789 similitudi-

1086 814 1145 833 nem
1169 806 1245 841 quasi
1263 805 1357 832 forma:
1371 806 1498 833 hominis.
1527 807 1564 834 Ac
1589 811 1718 840 praeterea
1733 807 1774 834 his
1783 808 1876 834 verbis

1085 853 1170 880 utilur
1187 864 1192 880 :
1209 852 1322 887 Egi-essu
1331 858 1366 879 est
1379 853 1465 887 gloria
1485 853 1594 880 Domini
1610 854 1642 880 ab
1658 854 1748 888 aprico
1765 855 1872 885 domus.

1085 904 1109 925 et
1126 899 1242 925 ascendit
1252 906 1328 931 super
1343 899 1483 926 Cherubim
1494 900 1527 926 ".
1544 899 1622 932 Quod
1635 900 1658 926 si
1670 900 1712 926 cui
1728 900 1873 932 curiosior,

1088 952 1168 978 quant
1187 952 1234 978 par
1254 944 1300 975 sit,
1320 951 1374 971 non
1386 944 1488 977 videor,
1503 949 1534 971 ut
1548 946 1595 979 qui
1611 945 1738 973 omnibus
1753 946 1820 972 locis
1834 946 1874 972 al-

1089 989 1218 1023 legoriam
1237 993 1353 1023 captem,
1370 989 1421 1015 hoc
1438 996 1547 1023 quoque
1568 990 1716 1019 excutiam.
1737 989 1822 1022 Quam
1837 990 1875 1016 ob

1087 1042 1209 1065 causam.
1228 1042 1291 1061 cum
1306 1034 1419 1068 apostoli
1437 1034 1463 1060 in
1479 1035 1621 1062 cmuaculo
1635 1039 1737 1065 essent,
1757 1034 1875 1069 Spiritus

1087 1081 1120 1106 ad
1137 1088 1184 1107 eos
1208 1080 1332 1107 accessit.
1357 1079 1484 1107 Fortasse
1511 1085 1541 1108 ιιι
1560 1081 1732 1115 perspicuum
1752 1081 1807 1112 tiat.
1825 1088 1874 1108 eos

1087 1126 1132 1160 qui
1146 1125 1295 1159 spiritualia
1309 1125 1379 1151 dona
1394 1126 1530 1160 acceptttri
1543 1129 1616 1158 sunt,
1633 1133 1716 1160 supra
1730 1134 1772 1153 res
1786 1131 1873 1152 terre-

1088 1171 1231 1198 nasattolli
1261 1171 1360 1197 debere
1387 1178 1395 1198 :
1419 1171 1637 1206 quandoquidem
1661 1172 1742 1198 etiam
1774 1171 1874 1197 divinis

1088 1219 1165 1252 aquis
1181 1217 1321 1244 cwnacula
1337 1216 1460 1251 quadam
1474 1221 1610 1251 teguntur.
1624 1218 1667 1244 Ait
1681 1218 1753 1245 enim
1771 1217 1850 1244 David
1864 1226 1872 1244 :

1089 1262 1140 1295 Qui
1156 1263 1219 1296 tegis
1239 1263 1314 1296 aquis
1328 1262 1464 1288 tomacula
1476 1262 1574 1296 ejus“.
1596 1262 1656 1295 Quo
1672 1263 1732 1290 loco
1746 1270 1793 1297 per
1816 1270 1874 1289 cae-

1088 1309 1196 1339 nacula,
1210 1308 1334 1335 homines
1358 1308 1468 1335 sublimi
1483 1314 1509 1335 et
1523 1309 1629 1336 excelsa
1650 1314 1739 1336 mente
1769 1308 1872 1342 praediti

1089 1353 1237 1388 significari
1252 1355 1358 1388 possint
1373 1362 1382 1382 :
1401 1361 1448 1388 per
1464 1361 1550 1388 aquas
1567 1359 1656 1382 autem
1681 1363 1728 1382 eos
1741 1360 1871 1390 tegentes.

1088 1399 1216 1434 angelica:
1243 1403 1402 1433 potestates.
1426 1398 1477 1426 Per
1494 1407 1562 1433 quas
1582 1407 1667 1435 aquas
1683 1401 1753 1428 Deus
1765 1408 1873 1435 quoque

1090 1446 1213 1473 laudibus
1238 1445 1411 1473 celebratur:
1448 1446 1568 1474 Laudate
1584 1447 1655 1474 enim
1681 1455 1750 1480 eum,
1775 1448 1872 1482 inquit,

1088 1491 1145 1517 (ωιι
1157 1491 1291 1523 caelorum,
1305 1495 1329 1517 et
1346 1499 1421 1525 aqute
1438 1499 1497 1526 qua:
1510 1499 1587 1525 super
1599 1491 1677 1519 calo:
1701 1498 1762 1519 sunt
1774 1494 1806 1520 ".
1824 1494 1873 1520 At-

1088 1544 1141 1570 que
1159 1537 1215 1569 ipse
1224 1537 1305 1563 etiam
1324 1536 1448 1563 Christus
1461 1537 1488 1563 in
1505 1538 1648 1565 cmnaculo
1663 1538 1803 1574 mysticam
1817 1546 1874 1565 etn-

1091 1588 1153 1606 narn
1166 1580 1308 1614 discipulis
1325 1581 1454 1614 impertit,
1467 1588 1528 1608 cum
1552 1581 1608 1616 jam
1633 1581 1814 1610 divinioribus
1841 1591 1874 1609 ac

1089 1625 1296 1660 pcrfectioribus
1307 1625 1496 1654 imbuerentur
1508 1632 1589 1661 atque
1601 1627 1815 1655 institttercntur.
1830 1627 1873 1659 Et,

1088 1673 1268 1700 utuuorerbo
1278 1672 1378 1704 dicam,
1389 1681 1436 1707 per
1451 1673 1524 1700 illum
1534 1673 1728 1708 discipulorum
1741 1674 1767 1700 in
1784 1681 1878 1700 caena-

1088 1719 1178 1746 culum
1203 1727 1346 1746 ascensum
1365 1720 1416 1746 hoc
1437 1719 1578 1751 docemur,
1595 1727 1705 1748 necesse
1722 1727 1792 1752 esse,
1809 1728 1877 1754 par-

1089 1765 1136 1792 tim
1156 1769 1185 1792 ut
1205 1765 1276 1792 Deus
1289 1765 1443 1797 descendat,
1469 1765 1597 1792 nimirum
1614 1773 1662 1800 per
1681 1766 1874 1800 benignitatem

1088 1811 1246 1845 fastigiique
1261 1810 1302 1836 sui
1313 1809 1541 1843 submissionem;
1558 1811 1656 1844 partim
1670 1815 1699 1837 ut
1715 1811 1764 1844 ipsi
1780 1817 1877 1837 ascen-

1089 1857 1194 1887 damus,
1226 1863 1273 1890 per
1308 1859 1478 1882 terrenarum
1513 1862 1605 1882 rerum
1637 1855 1876 1890 contemptionem,

1089 1900 1217 1936 permiSta
1233 1899 1362 1926 nimirum
1384 1899 1475 1926 divina
1502 1899 1679 1934 amplitudine
1694 1907 1757 1926 cum
1774 1900 1876 1926 vilitate

1088 1949 1181 1972 nostra
1197 1952 1204 1971 :
1222 1943 1450 1978 quemadmodum
1469 1944 1496 1970 in
1510 1944 1584 1972 Mose
1596 1952 1705 1978 quoque
1717 1949 1795 1971 antea
1813 1953 1876 1971 usu-

1088 1991 1173 2018 venit.
1188 1989 1256 2017 Nam
1274 1994 1301 2017 et
1325 1990 1383 2024 ipse
1407 1990 1434 2017 in
1461 1995 1579 2017 montem
1609 1990 1673 2016 Sina
1691 1990 1810 2017 ascendit
1826 2000 1832 2016 :
1849 1995 1877 2017 et

1089 2036 1160 2064 Deus
1183 2035 1321 2063 descendit
1338 2044 1345 2062 :
1371 2039 1452 2070 atque
1474 2036 1509 2062 ita
1527 2037 1694 2063 consortium
1711 2037 1805 2063 initum
1823 2041 1876 2069 est,

1089 2090 1122 2110 ac
1145 2082 1308 2117 Decalogum
1329 2082 1442 2116 accepit.
1471 2081 1577 2115 Alioqui
1593 2081 1617 2109 si
1637 2081 1708 2109 Deus
1723 2082 1750 2108 in
1767 2081 1876 2115 fastigio

1089 2136 1139 2156 suo
1154 2133 1273 2160 maneat,
1284 2135 1316 2155 ac
1324 2135 1375 2155 nos
1386 2128 1411 2154 in
1425 2127 1577 2154 humilitate
1587 2132 1691 2160 nostra,
1708 2127 1753 2154 Dei
1769 2127 1876 2154 bonitas

1089 2174 1164 2200 nullo
1179 2174 1261 2201 modo
1277 2173 1357 2201 nobis
1370 2173 1480 2200 misceri
1495 2180 1527 2200 ac
1547 2164 1744 2200 communicari
1763 2173 1875 2207 poterit.

1089 2219 1183 2254 Neque
1204 2220 1279 2247 dives
1295 2220 1340 2247 ille
1352 2227 1367 2246 a
1381 2218 1496 2252 Lazaro,
1511 2224 1537 2246 et
1552 2219 1585 2246 ab
1600 2219 1751 2253 expetendo
1761 2219 1876 2246 Abrahae

251 2275 276 2296 ct
292 2269 361 2296 Filio
380 2267 538 2295 substantiae
552 2266 742 2301 mqnalitatem,
769 2264 955 2299 disrumpatur
976 2264 1038 2290 licet
1053 2262 1076 2291 D
1089 2266 1162 2297 sinu,
1187 2270 1261 2293 tanto
1282 2266 1354 2292 hiatu
1381 2265 1523 2300 iuterjecto
1543 2265 1737 2296 dirimebatur,
1761 2270 1790 2292 ut
1811 2273 1876 2298 pro-

253 2316 406 2346 hmreticus,
417 2319 498 2349 atque
511 2313 538 2340 iu
554 2317 700 2348 augustum
710 2315 858 2345 prematur,
871 2310 934 2343 quia
948 2310 1034 2344 Spiri-

252 2368 306 2388 tum
328 2365 451 2389 sanctum
479 2359 550 2386 Patri
567 2364 593 2386 et
605 2359 673 2386 Filio
696 2357 955 2385 consubstantialem
976 2364 1036 2383 esse

251 2406 440 2434 concludimus
449 2409 595 2439 aperteque
610 2404 767 2439 probamus.
790 2401 856 2428 Nam
888 2410 948 2428 cum
965 2401 1036 2429 Deus

253 2453 322 2487 ignis
340 2453 384 2483 sit,
401 2452 472 2486 ignis
493 2455 584 2478 autem
598 2450 714 2484 Spiritus
727 2455 837 2483 quoque
849 2448 899 2478 ‘sit,
912 2447 1036 2481 profecto

251 2507 312 2526 cum
323 2499 444 2533 eiusdem
456 2497 492 2524 sit
506 2496 663 2523 substantias
677 2503 739 2522 cum
755 2494 819 2526 Deo,
836 2493 919 2520 Deum
929 2500 1036 2527 quoque

251 2545 340 2580 ipsum
357 2552 418 2572 esse
440 2542 582 2578 perspicue
611 2546 727 2569 constat.
752 2540 806 2567 Cur
830 2544 919 2566 autem
938 2539 1034 2573 lingua:

250 2589 457 2617 dividebantur?
469 2589 536 2621 Quia
552 2588 665 2615 diversa:
675 2592 701 2613 et
715 2586 877 2620 multiplices
893 2589 956 2612 sunt
974 2584 1034 2618 Spi-

251 2637 320 2664 ritus
337 2637 440 2671 gratiaz.
456 2635 544 2669 Atque
558 2634 603 2660 alii
618 2633 725 2668 quidem
740 2633 820 2658 datur
848 2631 958 2664 spiritus
989 2638 1034 2657 sa—

251 2683 368 2719 pientize,
380 2682 424 2709 alii
442 2685 532 2707 autem
545 2680 657 2714 spiritus
673 2677 856 2708 seientite,‘alii
870 2682 958 2702 autem
974 2683 1036 2709 pro-

252 2729 357 2763 phetiae,
381 2727 425 2754 alii
438 2733 536 2761 genera
549 2725 712 2759 linguarum,
734 2723 778 2749 alii
806 2721 877 2748 aliud
897 2720 1031 2747 uuoddam

596 2828 616 2842 ”
629 2827 706 2853 ltont.
725 2825 817 2856 vnn,9.
860 2825 879 2839 ¹⁶
893 2825 957 2850 Luc.
975 2831 1021 2856 xu,
1034 2825 1067 2850 49

596 2862 618 2886 2-
657 2860 761 2886 “Psal.
776 2867 828 2886 ml
853 2859 894 2885 Μ.
933 2859 954 2873 ¹¹
972 2858 1067 2885 Ezech.

845 2895 865 2909 ³⁷
880 2893 995 2921 Ztchar.
1028 2901 1070 2926 ιιι,

287 2831 308 2846 ³⁵
320 2831 378 2857 Act.
397 2837 413 2856 ιι
426 2849 433 2861 ,
448 2830 460 2855 1
479 2836 555 2862 seqq.

251 2864 280 2896 4,
293 2865 318 2891 7.
369 2865 391 2880 '°
405 2864 477 2893 l‘sal.
489 2862 618 2895 LXXIX,9.

253 2895 307 2932 tit,
327 2899 358 2931 1',
375 2899 430 2926 Luc
457 2906 493 2931 IV,
516 2898 560 2924 18.
610 2897 633 2913 ²⁸
648 2895 699 2923 lsa.
719 2903 764 2923 xi.
780 2895 805 2921 2.

860 2825 879 2839 ¹⁶
893 2823 957 2850 Luc.
975 2831 1021 2856 xu,
1034 2823 1077 2850 49.

1085 2317 1175 2339 creata
1187 2317 1279 2338 nostra
1294 2317 1402 2342 natura,
1418 2316 1445 2338 et
1457 2310 1569 2346 proinde
1579 2311 1774 2345 corruptibilis,
1787 2311 1821 2337 ab
1833 2311 1874 2337 in-

1086 2362 1176 2385 creata
1190 2362 1287 2384 natura
1302 2365 1333 2384 ac
1346 2362 1489 2392 propterea
1509 2356 1725 2391 incorruptibili,
1743 2357 1874 2391 diretupta

1085 2402 1233 2437 dissitaque
1248 2402 1389 2429 videbitur.

1122 2448 1180 2475 Col.
1194 2448 1246 2475 446
1262 2447 1293 2475 C.
1303 2448 1351 2475 Hic
1365 2457 1381 2475 α
1392 2449 1523 2483 prop/telis
1533 2449 1637 2484 quidem
1652 2449 1808 2483 prtedicatus
1824 2453 1874 2478 est.

1088 2499 1140 2522 etc.
1152 2494 1199 2520 llic
1206 2493 1323 2528 Spiritus
1329 2498 1440 2522 sanctus
1446 2503 1460 2521 ιι
1468 2495 1607 2529 prophetis
1617 2494 1778 2528 prtcdicatus
1786 2498 1836 2522 est.
1845 2498 1874 2520 ut

1088 2538 1252 2572 cumilsaias
1272 2539 1297 2565 in
1313 2539 1414 2566 Christi
1433 2547 1546 2573 persona
1562 2539 1618 2566 ait:
1635 2538 1750 2573 Spiritus
1770 2538 1874 2564 Domini

1088 2591 1164 2616 super
1174 2591 1212 2610 me
1227 2583 1262 2616 ὐς
1274 2589 1299 2610 ct
1309 2591 1404 2610 rursus
1413 2584 1446 2610 de
1454 2583 1551 2610 eodem
1561 2584 1690 2618 loquens:
1704 2583 1873 2617 Requiescent

1088 2637 1167 2662 super
1185 2636 1243 2654 eum
1258 2633 1354 2662 septem
1366 2629 1476 2663 spiritus
1504 2629 1537 2661 “,
1552 2629 1604 2656 hoc
1615 2635 1667 2661 est,
1685 2629 1777 2662 gratia:
1790 2634 1816 2654 et
1832 2628 1874 2654 vi-

1087 2682 1130 2701 res
1138 2679 1164 2700 et
1176 2675 1309 2706 actiones,
1319 2682 1387 2709 quas
1401 2679 1502 2708 septem
1517 2674 1611 2701 oculos
1623 2673 1769 2700 Zacharias
1785 2672 1873 2699 nomi—

1087 2721 1161 2747 narit
1173 2721 1205 2746 ".
1228 2719 1332 2747 Dictum
1350 2726 1390 2748 est
1407 2721 1518 2755 insuper
1541 2721 1574 2747 de
1595 2719 1695 2746 Iuda-is
1713 2729 1718 2746 :
1734 2718 1873 2745 Descendit

1691 2821 1712 2836 ¹⁹
1726 2820 1734 2847 1
1747 2820 1810 2848 Cor.
1825 2827 1872 2852 ειν,

1117 2822 1175 2837 ¹“¹·¹“
1188 2821 1264 2848 Deut.
1286 2830 1321 2854 tv,
1333 2823 1384 2854 ‘24;
1403 2821 1489 2849 Exod.
1505 2828 1595 2851 χχχιι,
1611 2820 1650 2846 li.
1691 2821 1712 2836 ¹⁹
1726 2820 1734 2847 1
1747 2820 1810 2848 Cor.
1825 2827 1858 2844 ut

1125 2856 1167 2881 IS.
1207 2857 1229 2872 ³³
1247 2856 1318 2881 l’sal.
1334 2865 1391 2881 mn.
1408 2857 1434 2881 3.
1472 2856 1495 2871 “
1508 2856 1577 2881 Psal.
1592 2862 1702 2881 CXLVIII.
1715 2855 1740 2881 4.
1779 2855 1800 2870 ’⁸
1819 2853 1862 2881 Isa

1081 2856 1167 2919 x618.
1207 2857 1229 2872 "
1247 2856 1318 2884 Psal.
1334 2865 1392 2889 ctu,
1408 2857 1434 2883 3.
1472 2856 1495 2871 “
1508 2856 1577 2884 Psal.
1592 2862 1702 2886 omni,
1715 2855 1740 2881 4.
