2058 3159
172 207 186 236 1
195 206 242 236 £73

665 202 821 234 NICETAS
841 202 881 232 IN
897 200 1006 231 ORAT.
1027 199 1119 231 XLIV
1139 200 1167 230 S.
1189 198 1300 230 GREG.

1724 200 1736 232 l
1744 200 1792 231 £74

177 264 292 298 Spiritus
315 261 431 294 Domini,
456 265 479 288 ct
496 261 603 287 deduxit
632 269 674 288 eos
689 261 722 287 9".
751 261 790 287 Ac
813 267 906 287 rursus
934 259 960 285 in
978 262 997 288 Λ
1013 262 1039 284 ct
1061 258 1270 291 scparationcm.
1297 257 1384 292 Atque
1411 257 1513 285 idcirco
1535 258 1562 285 in
1589 258 1696 286 inferno
1713 266 1792 286 nemo

176 310 257 336 Exodi
272 309 339 335 libro
352 309 481 342 scriptum
500 312 541 334 cst
563 316 569 333 :
589 306 709 341 Implevit
724 306 839 341 Spiritus
852 306 955 332 divinus

176 354 288 381 Beselch
313 354 442 388 sapientia
471 353 645 380 et~industria
671 358 695 379 et
717 354 826 379 scientia
842 352 874 378 ".
892 352 957 378 Erat

180 405 270 427 autem
289 400 421 432 Bcsclcel,
435 399 601 426 tabernaculi
616 399 682 426 Mosi
705 399 730 425 in
747 402 839 425 monte
855 397 958 424 ostensi

175 444 350 469 architectus.
374 443 457 468 Isaias
482 450 588 474 rursus,
612 441 720 468 Judaeos
737 447 880 473 accusans,
896 440 957 466 ait:

176 488 231 522 Ipsi
247 493 412 514 cantantum
422 488 538 521 fuerunt,
556 495 587 513 ac
600 486 729 521 Spiritum
745 492 864 512 sanctum
875 486 957 519 ipsius

175 533 208 559 ad
224 533 293 559 iram
310 538 523 566 procataverunl.
542 531 572 558 Et
587 540 723 558 conversus
735 537 772 558 est
788 532 851 566 ipsis
866 532 892 558 in
909 531 959 558 ini-

174 579 303 605 micitiam
319 579 352 604 ³ο.
366 577 450 604 Porro
465 578 578 604 historia
600 577 664 604 Elia:
679 578 748 603 libro
764 577 842 604 tertio
856 576 958 611 Regum

174 623 280 657 prodita
307 629 358 653 est,
379 623 424 649 ubi
442 623 553 649 disertis
570 622 660 649 verbis
678 622 793 648 habetur
813 631 819 648 :
846 621 959 655 Spiritus

125 677 128 680 λ
174 677 232 695 cum
252 668 345 694 extulit
358 669 391 700 “;
412 675 444 695 ex
459 676 513 702 quo
525 668 549 694 id
567 668 646 694 datur
669 668 792 702 intelligi,
807 668 879 702 quod
889 667 959 694 divi-

176 721 228 740 nus
244 713 365 747 Spiritus
382 713 524 739 hominum
536 712 663 746 opinione
678 713 815 746 nmjorain
828 719 860 738 eo
875 715 961 745 patra-

176 759 231 784 bat.
251 758 350 784 Eodem
363 757 432 784 libro
448 757 536 784 Elisa-i
552 764 659 791 quoque
679 756 825 790 postulatio
840 756 961 782 contine-

176 807 232 829 tur.
261 802 332 829 Dixit
349 802 433 834 enim,
463 802 561 835 inquit,
585 801 698 828 illisa-us
724 802 756 827 ad
774 801 860 827 Eliam
877 799 961 826 :lt'iat

176 848 304 882 Spiritus,
317 849 360 883 qui
374 849 401 874 in
420 853 445 874 te
465 853 514 880 est,
526 847 622 881 duplex
634 848 661 873 in
677 855 716 873 me
731 847 764 872 δ’.
791 846 857 878 Quae
871 851 961 872 autem

175 900 339 928 sequuntur,
356 903 371 922 e
383 894 497 921 Psalmis
517 895 599 928 petita
621 898 694 921 sunt.
710 893 754 919 Ait
768 893 840 919 enim
859 891 959 918 David:

175 939 294 972 Spiritus
307 945 366 967 tuus
378 940 460 967 bonus
473 940 584 966 deducet
597 947 637 966 me
651 939 677 966 in
691 940 759 966 viam
775 943 872 965 rectam
883 937 916 965 ³³.
930 937 963 964 Ει
980 931 999 959 Β

176 986 232 1012 alio
247 986 306 1013 loco
318 994 324 1012 :
339 985 373 1012 Et
386 986 481 1018 spiritu
494 986 635 1020 principali
649 985 775 1019 conﬁrma
789 992 828 1011 me
843 984 875 1011 “.

214 1031 440 1059 lbid.Promissus
460 1037 548 1059 autem
563 1037 612 1064 est,
637 1033 710 1066 prius
726 1030 828 1065 quidem
846 1039 862 1056 a
878 1029 961 1061 Joete,

176 1085 228 1105 ctc.
243 1078 288 1105 Sic
301 1086 315 1104 a
335 1078 472 1112 prophetis
501 1077 618 1113 Spiritus
639 1077 802 1112 praedicatus
825 1081 876 1106 est,
901 1083 964 1109 pro-

177 1123 279 1150 missus
305 1124 414 1157 quidem
447 1130 527 1150 antra
540 1131 555 1150 a
568 1123 641 1150 Joele
654 1123 675 1138 "
692 1129 750 1157 (per
775 1123 862 1157 ipsum
891 1122 962 1149 cnim

178 1169 250 1196 Deus
266 1170 398 1204 pollicitus
409 1175 451 1196 est
467 1169 534 1201 fore,
553 1170 709 1204 utseipsum
722 1168 869 1196 eﬂunderet
884 1176 964 1203 super

176 1222 285 1242 Olllllcm
304 1224 425 1243 carnem.
446 1217 480 1243 At
501 1215 655 1250 Theologus
672 1215 817 1242 dictionem
829 1215 898 1241 hanc
916 1222 963 1241 ex-

176 1269 291 1295 ponens,
311 1270 362 1288 non
377 1262 538 1296 simpliciter
560 1261 764 1295 intelligendam
781 1266 872 1287 censet
895 1261 964 1287 hanc

176 1305 338 1333 cffusiouem
359 1314 440 1340 super
457 1314 565 1333 onmem
584 1313 705 1336 carnem.
735 1313 828 1332 verum
850 1306 875 1331 in
905 1313 963 1332 cre-

176 1353 297 1378 dentem.
321 1351 387 1379 Nam
405 1352 449 1386 qui
464 1353 508 1387 pia
523 1353 574 1379 fide
598 1353 631 1378 ad
655 1351 793 1379 Christum
813 1354 962 1383 accedunt,

177 1397 309 1431 Spiritum
323 1399 486 1431 percipiunt,
515 1406 568 1425 non
591 1403 679 1425 autem
704 1398 857 1431 increduli).
874 1398 964 1424 Postc-

177 1443 237 1470 rius
247 1449 338 1470 autem
356 1453 369 1470 a
384 1443 493 1470 Christo
509 1446 661 1478 promissus
673 1449 732 1471 est:
751 1444 859 1478 Rogabo
885 1446 962 1476 enim,

179 1490 281 1523 inquit,
294 1489 412 1522 Patrem,
427 1495 449 1516 et
466 1489 549 1516 alium
566 1490 732 1516 Paraclelum
747 1490 816 1516 dabit
835 1490 918 1520 vobis,
937 1494 964 1515 ut

176 1540 284 1561 maneat
305 1535 435 1561 vobiscum
459 1536 486 1562 in
502 1540 626 1562 a’ternum
639 1535 673 1562 ³⁸.
693 1535 865 1562 Gioriﬁcatnr
883 1542 964 1569 porro

175 1580 304 1608 Christus
321 1588 334 1606 a
350 1581 451 1615 Spiritu
471 1588 591 1616 eumque
606 1582 727 1608 vicissim
752 1580 896 1615 gloriﬁcat.
927 1581 965 1606 Ac

174 1628 345 1661 gloriﬁcatur
367 1628 486 1661 quidem,
514 1627 592 1662 juxta
612 1627 638 1653 id
657 1627 729 1660 quod
755 1628 792 1652 ait
808 1626 935 1652 Christus
954 1634 961 1652 :

175 1672 231 1702 Ille
252 1680 291 1698 me
321 1672 523 1706 cluriﬁcabit".
556 1673 682 1699 Vicissim
709 1676 799 1698 autem
832 1670 964 1704 Spiritum

175 1718 323 1752 gloriiirat.
337 1726 398 1744 cum
412 1726 471 1744 eum
486 1718 623 1751 prmdicat,
641 1721 722 1750 atque
737 1717 787 1741 hoc
805 1716 837 1741 de
849 1723 881 1742 eo
902 1723 965 1748 pro-

176 1767 232 1791 lert
259 1764 464 1790 testimonium:
493 1763 576 1790 Omne
605 1768 738 1796 peccatum
755 1766 787 1788 'et
806 1761 967 1795 blasphemia

177 1806 326 1836 remittetur
339 1809 503 1841 hominibus;
517 1807 712 1842 atblaspltentia
722 1808 749 1833 in
761 1807 887 1840 Spiritum
902 1815 966 1832 srm-

177 1861 249 1882 ctum
270 1863 320 1881 non
339 1855 528 1881 remittetur“.
557 1854 790 1886 Quemadmodum
817 1857 843 1878 et
859 1852 965 1878 Patrem

177 1902 305 1928 Christus
325 1900 457 1935 gloriﬁcat
469 1900 511 1927 his
527 1900 618 1926 verbis
640 1909 647 1926 :
664 1898 719 1932 Ego
733 1902 757 1924 te
779 1897 924 1933 gloriﬁcavi
939 1898 967 1924 in

179 1951 253 1973 terra
271 1947 293 1962 "
310 1955 316 1972 :
338 1953 370 1973 ac
388 1953 483 1972 rursus
507 1945 541 1972 ab
565 1945 623 1979 ipso
646 1943 727 1971 Patre
743 1943 907 1978 glorificatur
923 1943 967 1970 di«

177 1995 257 2018 ceute
271 1999 277 2016 :
296 1989 328 2016 Et
343 1990 488 2023 clariﬁcuvi
505 1995 540 2023 te,
556 1994 586 2024 et
601 1991 698 2016 iterum
712 1990 863 2023 clari/icaho
877 1991 907 2015 ‘°.
928 1989 968 2016 Ac

178 2037 251 2067 vide,
267 2043 348 2070 quam
378 2036 504 2070 opulenta
516 2056 524 2068 ,
537 2043 618 2070 quam
631 2036 750 2070 profusa,
767 2041 792 2063 et
807 2035 915 2070 copiosa
931 2036 967 2062 sit

178 2082 331 2109 Salvator-is
343 2082 511 2115 pollicitatio.
528 2082 657 2108 Promisit
680 2083 752 2108 enim
769 2081 836 2114 fore,
861 2086 891 2108 ut
908 2081 968 2115 Spi-

179 2129 251 2155 ritus
271 2133 382 2155 sanctus
403 2128 429 2154 in
459 2133 589 2154 aiternum
605 2135 668 2154 cum
688 2127 753 2161 ipsis
767 2133 910 2154 maneret:
934 2127 968 2154 Ut

178 2179 297 2206 maneat,
319 2174 407 2208 inquit
422 2193 430 2205 ,
450 2173 581 2200 nobiscum
596 2173 622 2199 in
640 2177 777 2200 a'ternum.
797 2172 968 2199 Permanchit

178 2225 282 2253 autem,
298 2221 354 2247 sive
373 2220 399 2246 in
415 2220 541 2254 prtcsenti
555 2221 608 2246 vita
624 2227 685 2247 cum
703 2220 735 2246 iis
751 2219 796 2254 qui
817 2219 849 2246 ad
864 2223 968 2253 tempus

1007 307 1048 329 est
1073 303 1117 337 qui
1139 302 1192 330 Deo
1202 303 1364 330 conﬁteatur
1377 303 1539 337 laudemque
1556 308 1694 331 contexat.
1704 303 1796 338 Neque

1008 347 1081 374 enim
1109 355 1229 382 praesens
1246 347 1299 374 illis
1319 347 1437 381 Spiritus
1455 348 1587 374 auxilium
1614 349 1733 383 aﬁ‘ulget.

1046 392 1105 418 Col.
1122 392 1172 418 447
1187 393 1219 418 Α.
1238 391 1288 420 llic
1303 393 1417 426 Spiritus
1431 397 1454 418 et
1471 401 1529 418 cum
1543 391 1625 424 Filio,
1642 399 1693 421 etc.
1710 395 1797 430 Spiri-

1010 442 1053 464 tus
1069 443 1177 465 sanetus
1193 438 1219 464 in
1240 438 1372 472 principio
1388 446 1477 465 rerum
1492 440 1658 466 creationem
1671 448 1733 467 cum
1750 441 1796 467 Fi-

1010 483 1045 510 lio
1059 483 1206 510 fabricatus
1224 490 1277 515 est,
1292 485 1521 518 quemadmodum
1532 485 1570 511 ait
1589 486 1670 512 David
1692 495 1698 512 :
1715 486 1798 514 Verbo

1009 528 1117 554 Domini
1138 529 1195 555 creti
1210 529 1310 563 ﬁrmati
1330 535 1404 562 sunt,
1423 535 1447 556 et
1461 529 1562 562 Spiritu
1576 532 1629 557 oris
1645 532 1700 566 ejus
1712 534 1796 559 omnis

1009 576 1092 602 uirtus
1107 583 1196 601 eorum
1208 575 1241 602 ".
1261 575 1392 607 Quocirca
1408 577 1457 603 hoc
1473 577 1542 608 loco,
1559 584 1608 604 ncc
1619 585 1667 611 per
1684 578 1796 604 verbum

1011 621 1082 647 aeris
1096 621 1241 655 impressio
1250 621 1428 656 significatur,
1447 630 1507 656 quae
1524 630 1571 656 per
1581 623 1683 649 vocalia
1697 630 1798 657 organa

1010 666 1131 698 effertur,
1148 674 1197 694 nec
1215 675 1263 701 per
1288 667 1412 701 spiritum
1433 669 1487 694 oris
1515 675 1618 702 vapor,
1642 669 1688 703 qui
1716 670 1750 695 ah
1766 669 1799 696 iis

1013 712 1148 745 partibus,
1180 713 1279 747 quibus
1313 714 1491 747 respiramus.
1518 714 1798 741 extruditurnerum

1012 757 1063 784 hoc
1083 756 1201 784 Verbum
1221 758 1310 784 vivum
1329 762 1370 785 est
1385 763 1411 785 et
1432 760 1596 792 subsistens,
1620 760 1687 786 illud
1720 760 1800 786 nitui-

1012 810 1084 835 rum,
1097 804 1209 837 quodin
1227 805 1362 838 principio
1385 810 1442 831 erat
1471 806 1540 840 apud
1557 805 1654 837 Deum,
1687 812 1714 832 et
1730 806 1801 833 Deus

1011 854 1080 875 erat.
1095 849 1182 884 Atque
1200 850 1292 876 itidetn
1302 851 1413 884 spiritus
1433 851 1489 878 oris
1503 851 1549 877 Dei
1563 872 1570 882 ,
1593 851 1710 886 Spiritus
1729 852 1801 878 veri-

1013 895 1075 921 tatis
1096 901 1147 926 cst,
1166 895 1238 929 quia
1254 894 1334 922 Patre
1347 896 1479 930 procedit.
1495 896 1556 922 Tria
1572 896 1662 931 itaque
1678 897 1801 923 animad-

1014 945 1098 972 verte,
1123 940 1229 967 Patrem
1261 942 1449 975 imperantem,
1476 941 1574 968 Filium
1613 942 1800 973 fabricantesn,

1014 985 1147 1019 Spiritum
1169 991 1293 1013 sanctum
1320 987 1473 1013 [innantem
1491 992 1518 1014 et
1532 987 1699 1014 fulcientem.
1728 986 1800 1013 Nihil

1013 1038 1095 1065 porro
1116 1030 1190 1058 aliud
1205 1036 1246 1059 est
1271 1032 1400 1065 iirmatio,
1430 1040 1511 1066 quam
1535 1032 1665 1067 perfectio
1688 1039 1801 1067 ea,qua:

1014 1075 1230 1103 sanctificatione
1248 1082 1428 1111 comparatur,
1444 1085 1476 1104 ac
1493 1077 1608 1106 ﬁrmitas
1628 1083 1655 1105 et
1673 1083 1800 1106 constan-

1014 1122 1051 1148 tia
1087 1121 1114 1148 in
1132 1121 1213 1148 bono.
1237 1122 1420 1151 Sauctiﬁcatio
1445 1131 1508 1151 vero
1529 1125 1587 1152 sine
1609 1125 1708 1159 Spiritu
1727 1124 1800 1151 nulla

1014 1171 1065 1194 est.
1079 1168 1172 1202 Neque
1184 1168 1256 1194 enim
1277 1173 1371 1196 natura
1386 1170 1511 1197 caelestes
1524 1170 1576 1197 illa:
1591 1175 1618 1196 ct
1627 1170 1709 1197 beata:
1723 1178 1801 1196 men-

1015 1218 1055 1241 tes
1069 1219 1168 1242 sancta:
1185 1220 1248 1242 sunt
1267 1226 1273 1242 Σ
1289 1223 1382 1242 verum
1412 1216 1530 1243 essentia
1550 1217 1671 1251 ipsarum
1704 1224 1801 1243 aereus

1014 1260 1130 1287 fortasse
1154 1261 1266 1295 spiritus
1296 1267 1347 1294 est,
1372 1267 1418 1288 aut
1439 1262 1509 1296 ignis
1537 1262 1658 1289 materize
1682 1269 1800 1297 expers:

1015 1305 1196 1332 sanctiﬁcatio
1221 1312 1322 1340 autem,
1348 1315 1407 1341 qua:
1424 1307 1458 1333 ab
1481 1308 1600 1334 essentia
1613 1311 1725 1334 externa
1749 1313 1802 1337 est.

1014 1351 1207 1384 perfectionem
1225 1351 1290 1385 ipsis
1315 1359 1366 1385 per
1381 1352 1498 1386 Spiritus
1512 1354 1597 1379 sancti
1621 1354 1801 1379 communica-

1016 1396 1116 1422 tionem
1134 1396 1250 1424 inducit.
1268 1397 1358 1432 Ignem
1369 1402 1458 1423 autem
1483 1397 1596 1424 materia
1609 1402 1744 1424 carentem
1757 1398 1800 1424 di-

1015 1442 1063 1473 cit,
1090 1442 1167 1476 quasi
1188 1443 1336 1469 mthereum
1351 1462 1358 1474 ,
1375 1443 1421 1477 qui
1452 1443 1484 1469 ad
1508 1442 1687 1470 differentiam
1719 1443 1803 1470 nostri

1016 1487 1088 1521 ignis
1105 1488 1291 1515 immaterialis
1312 1489 1422 1515 dicitur.
1442 1488 1492 1515 llic
1517 1489 1587 1515 enim
1606 1488 1728 1520 inferior,
1743 1488 1803 1516 abs-

1018 1541 1072 1567 que
1104 1535 1228 1564 maleria,
1246 1541 1295 1562 nec
1316 1541 1426 1560 manere
1444 1538 1543 1569 potest,
1569 1542 1619 1561 nec
1642 1534 1803 1561 subsistere.

978 1593 1000 1625 ε
1020 1581 1114 1607 Vivum
1140 1589 1205 1615 ergo
1227 1581 1346 1608 Verbum
1364 1581 1427 1607 illttd
1443 1585 1494 1612 cst,
1508 1581 1533 1607 in
1558 1588 1612 1615 quo
1632 1581 1694 1607 cteli
1721 1580 1804 1606 creati

1017 1630 1101 1657 sunt;
1121 1626 1174 1653 vita
1189 1631 1293 1659 autem,
1316 1626 1435 1661 Spiritus
1448 1627 1492 1653 ille
1513 1631 1564 1659 est,
1579 1633 1593 1653 a
1614 1633 1667 1660 quo
1682 1626 1805 1653 ccclestes

1017 1671 1130 1698 virtutes
1157 1672 1288 1699 absolutas
1312 1679 1344 1698 ac
1368 1672 1495 1707 perfecta!
1511 1675 1585 1698 sunt.
1611 1671 1703 1706 Neque
1732 1671 1804 1697 enim

1020 1715 1097 1743 Verbi
1113 1718 1330 1751 pronuntiatione
1345 1723 1417 1744 creat
1446 1718 1533 1750 Deus;
1559 1725 1609 1744 nec
1629 1718 1742 1752 spiritus
1759 1724 1805 1744 ae-

1018 1762 1056 1788 rei
1075 1762 1232 1795 profusione
1247 1763 1307 1789 coeli
1328 1767 1463 1789 ornantur
1478 1771 1484 1789 :
1503 1770 1596 1790 verum
1614 1762 1730 1796 Spiritus
1744 1763 1804 1790 viva

1019 1808 1148 1841 potentia,
1162 1812 1188 1834 et
1199 1809 1291 1835 divina
1314 1814 1423 1841 natura,
1445 1809 1527 1835 simu'l
1552 1816 1612 1835 cum
1637 1810 1697 1836 vivo
1716 1808 1804 1836 Verbo

1018 1853 1264 1886 crcaturasctfeeit,
1281 1853 1509 1887 quemadmodum
1522 1861 1554 1880 ex
1564 1854 1662 1880 Davide
1677 1854 1804 1881 dicimus.

1018 1897 1090 1929 Quin
1111 1899 1192 1924 etiam
1210 1898 1261 1925 Job
1276 1899 1394 1933 quodam
1420 1899 1481 1925 loco
1502 1899 1542 1926 sic
1559 1899 1679 1932 loquitur
1695 1908 1702 1925 :
1721 1898 1804 1933 Spiri-

1019 1948 1061 1970 tus
1074 1944 1189 1976 divinus,
1212 1946 1256 1978 qui
1288 1945 1348 1979 fecit
1369 1952 1410 1971 me
1421 1943 1454 1976 ⁶¹,
1470 1949 1552 1978 atque
1576 1945 1612 1971 ita
1637 1945 1803 1978 procreatio-

1019 1996 1079 2015 nem
1098 1989 1140 2015 sui
1155 1988 1268 2023 Spiritui
1281 1994 1374 2016 sancto
1388 1989 1528 2017 adscribit.
1542 1988 1596 2017 Nec
1606 1997 1639 2016 eo
1647 1995 1802 2022 contentus,

1018 2042 1074 2062 suae
1085 2042 1192 2069 quoque
1208 2035 1347 2069 sapientiae
1362 2037 1478 2071 gratiam
1501 2036 1590 2064 eidem
1617 2036 1749 2071 assignat,
1772 2045 1805 2064 ac

1019 2083 1177 2116 magistrum
1191 2089 1252 2108 cum
1266 2083 1388 2116 agnoscit
1404 2083 1496 2109 dicens
1511 2091 1517 2109 :
1534 2081 1630 2108 Flatus
1641 2087 1729 2109 autem
1748 2091 1805 2109 om-

1019 2127 1157 2160 nipotentis
1179 2128 1223 2161 qui
1242 2128 1316 2154 docet
1348 2136 1387 2155 me
1400 2128 1432 2154 ".
1458 2128 1534 2161 Quod
1564 2129 1625 2155 huic
1651 2130 1805 2163 evangelico

1021 2173 1092 2200 dicto
1116 2173 1260 2207 respondet
1276 2182 1282 2200 :
1302 2172 1363 2201 Non
1379 2175 1447 2200 enim
1462 2182 1504 2201 vos
1517 2175 1589 2206 estis,
1602 2174 1804 2209 quiloquimini,

1019 2219 1064 2245 scd
1085 2219 1202 2254 Spiritus
1218 2219 1310 2246 Patris
1328 2221 1416 2251 vestri,
1435 2221 1480 2254 qui
1503 2220 1618 2254 laquitur
1634 2222 1661 2246 in
1683 2221 1755 2247 vobis
1770 2222 1804 2248 ⁵⁸.

178 2267 255 2300 digni
272 2266 454 2298 invenientur,
474 2265 532 2292 sive
557 2265 583 2292 in
598 2265 690 2292 futuro
706 2272 762 2292 aevo
777 2272 838 2292 cum
865 2264 967 2299 justis:
982 2257 1006 2286 ι)
1021 2264 1059 2290 Ad
1077 2265 1133 2291 haec
1151 2265 1269 2299 Spiritus
1291 2270 1400 2291 sanctus
1415 2273 1588 2292 communem
1614 2266 1735 2292 omnium
1754 2274 1805 2292 uo-

178 2312 203 2338 si
222 2312 330 2346 quidem
350 2312 376 2338 in
395 2312 445 2337 hac
461 2311 515 2337 vita
530 2311 663 2345 integrum
685 2311 773 2345 ipsum
786 2311 964 2342 servaverint,

178 2365 213 2384 ac
230 2364 283 2383 nou
312 2356 444 2384 hactenus
467 2355 644 2390 perdiderint,
666 2361 802 2390 quatenus
829 2355 855 2382 in
869 2355 965 2382 vitium

179 2402 250 2436 lapsi
263 2402 372 2428 fuerint.
396 2401 527 2434 Quamvis
553 2402 624 2428 enim
649 2401 766 2435 Spiritus
786 2405 896 2428 sanctus
921 2401 965 2433 iis,

180 2452 276 2481 utpote
290 2447 420 2480 indignis,
437 2456 607 2482 nequaquam
626 2448 759 2475 admislus
772 2448 816 2478 sit,
835 2452 922 2473 tamen
938 2447 965 2473 iu

181 2494 234 2521 hoc
249 2493 349 2520 sccculo
372 2493 496 2527 baptismi
523 2502 594 2528 aqua
621 2494 739 2529 perfusis
764 2494 965 2528 quodammodo

181 2541 278 2566 adesse
292 2539 409 2571 videtur,
422 2536 536 2565 salutem
554 2540 674 2573 ipsorum
692 2548 738 2574 per
752 2539 965 2573 resipiscentiam

181 2590 356 2619 exspectans.
374 2584 409 2611 At
429 2584 455 2610 in
468 2584 562 2611 futuro
578 2592 635 2612 mvo
648 2586 681 2612 ab
696 2585 770 2612 oumi
790 2585 892 2616 anima,
906 2592 966 2618 qua:

183 2632 270 2666 ipsius
286 2630 400 2664 gratiam
419 2628 613 2663 profanaveril,
636 2631 820 2657 abscindatur.
836 2630 883 2657 llla
895 2631 967 2657 cuitu

183 2677 280 2707 sectio,
301 2675 334 2702 de
348 2683 401 2710 qua
416 2675 443 2702 in
463 2675 609 2709 Evangelia
630 2676 660 2702 iit
676 2677 787 2708 mentio,
812 2677 880 2703 nihil
896 2676 968 2703 aliud

184 2721 329 2756 signiﬁcat,
349 2728 429 2755 quam
454 2721 637 2753 omnimodam
651 2728 667 2748 a
683 2721 784 2755 Spiritu
799 2721 967 2749 aversionem

221 2818 244 2854 ξε
265 2819 316 2847 lsa.
331 2827 405 2854 xxxi,
417 2820 444 2848 4.

186 2853 209 2870 ³⁵
221 2853 290 2881 l’sal.
303 2862 332 2887 L,
351 2855 393 2883 M.

186 2889 209 2904 ⁸ο
218 2889 295 2916 Joau.
309 2898 357 2917 xu.

482 2822 504 2837 "
520 2821 606 2856 Exod.
623 2829 697 2853 XXXI,
712 2822 738 2848 2.

432 2857 453 2872 ”
464 2856 521 2888 Jocl
536 2858 619 2888 11,26.

666 2857 687 2872 ³⁸
700 2857 778 2883 Joau.
795 2866 848 2891 xiv,
864 2860 905 2885 i6.

406 2891 427 2906 “
439 2892 511 2919 l‘sal.
525 2900 611 2925 χχχιι,
626 2892 652 2920 6.

690 2892 771 2920 "Job
785 2901 880 2926 xxxiii,
894 2893 919 2919 ti.

777 2822 798 2838 ³⁰
811 2823 861 2850 lsa.
881 2830 958 2855 L.\'|ll,
974 2824 1017 2850 lO.
1055 2823 1074 2838 ³¹
1088 2823 1119 2850 IV
1138 2827 1208 2858 Reg.

777 2877 778 2881 η
795 2860 905 2890 x1v,i6.
962 2859 982 2874 ³⁷
996 2858 1074 2886 Joau.
1091 2867 1146 2890 xvi.
1167 2861 1210 2887 Ην.

972 2894 994 2909 ⁸³
1010 2895 1075 2921 ibid.

1017 2315 1103 2336 strum
1122 2312 1346 2338 resurrectionem
1360 2311 1441 2337 simul
1457 2318 1518 2337 cum
1535 2311 1644 2337 Christo
1656 2311 1766 2337 molttur
1778 2316 1803 2337 ct

1016 2355 1099 2382 efﬁcit
1113 2375 1120 2387 ,
1140 2355 1368 2388 quemadmodum
1382 2357 1524 2382 conﬁrmat
1539 2355 1622 2382 David
1638 2355 1680 2382 his
1696 2356 1802 2382 verbis:

1020 2399 1132 2426 Emitte;
1149 2400 1278 2434 Spiritum
1293 2407 1378 2432 tuum,
1402 2405 1424 2426 ct
1440 2401 1606 2432 creabuutur,
1622 2406 1646 2427 et
1670 2401 1804 2427 renovabis

1016 2447 1109 2475 facium
1128 2446 1242 2473 terno”.
1254 2446 1357 2473 Etenim
1372 2447 1489 2480 Spiritus
1502 2451 1622 2479 sanctus,
1639 2454 1682 2474 res
1699 2452 1804 2473 creatas

1020 2491 1052 2518 ad
1076 2492 1303 2518 immortalitatem
1330 2497 1450 2518 renovat.
1473 2491 1524 2518 Per
1535 2492 1803 2519 etnissiouemautem

1020 2538 1139 2572 Spiritus
1151 2556 1159 2570 ,
1186 2537 1270 2564 David
1283 2537 1342 2572 ejus
1355 2537 1388 2564 ad
1405 2537 1540 2572 agendum
1560 2537 1752 2564 detnissionem
1765 2537 1805 2564 in-

1022 2584 1126 2618 telligit,
1143 2591 1196 2610 non
1211 2584 1292 2610 οισι-ο
1307 2583 1341 2610 ad
1357 2583 1390 2610 lot
1401 2591 1446 2610 um
1463 2583 1672 2618 migrationem:
1689 2583 1805 2618 Spiritus

1020 2631 1088 2657 enim
1108 2630 1214 2656 Domini
1232 2629 1337 2663 replevit
1347 2630 1434 2655 orbem
1451 2634 1581 2655 terrarum
1592 2629 1624 2656 ⁸⁸.
1641 2629 1710 2661 Quin
1724 2630 1804 2655 etiarn

1023 2675 1140 2710 Spiritus
1157 2680 1268 2702 sanctus
1285 2675 1452 2709 spirituaiem
1484 2682 1531 2709 per
1554 2674 1716 2709 baptismum
1730 2682 1799 2709 reges

1023 2723 1188 2748 iterationem
1199 2720 1293 2749 efﬁcit.
1310 2721 1394 2756 ilujus
1407 2721 1444 2748 rei
1459 2721 1569 2748 minime
1580 2719 1694 2747 mendax
1709 2720 1754 2747 ille
1766 2725 1804 2747 te-

1055 2823 1074 2838 “
1088 2823 1119 2850 IV
1138 2824 1310 2858 Reg.u,16.
1349 2825 1371 2839 ⁸¹
1390 2824 1442 2851 ibid
1454 2845 1461 2857 ,
1474 2824 1502 2852 9.

1259 2860 1280 2875 "‘
1302 2859 1455 2892 Matth.xu,
1477 2860 1516 2886 5i.

1114 2896 1136 2910 ”
1147 2895 1240 2923 Matth.
1254 2903 1280 2928 ιι,
1293 2895 1337 2922 20.

1541 2825 1563 2841 ³³
1576 2825 1646 2852 Psal.
1657 2832 1741 2857 chtI,
1759 2823 1804 2851 l0.

1555 2860 1576 2875 ”
1597 2859 1674 2887 Joan.
1695 2867 1757 2891 xvn,
1778 2861 1804 2886 4.

1375 2896 1398 2910 ⁴⁵
1406 2895 1478 2923 Psal.
1491 2895 1600 2927 Cttl,30.
1640 2895 1661 2910 ’⁸⁸
1677 2894 1741 2928 Stlp.
1753 2895 1804 2927 t,7.
