2058 3159
270 227 339 259 1475

976 222 1166 253 ADDENDA.

1824 221 1895 253 “76

270 284 319 311 stis
337 287 389 315 est,
407 282 452 317 qui
471 281 570 308 minari
596 281 648 308 hoc
670 287 796 307 sermone
825 286 892 306 usus
910 284 951 306 est
971 286 979 305 :
1002 279 1053 305 nisi
1070 281 1091 308 Α
1107 286 1161 310 ros,
1178 277 1202 304 id
1213 284 1265 310 est,
1282 277 1399 304 fructum
1416 277 1495 309 mori,
1515 268 1545 304 iet
1559 277 1712 304 comedere.
1726 276 1790 309 Qum
1806 281 1895 303 autem

270 330 326 363 quis
343 335 451 361 superne
468 335 545 354 nurus
560 326 650 360 fuerit,
670 334 720 352 non
743 330 827 359 potest
847 325 932 352 ridere
949 332 1058 358 regnum

272 374 316 400 Dei
333 373 366 401 ⁸⁷.
383 374 475 407 Neque
488 373 560 399 enim
574 373 717 407 quisquam
742 372 852 399 cmleste
877 379 990 405 regnum
1013 377 1059 396 ac-

271 424 397 454 cepturus
412 424 462 451 est,
479 419 531 445 nisi
555 426 569 444 ει
587 419 667 452 priori
693 422 719 444 ct
734 417 836 444 carnali
860 416 1058 450 procreatione,

271 473 328 499 qua:
343 469 425 491 noctu
444 469 526 498 atque
542 464 568 490 in
590 463 707 490 tenebris
728 463 834 490 initium
858 462 967 496 accipit,
987 461 1060 495 pori-

271 510 366 536 ﬁcatus
382 509 471 536 fuerit.
489 508 585 543 (Noctu
615 509 685 535 enim
705 513 735 534 ut
756 508 902 542 plurimum
921 507 1059 533 Venereus

271 562 432 589 congressus
447 560 472 581 et
488 555 600 581 seminis
615 555 711 588 eiectio
722 553 878 587 contingit.)
907 553 938 579 Et
949 553 1057 587 quidem

271 601 305 627 ab
317 600 366 626 bac
381 599 490 626 sordida
502 604 530 626 et
540 600 656 626 obscena
672 605 752 634 atque
765 599 911 633 caliglnosa
924 599 1061 625 creatione

271 646 366 672 lucida:
382 645 544 679 diurnreque
567 644 639 671 illius
656 644 839 678 generationis
859 651 941 677 opera
963 644 1061 670 lustra-

272 698 315 718 tus
333 690 425 723 fuerit,
445 691 523 725 cujus
545 690 709 716 mentionem
732 689 797 716 facit
818 689 901 715 David
927 689 960 715 de
979 688 1061 722 justis

272 740 413 771 loquens:
433 735 481 762 Die
509 735 697 769 formabuntur
714 735 747 766 ⁸⁸,
779 735 804 761 id
828 739 880 767 est,
905 734 932 760 in
962 734 1062 761 lumine

272 782 361 809 sancti
379 781 510 816 Spiritus.
525 782 615 807 Porro
630 781 727 808 diurna
745 782 817 807 lictto
830 785 858 806 et
878 780 992 811 ert-alio,
1008 787 1062 806 non

275 826 358 852 modo
375 826 609 858 regenerationem
624 833 694 857 eam,
710 833 792 860 quam
807 825 959 859 baptismus
973 824 1060 855 all'ert,

273 871 417 906 signiﬁcat,
432 871 478 897 sed
494 871 575 897 etiam
589 871 775 905 purgationem
790 871 875 901 illam,
895 878 955 904 quir
979 870 1062 897 virtu-

273 918 344 944 tibus
358 921 542 951 comparatur.
554 917 642 951 Atque
658 922 801 951 utramque
827 916 924 943 barum
945 916 1062 942 creatioa

274 971 338 990 num
352 964 403 990 sibi
417 963 466 996 ipsi
481 963 596 997 quisque
611 963 697 997 ﬁngit,
714 963 766 989 hoc
780 967 832 994 est,
850 967 946 996 suopte
963 969 1063 996 propo-

273 1010 326 1037 sito
347 1009 488 1044 animique
501 1009 648 1036 voluntate.
663 1009 729 1035 Nam
751 1012 779 1035 et
804 1008 931 1042 baptismi
955 1008 1066 1042 regene-

275 1057 346 1083 ratio
364 1056 458 1087 libera,
472 1055 590 1089 ejus,qui
603 1055 765 1089 baptizatur,
781 1055 930 1086 voluntate,
954 1062 985 1080 ac
997 1055 1064 1080 citra

274 1103 326 1128 vitii
337 1102 474 1136 peragitur
489 1100 525 1136 (et
537 1105 678 1135 propterea
690 1104 791 1135 patres,
803 1106 848 1127 aut
858 1100 958 1134 alioqui
971 1100 1066 1126 artlncs

273 1154 300 1176 ct
313 1149 471 1180 necessarii,
490 1148 636 1175 infantium
653 1148 714 1175 loco
735 1147 952 1182 interrogantur)
967 1150 994 1173 et
1008 1152 1063 1172 mo-

275 1202 335 1220 rum
349 1194 492 1221 instructio
506 1194 599 1220 itidem
612 1193 766 1220 voluntaria
775 1197 827 1220 est.
845 1192 970 1218 Fortasse
983 1191 1064 1218 etiam

275 1240 346 1273 quod
364 1239 411 1270 ait.
425 1247 472 1271 per
485 1246 551 1268 sese,
571 1246 624 1265 non
641 1239 729 1265 solum
746 1238 797 1264 hoc
806 1236 950 1271 signiﬁcat,
963 1242 1066 1263 utrun-

275 1293 329 1318 que
345 1293 400 1311 rem
428 1292 443 1311 a
475 1285 560 1311 libera
581 1285 719 1311 voluntate
733 1283 866 1318 proﬁcisci
887 1291 892 1309 :
912 1282 958 1309 sed
983 1282 1064 1308 etiam

275 1330 349 1364 quod
367 1335 463 1357 neutra
495 1330 590 1356 barum
611 1337 761 1363 congressu
789 1328 844 1354 ullo
866 1333 891 1354 ct
921 1334 1065 1361 corporum

276 1375 471 1409 conjunctione
489 1374 608 1408 indigeat
623 1394 629 1405 ,
646 1373 875 1408 quemadmodum
888 1373 914 1398 in
932 1371 1065 1406 corporali

278 1421 463 1455 procreationc
478 1421 622 1454 contingit.

313 1465 384 1491 Ibid.
405 1464 455 1490 llic
471 1464 597 1498 Spiritus,
613 1469 704 1498 utpote
718 1463 942 1497 sapientissimus,
959 1466 1010 1489 etc.
1023 1462 1067 1488 Ait

276 1511 394 1545 qundam
413 1513 470 1537 loco
485 1510 615 1537 Salomon
635 1519 641 1536 τ
666 1509 810 1536 Hominum
827 1517 920 1535 amans
937 1508 1066 1542 Spiritus,

275 1556 404 1589 sapientia
420 1556 453 1582 ⁸³.
478 1555 533 1582 lloe
552 1556 634 1590 igitur
655 1563 702 1589 per
721 1556 900 1589 paraplirasiu
925 1554 1066 1587 explicans

277 1601 441 1636 Tlteologus,
463 1601 594 1636 Spiritum
608 1606 733 1628 sanctum
752 1609 803 1627 non
815 1601 895 1627 modo
918 1600 1062 1634 sapientis-
1078 1614 1100 1642 α

276 1647 388 1679 simum.
406 1648 453 1674 sed
483 1647 564 1674 etiam
591 1647 623 1673 ad
644 1647 775 1673 beneticia
794 1647 881 1673 danda
896 1646 1065 1680 promptissi-

279 1701 351 1719 mmn
381 1701 444 1719 esse
470 1692 545 1719 dicit.
570 1693 657 1725 Mque
678 1696 706 1719 ut
732 1692 820 1726 ipsius
849 1693 1009 1727 sapientiam
1040 1698 1067 1720 et

277 1739 470 1774 benignitatem
484 1738 622 1772 priedicet,
637 1738 758 1765 ostendit
768 1745 823 1772 quo
837 1739 916 1764 modo
931 1744 1064 1772 pastorem

279 1789 305 1811 et
331 1785 496 1819 caprarium,
525 1789 552 1811 et
571 1784 783 1816 adolescentem,
811 1789 836 1811 et
858 1785 1017 1818 piscatores.
1040 1790 1066 1811 et

278 1830 446 1864 publicanos,
461 1835 487 1857 et
497 1834 694 1864 persecutores,
709 1835 802 1865 atque,
815 1835 844 1857 ut
859 1837 913 1856 uno
928 1831 1010 1856 verbo
1026 1830 1068 1857 di-

279 1883 350 1905 ram,
373 1883 421 1902 eos
437 1876 483 1909 qui
499 1880 609 1910 propter
633 1875 776 1907 vilitatem,
798 1879 844 1901 aut
861 1875 941 1901 etiam
960 1881 1066 1900 morum

278 1921 491 1954 improbitatem,
519 1920 624 1955 indigni
642 1920 729 1947 videri
752 1926 885 1955 poterant,
903 1920 997 1953 gratiis
1010 1920 1068 1947 suis

279 1968 430 1993 ornaverit.
463 1963 602 1993 Caeterum
625 1966 739 2000 Spiritui
772 1971 871 1993 sancto
912 1966 1066 2000 hujusmodi

279 2011 419 2045 privilegia
445 2011 571 2046 privatim
592 2011 724 2044 attribuit,
763 2012 827 2045 quia
851 2011 970 2045 Spiritus
996 2011 1068 2038 dona

279 2061 352 2084 sunt.
366 2056 404 2082 Ac
418 2056 547 2083 Davidetu
569 2057 679 2090 quidem
698 2062 833 2091 pastorem
862 2057 977 2088 vocavit,
1000 2065 1068 2092 quo—

281 2102 353 2129 niam
377 2102 446 2129 Deus
461 2110 494 2128 ex
507 2103 598 2128 ovium
616 2102 743 2136 gregibus
753 2107 779 2128 et
796 2104 928 2129 armentis
944 2110 1004 2129 eum
1021 2111 1068 2130 ac-

281 2147 364 2180 cepit,
383 2145 596 2180 Judzeorumque
618 2153 701 2179 regno
728 2146 870 2179 praefecit:
886 2147 1067 2173 citharoedum

281 2197 383 2224 autem,
397 2196 426 2217 ut
447 2191 550 2217 cithara
574 2191 744 2224 psallentem,
761 2199 928 2225 pravumque
944 2191 1069 2227 spiritum

280 2238 478 2268 etdwuonem,
496 2237 541 2271 qui
560 2236 668 2263 Saulem
684 2236 857 2270 prtel'ocabat.
871 2237 1068 2271 incantantem,

1110 321 1143 347 de
1155 320 1319 355 presbyteris
1329 325 1525 347 commemorat
1543 321 1568 347 in
1585 320 1702 348 Danielis
1716 320 1784 346 libro
1798 322 1895 354 scripta

1111 370 1191 392 sunt:
1205 365 1261 399 (55)
1276 370 1357 400 atquc
1369 365 1580 396 adolescentem.
1591 371 1617 392 et
1629 366 1735 395 animo,
1747 370 1772 391 et
1782 372 1895 398 corpore

1111 410 1261 443 elegantem
1274 411 1429 445 Tlteologus
1443 410 1583 437 Danielem
1600 411 1735 442 nominat,
1758 410 1804 444 qui
1834 416 1896 436 ante

1111 455 1231 482 adultam
1267 461 1372 482 tetatem
1405 455 1478 490 (nam
1501 460 1557 482 tum
1588 455 1779 482 duodecimum
1809 456 1897 481 mtatis

1111 495 1329 535 atiuum‘agebat)
1338 501 1419 535 judex
1430 501 1649 536 presbyterorum
1663 501 1742 527 sedit.
1752 500 1796 527 Bis
1806 507 1898 526 autem

1112 547 1138 574 in
1154 548 1243 574 lacum
1263 548 1372 574 leonum
1391 548 1511 580 injectus
1526 552 1567 574 est
1581 546 1685 577 Daniel,
1702 547 1777 580 prius
1787 546 1898 581 quidem

1111 593 1162 619 sub
1176 593 1267 623 Dario,
1284 593 1414 626 quoniam
1431 593 1564 619 ctenaeuli
1596 591 1724 618 fenestris
1749 599 1764 617 e
1790 591 1901 625 regione

1110 638 1263 665 Jerusalem
1293 640 1405 673 apertis,
1440 639 1578 665 orationes
1603 639 1636 664 ad
1671 637 1754 664 Deum
1785 637 1901 663 fundens

1113 685 1240 712 inventus
1261 684 1350 711 fuerat
1367 693 1373 710 :
1392 692 1454 711 cum
1469 685 1560 711 edicto
1575 684 1682 718 publico
1699 683 1899 717 promulgatum

1113 735 1196 761 esset,
1217 730 1343 763 quisquis
1356 730 1425 756 intra
1445 730 1615 756 tricesimum
1635 729 1718 760 diem,
1739 728 1782 755 vel
1797 728 1832 754 ab
1851 727 1899 754 hoc

1113 776 1197 807 mine,
1215 776 1256 801 vcl
1279 782 1294 801 a
1312 774 1377 806 Deo,
1406 779 1586 809 praterquam
1605 782 1619 801 a
1651 781 1722 808 rogo,
1754 773 1899 807 quisquam

1114 820 1287 854 postulasset,
1319 827 1381 846 eum
1411 819 1438 844 in
1463 819 1551 845 lacum
1569 818 1677 844 leonum
1698 816 1827 849 injectum
1855 815 1899 842 iri.

1114 863 1254 891 Posterius
1272 864 1323 890 sub
1338 863 1417 898 Cyro,
1436 869 1497 889 cuin
1520 861 1590 888 Belis
1606 866 1722 887 statuam
1750 858 1857 886 evertit.
1875 861 1901 882 ct

1114 911 1271 941 draconem,
1296 910 1341 944 qui
1359 915 1466 935 summa
1483 907 1613 941 religione
1629 913 1644 932 a
1660 904 1816 939 Babyloniis
1827 902 1902 929 cole-

1076 944 1101 973 B
1117 956 1208 988 batur,
1236 955 1374 982 interemit
1390 964 1397 981 :
1416 961 1471 988 quo
1503 952 1585 980 etiam
1600 957 1734 985 tempore
1764 948 1901 978 llabacuc,

1117 1001 1214 1036 capitis
1231 1001 1290 1034 ejus
1309 1000 1409 1026 vertice
1423 999 1458 1025 ab
1473 998 1568 1033 angelo
1579 1002 1700 1030 arrepto.
1713 995 1840 1023 sublimis
1856 1002 1903 1028 per

1117 1055 1207 1074 acrem
1230 1055 1245 1073 a
1272 1046 1357 1073 Judeu
1374 1046 1400 1072 in
1432 1045 1594 1079 Babylonem
1629 1042 1771 1078 prandium
1799 1039 1902 1067 Danieli

1117 1095 1247 1129 portavit,
1261 1093 1410 1126 statimque
1424 1091 1525 1118 Judzcaa
1542 1090 1684 1117 restitutus
1697 1092 1749 1115 est.
1767 1086 1902 1113 Hactenus

1116 1141 1151 1166 de
1173 1139 1292 1166 Daniele.
1313 1138 1391 1164 Nunc
1418 1137 1450 1164 ad
1467 1141 1570 1163 textum
1589 1135 1753 1161 redeamus:
1782 1131 1901 1167 Spiritus

1116 1189 1238 1216 sanctus,
1270 1184 1368 1218 inquit,
1390 1183 1412 1210 si
1436 1183 1587 1217 piscatores
1613 1180 1758 1211 inventi-it,
1789 1178 1902 1204 Domino

1117 1231 1190 1265 ipsiis
1202 1230 1371 1264 cxpiscatnr,
1392 1233 1421 1254 ut
1438 1235 1535 1254 rursus
1554 1227 1603 1261 ipsi
1619 1225 1756 1253 sermonis
1785 1224 1900 1254 retibus,

1118 1276 1144 1302 id
1159 1281 1210 1306 cst,
1226 1276 1384 1310 evangelica
1410 1273 1616 1308 praedicatione,
1635 1280 1694 1306 qua:
1724 1270 1792 1298 retis
1817 1271 1902 1296 instar

1116 1331 1149 1350 ex
1168 1322 1256 1349 Veteri
1274 1329 1305 1347 ac
1317 1321 1392 1347 Novo
1404 1319 1580 1346 Testamento
1598 1322 1724 1345 contexta
1753 1322 1804 1349 est,
1825 1323 1902 1342 mun-

1117 1370 1181 1396 dum
1204 1368 1360 1394 universum
1376 1367 1526 1401 piscentur.
1545 1365 1604 1392 Jam
1635 1372 1700 1391 vero
1719 1362 1850 1390 Jacobum
1876 1365 1902 1388 et

1117 1415 1248 1443 Joannem
1265 1414 1391 1441 Christus
1406 1412 1542 1445 Banerges
1553 1410 1714 1442 nominarit,
1730 1410 1755 1436 id
1768 1414 1819 1440 est,
1834 1408 1902 1434 lilio;

1117 1461 1233 1489 touitrui
1253 1461 1286 1486 ⁸³.
1303 1460 1385 1486 l‘orro
1407 1466 1579 1492 nequaquam
1594 1465 1608 1483 a
1624 1457 1714 1490 scipso
1731 1456 1776 1482 Dei
1792 1455 1901 1489 sapien-

1119 1509 1182 1535 tiam
1203 1512 1281 1534 norat
1307 1505 1438 1536 Joannes.
1452 1505 1499 1531 sed
1523 1511 1582 1531 eam
1597 1505 1700 1530 virtute
1729 1502 1844 1536 Spiritus
1862 1506 1901 1528 est

1118 1556 1261 1580 assecutus
1280 1571 1287 1583 ,
1322 1551 1367 1584 qui
1399 1550 1486 1584 ipsius
1518 1554 1613 1583 pectus
1655 1548 1793 1583 ingressus
1823 1547 1902 1574 theo-

1118 1598 1207 1631 logum
1257 1604 1319 1624 eum
1351 1596 1481 1623 reddidit.
1509 1595 1598 1622 Verba
1624 1595 1696 1622 enim
1729 1596 1765 1621 ita
1791 1593 1903 1628 grandia

1118 1643 1276 1677 prolocutus
1293 1646 1344 1673 est,
1365 1647 1394 1669 ut
1426 1642 1458 1669 ad
1484 1649 1514 1668 ea
1539 1642 1612 1668 milia
1634 1641 1764 1675 sapientia
1784 1641 1905 1674 aspirare

1117 1695 1210 1724 queat.
1231 1689 1280 1716 llic
1310 1689 1429 1724 Spiritus
1454 1692 1566 1716 sanctus
1589 1687 1696 1714 etiamsi
1726 1687 1902 1721 publicanum

1117 1735 1253 1769 acceperit
1282 1736 1305 1751 "
1332 1735 1413 1761 modo
1456 1734 1506 1761 title
1540 1734 1694 1768 pra-diluta,
1724 1733 1812 1767 qualis
1844 1735 1905 1758 erat

1119 1781 1274 1811 Mattbzcus,
1292 1780 1489 1814 evangelistam
1515 1784 1601 1810 creat,
1621 1787 1670 1805 nec
1694 1779 1748 1813 jam
1772 1778 1903 1812 pecunia-

1120 1835 1192 1859 rum,
1206 1827 1252 1853 sed
1271 1826 1424 1852 animarum
1445 1826 1639 1859 negotiatorem
1656 1823 1751 1850 efﬁcit.
1768 1822 1796 1850 Si
1811 1831 1904 1858 perse-

1118 1878 1241 1900 cutorem
1252 1871 1386 1898 invenerit
1395 1871 1600 1904 resipisconlem
1611 1870 1731 1904 gentium
1751 1870 1902 1903 apostolum

1120 1917 1217 1946 reddit.
1228 1916 1288 1943 lidci
1302 1923 1466 1950 prieconcm,
1480 1923 1527 1942 vas
1543 1915 1685 1942 electionis
1704 1915 1727 1930 "
1743 1922 1775 1941 ac
1786 1914 1904 1948 denique

1118 1962 1233 1989 Paulum
1249 1969 1297 1996 pro
1317 1960 1412 1993 Saulo,
1430 1962 1481 1988 hoc
1495 1966 1547 1992 est,
1565 1968 1614 1995 pro
1625 1968 1657 1987 eo
1668 1961 1739 1995 quod
1754 1960 1902 1988 Ecclesiam

1119 2009 1223 2043 agitare
1243 2012 1270 2034 et
1284 2015 1458 2034 commovere
1473 2007 1588 2039 solebat,
1614 2007 1736 2042 requiem
1762 2007 1811 2041 ipsi
1829 2012 1905 2033 trau-

1119 2055 1338 2090 quillitatemque
1354 2059 1559 2088 procurantem,
1584 2057 1695 2089 tamque
1724 2053 1756 2080 ad
1777 2053 1902 2088 pietatem

1120 2107 1211 2126 aerem
1228 2103 1255 2126 et
1284 2099 1445 2131 ferventem,
1467 2106 1550 2132 quam
1580 2098 1614 2124 ad
1634 2099 1728 2125 vitium
1753 2098 1902 2129 invenerat,

1120 2150 1201 2179 atque
1209 2149 1361 2179 acceperat.
1374 2143 1467 2172 Zetum
1477 2144 1561 2176 enim,
1571 2151 1626 2178 quo
1642 2145 1674 2171 ad
1688 2145 1904 2178 persecutionem

1121 2191 1269 2222 ferebatur,
1284 2191 1317 2218 ad
1340 2191 1465 2224 pietatem
1485 2192 1635 2219 transtulit.
1666 2191 1717 2219 [lic
1741 2197 1769 2218 et
1789 2191 1909 2219 lenitatis

1121 2243 1162 2264 est
1175 2237 1295 2271 Spiritus
1305 2238 1352 2272 (ait
1365 2239 1438 2265 enim
1455 2238 1553 2267 Paulus
1569 2239 1602 2265 de
1609 2246 1652 2269 eo,
1661 2238 1708 2272 qui
1719 2244 1907 2272 prteocupatus

280 2281 508 2316 quemadmodum
530 2282 617 2316 primo
648 2282 716 2308 libro
735 2282 837 2317 Regum
853 2283 999 2317 sproditum
1015 2284 1062 2311 lia-
1083 2283 1104 2311 Ι)
1120 2287 1161 2309 est
1183 2283 1209 2309 in
1228 2284 1322 2317 aliquo
1346 2285 1446 2311 tlelicto
1465 2292 1471 2310 :
1499 2283 1558 2311 νοε.
1577 2285 1622 2318 qui
1651 2285 1804 2319 rpiritualcs
1831 2286 1908 2316 estis,

280 2327 370 2354 betur.
385 2327 471 2354 Amos
485 2333 575 2354 autem
589 2328 731 2361 caprarius
747 2333 816 2359 erat,
839 2333 869 2355 ut
887 2328 944 2363 ipse
961 2336 1068 2364 quoque

279 2374 314 2400 de
340 2381 371 2400 se
386 2377 501 2400 testatur
517 2381 524 2399 :
542 2372 603 2399 Non
625 2381 709 2406 eram,
735 2373 832 2408 inquit,
858 2374 983 2409 propheta
1010 2382 1066 2409 ego,

280 2425 325 2443 nec
363 2417 435 2452 ﬁlius
462 2417 604 2452 prop/leid},
632 2419 677 2444 sed
705 2420 840 2452 capraritte
883 2427 956 2446 eram
981 2428 1068 2446 moros

280 2462 391 2495 vellem,
420 2467 443 2489 et
457 2463 569 2498 suscepit
595 2471 634 2489 me
658 2463 787 2491 Dominus
802 2465 836 2492 '°.
858 2466 959 2497 κνὶζειν
976 2471 1067 2493 autem

281 2508 364 2543 (quod
389 2516 479 2542 capere
502 2509 632 2536 vertimus
666 2510 736 2537 idem
768 2515 808 2537 est
828 2511 900 2544 quod
928 2519 1066 2538 mororum

280 2555 342 2580 l'olia
355 2555 513 2581 abscindere
521 2556 554 2582 ad
567 2563 710 2590 caprarum
726 2556 894 2584 alimoniam.
905 2557 972 2583 Sunt
982 2558 1063 2584 etiam

280 2600 325 2634 qui
341 2604 436 2634 putent
450 2601 501 2628 hoc
515 2601 627 2628 verbum
647 2602 716 2628 idem
732 2609 802 2634 esse,
815 2603 884 2637 quod
901 2611 1065 2638 perpurgare

280 2649 307 2672 et
318 2653 414 2672 curare
433 2647 588 2680 bujusmodi
601 2647 731 2679 arbores,
748 2647 837 2674 cibum
856 2649 981 2683 gregibus
998 2658 1066 2683 sup-

281 2692 444 2726 peditantes.
470 2692 588 2727 Cyl-illus
612 2698 700 2720 autem
716 2694 826 2727 exponit
840 2695 995 2721 abscindere
1011 2703 1066 2721 mo-

315 2770 336 2785 "
354 2769 432 2797 Joau.
448 2778 490 2802 in,
509 2771 535 2798 5.
589 2770 613 2786 ⁵⁸
626 2771 698 2799 Ρειιι.
712 2779 843 2804 εηχνιιι,
865 2772 907 2799 t6.

294 2813 330 2833 Ix.
348 2805 373 2831 9.
413 2806 436 2821 ⁸³
456 2807 516 2832 Act.
535 2814 572 2838 lx,
593 2807 638 2834 i5.
676 2807 699 2822 “
716 2806 805 2834 Galat.
822 2816 860 2838 vt,
886 2809 912 2835 1.

963 2773 986 2788 ’ν
1003 2773 1036 2799 Sa

1042 2782 1066 2808 p.
1086 2782 1104 2805 ι,
1118 2773 1144 2799 ὓ.

951 2808 973 2823 ⁵⁵
987 2809 1049 2834 Cor.
1068 2816 1105 2840 ιν,
1122 2809 1167 2835 21.

1118 2330 1242 2356 iustruite
1259 2329 1411 2364 Itttjumodi
1430 2331 1561 2357 hominem
1579 2332 1606 2357 iu
1627 2330 1729 2365 Spiritu
1746 2331 1861 2357 lenitati:
1872 2331 1906 2357 “.

1118 2376 1149 2403 Et
1165 2384 1282 2403 rursus:
1300 2377 1371 2408 Quid
1387 2376 1489 2403 vultis?
1505 2377 1532 2402 iu
1547 2377 1620 2410 virga
1635 2379 1737 2403 veniam
1754 2377 1788 2403 ad
1801 2385 1854 2407 nos,
1872 2385 1906 2402 an

1118 2422 1143 2448 in
1159 2421 1288 2447 cltaritatc
1305 2428 1327 2447 et
1344 2421 1445 2455 Spiritu
1462 2422 1579 2448 lenitatis
1594 2423 1628 2453 ",
1644 2427 1671 2449 et
1685 2427 1773 2448 tamen
1794 2422 1819 2448 in
1848 2431 1906 2452 eos,

1118 2467 1164 2501 qui
1181 2471 1306 2501 peccant,
1327 2468 1479 2496 incitatur:
1510 2467 1567 2503 Ipsi
1585 2469 1668 2499 enirn,
1693 2469 1792 2502 inquit,
1813 2467 1908 2500 Isaias,

1121 2517 1285 2540 contumaces
1299 2513 1415 2547 fuerunt.
1434 2520 1458 2540 et
1472 2512 1602 2547 Spiritum
1617 2519 1738 2540 sanctum
1765 2514 1846 2548 ipsius
1873 2515 1908 2538 ad

1119 2559 1284 2584 iracundiam
1298 2565 1471 2592 prouocurunt
1481 2560 1516 2586 ".
1528 2560 1587 2586 Non
1597 2560 1669 2594 quod
1682 2567 1774 2586 revera
1790 2559 1909 2593 Spiritus

1119 2603 1160 2630 ira
1175 2611 1379 2630 commoveatur
1397 2608 1458 2639 (nec
1473 2606 1545 2632 enim
1562 2606 1589 2632 in
1612 2605 1697 2632 Deum
1720 2605 1834 2632 affectus
1858 2613 1906 2631 ca-

1119 2650 1261 2684 dunt)sed
1280 2650 1343 2684 quia
1370 2650 1518 2685 Scriptura:
1546 2652 1679 2678 familiare
1708 2656 1761 2684 cst,
1789 2652 1908 2678 humano

1121 2703 1196 2721 more
1213 2696 1238 2721 in
1253 2695 1343 2722 divina
1376 2701 1473 2724 natura
1500 2705 1545 2725 res
1573 2697 1731 2732 hujusmodi
1760 2697 1908 2724 informare

1200 2774 1222 2789 ³ο
1240 2775 1321 2800 Amos
1339 2783 1374 2805 vt,
1395 2775 1438 2802 15.

1493 2776 1514 2792 ¹¹
1529 2776 1613 2804 Marc.
1631 2785 1671 2809 ιιι,
1690 2777 1734 2804 Π.

1206 2809 1228 2825 ⁵⁵
1242 2809 1294 2836 lsa.
1306 2817 1383 2842 thtt,
1405 2811 1449 2837 l0.

1771 2777 1794 2792 "
1812 2777 1904 2803 Matth.

316 2882 444 2924 (55)“lloc
472 2884 532 2924 loco
550 2885 658 2924 Nicetas
677 2885 811 2913 Susanna:
824 2885 966 2912 historiam
980 2885 1118 2913 t‘usissime
1144 2887 1420 2922 proscquitur,quam
1449 2897 1509 2922 nos,
1535 2894 1588 2916 uto
1602 2909 1605 2914 .
1619 2889 1699 2918 nibus
1726 2890 1906 2924 notissimam,

283 2918 486 2944 transzlicntlam
512 2921 650 2946 duximus.
