2058 3159
195 239 257 270 ί4ἰ7

665 241 825 272 ΝΙΟΕΤΛΞ
848 241 887 271 IN
908 241 1019 271 ORAT.
1041 241 1130 271 XLIV
1151 241 1179 272 S.
1203 243 1314 273 GREG.

1742 243 1809 276 1478

189 302 270 330 :t'que
286 297 412 331 ﬁgurare.
437 296 621 324 Contitcamur
653 306 718 332 ergo
746 297 864 332 Spiritus
890 298 974 324 sancti
991 301 1012 328 Λ
1028 297 1117 324 atIlatu
1135 298 1302 325 audientium
1320 298 1419 334 linguis
1442 300 1596 335 loquentes.
1615 299 1810 336 Unusquisque

189 343 356 375 dignitatem,
374 343 399 369 id
418 347 468 373 cst,
486 343 555 376 quod
573 343 694 377 cjuslent
714 343 748 369 sil.
767 350 829 369 cum
853 341 932 369 Patre
945 346 972 369 et

189 387 259 414 Filio
286 389 454 421 substantire,
479 389 607 423 quodque
632 390 666 415 sit
693 388 784 421 Deus,‘
796 396 829 415 ne
846 389 975 423 implaca-

189 433 279 460 biliter
296 433 456 461 irascentem
473 441 534 461 eum
553 434 644 461 videre
658 434 784 462 velimus.
801 434 869 461 Nam
885 433 930 468 qui
945 434 973 460 in

189 479 319 513 Spiritum
337 486 461 507 sanctum
489 480 727 515 blasphcmaverit,
744 480 804 507 huic
821 487 890 514 nuta
920 487 973 506 tton

188 526 350 552 remittetur.
371 526 419 553 llic
436 534 477 553 nte
493 534 602 560 quoque
630 526 727 552 fortem
751 530 778 553 et
808 515 973 560 intrepidum

187 570 408 598 concionatorcm
427 570 526 599 reddit.
546 571 634 606 Atque
651 576 766 605 utroque
783 571 892 598 nomine
919 570 973 597 Deo

187 616 221 643 sit
241 616 338 649 gratia,
354 616 410 642 sive
423 615 486 650 quid
502 616 536 643 ab
548 616 737 643 haereticorum
755 615 861 642 insidiis
876 615 973 650 patiar,

187 661 245 687 sive
261 661 341 688 ttullis
361 661 468 695 injuriis
486 653 601 688 aiticiar.
627 660 694 688 Nam
724 661 746 688 si
777 660 844 687 nihil
877 667 973 694 passus

187 706 277 739 fuero,
297 708 396 741 gratias
413 706 468 734 Deo
483 715 544 743 ago,
567 708 639 742 quod
657 707 728 734 Deus
744 707 788 740 iis,
805 707 850 742 qui
872 714 913 733 nte
930 706 973 732 in-

189 753 277 780 vismtt
295 753 403 785 habent,
430 753 591 788 pepercerit,
607 760 657 780 nec
672 760 720 781 eos
749 753 882 787 sanguine
898 759 973 779 com-

190 798 320 825 ntaculari
337 799 492 833 perntiserlt
508 807 516 826 :
540 799 582 826 sin
601 803 691 826 autem
719 806 816 833 passus
831 798 918 831 fuero,
935 798 976 824 sic

189 851 298 878 quoque
312 850 413 878 gratias
435 852 496 880 ago,
512 844 585 879 quod
606 845 657 871 hoc
673 844 738 871 mihi
757 843 936 871 institutionis
949 847 976 869 ct

190 889 322 917 doctrinae
346 890 486 924 praemium
519 890 617 922 datur,
637 894 666 916 ttt
683 897 732 924 per
749 890 892 924 sanguinis
911 896 972 923 per-

191 934 326 962 fusionem
342 936 398 962 vita
414 935 557 970 defungor.

226 980 286 1007 Col.
300 980 352 1007 450
360 981 392 1007 Α.
406 980 439 1007 At
454 989 514 1008 vero
527 981 623 1016 linguis
636 982 761 1013 externis,
775 988 805 1007 ac
821 989 871 1007 non
882 989 975 1008 verna-

189 1026 266 1059 culis,
281 1026 392 1060 apostoli
406 1026 588 1060 loquebantur,
599 1031 651 1054 etc.
661 1026 689 1053 In
704 1027 778 1054 Actis
792 1027 975 1061 apostolorum

191 1072 322 1106 scriptum
333 1076 373 1099 est
387 1081 394 1098 :
409 1071 546 1106 Carperunt
560 1072 633 1107 loqui
650 1072 711 1098 aliis
726 1073 822 1107 linguis
830 1072 864 1103 “,
883 1071 907 1098 id
923 1077 975 1105 est,

190 1117 357 1150 auditorum,
377 1125 408 1145 ac
424 1125 478 1144 non
494 1118 600 1152 patriis.
618 1117 711 1150 Neque
722 1118 793 1144 enim
809 1118 976 1144 attdientium

190 1163 298 1197 linguae,
314 1170 408 1190 eorum
423 1163 470 1198 qui
498 1163 689 1198 loquebantur,
713 1164 806 1198 patriae
822 1169 908 1191 erant.
939 1165 977 1191 Ac

191 1210 351 1236 miraculum
365 1217 395 1236 ea
408 1216 452 1236 res
465 1208 588 1241 habebat,
602 1209 674 1243 quod
684 1209 798 1242 apostoli
810 1217 975 1242 sermonem,

189 1260 268 1287 quem
281 1253 391 1279 minime
404 1253 563 1285 didicerant,
576 1253 767 1287 loquebantur,
792 1258 829 1284 et,
848 1259 878 1280 ut
905 1254 976 1287 Apo-

189 1298 275 1325 stolus
287 1298 340 1324 ait:
358 1297 465 1332 Linguw
475 1299 502 1324 in
515 1298 617 1333 signum
632 1303 707 1324 erant
721 1307 771 1325 non
783 1298 916 1332 ﬁdelibus,
929 1299 975 1325 sed

189 1344 338 1378 inﬁdelibus
351 1344 384 1376 ⁸⁸,
403 1349 432 1370 ut
447 1345 553 1378 signant
567 1344 618 1371 huc
646 1345 713 1379 ipsis
728 1345 753 1371 itt
772 1345 975 1372 accusationem

189 1391 307 1420 cederet,
324 1390 463 1424 quoniam,
479 1398 512 1416 tte
527 1391 576 1416 hoc
593 1390 703 1424 quidem
719 1391 797 1424 signo
813 1391 879 1423 viso,
897 1391 976 1417 tideut

189 1435 306 1470 amplexi
322 1440 395 1467 sunt,
409 1435 480 1462 sicut
498 1435 629 1468 scriptum
644 1441 685 1462 est
703 1445 709 1463 :
728 1433 859 1468 Quoniam
874 1436 900 1462 in
914 1436 975 1463 aliis

189 1481 284 1516 linguis
301 1481 395 1516 loquar
408 1481 441 1513 ",
461 1486 512 1508 etc.
528 1481 578 1508 Ubi
593 1488 683 1508 autem
709 1483 752 1509 ltic
770 1483 846 1509 locus
860 1483 976 1510 habetur

189 1527 400 1563 Cltrysostomus
427 1528 536 1562 quidem
565 1528 647 1555 verba
669 1529 726 1555 haec
756 1529 833 1556 lsaia:
857 1530 974 1562 tribuit;

188 1578 316 1600 cancrum
331 1573 401 1608 apud
416 1573 512 1600 lsaiattt
532 1581 585 1600 non
604 1575 788 1608 reperiuntur.
818 1574 912 1608 itaque
933 1574 975 1600 vel

188 1620 323 1647 malitiose
342 1620 466 1647 submota
483 1624 555 1651 suttt,
571 1620 611 1647 Vel
638 1622 688 1654 per"
699 1620 864 1646 oblivionem
885 1625 976 1646 trans-

189 1665 285 1692 missa.

223 1711 294 1738 lbid.
308 1710 456 1737 Audiebant
478 1716 576 1737 autem.
601 1708 695 1736 Verum
713 1709 754 1734 hic
774 1709 882 1743 paulum
910 1718 974 1736 con-

187 1758 262 1790 siste,
279 1763 333 1784 etc.
351 1757 408 1784 lloc
424 1764 533 1791 quoque
552 1763 584 1782 ex
598 1756 729 1781 Actorum
746 1755 816 1782 libro
837 1762 974 1790 Sllltipium

188 1807 231 1830 est
247 1811 254 1828 :
270 1802 400 1829 Audiebat
423 1810 470 1828 sua
487 1802 594 1836 quisque
609 1800 700 1835 lingua
727 1808 769 1827 eos
789 1801 920 1835 loquentes
940 1801 973 1826 “.

188 1849 223 1876 At
235 1848 389 1884 Theologus
407 1847 558 1879 addubitat,
578 1854 633 1881 quo
649 1851 728 1881 pacto
743 1846 906 1881 ambiguitas
925 1846 975 1873 hnc

190 1896 249 1922 loco
269 1901 415 1921 occurrens
435 1892 624 1926 distinguenda
642 1897 669 1919 et
695 1891 824 1918 solvenda
841 1891 886 1924 sit,
915 1898 975 1924 qua:

188 1940 407 1974 interpunctioue
422 1938 559 1970 dividitur,
577 1937 665 1969 idest,
685 1937 860 1968 discernitur,
892 1943 975 1970 atque

188 1985 356 2012 dissolvitur.
375 1983 529 2017 Propositis
542 1982 644 2017 itaque,
660 1990 708 2017 per
722 1981 973 2016 interrogationem,

189 2030 293 2057 duabus
306 2029 498 2062 solutionibus,
508 2028 634 2056 secunda:
649 2028 783 2055 calculum
793 2035 874 2055 suum
887 2027 972 2053 addit:

191 2075 286 2103 Utrum
302 2075 386 2106 enim,
397 2075 497 2109 inquit,
513 2082 566 2102 una
578 2074 688 2109 quidem
711 2073 861 2107 eademque
882 2074 974 2108 lingua

189 2121 371 2156 loquebantur
400 2119 524 2155 apostoli,
558 2127 651 2147 verum
679 2119 854 2146 audientibus
882 2119 974 2145 multa:

188 2167 299 2197 ﬁebant,
318 2171 373 2193 tum
384 2169 494 2200 propter
508 2165 580 2192 aeris
596 2165 749 2200 strepitum,
765 2170 821 2191 tum
834 2165 905 2199 quod
915 2164 975 2198 qui-

189 2212 254 2238 libet
268 2211 420 2238 auditorunt
438 2211 557 2245 linguam
575 2218 652 2238 suam
673 2210 845 2237 secerneret?
857 2210 898 2236 An
911 2217 974 2237 vero

188 2263 317 2292 punctum
333 2262 483 2284 statuemus
494 2257 521 2283 itt
532 2256 627 2288 verbo,
637 2256 787 2289 audiebant,
801 2257 857 2283 haec
871 2261 972 2289 autem,

1026 344 1098 372 enim
1117 344 1236 378 tinguant
1256 352 1333 372 suam
1350 346 1475 379 audiens,
1492 354 1523 373 ac
1547 346 1644 374 videns
1673 348 1811 381 apostolos

1026 397 1079 416 non
1093 389 1173 416 modo
1189 389 1221 416 ad
1230 397 1270 421 se,
1285 390 1330 417 scd
1339 391 1420 418 etiam
1434 392 1466 418 ad
1481 391 1559 423 alios,
1571 393 1745 426 quiexterna:
1757 392 1811 419 lin-

1025 441 1084 468 gua:
1096 439 1184 468 erant,
1201 435 1282 463 verba
1299 436 1441 470 facientes,
1468 437 1552 464 attimi
1568 438 1726 473 vertiginem
1745 438 1811 472 ipsis

1025 487 1057 506 ac
1075 480 1195 508 furorem
1210 481 1365 516 objicicbat,
1381 484 1507 518 quoniam
1528 483 1561 510 ab
1581 483 1615 510 iis
1630 483 1675 518 qui
1691 488 1811 510 externze

1026 527 1144 560 regionis
1157 531 1245 560 crant,
1257 529 1441 562 apostolorum
1457 530 1605 556 orationem
1622 529 1734 556 minime
1762 537 1812 556 au-

1025 570 1077 597 diri
1093 572 1298 600 existimabant.

1063 616 1130 643 Ibid.
1147 617 1179 644 C.
1206 618 1365 652 Quanquam
1392 624 1480 646 autent
1502 619 1655 650 laudabilis,
1669 624 1721 646 etc.
1745 618 1811 645 Eam

1027 670 1135 697 quoque
1160 663 1310 700 linguarum
1342 665 1502 692 divisionem
1533 665 1625 692 laudat
1653 664 1810 699 Gregorius,

1028 717 1088 744 qua:
1102 710 1128 736 in
1144 709 1315 745 Babylonica:
1341 711 1424 737 turris
1450 711 1635 738 exstructione
1660 711 1731 738 facta
1758 716 1810 743 est,

1026 762 1088 782 cum
1129 762 1182 781 una
1219 755 1310 789 lingua
1337 754 1366 782 in
1396 755 1500 783 multas
1529 755 1647 783 dissecta
1675 761 1736 788 est,
1768 759 1811 782 at-

1025 808 1079 835 que
1100 801 1180 836 impia
1207 802 1354 829 concordia
1371 806 1398 829 et
1412 802 1557 829 consensio
1577 801 1710 828 dissoluta
1731 806 1813 836 uego~

1027 847 1092 873 tium
1109 847 1193 874 stulte
1223 851 1381 881 susceptum
1398 848 1481 874 simul
1497 847 1630 874 dissolvit.
1645 846 1722 874 Hunc
1740 847 1813 874 enim

1027 899 1139 927 scopum
1155 892 1204 919 sibi
1225 894 1411 928 proponebant
1432 893 1514 920 turris
1539 892 1728 925 aediﬁcatores,
1743 896 1772 920 ut
1790 892 1813 919 si

1027 938 1135 973 quando
1166 946 1234 966 ttova
1261 947 1392 973 aquarum
1424 939 1516 965 illuvie
1536 943 1607 966 terra
1638 940 1812 971 obrueretur,

1027 985 1098 1011 hanc
1121 985 1215 1011 turrim
1237 985 1430 1017 ascenderunt,
1451 985 1573 1018 iramque
1598 984 1717 1011 divinam
1748 992 1814 1012 con-

1029 1035 1191 1058 temnerent.
1209 1029 1329 1062 Quorum
1344 1030 1480 1057 vesaniam
1497 1038 1569 1057 ttunc
1585 1038 1694 1064 quoque
1711 1030 1812 1057 imitari

1028 1077 1138 1112 quidant
1149 1083 1203 1102 non
1220 1081 1359 1106 verentur,
1378 1075 1510 1103 adversus
1530 1075 1660 1110 Spiritum
1688 1081 1812 1103 sattctutn

1028 1123 1158 1150 scelerate
1176 1121 1335 1153 concordes,
1352 1122 1502 1156 turrimque
1515 1122 1660 1156 impietatis
1668 1127 1813 1149 exstruen-

1028 1174 1077 1196 tes.
1095 1169 1227 1196 Caeterum
1245 1167 1398 1202 Theologus
1423 1169 1610 1194 vehementius
1628 1168 1719 1194 laudat
1732 1173 1814 1202 atque

1028 1214 1177 1241 admiratur
1193 1213 1334 1240 divisionis
1361 1213 1476 1247 hujusce
1493 1213 1665 1240 miraculum.
1685 1213 1726 1240 Ab
1758 1221 1813 1240 uno

1028 1260 1100 1287 enim
1121 1259 1223 1293 Spiritu
1242 1260 1268 1285 itt
1287 1258 1387 1285 tnttltos
1401 1260 1537 1293 apestoIOs
1553 1258 1661 1292 diﬂ'usa,
1688 1259 1715 1286 in
1731 1266 1812 1286 unant

1028 1313 1124 1332 rursus
1139 1305 1248 1339 pietatis
1265 1304 1435 1331 harmoniam
1451 1305 1631 1334 contrahitur,
1649 1312 1680 1331 ac
1694 1304 1814 1331 restitui-

1029 1356 1082 1378 tur.
1106 1350 1238 1383 Quamvis
1268 1350 1338 1377 enim
1357 1349 1471 1376 diversis
1500 1349 1598 1383 linguis
1626 1349 1812 1384 loquerentur,

1028 1395 1253 1423 omnibustamen
1266 1395 1366 1430 linguis
1377 1395 1470 1422 cadent
1481 1395 1672 1429 loquebantur,
1684 1396 1812 1422 nimirum

1027 1449 1069 1475 ea,
1086 1449 1146 1476 qua:
1163 1441 1195 1468 ad
1214 1441 1364 1473 Christum,
1381 1446 1406 1467 et
1435 1441 1467 1467 ad
1493 1441 1713 1476 praediuitionem
1733 1449 1816 1468 cvan-

1026 1489 1140 1524 gelicam
1157 1489 1327 1522 spectabant,
1354 1495 1407 1513 non
1424 1495 1503 1514 secus
1518 1494 1550 1513 ac
1563 1487 1670 1513 cithara
1697 1486 1813 1512 divorsis

1027 1533 1125 1560 lidibus
1139 1533 1316 1567 pulsibusque
1326 1532 1486 1557 concordem
1501 1538 1596 1557 sonum
1607 1530 1704 1556 cntittit
1720 1529 1814 1556 Enim-

1027 1585 1091 1604 vero
1103 1577 1145 1604 illa
1155 1577 1302 1612 gratiarum
1313 1576 1469 1608 diversitas,
1479 1584 1539 1610 qua:
1553 1575 1585 1602 ad
1593 1575 1813 1610 dijudicationent

1028 1622 1079 1649 alia
1101 1622 1187 1656 gratia
1214 1629 1282 1655 opus
1309 1620 1401 1652 habet,
1420 1620 1562 1654 prophetia
1587 1625 1638 1651 cst,
1655 1626 1687 1645 ac
1711 1619 1813 1645 donum

1027 1667 1193 1701 linguarum.
1203 1664 1270 1692 Nam
1283 1671 1309 1692 et
1324 1665 1464 1700 prophetia
1479 1672 1510 1691 eo
1523 1665 1593 1690 dotto
1606 1669 1632 1690 et
1648 1663 1732 1698 gratia
1745 1670 1815 1697 opus

1027 1712 1119 1743 habet,
1138 1719 1191 1745 qua
1227 1712 1340 1745 spiritus
1369 1711 1582 1741 discernuntur,
1604 1714 1631 1736 et
1659 1709 1812 1743 linguarum

1026 1758 1127 1784 donum
1145 1757 1377 1790 interpretationis
1392 1757 1463 1782 dono
1478 1756 1589 1790 indiget.
1600 1756 1686 1781 Porro
1697 1755 1814 1789 propltc-

1027 1805 1081 1836 tim,
1097 1807 1124 1829 et
1142 1803 1293 1837 linguarum
1313 1802 1394 1832 dotta,
1411 1802 1444 1827 iis
1465 1802 1633 1827 antecellunt
1647 1801 1725 1827 donis
1743 1807 1814 1834 quo-

1027 1856 1087 1875 runt
1119 1855 1170 1881 ope
1197 1846 1229 1873 ad
1272 1845 1494 1882 dijudicationem
1536 1849 1563 1872 et
1604 1845 1812 1879 explicationem

1026 1893 1166 1928 indigent,
1203 1892 1254 1919 hoc
1291 1897 1354 1925 est,
1390 1891 1556 1918 discretione
1594 1891 1739 1925 spiriuum
1786 1896 1814 1917 ct.

1026 1938 1272 1972 interpretatione:
1295 1937 1392 1963 ltorunt
1425 1937 1498 1963 enim
1526 1943 1617 1963 causa:
1647 1942 1679 1963 ac
1706 1936 1814 1962 radices

1026 1989 1098 2012 suttt.
1111 1984 1188 2017 Quod
1202 1983 1311 2018 quidem
1332 1987 1505 2018 perspectum
1528 1982 1630 2008 habens
1646 1980 1812 2014 Tlteologus,

1026 2031 1075 2059 ait:
1091 2031 1130 2057 Ad
1141 2029 1349 2057 discernendum
1359 2036 1482 2063 quantam
1495 2028 1611 2062 Spiritus
1627 2027 1713 2054 sancti
1727 2027 1814 2062 gratia

1026 2075 1059 2102 sit
1071 2067 1330 2109 praestantioraNam
1343 2072 1415 2107 quod
1428 2072 1541 2106 apostoli
1556 2071 1813 2106 peregrinislinguis

1026 2120 1184 2154 loquuntur,
1201 2118 1347 2145 diversitas
1363 2122 1406 2144 est
1422 2117 1529 2151 gratim,
1548 2117 1599 2143 alia
1629 2117 1715 2151 gratia
1744 2123 1814 2150 opus

1025 2165 1138 2197 habens,
1147 2165 1276 2192 nimirum
1285 2163 1458 2191 discretionis
1467 2162 1550 2194 dono,
1561 2162 1594 2189 ad
1602 2162 1813 2189 discernendum

1025 2211 1164 2247 quodnam
1181 2211 1217 2238 sit
1232 2210 1330 2237 melius
1346 2217 1377 2236 ac
1394 2209 1568 2244 praestantius
1583 2209 1698 2240 donum,
1714 2208 1740 2234 id
1761 2213 1813 2239 est,

1025 2263 1117 2285 utrum
1144 2258 1197 2285 hoc
1222 2257 1376 2291 linguarum
1395 2256 1497 2282 donum
1521 2255 1637 2287 eicteris,
1664 2255 1763 2288 quibus
1774 2254 1814 2280 di-

188 2304 320 2338 loqueutes
333 2311 386 2334 eos,
396 2310 458 2329 cum
469 2303 510 2329 ltis
520 2309 580 2336 qua:
592 2307 754 2337 sequuntur,
768 2307 970 2334 connectemus,
989 2299 1010 2326 D
1024 2303 1089 2329 vino
1103 2302 1237 2329 beneﬁcio
1253 2301 1340 2328 ornati
1359 2299 1477 2331 luerant,
1491 2299 1692 2333 ptatt‘erendutn
1717 2299 1761 2330 sits
1777 2306 1813 2325 an

191 2355 218 2376 ut
232 2351 266 2376 sit
283 2350 326 2375 hic
345 2355 452 2381 sensus,
473 2348 545 2382 quod
561 2353 655 2383 gentes
671 2348 811 2382 apOstolos
827 2347 976 2374 audiebant

191 2397 332 2430 loquentes
366 2394 465 2428 linguis
493 2394 664 2426 auditorum,
689 2395 741 2421 hoc
764 2399 816 2426 est,
844 2394 976 2425 externis,

190 2445 323 2474 quantum
332 2440 364 2465 ad
382 2447 429 2466 eos
441 2439 488 2474 qui
498 2439 697 2474 loquebantur}?
711 2438 760 2465 Cui
774 2438 855 2465 etiam
870 2442 979 2464 senten-

192 2486 234 2513 tia:
249 2485 336 2519 magis
350 2485 462 2517 accedo,
479 2485 700 2520 quandoquidem
712 2484 796 2520 priori
810 2484 904 2516 ntodo,
922 2484 975 2511 ltoc

190 2536 243 2563 est,
258 2532 281 2559 si
305 2538 358 2558 una
372 2531 465 2565 lingua
498 2532 612 2565 apostoli
643 2531 727 2558 locuti
760 2534 863 2561 essent,
892 2534 974 2564 atque

190 2577 379 2611 unusquisque
397 2575 552 2602 auditorunt
586 2577 731 2604 dialectum
751 2583 830 2604 suam
860 2575 894 2602 ab
914 2575 975 2602 aliis

189 2628 355 2658 separasset,
383 2623 552 2650 audientium
583 2622 678 2649 luisset
707 2622 758 2649 hoc
792 2621 973 2653 miraculum;

189 2675 283 2697 contra
299 2670 321 2697 si
334 2670 360 2696 in
373 2670 464 2702 verbo,
490 2668 644 2699 audiebant,
655 2673 788 2702 punctuut
802 2666 973 2702 apposueris,

190 2726 221 2744 ac
237 2716 333 2743 deinde
361 2717 417 2742 haec
432 2715 513 2743 verba
533 2715 707 2748 subjuttxeris
724 2724 730 2741 :
754 2714 901 2749 Loquentes
933 2721 975 2740 eos

191 2763 303 2797 propriis
315 2761 593 2796 audientiumlinguis,
611 2760 772 2787 miraculum
786 2760 974 2794 apostolorum

191 2806 253 2832 erit.
276 2805 353 2838 Quod
372 2806 452 2832 etiam
474 2813 507 2832 ex
530 2812 563 2832 eo
591 2804 734 2839 perspicue
761 2808 879 2835 constat,
904 2804 975 2839 quod

193 2852 354 2878 tctnulentia:
369 2860 477 2886 quoque
491 2855 664 2883 accusantur,
683 2855 775 2884 utpote
787 2851 837 2884 ipsi
857 2850 975 2884 Spiritus

228 2931 250 2946 ⁸⁷
270 2929 329 2957 Act.
348 2938 376 2962 tt,
395 2930 422 2956 4.
462 2929 484 2944 ⁵⁸
500 2928 509 2955 ι
525 2928 589 2957 Cor.
606 2936 662 2962 xtv,
681 2929 726 2955 9.2.

766 2928 788 2945 ⁵⁹
809 2928 863 2954 ibid
886 2927 932 2955 21.
959 2928 981 2943 ⁶⁰
998 2929 1060 2955 Act.
1078 2935 1108 2960 tt,
1127 2926 1154 2954 6.

1025 2348 1099 2376 aliud
1112 2348 1247 2382 quoddam
1262 2355 1296 2374 ex
1314 2345 1427 2380 reliquis
1449 2353 1457 2372 :
1473 2344 1693 2379 quandoquidem
1718 2344 1744 2370 in
1757 2348 1812 2370 tant

1026 2394 1141 2421 diversis
1158 2394 1295 2421 donorum
1308 2392 1456 2427 generibus
1475 2391 1577 2417 nullunt
1596 2395 1648 2422 est,
1669 2391 1740 2424 quod
1758 2397 1812 2417 non

1025 2440 1134 2467 laudem
1151 2445 1298 2467 mereatur.
1325 2438 1395 2470 Quin
1411 2437 1492 2464 etiam
1510 2437 1640 2471 praeclara
1656 2436 1702 2462 illa
1719 2441 1760 2462 est
1773 2437 1813 2461 di-

1028 2485 1108 2516 visio,
1120 2492 1169 2519 pro
1181 2491 1234 2518 qua
1253 2483 1336 2509 David
1363 2484 1446 2509 Deum
1463 2483 1603 2513 obsecrat,
1635 2480 1677 2507 bis
1696 2481 1786 2507 verbis
1802 2490 1809 2507 :

1028 2530 1121 2557 Divide
1148 2531 1252 2564 linguas
1282 2537 1382 2560 eorum,
1410 2529 1454 2562 qui
1481 2527 1700 2561 pra’cipitationis
1734 2526 1811 2552 acrba

1027 2577 1175 2603 dilexerunt
1191 2576 1226 2609 σί,
1244 2580 1338 2610 aperte
1354 2581 1420 2602 sane
1435 2573 1692 2600 Macedonianorum
1707 2573 1812 2607 linguas

1027 2630 1169 2652 accusans,
1182 2630 1240 2656 qua:
1254 2622 1372 2656 Spiritus
1383 2621 1550 2648 divinitatem
1563 2619 1701 2650 scindunt,
1710 2619 1812 2653 tpsunt-

1027 2676 1091 2702 que,
1106 2676 1119 2694 a
1137 2668 1215 2694 Patre
1237 2672 1264 2694 et
1293 2667 1363 2699 Filio
1391 2667 1524 2693 dividunt.
1556 2664 1700 2698 Praecipitii
1720 2669 1810 2690 autem

1026 2713 1119 2746 Verba,
1136 2720 1215 2740 voces
1230 2713 1282 2740 illa:
1299 2717 1373 2744 suttt,
1392 2719 1453 2746 quae
1469 2710 1582 2745 Spiritui
1599 2713 1695 2736 sancto
1713 2708 1812 2734 divini-

1027 2762 1109 2785 tatem
1123 2757 1265 2793 abrogant,
1285 2761 1388 2791 utpote,
1410 2764 1471 2791 qua:
1485 2762 1544 2789 eos,
1570 2762 1584 2781 a
1601 2754 1702 2788 quibus
1719 2752 1812 2787 profc-

1026 2809 1133 2836 runtur,
1145 2804 1315 2838 demergunt,
1328 2809 1408 2838 atque
1420 2804 1448 2829 itt
1463 2802 1538 2829 exilii
1553 2801 1708 2835 voraginem
1722 2804 1812 2826 trans-

1027 2850 1136 2877 mittunt
1153 2857 1185 2877 ac
1198 2849 1341 2884 dejiciunt.
1357 2848 1497 2875 Dividatur
1519 2847 1614 2882 igitur,
1641 2845 1741 2879 inquit,
1756 2844 1812 2871 hi8-

1192 2927 1212 2942 ⁰¹
1245 2925 1318 2953 Psal.
1346 2933 1400 2958 Ltv,
1417 2925 1460 2952 l0.
