2058 3159
250 222 319 254 14³19

955 220 1148 250 ΑῦυΕΝΒᾹ.

1805 225 1867 255 148(

247 280 393 307 retieorum
417 277 579 312 loquacitas,
611 275 763 310 linguaeque
789 275 924 309 prttritus,
955 280 1036 308 atqtte
1051 278 1074 304 Α
1091 274 1236 310 Babylone,
1253 276 1353 310 captivi
1369 276 1467 304 Versati
1497 281 1582 310 sunt;
1612 277 1733 312 atquein
1756 278 1871 314 .Egypto

247 326 377 352 adversus
388 323 517 357 Spiritum
528 327 651 348 sanctum
663 321 840 355 conspiratio.
855 319 920 346 Nam
935 320 1032 353 hujus-

246 371 318 397 modi
328 376 435 404 quoque
448 367 554 399 divisio,
568 365 676 401 his,qui
691 366 717 392 in
735 366 835 392 malum
848 366 1032 396 consentiunt,

249 415 321 442 utilis
336 420 388 440 est.

285 459 340 494 (56)
356 458 407 485 Per
422 458 569 492 gratiarum
597 456 794 488 diversitatem,
812 456 965 490 linguarum
985 456 1033 482 ειυ-

246 514 309 532 num
327 503 451 538 intelligit
469 512 476 530 :
496 503 567 537 quod
580 503 688 537 quidem
713 502 766 528 alio
784 502 977 536 donoindiget.
994 503 1034 528 ni-

245 551 344 578 mirum
363 549 592 582 interpretationis
605 554 685 582 atque
697 548 861 582 interpretis.
876 548 944 580 Quid
961 548 1032 573 cuitu

243 604 347 631 quaeso,
365 596 420 626 ille,
436 595 480 629 qui
498 594 621 621 discendi
636 594 726 620 studio
744 601 803 620 sese
832 594 865 620 ad
889 594 1034 628 prophetas

243 641 360 673 confert,
380 640 530 674 adjumenti
546 639 686 674 percipiet,
716 639 738 664 si
755 639 842 665 Arabs
874 646 921 665 eos
949 638 1034 664 Attice

242 687 386 722 loquentes
402 686 493 712 audiat
510 695 516 718 ;
534 685 573 712 vel
589 685 685 712 Atticze
701 684 798 718 linguae
810 685 913 718 peritus
925 683 1034 710 thni-

242 739 304 759 cum
325 733 417 767 lingua
434 731 618 758 disserentes?
636 730 669 756 Et
701 731 830 764 qttouiaut
861 730 962 759 etcteri,
988 729 1033 764 qui

242 778 431 812 spiritualibus
458 777 553 812 gratiis
583 777 762 808 ornabantur,
781 776 837 802 sive
855 777 1034 810 opitulatores

242 823 416 853 animarum,
447 822 503 848 sive
532 822 738 857 gubernatores,
770 821 826 848 sive
861 821 1033 855 interpretes,

243 869 334 895 minus
349 867 383 894 oh
409 867 559 901 gratiarum
573 867 672 892 donum
691 866 881 898 effert-bantur,
899 866 916 892 ii
933 871 1034 892 autem.

242 913 288 948 qui
306 912 389 939 variis
408 912 506 946 linguis
523 912 715 945 loquebantur,
734 913 807 938 velut
825 912 954 946 injlingua
973 912 1034 946 Spi-

1085 322 1193 354 quidetn
1214 322 1430 356 quadringentos
1446 330 1531 350 annos
1548 331 1633 358 usque
1650 324 1682 350 al
1711 324 1825 351 reditum
1842 326 1868 351 in
1903 336 1909 339 -

1085 364 1256 392 Palaestinam
1269 373 1428 402 exegerunt,
1445 368 1614 402 septuaginta
1632 374 1724 395 autem
1741 369 1767 395 in
1785 368 1870 404 Baby-

1086 410 1146 437 lone
1161 419 1166 436 :
1184 419 1244 445 quae
1273 412 1354 438 etiam
1381 413 1524 446 captivitas
1542 411 1641 439 Juda-is
1656 413 1870 448 [lierOsolymam

1085 455 1202 480 teversis
1218 455 1306 481 soluta
1337 460 1388 482 est.
1420 456 1465 482 Illa
1480 464 1572 490 porro,
1591 463 1672 491 quam
1699 464 1714 483 a
1731 455 1871 488 Romanis,

1085 497 1251 533 Vespasiano
1264 506 1291 526 et
1303 499 1364 527 Tito
1377 501 1600 535 imperatoribus,
1625 502 1696 536 passi
1711 506 1784 534 sunt,
1801 510 1872 529 tton-

1084 545 1147 571 duut
1167 553 1199 572 eo
1214 550 1335 580 tempore
1352 548 1516 582 contigerat,
1546 549 1593 575 sed
1610 548 1792 584 quadraginta
1809 553 1872 582 post

1084 589 1224 616 Christum
1245 591 1271 617 in
1299 593 1382 618 cretus
1410 597 1546 626 receptum
1571 593 1652 620 annis
1680 592 1772 620 futura
1801 599 1870 623 erat.

1086 636 1181 662 vindex
1195 637 1296 663 furoris
1313 641 1394 671 atque
1425 638 1558 670 antentia‘,
1576 646 1629 672 qua
1658 638 1743 666 Judtei
1761 639 1872 666 Christo

1086 679 1219 708 Salvatori
1238 690 1330 708 necent
1349 683 1508 710 attulerunt.
1526 683 1707 716 Quamobrem
1734 684 1868 718 reliquum

1085 730 1136 757 est,
1155 731 1183 752 ut
1200 727 1233 752 ab
1248 734 1278 753 ea
1292 728 1460 762 captivitate,
1477 736 1531 762 qua
1542 727 1652 756 Juda-os
1667 728 1763 756 aﬂlixit
1776 731 1872 756 Antio-

1086 773 1163 804 chus,
1180 773 1244 807 qttin
1260 774 1340 800 etiam
1364 774 1531 801 Blacbabmos
1551 775 1697 809 exquisitis
1728 775 1873 802 tormentis

1085 818 1183 850 alIccit,
1207 819 1255 845 hos
1281 820 1395 846 rediisse
1425 827 1598 846 censeamus.
1632 819 1698 846 Nam
1733 821 1789 847 haec
1816 828 1871 847 n0n

1087 865 1178 891 multis
1193 869 1253 892 ante
1265 865 1345 892 anuis
1358 866 1481 901 contigit,
1494 867 1540 893 sed
1552 874 1634 900 parvo
1647 868 1776 902 temporis
1788 867 1873 894 inter-

1087 910 1158 936 vallo
1170 910 1270 937 Christi
1291 911 1508 938 incarnationem
1520 911 1674 939 antecessit.
1687 911 1764 944 Quod
1775 912 1797 940 si
1809 912 1871 947 quis

244 960 313 985 ritus
334 958 453 985 amatum
474 957 617 989 habentes,
640 964 672 984 eo
701 957 810 984 nomine
837 957 1032 990 gloriabantur,
1048 951 1068 979 Β
1085 956 1155 983 hanc
1182 957 1379 991 expositionem
1412 957 1485 984 velut
1510 962 1632 984 coactam
1663 963 1746 992 atque
1764 967 1779 984 a
1808 966 1870 984 vero

244 1011 275 1030 ac
291 1003 392 1030 donum
419 1009 499 1028 suum
521 1001 694 1035 arrogantius
711 1001 861 1036 jactabant,
889 1009 972 1035 seque
996 1002 1030 1029 iis

242 1048 289 1083 qtti
310 1047 382 1074 aliud
407 1047 544 1082 quoddam
573 1047 693 1081 Spiritus
726 1048 828 1074 donum
855 1052 1028 1081 acceperant,

243 1094 397 1129 superiores
408 1100 470 1120 esse
485 1093 692 1125 existimabant,
709 1093 812 1120 idcirco
825 1093 969 1127 Apostolus
984 1100 1030 1119 eos

243 1144 390 1175 rompesctt
417 1147 449 1166 ac
481 1139 629 1172 contrahit,
655 1143 748 1174 utpote
786 1139 876 1166 minus
905 1139 1030 1166 utilitatis

244 1186 372 1214 Ecclesiae
398 1186 550 1213 afferentes.
585 1186 661 1218 Quod
685 1185 768 1212 etiam
796 1191 910 1219 magnus
940 1189 1031 1211 noster

244 1233 390 1267 Gregorius
402 1233 558 1265 significans
573 1241 579 1258 :
599 1231 673 1261 Mihi.
691 1231 790 1265 inquit,
810 1230 911 1256 utinam
940 1230 1030 1264 potius

244 1277 510 1311 contingatquiuque
524 1276 602 1302 verba
617 1276 765 1310 prudenter
779 1275 805 1301 itt
817 1275 931 1302 ecclesia
944 1275 970 1301 lo
978 1276 1029 1309 tui,

243 1330 323 1356 quam
343 1323 434 1348 decem
453 1323 538 1348 millia
553 1322 578 1348 in
597 1322 688 1356 lingua
706 1327 731 1347 et
749 1329 814 1348 voce
838 1323 909 1348 tuba:
926 1322 1029 1348 incerta

244 1373 324 1402 atque
339 1369 465 1400 obscura.
480 1368 540 1400 Quo
551 1368 610 1394 loco
622 1376 668 1402 per
684 1367 804 1402 qttinqttc
820 1368 912 1398 verba,
923 1375 970 1394 eos
984 1367 1030 1401 qui

246 1414 272 1440 in
291 1413 404 1440 ccelesia
420 1414 528 1444 durent,
543 1418 623 1447 atque
638 1413 863 1447 interpretantur,
884 1412 1028 1446 intelligit:

244 1466 291 1492 per
305 1458 398 1486 decem
413 1463 502 1485 autent
517 1459 598 1485 millia
610 1463 636 1485 et
646 1459 773 1490 obscura,
786 1466 833 1485 eos
846 1458 891 1492 qui
904 1458 1031 1484 omnibus

245 1505 353 1538 quidem
383 1504 482 1540 linguis
497 1507 654 1539 loquuntur,
673 1509 800 1531 etrtcrum
820 1505 934 1531 militem
958 1504 1029 1530 divi-

246 1557 309 1575 num
328 1549 359 1576 ad
375 1549 516 1582 spirituale
533 1549 630 1574 ln-llum
647 1556 817 1583 nequaquam
830 1549 958 1575 excitant.

279 1594 338 1621 Col.
348 1594 400 1620 450
414 1595 446 1620 Α.
456 1595 491 1620 Ac
500 1594 530 1620 de
541 1594 580 1620 Itis
589 1594 693 1628 quidem
705 1594 842 1625 hactenus,
853 1599 905 1620 etc.
918 1594 945 1620 In
956 1593 1030 1620 Actis

244 1640 428 1674 apostolorum
443 1639 537 1665 scribit
552 1638 639 1665 Lucas
656 1647 662 1665 :
680 1638 765 1664 Erant
775 1643 863 1664 autent
876 1639 902 1664 in
915 1638 1029 1665 Jerusa-

245 1684 296 1710 lem
315 1684 462 1710 habitante;
481 1683 568 1710 Juda-i
588 1684 636 1710 viri
664 1682 781 1718 rcl'giosi
799 1691 829 1709 ea;
858 1684 929 1709 ontni
946 1689 1030 1718 gente,

245 1736 304 1762 qua’
315 1727 362 1754 sub
378 1727 441 1754 cwlo
453 1732 491 1753 est
504 1728 533 1753 δ’.
550 1728 584 1754 At
602 1726 755 1762 Theologus
772 1728 805 1754 de
826 1728 877 1754 hac
903 1728 1030 1761 dictione,

246 1774 405 1806 habitantes,
424 1774 461 1800 ait
479 1781 485 1800 :
503 1774 530 1800 Si
546 1774 589 1800 cui
610 1774 761 1801 intellectus
775 1774 818 1800 hic
835 1774 928 1808 placet.
941 1775 1032 1809 Neque

245 1819 317 1845 enim
331 1824 463 1853 perpetuo
478 1819 649 1850 habitabant,
666 1819 711 1846 sed
727 1825 782 1846 tum
797 1820 952 1846 celebrandi
970 1820 1030 1847 festi

245 1871 328 1890 causa
340 1869 533 1891 convenerant.
545 1864 573 1889 lu
583 1871 677 1890 omnes
688 1863 758 1889 euitn
772 1864 896 1890 nationes
905 1864 1030 1897 dispersi,

245 1910 365 1944 gentium
384 1910 492 1944 quidem
506 1910 606 1944 linguis
633 1910 786 1942 utebantur,
804 1910 917 1944 patriam
941 1915 1030 1936 autem

245 1955 418 1990 religionem,
448 1961 477 1982 ut
499 1955 596 1988 Judaei,
626 1956 789 1988 retinebant,
807 1964 839 1983 ac
862 1956 939 1990 juxta
965 1957 1030 1990 legis

245 2001 431 2035 praescriptum
454 2002 634 2036 undecunque
651 2002 683 2028 ad
703 2001 800 2028 festum
830 2003 856 2028 in
875 2001 1030 2036 Hierosoly—

246 2046 374 2073 mitanam
385 2048 479 2074 urbem
497 2046 692 2074 confluxerant.
707 2047 805 2080 Quer
822 2047 902 2082 igitur
919 2048 1029 2082 quinam

247 2091 273 2117 hi
289 2095 376 2122 erant,
393 2096 419 2118 et
431 2099 445 2118 a
459 2100 511 2126 qua
527 2093 681 2125 captivitate
698 2092 811 2126 dispersi
829 2097 891 2118 tunc
902 2094 1030 2126 temporis

247 2137 316 2162 festo
344 2136 503 2162 intererant.
535 2137 600 2162 Nam
631 2137 789 2171 [Egyptiaea
815 2143 842 2164 et
867 2137 1030 2172 Babylonica

247 2181 389 2214 captivitas
409 2186 483 2208 certo
500 2182 621 2208 locorum
643 2186 669 2208 et
698 2187 847 2216 temporum
875 2184 963 2216 spatio
977 2184 1031 2210 cir-

248 2228 414 2262 cumscripta
431 2233 457 2255 et
470 2228 544 2255 ﬁnita
564 2233 641 2263 erat._
658 2228 686 2255 ln
701 2228 818 2264 [Egypto
833 2229 905 2256 enim
919 2230 987 2262 sola,
1004 2235 1031 2256 ct

283 2321 305 2336 °'
323 2321 380 2348 Art.
410 2328 438 2352 tt,
458 2321 484 2348 5.

248 2446 254 2472 ι
288 2413 342 2474 Cliti)
361 2413 410 2441 Per
435 2415 594 2450 gratiarum.
612 2415 675 2443 llase
692 2415 772 2443 verba
793 2417 862 2444 alius
879 2416 1030 2451 cujuspiam

259 2455 297 2474 ιριι
314 2456 355 2474 ur.

259 2455 355 2475 tCllllll‘.

1082 1002 1252 1029 aberrantetn
1265 1002 1389 1036 repudiat
1399 1003 1540 1037 (quoniam
1550 1003 1720 1030 Autioeltena
1729 1003 1870 1038 captivitas

1082 1055 1254 1081 nequaquam
1273 1052 1351 1075 vetus
1365 1053 1433 1079 erat,
1462 1056 1512 1075 nec
1529 1048 1555 1074 in
1573 1048 1674 1076 multas
1690 1049 1766 1075 orbis
1782 1049 1871 1083 regio-

1081 1100 1129 1119 nes
1147 1093 1217 1126 fusn)
1237 1093 1351 1120 fortasse
1371 1093 1472 1120 rectius
1487 1093 1568 1120 fuerit
1583 1094 1618 1120 ita
1633 1101 1780 1128 exponere.
1790 1093 1867 1126 Quod

1079 1137 1157 1172 juxta
1177 1137 1290 1165 Esdram
1302 1139 1401 1173 saepius
1415 1140 1440 1166 in
1450 1139 1634 1174 captivitatem
1646 1140 1757 1166 abducti
1768 1139 1868 1166 fuerint

1080 1183 1177 1211 Judtei.
1195 1184 1331 1218 Dispersis
1348 1185 1429 1218 igitur
1453 1186 1553 1220 satpius
1580 1185 1605 1212 in
1630 1186 1751 1212 diversas
1776 1190 1870 1220 gentrs

1082 1230 1216 1262 tribubus,
1232 1230 1377 1258 verisimile
1390 1235 1494 1258 esttunt
1507 1231 1637 1265 quosdam
1648 1238 1743 1258 eorum
1757 1231 1790 1257 ad
1799 1231 1869 1258 diem

1082 1273 1180 1301 festum
1190 1274 1321 1307 adfuisse,
1334 1280 1361 1302 et
1375 1283 1406 1301 cx
1416 1275 1567 1310 linguarum
1585 1276 1716 1302 ntiraculo
1729 1281 1867 1310 stuporem

1081 1321 1249 1354 concepisse.
1277 1320 1367 1354 Atque
1385 1321 1441 1348 haec
1457 1322 1588 1348 studiosis
1604 1322 1668 1348 viris
1684 1329 1866 1355 nequaquam,

1082 1371 1112 1391 ut
1130 1373 1220 1400 spero,
1232 1374 1434 1400 supervacanec
1448 1375 1463 1393 a
1474 1367 1552 1394 nobis
1563 1367 1685 1399 exposita
1698 1367 1868 1394 videbuntur.

1082 1410 1158 1443 Quod
1182 1411 1203 1438 si
1223 1412 1284 1446 quis
1303 1412 1377 1439 aliud
1393 1412 1521 1446 quiddam
1540 1413 1572 1440 ad
1589 1413 1658 1439 hanc
1669 1413 1866 1440 solemnitatem

1088 1456 1244 1490 contulerit,
1259 1456 1319 1492 ejus
1335 1457 1430 1484 laudes
1457 1458 1653 1492 deprmdicans,
1666 1457 1746 1484 nobis
1762 1464 1869 1492 quoque

1083 1502 1090 1528 i
1103 1502 1107 1527 Ι
1121 1502 1270 1536 cullegerit,
1286 1507 1316 1529 ut
1329 1511 1500 1537 nequaquam
1518 1503 1596 1537 pleno
1612 1503 1700 1531 laudis
1716 1503 1802 1530 ofticio
1811 1511 1870 1537 per-

1084 1549 1194 1575 functis.
1211 1547 1250 1574 Ac
1267 1555 1316 1574 nos
1333 1547 1375 1574 hic
1395 1548 1552 1574 concionem
1570 1548 1717 1580 solvemus,
1744 1548 1868 1575 multitu-

1083 1595 1230 1628 diuemque
1248 1594 1334 1620 nouri
1352 1593 1480 1620 audiendi
1498 1601 1580 1620 causa
1600 1594 1740 1620 collectam
1757 1594 1867 1620 missam

1083 1639 1226 1666 faciemus.
1245 1638 1402 1666 Orationem
1419 1640 1490 1665 cnitn
1511 1639 1642 1672 integram
1658 1645 1740 1674 atque
1756 1639 1867 1666 absolu-

1084 1689 1137 1710 tam
1157 1685 1315 1716 habuimus,
1335 1693 1367 1712 ae
1385 1685 1406 1711 si
1424 1693 1477 1712 non
1506 1685 1566 1711 festi
1581 1685 1718 1719 dignitati,
1743 1685 1868 1712 instituto

1082 1735 1155 1756 certe
1174 1737 1268 1757 nostro
1293 1731 1545 1765 parem.0rationis
1560 1731 1630 1757 enim
1647 1731 1722 1757 initio
1745 1731 1867 1757 facturos

1083 1784 1132 1803 nos
1147 1777 1262 1811 professi
1275 1785 1380 1809 sumus.
1400 1782 1430 1804 ut
1444 1777 1478 1804 de
1495 1777 1544 1804 ltoc
1562 1777 1631 1804 festo
1647 1777 1764 1804 breviter
1775 1785 1868 1812 agere-

1084 1830 1154 1849 mus.
1165 1824 1199 1850 At
1215 1830 1278 1849 vero
1298 1823 1414 1857 Spiritus
1427 1822 1526 1850 festum
1549 1831 1687 1858 nunquam
1705 1831 1783 1858 agere
1794 1823 1868 1850 desi—

1084 1875 1180 1894 namus
1193 1876 1199 1894 :
1212 1874 1303 1894 verum
1315 1866 1378 1893 illud
1390 1868 1568 1898 celebremus,
1579 1868 1604 1894 in
1619 1868 1742 1901 praesenti
1758 1868 1865 1902 quidem

1082 1916 1135 1937 vita
1148 1919 1279 1946 corporro
1290 1912 1371 1938 simul
1386 1919 1416 1938 ac
1423 1912 1557 1945 spiritttali
1570 1913 1659 1944 modo,
1673 1917 1732 1946 post
1742 1917 1862 1938 nostrum

1083 1962 1171 1984 aulctn
1185 1964 1217 1983 ex
1231 1958 1280 1983 hac
1292 1948 1345 1984 vita
1357 1957 1508 1984 discessum
1521 1965 1633 1992 prorsus
1647 1958 1793 1992 spirituali.
1806 1957 1866 1990 Quo

1081 2003 1164 2029 etiam
1196 2007 1316 2037 tempore
1344 2010 1442 2030 causas
1469 2002 1601 2030 festorum
1628 2009 1655 2030 et
1669 2003 1866 2038 explicationes

1081 2057 1176 2076 earuut
1192 2057 1292 2081 rerum,
1310 2056 1379 2082 quas
1398 2057 1470 2076 nunc
1487 2050 1643 2084 qumritnus,
1665 2049 1767 2076 clarius
1786 2058 1865 2084 aper-

1084 2096 1190 2128 tiusque
1222 2102 1417 2128 cognoscemus
1433 2115 1440 2128 ,
1464 2095 1492 2122 in
1523 2095 1641 2127 Christo,
1658 2097 1703 2130 qui
1727 2095 1866 2129 justorum

1083 2147 1176 2166 verum
1196 2140 1296 2167 festum
1311 2146 1351 2167 est
1367 2145 1394 2167 et
1422 2141 1580 2174 exsultatio,
1595 2149 1656 2168 cum
1673 2149 1727 2175 quo
1742 2142 1824 2176 gloria
1839 2146 1866 2168 et

1082 2187 1222 2214 veneratio
1235 2187 1307 2214 Patri
1321 2191 1347 2214 et
1363 2191 1458 2215 sancto
1472 2187 1583 2222 Spiritui
1601 2193 1626 2215 et
1643 2195 1715 2214 nunc
1732 2192 1758 2214 et
1773 2187 1798 2214 in
1815 2195 1866 2214 sre-

1083 2231 1143 2258 cula
1176 2232 1308 2259 sacculoru
1315 2241 1349 2260 tu.
1369 2233 1388 2259 A
1395 2240 1468 2260 men.

1068 2416 1224 2452 interpretis
1238 2423 1299 2444 esse
1315 2417 1450 2450 videntur,
1468 2426 1518 2446 nec
1547 2418 1572 2445 in
1599 2425 1658 2445 meo
1687 2417 1779 2445 Nircta
1817 2419 1864 2446 lia-
