3922 6346
439 352 498 410 Η
1862 351 1934 407 ΙΝ
1971 349 2057 406 AN

2241 349 2404 407 SIUM
2819 340 2823 344 ”
3754 350 3820 409 42

437 483 587 555 quod
620 484 806 555 exstat
834 492 1070 555 quoque
1094 479 1358 555 temoVII
1378 479 1665 555 dictorum
1685 478 2075 555 conciliorum
2106 479 2164 538 A
2197 476 2358 555 theca
2411 478 2663 555 staeea
2687 477 3158 555 _Vind9bonensi,
3215 478 3366 536 inter
3417 493 3550 555 mss.
3601 478 3823 555 codices

437 550 627 611 citata:
657 550 953 619 editionis,
987 551 1096 606 col.
1119 550 1189 605 29
1215 554 1270 604 et
1300 550 1690 619 sequentibus.
1726 550 1901 605 Addit
1930 550 2080 604 Lab—

435 627 595 694 beus,
630 630 691 678 ut
711 624 858 692 quod
877 625 1172 694 omiserunt
1194 622 1296 673 alii
1314 621 1616 682 observare,
1644 623 1886 694 etiamvt
1915 621 2079 674 Gene-

435 699 553 751 rale
583 691 675 749 seu
706 691 1364 761 Constantinopolitanum
1395 696 1632 746 tertium.
1666 693 1770 746 Sed
1801 691 2075 746 debuerat

437 767 694 824 Labbeus
721 766 976 819 indicare
1002 763 1213 832 quibus
1243 762 1340 816 ille
1366 763 1691 818 rationibus
1717 762 1800 816 vel
1831 775 2073 831 quanam

438 837 780 894 auctoritate
808 837 910 890 hoc
932 839 1208 888 assereret
1231 851 1244 884 :
1267 848 1337 887 an
1360 834 1431 888 ob
1462 835 1594 904 styli
1628 834 2072 889 similitudinem

443 907 934 977 interpretationis
958 905 1129 972 hujus
1151 905 1385 977 concilii
1408 905 1744 961 mcumenici
1774 904 1919 959 sexti
1947 916 2076 957 cum

443 975 1180 1048 interpretationibussepti
1192 975 1266 1029 mi
1285 981 1455 1044 atque
1476 977 1699 1032 octavi?
1714 976 1798 1029 An
1811 989 1877 1029 ex
1894 980 2078 1048 vetere

441 1045 683 1122 quodam
711 1049 990 1122 scriptore
1012 1046 1455 1122 _hoe_attestante
1477 1048 1593 1122 ibid
1622 1048 1886 1122 quod_me
1919 1045 2074 1099 latet.

401 1135 406 1142 ’
458 1116 474 1122 ’
513 1124 601 1175 lli.
636 1119 891 1173 Latinam
920 1116 1055 1171 fecit
1092 1119 1271 1170 Vitam
1309 1119 1485 1170 sancti
1507 1119 1735 1170 Joannis
1765 1119 2078 1183 Eleemosy—

439 1193 608 1251 nar-ii,
627 1189 957 1257 patriarchx
977 1188 1368 1249 Alexandrini,
1389 1188 1458 1242 de
1477 1202 1587 1257 qua
1612 1188 1728 1242 haec
1748 1188 2076 1257 Sigebertus

438 1278 562 1328 cap.
586 1259 687 1316 403
701 1261 770 1315 de
785 1259 1177 1328 Scriptoribus
1193 1259 1602 1313 ecclesiasticis
1627 1277 1638 1311 :
1665 1280 1690 1309 «
1713 1259 2074 1325 Anastasius,

436 1329 672 1403 jubente
689 1331 923 1403 Nicolao
947 1342 1108 1403 papa,
1136 1329 1436 1403 transtulit
1458 1329 1515 1382 in
1537 1330 1795 1403 Latinam
1818 1329 2074 1403 iinguam

447 1399 626 1460 Vitam
671 1401 907 1458 Joannis
953 1400 1430 1469 Eleemosynarii,
1479 1401 1750 1468 scriptam
1807 1399 1998 1469 Graece
2045 1410 2078 1451 a

444 1474 676 1530 Leontio
701 1473 986 1542 episc0po.
1013 1488 1036 1519 »
1067 1468 1222 1542 Idem
1240 1469 1413 1524 ferme
1435 1471 1677 1542 Joannes
1701 1468 2071 1542 Trithemius.

443 1545 623 1600 llabes
652 1538 840 1598 autem
887 1538 1046 1596 illam
1077 1555 1144 1594 ex
1179 1541 1648 1610 interpretatione
1691 1539 1980 1594 Anastasii
2015 1538 2077 1592 in

443 1617 594 1671 Vitis
641 1617 868 1669 Patrum
922 1611 1204 1667 I-leriberti
1258 1611 1538 1667 Rosweidi
1585 1611 1878 1666 societatis
1921 1610 2074 1678 Jesu,

443 1686 772 1754 Antuerpix
799 1690 856 1740 et
885 1682 1145 1754 Lugduni
1182 1683 1404 1754 sxpius
1436 1681 1768 1754 impressisL
1786 1687 1850 1734 ut
1885 1693 2078 1734 omnes

446 1752 768 1814 sciuntIDe
800 1755 899 1809 illa
931 1752 1015 1809 sic
1043 1753 1378 1808 Lambecius
1408 1759 1558 1808 tomo
1593 1754 1704 1806 VIII
1733 1752 2081 1804 Commenta-

691 1791 1839 1881 Eii)iiSih°é5£5$s3§a$°viiihJbonensis.
1867 1837 1918 1890 p.
1949 1818 2075 1874 271.
2110 1791 2162 1852 Β

449 1921 474 1951 α
505 1899 825 1954 Transtulit
856 1897 998 1951 hanc
1025 1895 1208 1950 Vitam
1235 1909 1304 1950 ex
1333 1895 1526 1949 Graeco
1567 1894 1624 1947 in
1662 1893 1922 1946 Latinum
1953 1906 2082 1947 ser-

445 1984 666 2026 monem
692 1967 1052 2034 Anastasius,
1084 1966 1136 2020 S.
1173 1967 1435 2020 Romana:
1460 1963 1726 2018 Ecclesia:
1753 1963 2080 2018 Bibliothe—

447 2042 660 2110 carius,
692 2040 868 2095 abbas
892 2036 1508 2110 ,Itomanusiordinisst
1541 2034 1853 2110 Benedicti,
1881 2040 2081 2110 etpre-

446 2112 637 2182 sbyter
651 2105 964 2182 cardinalis
995 2107 1154 2182 tituii
1184 2105 1532 2182 S_.1\_Ia_reelli_,
1555 2105 1723 2174 jussu
1749 2117 1901 2182 papa:
1921 2106 2084 2160 Nico-

445 2176 751 2254 lai‘hprimi,
790 2180 889 2251 qui
918 2193 1066 2234 anno
1089 2178 1306 2254 Christi
1341 2176 1448 2254 858
1471 2177 1684 2254 electus
1707 2181 1811 2254 est,
1845 2182 1900 2230 et
1930 2189 2080 2254 anno

441 2246 754 2310 867'obiit'.
804 2246 993 2318 anue
1039 2250 1225 2303 versio
1266 2249 1482 2314 Latina,
1532 2252 1656 2316 post
1697 2246 1845 2318 alias
1891 2247 2081 2304 varias

443 2327 728 2381 editiones
771 2315 1097 2388 impressas,
1129 2319 1342 2388 optime
1375 2315 1551 2388 edita,
1567 2322 1652 2388 est
1676 2315 1747 2371 ab
1782 2318 2077 2374 lleriberto

445 2395 737 2451 Rosweido
763 2387 875 2444 soc.
917 2389 1046 2442 Jesu
1075 2389 1133 2441 iu
1166 2387 1312 2441 libro
1338 2389 1359 2440 Ι
1387 2388 1456 2441 de
1495 2387 1644 2443 Vitis
1677 2390 1926 2455 Patrum,
1961 2394 2017 2443 et
2045 2404 2077 2444 a

443 2464 713 2521 Bollando
737 2465 793 2514 et
818 2459 1171 2512 Ilenschenio
1200 2459 1259 2512 in
1287 2462 1439 2514 tomo
1460 2457 1508 2513 II
1530 2458 1600 2513 de
1621 2459 1837 2514 sanctis
1859 2461 2078 2515 Janua—

439 2537 512 2593 rii
548 2532 778 2600 mensis,
809 2531 904 2585 die
931 2526 1020 2584 23.
1051 2546 1077 2578 »

510 2605 596 2660 IV.
630 2605 767 2657 Item
805 2603 986 2656 Vitam
1015 2600 1192 2654 sancti
1218 2600 1475 2653 Demetrii
1493 2602 1753 2668 martyris
1783 2615 1852 2656 ex
1879 2601 2073 2656 Graeca

442 2675 697 2732 Latinam
725 2672 998 2740 reddidit,
1028 2683 1245 2726 necnon
1281 2673 1418 2725 Acta
1446 2671 1715 2741 pleraque
1746 2677 1802 2726 et
1842 2673 2076 2727 Passio-

441 2761 540 2802 nes
561 2759 686 2816 quae
700 2745 758 2799 in
777 2743 1061 2798 manuscri
1071 2742 1185 2816 ptis
1201 2741 1500 2816 codicibus
1520 2747 1852 2816 occurrunt.
1878 2745 2075 2816 Exstat

439 2813 629 2874 autem
677 2817 865 2870 Passio
915 2816 1092 2867 sancti
1145 2815 1404 2866 Demetrii
1453 2816 1712 2881 martyris
1759 2813 1830 2868 ab
1877 2815 2073 2868 eodem

437 2888 740 2945 Anastasio
784 2885 1080 2951 translata,
1130 2889 1282 2938 tomo
1316 2886 1336 2937 ι
1371 2885 1632 2939 Veterum
1673 2885 2072 2940 Analectorum

435 2959 671 3016 Joannis
687 2956 1031 3025 Mabillonii,
1052 2957 1272 3008 Domino
1286 2955 1535 3025 piissimo
1554 2957 1868 3024 imperatori
1885 2956 2074 3010 Carolo

435 3047 646 3098 semper
673 3031 926 3098 Augusto
953 3024 1298 3094 nuncupata,
1329 3040 1382 3095 p.

561 3145 572 3156 .
605 3104 756 3158 Inter
784 3113 846 3154 ea
893 3099 1071 3153 multa

437 3173 610 3228 habes
643 3175 823 3227 Vitam
850 3169 922 3237 S.
952 3169 1202 3235 Dionysii
1230 3167 1595 3237 AreOpagitx,
1629 3169 1798 3236 cujus
1819 3167 2076 3222 transla-

435 3245 648 3299 tionem
690 3254 837 3296 anno
865 3236 971 3294 876
1003 3239 1072 3294 ad
1112 3237 1376 3292 Carolum
1406 3236 1637 3292 Calvum
1672 3239 2071 3308 imperatorem

435 3315 616 3370 misit.
631 3311 984 3382 Opusculum
1011 3309 1450 3382 istudsdeperiit,
1472 3309 2047 3382 prxfationeexcepta

437 3398 606 3456 quam
644 3378 916 3456 habemus
954 3381 1105 3456 apud
1149 3380 1384 3456 Surium
1421 3378 1572 3436 tomo
1621 3382 1661 3456 Υ
1704 3380 1772 3435 ad
1813 3381 1975 3456 diem
2009 3378 2028 3433 l

432 3450 717 3524 Octobris,
770 3454 829 3508 in
885 3452 1566 3524 lineﬂAreopagiticorum.
1621 3453 1772 3524 lianc
1819 3450 2070 3524 eamdem

434 3521 824 3598 praefationem
848 3521 1166 3598 recuditad
1197 3535 1329 3598 mss.
1355 3521 1812 3598 codicumfidem
1831 3522 2074 3576 Joannes

435 3591 707 3653 Mabillon
754 3596 815 3650 in
845 3592 1137 3649 Analectis
1179 3593 1322 3647 suis.
1357 3594 1418 3647 In
1449 3606 1513 3647 ea
1541 3597 1729 3647 autem
1762 3591 1844 3645 ait
1875 3606 1934 3647 se
1961 3605 2071 3647 non

433 3671 558 3722 κατὰ
588 3666 742 3726 πόδὰς
785 3665 1028 3720 vertisse
1065 3663 1277 3734 omnia,
1311 3663 1406 3718 sed
1440 3676 1668 3718 sensum
1703 3670 1888 3718 tamen
1926 3662 2073 3717 bona

430 3740 539 3796 fide
563 3737 932 3808 expressisse.

509 3813 593 3865 VI.
625 3803 840 3866 Scribit
872 3805 1162 3862 Gerardus
1199 3805 1447 3859 Joannes
1483 3804 1726 3860 Vossius
1767 3803 1869 3858 lib.
1915 3817 1954 3859 II
2003 3805 2073 3859 de

433 3882 740 3938 Historicis
771 3879 1011 3944 Latinis,
1043 3889 1174 3944 cap.
1204 3873 1291 3944 35,
1321 3888 1444 3945 pag.
1471 3871 1595 3943 319,
1625 3875 1901 3930 editionis
1924 3874 2072 3930 ulti-

434 3967 555 4023 mas,
583 3955 639 4008 in
663 3950 1014 4023 Bibliotheca
1037 3946 1607 4023 gantabrigiensisin
1629 3946 1833 4023 Anglia
1859 3946 2072 4023 Acadef

438 4018 586 4093 mite,
627 4021 823 4093 haberi
859 4018 1379 4093 mss._Diony_siun_i
1409 4018 1841 4093 de_Hiera_rchia
1873 4018 2073 4093 calesti

432 4097 498 4149 de
539 4088 864 4148 Hierarchia
913 4089 1296 4149 ecclesiastica,
1330 4089 1396 4141 de
1439 4088 1641 4141 divinis
1676 4089 1993 4142 Nominibus
2023 4093 2072 4142 et

429 4168 662 4234 Mystica
692 4163 1000 4234 Theologia,
1029 4159 1224 4234 codice
1253 4173 1314 4213 ιιι
1343 4174 1464 4234 cum
1492 4160 1813 4234 prtem-tione
1836 4159 2075 4234 Anasta-

429 4228 510 4292 εἰῖ
521 4237 594 4291 ad
614 4250 789 4302 regem
814 4228 1064 4290 Carolum
1085 4230 1334 4302 Calvum,
1369 4231 1493 4302 Ilaec
1522 4229 1620 4302 ille
1641 4229 1828 4283 aliena
1846 4228 1977 4302 ﬁde,
2002 4243 2069 4286 ex

432 4300 766 4382 relatunem
773 4317 838 4373 pe
851 4303 1079 4382 Thomaa
1093 4300 1349 4382 Jamesii‘,
1375 4300 1661 4382 i_n_Ecloga
1677 4300 1896 4354 Uxonio
1916 4302 2072 4382 Can—

431 4370 793 4448 tabrigiensi,
814 4374 908 4430 cui
934 4372 1157 4448 reponit
1179 4376 1300 4448 ipse
1323 4370 1577 4448 Labbeus
1600 4370 1658 4448 in
1681 4384 1848 4448 opere
1871 4385 1976 4427 suo
1996 4373 2068 4448 de

428 4441 822 4519 Scriptoribus
840 4441 1504 4519 ecclesiasticistomai,
1538 4441 1706 4496 verbo
1734 4441 2066 4519 Anastasius

433 4511 890 4586 bibliothecarius,
927 4511 1171 4586 pag.76‘7.
1204 4534 1228 4586 ς(
1255 4515 1314 4586 In
1341 4512 1546 4586 Codice
1568 4512 1929 4586 msicosllegii
1957 4527 2066 4568 no—

431 4591 536 4648 stri
561 4582 940 4645 Bituricensis
961 4582 1258 4640 societatis
1276 4585 1426 4649 Jesu,
1451 4582 1874 4653 elegantissima
1899 4597 2068 4640 manu

432 4663 504 4719 ab
529 4660 875 4731 octingentis
901 4657 1134 4731 circiter
1160 4655 1348 4723 annis,
1369 4653 1436 4731 in
1467 4654 1812 4731 membranis
1839 4661 2068 4711 exarata

434 4725 780 4806 leguntur'_S.
814 4727 1076 4806 Dionysii
1107 4725 1461 4806 Areopagitae
1486 4725 2062 4806 opuscula‘quatuor.

433 4796 583 4861 I.'De
625 4802 840 4858 caelesti
893 4796 1243 4853 Ilierarchia.
1285 4798 1348 4850 ll.
1384 4798 1460 4850 De
1499 4796 1886 4851 ecclesiastica
1928 4797 2067 4852 Hie-

433 4875 680 4933 rarchia.
720 4874 812 4926 III.
840 4873 919 4924 De
945 4869 1164 4924 divinis
1195 4867 1554 4922 Nominibus.
1595 4869 1682 4923 IV.
1723 4869 1799 4922 De
1826 4867 2063 4936 Mystica

430 4944 760 5014 Theologia,
777 4955 845 4996 ex
865 4940 1122 5014 versique
1139 4939 1373 4994 Joannis
1390 4939 1684 5014 Eringenx
1698 4937 1873 5014 Scoti,
1897 4939 2064 5014 cujus

432 5021 604 5074 etiam
637 5009 877 5068 habetur
911 5011 1166 5081 praefatio
1183 5024 1311 5065 cum
1331 5009 1675 5079 quibusdam
1691 5009 1972 5081 versibus,
1991 5010 2060 5064 ad

431 5087 696 5145 Carolum
726 5080 958 5139 Calvum
990 5096 1174 5153 regem
1207 5083 1572 5153 Francorum.
1620 5080 1902 5153 Prtemisit
1930 5093 2063 5134 vero

430 5157 770 5214 Anastasius
792 5155 847 5209 S.
883 5157 944 5208 Β.
974 5151 1240 5208 Ecclesiae
1265 5151 1764 5214 bibliothecarius,
1797 5151 1865 5204 ad
1894 5163 2065 5204 eum—

427 5191 836 5304 $313353;
869 5191 1051 5304 δεξςῖιῆ
1077 5223 1376 5294 epistolam
1398 5191 1791 5304 datamﬁx‘igai'.
1819 5221 2058 5304 Aprilis,

430 5298 748 5372 indictione
767 5311 888 5372 vui,
922 5289 1025 5372 hoc
1045 5289 1131 5372 est
1157 5309 1328 5356 anno,
1359 5298 1422 5348 ut
1449 5306 1592 5359 reor,
1620 5289 1746 5360 875,
1772 5291 1840 5372 in.
1859 5306 1969 5360 qua
1991 5289 2061 5347 de

429 5369 725 5428 scholiisa
750 5382 808 5423 se
843 5367 901 5422 in
940 5368 1206 5423 Latinum
1241 5375 1558 5420 sermonem
1588 5367 1898 5431 conversis,
1935 5377 2060 5430 quae

429 5444 488 5499 in
548 5441 744 5497 codice
785 5441 853 5494 ad
909 5439 1220 5510 marginem
1276 5433 1545 5510 ascripta
1595 5433 1892 5502 habentur,
1941 5433 2058 5489 haec

427 5513 628 5586 habet:
657 5514 779 5586 Ipso
798 5504 1212 5586 meritaa'nxius
1232 5508 1365 5586 capi
1389 5504 1610 5558 sedulus
1641 5519 1897 5571 quxrere,
1920 5511 2052 5586 ete.,

421 5599 548 5656 qua:
568 5585 618 5640 si
648 5579 742 5656 cui
763 5581 1088 5656 arriserint,
1115 5591 1225 5633 non
1251 5579 1365 5656 erit
1393 5579 2056 5656 operosumncoinmupi-

417 5645 566 5727 c'are,
601 5653 900 5727 profutura
931 5645 1175 5721 publica:
1204 5648 1564 5727 eruditorum
1590 5645 2057 5727 utiiitati._a_l_§x-

417 5715 574 5786 stant
601 5715 829 5799 quoque
857 5715 974 5779 du'o
1000 5734 1142 5777 mss.
1178 5717 1404 5776 codices
1426 5715 1732 5788 ejusmodi,
1765 5716 1824 5774 in
1854 5715 2061 5775 biblio-

1118 3110 1267 3175 qux
1295 3094 1363 3150 ex
1408 3097 1624 3175 ercis
1666 3097 1865 3175 Latina
1915 3094 2070 3175 fecit,
2104 3114 2150 3175 ο

2092 4479 2148 4539 D

2195 548 2550 619 theologicos
2583 551 2812 605 Latinos
2852 548 2923 605 20
2953 556 3008 606 et
3047 549 3170 612 496,
3206 556 3268 606 ut
3308 556 3465 606 notat
3497 549 3824 604 Lambecius

2190 618 2292 691 lib.
2315 618 2411 673 vui
2434 621 2981 691 Commentariorum
3005 623 3176 691 hujus
3193 621 3574 689 bibliotheca,
3600 621 3824 690 paginis

2190 686 2292 743 483
2333 695 2387 744 et
2421 689 2538 745 486.
2588 695 2721 746 Item
2775 693 3054 760 ejusmodi
3081 686 3247 746 'alter
3285 695 3459 747 codex
3497 686 3646 746 inter
3677 686 3820 746 inss.

2185 760 2411 816 codices
2425 762 2757 830 Bodleianx,
2776 762 3137 816 bibliothecae
3150 763 3344 818 codice
3360 760 3520 831 36M;
3545 763 3602 816 in
3620 763 3826 816 codici-

2186 831 2294 886 bus
2320 833 2560 901 Hyperoi
2591 833 2902 902 Bodleiani,
2928 835 3123 888 codice
3149 831 3266 887 448.
3304 836 3428 888 Haec
3453 834 3702 903 denique
3728 845 3828 887 eo—

2185 903 2310 956 dem
2365 903 2624 972 Dionysii
2683 903 3036 973 Areopagita:
3087 903 3268 973 Opera
3322 919 3450 960 cum
3502 905 3825 972 praefatione

2186 974 2475 1026 Anastasii
2511 974 2916 1026 Bibliothecar-ii
2946 975 3013 1028 ad
3061 976 3282 1030 scholia
3313 989 3346 1030 a
3379 990 3438 1029 se
3471 976 3526 1028 in
3563 976 3826 1029 Latinum

2186 1056 2362 1107 versa,
2401 1043 2681 1098 habentur
2707 1059 2933 1114 quoque
2957 1059 3088 1099 mss.
3128 1046 3183 1100 in
3214 1045 3561 1101 bibliotheca
3591 1046 3826 1100 Paulina

2187 1114 2850 1187 Lipsiensi_,__ut_constat
2879 1129 2946 1169 ex
2976 1116 3243 1187 Catalogo
3279 1130 3480 1171 manus
3508 1117 3825 1184 criptorum

2189 1184 2362 1256 hujus
2392 1183 2754 1240 bibliotheca:
2787 1186 3090 1256 librorum,
3127 1183 3406 1256 impresso
3440 1183 3646 1255 Lipsiie
3677 1200 3826 1240 anno

2190 1251 2803 1381 ἑυξξιξιθῗιὲιιιίο
2831 1251 3109 1312 ,Ιοίιειιὶιιιὶ
3135 1251 3341 1313 Folleri
3372 1251 3827 1325 bibli'othecarii,

2187 1339 2242 1394 p.
2280 1328 2402 1393 402,
2432 1339 2486 1378 n.
2515 1328 2550 1379 ‘2
2577 1331 2633 1380 et
2661 1328 2720 1381 3.

2257 1397 2368 1468 VII.
2403 1397 2647 1450 Historia
2670 1397 3049 1468 Ecclesiastica
3083 1400 3192 1453 sive
3219 1398 3575 1466 Chronologia
3615 1399 3831 1468 tripar—

2187 1467 2307 1539 tita,
2343 1467 2543 1539 inqua
2563 1468 2618 1539 S.
2647 1467 2954 1537 Nicephori
2983 1470 3322 1539 patriarcha:
3342 1467 3831 1538 ConstantinOpo—

2188 1537 2356 1610 litani
2373 1537 2717 1610 Chronicon,
2739 1537 2998 1594 ordinem
3019 1546 3076 1595 et
3097 1542 3398 1595 maximam
3425 1546 3638 1610 partem
3662 1537 3831 1595 (ΗΠ-οι

2189 1608 2303 1662 nici
2336 1621 2367 1662 a
2406 1609 2650 1680 Georgio
2693 1609 2974 1680 Syncello,
3025 1616 3082 1666 et
3119 1608 3458 1680 Theophane
3505 1611 3830 1667 contessore

2187 1685 2356 1751 atque
2393 1679 2528 1749 Agri
2562 1679 2764 1734 abbate
2796 1679 3186 1751 celeberrimo,
3222 1679 3292 1737 ab
3322 1683 3493 1737 initio
3527 1683 3730 1737 mundi
3759 1683 3823 1736 ad

2190 1749 2391 1804 Leonis
2419 1751 2989 1823 Armeniimperium
3019 1749 3275 1823 deducti,
3310 1754 3506 1808 Latine
3541 1754 3830 1822 interpre—

2190 1825 2343 1875 tatus
2373 1828 2491 1875 est:
2552 1826 2616 1876 ut
2660 1822 2899 1891 ipsemet
2947 1823 3234 1892 pluribus,
3266 1822 3343 1878 in
3396 1823 3734 1892 praefatione
3763 1824 3827 1877 ad

2186 1892 2455 1963 Joannem
2484 1892 2647 1947 urbis
2684 1895 2945 1948 Romanae
2973 1896 3279 1950 diaconum
3319 1894 3587 1963 explicat.
3624 1897 3707 1949 Ex
3744 1894 3832 1948 his

2189 1975 2320 2036 vero
2349 1961 2674 2036 Graecorum
2714 1965 3010 2033 Excerptis
3043 1965 3220 2020 multa
3255 1967 3313 2020 in
3355 1961 3668 2020 Miscellam
3704 1980 3824 2036 qux

2190 2033 2411 2106 dicitur
2436 2033 2737 2089 historiam
2759 2036 3015 2090 derivata
3037 2041 3209 2091 sunt:
3235 2040 3336 2092 aut
3356 2036 3424 2090 ab
3445 2036 3550 2092 hoc
3584 2033 3829 2106 ipso—qui

2195 2104 2460 2178 precibus
2505 2107 2629 2178 suis
2679 2113 3011 2178 extorserat,
3062 2109 3272 2162 Joanne
3315 2108 3559 2162 diacono
3587 2104 3623 2160 z‘
3653 2104 3766 2162 aut
3804 2120 3830 2159 a

2191 2174 2468 2230 Landulfo
2494 2177 2712 2246 Sagaci,
2739 2183 2840 2232 aut
2862 2174 3205 2248 quocunque
3227 2178 3342 2232 alio
3370 2177 3533 2232 illius
3553 2178 3833 2233 consarci-

2191 2252 2420 2317 natore:
2457 2248 2557 2317 qui
2585 2248 2740 2302 alius
2771 2251 3006 2304 omnino
3029 2263 3150 2304 esse
3179 2249 3381 2304 debuit
3406 2263 3437 2303 a
3467 2249 3639 2304 Paulo
3677 2249 3832 2302 War-

2189 2316 2398 2372 nefridi
2431 2316 2821 2388 Langobardo,
2851 2320 3209 2389 Aquileiensi
3251 2320 3494 2374 diacono
3525 2334 3589 2374 ac
3635 2319 3830 2373 Cassi-

2188 2389 2348 2442 nensi
2398 2391 2928 2459 posteanmonacho,
2975 2391 3068 2444 cui
3118 2397 3302 2443 tamen
3352 2390 3610 2459 plerique
3661 2390 3832 2444 ferme

2185 2471 2380 2513 omnes
2411 2457 2723 2514 Miscellam
2765 2459 2909 2513 hanc
2951 2459 3226 2514 hactenus
3255 2457 3556 2515 historiam
3602 2461 3833 2516 tribue—

2185 2533 2323 2584 runt

2255 2599 2390 2654 VIII.
2435 2598 2768 2653 Collectanea
2799 2599 2864 2652 de
2897 2600 2967 2652 iis
3014 2615 3131 2668 quae
3169 2604 3411 2669 spectant
3449 2601 3522 2654 ad
3552 2601 3833 2655 historiam

2182 2670 2658 2724 Monothelitarum
2713 2671 3102 2733 haereticorum,
3161 2677 3211 2724 et
3273 2673 3602 2738 Martyrium
3657 2673 3832 2726 sancti

2181 2742 2412 2794 Martini
2429 2757 2608 2810 papae,
2633 2744 2865 2810 itemque
2896 2745 3074 2795 sancti
3105 2743 3340 2797 Maximi
3363 2744 3576 2796 abbatis
3607 2748 3655 2796 et
3689 2744 3831 2795 alio-

2183 2827 2324 2873 rum,
2359 2826 2483 2882 qua:
2509 2813 2753 2868 Jacobus
2783 2814 3123 2868 Sirmondus
3164 2813 3349 2868 edidit
3377 2814 3435 2868 in
3461 2813 3522 2867 8ο
3551 2833 3564 2882 ;
3595 2813 3834 2871 Parisiis

2183 2895 2332 2954 anno
2355 2879 2507 2954 1⁷620,
2532 2885 2680 2952 apud
2699 2883 3094 2940 Sebastianum
3113 2885 3424 2954 Cramoisy,
3441 2885 3532 2939 via
3547 2879 3827 2951 Jacobxa,

2185 2953 2292 3008 sub
2306 2953 2580 3008 Ciconiis.
2601 2955 2772 3010 Ibide
2797 2956 2883 3010 eis
2904 2955 3001 3024 qui
3029 2955 3136 3010 sub
3155 2953 3460 3010 Constante
3486 2957 3831 3024 imperatore

2183 3024 2458 3096 Orientis,
2517 3026 2764 3096 vincula,
2826 3040 3101 3096 carceres,
3136 3027 3439 3096 variasque
3494 3027 3827 3082 vexationes

2187 3095 2338 3164 passi
2370 3101 2526 3162 sunt,
2562 3096 2622 3150 in
2667 3095 2882 3165 quibus
2910 3098 3025 3153 duo
3067 3095 3383 3153 Anastasiii
3430 3103 3820 3153 recensentur.

2181 3166 2338 3238 Alter
2384 3167 2439 3238 S.
2481 3167 2574 3238 7R.
2625 3167 2890 3238 Ecclesiae
2945 3169 3382 3238 apocrisiarius,
3443 3168 3590 3222 alter
3643 3168 3824 3224 sancti

2183 3236 2413 3309 Maximi
2433 3237 2782 3308 discipulus,
2803 3236 3046 3308 quorum
3066 3240 3321 3309 epistolae
3337 3236 3395 3294 in
3411 3239 3616 3294 iisdem
3636 3239 3827 3309 legun-

2184 3315 2278 3381 tur
2301 3307 2696 3381 Collectaneis,
2721 3307 2854 3381 qua:
2879 3310 2937 3364 in
2969 3307 3210 3381 gratiam
3239 3310 3558 3380 supradicti
3589 3307 3827 3365 Joannis

2182 3379 2433 3448 diaconi,
2466 3393 2594 3434 cum
2617 3379 3065 3436 ecclesiasticam
3092 3379 3402 3436 Historiam
3432 3381 3824 3448 meditaretur,

2182 3455 2237 3503 et
2283 3450 2498 3504 Grecis
2546 3465 2704 3505 versa
2754 3453 2812 3506 in
2846 3466 3019 3507 unum
3071 3452 3457 3506 concinnavit.
3505 3450 3668 3518 Quod
3701 3464 3828 3506 vero

2184 3519 2332 3574 idem
2365 3520 3010 3578 sitetCollectaneorum
3031 3526 3086 3576 et
3115 3521 3380 3577 llistorix
3422 3522 3827 3578 ecclesiasticaa

2181 3597 2399 3663 auctor,
2427 3606 2494 3646 ex
2527 3592 2858 3660 praefatione
2887 3593 3091 3661 disces,
3127 3593 3187 3647 in
3221 3606 3332 3662 qua
3366 3592 3420 3646 id
3454 3597 3650 3661 aperte
3685 3607 3822 3663 pro-

2182 3661 2396 3734 fitetur,
2450 3663 2842 3733 nonnullaque
2870 3677 2937 3718 ex
2971 3665 3046 3719 iis
3077 3661 3376 3732 opusculis
3408 3665 3666 3734 exponit,
3685 3661 3827 3734 ‘qute

2186 3732 2489 3788 Latinitate
2514 3732 2835 3802 donata,’in
2868 3735 3011 3789 hanc
3034 3734 3438 3790 Collectionem
3467 3732 3817 3803 eonjeCerat:

2183 3817 2308 3875 qua:
2338 3804 2445 3858 tibi
2483 3818 2550 3859 ex
2593 3806 2850 3874 subjecto
2884 3806 3094 3875 indice,
3127 3806 3177 3860 si
3205 3819 3419 3875 careas,
3451 3805 3823 3874 imposterum

2181 3874 2380 3929 saltem
2412 3881 2583 3929 erunt
2616 3876 2937 3929 notissima.

2255 3943 2302 3998 l.
2357 3945 2646 3998 Anastasii
2699 3946 3105 3999 Bibliothecarii
3151 3948 3380 4015 epistola
3425 3947 3501 4002 ad
3559 3948 3821 4003 Joannem

2182 4014 2469 4068 diaconum
2507 4017 2659 4068 urbis
2691 4017 2892 4070 Romae.

2347 4089 2574 4140 Joannis
2598 4087 2681 4142 IV
2707 4104 2869 4156 papae
2906 4087 3175 4156 Apologia
3211 4103 3310 4157 pro
3334 4091 3571 4142 Honorio
3600 4091 3633 4144 Ι
3645 4106 3823 4160 papa,

2179 4157 2697 4229 adAConstantinum
2727 4161 3121 4228 imperatorem,
3149 4162 3393 4214 Heraclii
3413 4161 3606 4229 ﬁlium.

2250 4226 2303 4282 3.
2348 4232 2677 4298 Excerptum
2717 4226 3062 4298 ex_epistola
3118 4234 3296 4285 sancti
3337 4226 3569 4285 Maximi
3611 4232 3689 4286 ad
3715 4234 3828 4288 Ma-

2178 4299 2362 4353 rinum
2375 4302 2770 4369 presbyterum,
2799 4303 3102 4372 apologiam
3126 4305 3270 4356 inter
3299 4307 3492 4357 extera
3506 4318 3611 4372 pro
3633 4306 3826 4358 Hono—

2177 4373 2258 4423 rio
2284 4373 2557 4436 facientis.

2249 4438 2296 4494 4.
2323 4444 2409 4495 Ex
2445 4443 2670 4511 epistola
2713 4443 2952 4510 ejusdem
2995 4446 3172 4497 sancti
3218 4445 3450 4497 Maximi
3491 4444 3566 4497 ad
3606 4446 3824 4499 Petrum

2176 4511 2464 4576 illustrem,
2520 4515 2617 4567 ubi
2659 4515 2860 4582 Pyrrhi
2912 4519 2962 4568 et
2991 4515 3280 4583 Soph-renti
3316 4517 3820 4583 Heirosolymitani,

2177 4598 2423 4666 ac_papx
2452 4584 2682 4666 Honorii
2709 4587 3029 4666 mentionem
3054 4587 3210 4666 facit,

2245 4651 2297 4709 5.
2329 4651 2416 4707 Ex
2470 4655 2697 4724 epistola
2743 4656 2984 4724 ejusdem
3041 4657 3218 4708 sancti
3273 4656 3524 4719 Maximi,
3585 4658 3662 4711 ad
3715 4659 3827 4712 Ma-

2174 4725 2358 4778 rinum
2394 4727 2770 4795 presbyterum
2807 4727 3084 4795 Cyprium,
3117 4726 3182 4779 de
3205 4731 3546 4796 processione
3575 4729 3820 4798 Spiritus

2174 4798 2370 4849 sancti.

2244 4866 2295 4921 6.
2336 4867 2599 4921 Theodori
2640 4883 2806 4938 papae
2841 4867 3122 4936 synodica,
3177 4868 3251 4922 ad
3300 4869 3531 4924 Paulum
3574 4873 3820 4938 patriar-

2173 4937 2327 5009 cham
2352 4937 3032 5009 Constantinopolitanum.

2174 5079 2214 5134 Γ
2241 5006 2295 5063 7.
2328 5009 2589 5077 Ejusdem
2626 5006 2926 5079 propositio
2981 5012 3306 5066 transmissa
3359 5011 3821 5084 Constantinopo-

2194 5095 2287 5133 im.

2194 5095 2287 5133 2m.

2239 5150 2293 5205 8.
2322 5151 2582 5223 Ejusdem
2621 5151 2852 5223 epistola
2893 5151 2968 5206 ad
3011 5155 3280 5223 episcopos
3319 5155 3420 5222 qui
3461 5168 3818 5210 consecrave—

2169 5227 2301 5292 runt
2327 5222 2559 5275 Paulum
2586 5222 2957 5290 patriarcham
2984 5222 3663 5292 Constantinopolitanum.

2240 5291 2290 5346 9.
2353 5292 2788 5346 Commemoratio
2843 5295 2978 5363 quid
3041 5297 3205 5362 legati
3259 5291 3488 5349 Romani
3545 5296 3814 5351 Constan-

2170 5363 2397 5432 tinopoli
2425 5366 2708 5430 gesserint,
2743 5380 2810 5420 ex
2839 5367 3064 5436 epistola
3092 5368 3148 5421 S.
3191 5367 3425 5422 Maximi
3453 5365 3528 5421 ad
3557 5368 3809 5424 abbatem

2173 5435 2544 5488 Thalassium.

2253 5450 2544 5488 atasszum.

2241 5501 2331 5579 40.
2369 5505 2658 5560 Anastasii
2683 5508 3089 5564 Bibliothecarii
3131 5509 3359 5579 epistola
3401 5509 3477 5564 ad
3504 5510 3813 5566 Martinam

2167 5577 2472 5647 episcopum
2498 5579 2872 5634 Narniensem.

2240 5645 2584 5722 iiMartini
2602 5666 2768 5722 papx
2796 5650 3023 5720 epistola
3047 5649 3123 5722 ad
3152 5649 3519 5706 Theodorum.

2239 5716 2331 5777 42.
2368 5716 2629 5791 Ejusdem
2656 5716 2893 5792 epistola
2909 5720 3150 5777 secunda
3177 5722 3253 5778 ad
3286 5722 3654 5778 Theodorum.
