3922 6346
1599 404 1678 461 EI.

1860 442 1872 457 .
3226 411 3228 413 ’
3369 401 3438 463 48

1076 705 1430 820 ELOGIA
1543 751 1725 820 pno
1834 750 2411 824 ANASTASIO.

63 1042 363 1098 Guilielmus
409 1042 466 1097 S.
513 1045 576 1100 R.
617 1044 680 1098 E.
733 1043 1172 1099 bibliothecarius
1210 1045 1271 1099 in
1305 1044 1434 1099 Vita
1469 1043 1680 1099 Adria-
1707 1037 1768 1100 A

735 1134 796 1187 ni
824 1135 883 1188 II
904 1133 985 1204 (α)

123 1237 302 1310 Legati
333 1238 388 1293 S.
420 1238 483 1293 R.
516 1240 576 1295 E.
620 1242 835 1296 textum
888 1240 1090 1311 synodi
1118 1241 1326 1311 (nempe
1351 1245 1550 1295 octavae
1585 1256 1687 1307 ge-

61 1328 248 1382 neralis
278 1327 744 1398 Constantinopoli
785 1329 1106 1399 celebratae),
1147 1333 1403 1409 verentes
1435 1343 1503 1385 ne
1544 1330 1683 1400 quid

59 1415 251 1472 falsum
283 1418 474 1473 Graeca
496 1417 698 1474 levitas
738 1418 797 1474 in
833 1432 954 1474 eam
986 1419 1355 1491 congesserit,
1383 1419 1686 1475 Anastasio

60 1512 253 1562 sanctae
294 1505 448 1562 sedis
495 1508 824 1577 apostolica:
881 1508 1324 1564 bibliothecario
1374 1507 1494 1578 (qui
1549 1514 1686 1564 tunc

62 1594 312 1663 temporis
343 1609 443 1664 pro
472 1609 644 1650 causa
661 1596 932 1651 Ludovici
966 1595 1318 1651 serenissimi
1348 1596 1527 1651 nostri
1559 1596 1687 1652 Au-

60 1682 196 1751 gusti
227 1696 352 1738 cum
384 1684 648 1753 Suppone
690 1684 1124 1740 archiministro
1152 1689 1276 1754 post
1304 1698 1398 1740 eos
1417 1684 1685 1740 Constan-

61 1770 360 1841 tinopolim,
394 1772 616 1843 divina,
650 1778 715 1828 ut
738 1773 1015 1843 creditur,
1051 1774 1483 1844 dispensatione
1509 1775 1685 1830 adve—

61 1859 218 1929 nerat)
255 1860 552 1916 subtiliter
597 1862 1028 1933 inquirendum,
1071 1868 1374 1934 antequam
1421 1863 1670 1919 subscri-

61 1947 195 2018 bant,
245 1950 630 2005 committunt.
664 1951 710 2006 A
740 1965 854 2022 quo
883 1951 1022 2023 quia
1061 1952 1122 2007 in
1154 1952 1420 2023 utrisque
1466 1952 1685 2024 linguis

59 2036 546 2106 eloquentissimus
584 2039 882 2111 existebat,
944 2041 1370 2096 studiosissime
1413 2055 1685 2112 perscru-

62 2129 212 2192 tatus,
258 2139 424 2181 omne
476 2128 626 2197 quod
687 2129 754 2183 ad
814 2129 1038 2184 laudem
1097 2130 1454 2185 serenissimi
1502 2129 1682 2185 nostri

59 2212 289 2283 Caesaris,
337 2216 748 2271 sanctissimus
774 2217 1046 2272 dominus
1090 2215 1381 2272 Adrianus
1428 2216 1685 2288 pontifex

61 2299 111 2353 in
134 2301 358 2370 epistola
407 2305 503 2358 sui
535 2304 853 2360 decessoris
898 2304 1139 2361 Arsenio
1189 2306 1456 2377 episc0po
1488 2306 1690 2362 immi-

63 2393 203 2445 nentc
220 2391 525 2462 adjecerat,
557 2397 866 2448 reseratum
899 2393 1218 2450 inveniunt.

104 2516 317 2572 Joannes
346 2519 698 2580 Trithemius,
731 2518 795 2572 de
830 2517 1199 2589 Scriptoribus
1230 2519 1626 2595 ecclesiasticis.

119 2641 446 2698 Anastasius
495 2643 823 2713 apostolica:
863 2643 1227 2701 bibliotheca:
1279 2649 1475 2702 custos
1500 2649 1555 2702 et
1586 2645 1687 2701 in-

58 2731 318 2785 staurator
347 2732 778 2801 sagacissimus,
810 2732 869 2787 in
891 2732 1110 2788 divinis
1138 2733 1456 2804 Scripturis
1479 2734 1685 2790 erudi-

58 2820 152 2883 tus,
173 2822 225 2872 et
241 2819 298 2874 in
318 2820 697 2877 sacularibus
717 2821 928 2878 litteris
947 2822 1222 2880 nobiliter
1239 2823 1463 2893 doctus,
1486 2822 1681 2880 Graeco

57 2909 101 2959 et
126 2907 312 2963 Latino
356 2909 605 2965 multum
643 2911 864 2979 peritus
893 2911 1144 2982 eloquio,
1191 2911 1375 2969 fertur
1404 2895 1681 2968 nonnulla

55 2997 418 3064 composuisse
457 2999 756 3069 opuscula,
790 3001 885 3056 sed
917 3001 986 3057 ad
1035 3015 1236 3058 manus
1275 3007 1501 3058 nostras
1530 3001 1679 3057 nihil

55 3094 224 3140 eorum
255 3087 533 3156 pervenit.
565 3089 887 3146 Transtulit
917 3095 1106 3146 autem
1148 3091 1329 3147 multa
1353 3092 1678 3147 Grazcorum

55 3171 316 3232 volumina
371 3177 430 3232 in
481 3177 771 3250 Latinum,
803 3191 933 3235 nam
959 3179 1195 3249 jubente
1223 3180 1458 3237 Nicolao
1490 3181 1680 3250 papa!

56 3263 326 3320 transtulit
360 3267 569 3322 =Vitam
617 3268 854 3324 Joannis
935 3269 1414 3340 Eleemosynarii:
1473 3269 1574 3324 lib.
1633 3283 1670 3326 1.

55 3348 206 3407 Unam
256 3355 308 3409 S.
357 3355 623 3426 Dionysii
671 3356 1095 3414 Hierarchiam:
1144 3358 1245 3414 lib.
1298 3373 1337 3414 1.
1387 3359 1673 3429 Synodum

55 3450 115 3492 v11
138 3441 537 3500 universalem:
562 3445 664 3500 lib.
699 3460 737 3501 1.
767 3446 924 3503 Vitas
952 3446 1261 3503 multorum
1288 3449 1380 3503 SS.
1404 3449 1668 3503 Patrum:

58 3527 141 3581 lib.
166 3543 202 3598 1,
231 3537 287 3586 et
312 3533 425 3590 alia
458 3533 647 3604 plura.
680 3534 924 3605 Scripsit
952 3539 1008 3591 et
1047 3536 1355 3593 Historiam
1383 3537 1674 3593 Ecclesia—

57 3617 231 3673 sticam
280 3635 458 3692 usque
511 3623 578 3678 ad
612 3636 715 3679 sua
758 3627 1030 3695 tempora,
1083 3629 1316 3697 rogante
1361 3625 1562 3681 Carolo
1601 3627 1668 3695 Il,

55 3706 133 3760 cui
165 3707 440 3778 imprimis
463 3711 678 3768 charus
706 3716 844 3768 erat.
872 3713 1095 3770 Claruit
1118 3713 1227 3772 sub
1256 3714 1542 3772 Ludovico
1574 3714 1676 3770 im-

59 3801 286 3861 peratore
315 3801 586 3871 secundo,
618 3814 769 3858 anno
793 3801 1022 3860 Domini
1047 3799 1171 3860 860.
1233 3836 1237 3840 ›

113 3936 182 4006 (a)
209 3940 398 3998 Exstat
427 3943 489 4000 in
517 3943 623 4000 hoc
646 3955 832 4015 Opere.

1903 1045 1964 1099 B.
1994 1043 2320 1116 PlotinaIde
2363 1045 2503 1102 Vitis
2529 1046 2868 1116 Pontiﬁcum,
2908 1046 2969 1099 in
2995 1045 3202 1102 JOANNE
3228 1046 3327 1103 IX.

1866 1188 2106 1246 Carolus
2138 1189 2446 1260 imperator
2483 1190 2941 1245 Normannorum
2987 1202 3174 1260 regem
3222 1188 3282 1244 in
3319 1201 3442 1260 gra-

1798 1277 1935 1332 tiam
1964 1279 2269 1350 recipiens,
2296 1294 2326 1335 e
2347 1279 2710 1349 baptismatis
2728 1278 2882 1335 fonte
2899 1277 3126 1346 levavit,
3151 1281 3217 1333 ut
3237 1277 3444 1333 scribit

1795 1365 2155 1436 Anastasius,
2185 1369 2283 1439 qui
2308 1375 2428 1424 tum
2459 1369 2515 1424 in
2536 1369 2719 1438 pretio
2744 1371 2867 1424 erat
2889 1368 3152 1422 Romana
3177 1365 3443 1422 Ecclesiae

1797 1454 2296 1526 bibliothecarius,
2331 1458 2420 1512 vir
2451 1471 2584 1513 sane
2615 1463 2858 1527 utraque
2889 1458 3087 1529 lingua
3120 1457 3345 1524 doctus,
3379 1459 3444 1510 ut

1795 1557 1826 1600 e
1855 1546 2050 1600 Graeco
2082 1546 2142 1600 in
2165 1546 2429 1600 Latinum
2468 1550 2524 1600 et
2549 1546 2848 1614 septimam
2893 1544 3274 1600 universalem
3301 1555 3446 1614 syn—

1796 1635 1988 1703 odum,
2012 1639 2069 1689 et
2092 1634 2480 1690 Hierarchiam
2513 1634 2773 1704 Dionysii
2794 1633 3168 1704 Areopagitae,
3201 1636 3255 1687 et
3285 1631 3445 1687 Vitas

1797 1724 2110 1780 multorum
2165 1723 2352 1779 Caroli
2411 1723 2594 1796 gratia
2642 1723 2702 1780 in
2739 1723 3006 1779 Latinum
3055 1719 3342 1794 eleganter
3375 1724 3441 1775 et

1794 1812 1959 1898 docte
1987 1813 2373 1869 transtuleris.

1796 1956 2110 2026 Onuphrius
2149 1957 2452 2012 Panvinius
2486 1959 2544 2079 iln
2582 1956 2879 2082 Platrinam,
2911 1957 3141 2011 annotat
3185 1955 3247 2009 in
3271 1953 3444 2011 Nico-

2519 2043 2647 2081 ματη
2725 2067 2737 2081 .

2519 2043 2647 2081 ματη
2692 2043 2737 2081 1.

1867 2150 2208 2206 Anastasius
2241 2148 2576 2216 monachus,
2607 2152 2664 2204 et
2687 2149 2740 2203 S.
2775 2149 2840 2202 Β.
2872 2149 2934 2202 Ε.
2967 2147 3447 2204 bibliothecarius

1800 2252 1984 2310 usque
2002 2239 2070 2294 ad
2102 2238 2400 2294 Nicolaum
2429 2239 2452 2292 Ι
2476 2237 2858 2293 Romanorum
2905 2235 3238 2305 pontiﬁcum
3259 2235 3443 2306 Vitas,

1717 2374 1771 2435 B
1800 2342 1926 2400 quze
1955 2328 2142 2383 adhuc
2167 2327 2316 2398 apud
2364 2340 2450 2381 me
2475 2330 2630 2396 sunt,
2673 2324 2928 2394 scripsit,
2957 2323 3064 2379 sub
3099 2337 3214 2395 quo
3237 2327 3293 2380 et
3320 2325 3446 2395 ejus

2269 2417 2285 2435 .
2310 2415 2500 2435 μμ,
2546 2416 2593 2435 η
2619 2417 2666 2435 -.
2703 2415 2906 2435 τμη,
2936 2414 3056 2435 ,ηπ
3081 2413 3134 2435 ε*
3168 2413 3311 2435 τω,
3336 2415 3403 2435 ι.-

1799 2415 2230 2472 successoribus
2253 2415 2506 2472 Adriano
2545 2416 2593 2470 II
2613 2417 2670 2470 et
2695 2415 2909 2470 Joanne
2936 2414 3056 2469 VIII
3081 2413 3138 2468 in
3168 2413 3314 2469 Urbe
3336 2415 3448 2470 ﬂo-

1797 2507 1938 2562 ruit.
1953 2506 2087 2574 Qute
2109 2502 3174 2577 sequunturconcinnavitGuilielmus
3187 2501 3444 2573 quidam,

1793 2595 1936 2651 alter
1956 2594 2455 2666 bibliothecarius,
2489 2608 2616 2665 quae
2638 2594 2699 2650 in
2722 2592 2873 2650 libro
2898 2591 3007 2649 sub
3043 2591 3310 2649 Damasio
3332 2605 3444 2648 no-

1797 2685 1949 2741 mine
1973 2683 2398 2755 circumfertur,
2426 2687 2668 2741 exstant.

1791 2828 2100 2896 Sigebertus
2129 2826 2546 2888 Gemblacensis,
2574 2824 2640 2880 de
2662 2823 2974 2896 illustribus
3002 2823 3254 2880 Ecclesia
3284 2823 3445 2880 Scri-

2314 2897 2587 2967 ptoribus,
2628 2911 2748 2966 cap.
2783 2893 2905 2952 404.

1860 3040 2217 3109 Anastasius,
2235 3038 2471 3110 jubente
2490 3038 2724 3095 Nicolao
2749 3051 2914 3109 papa,
2933 3036 3234 3094 transtulit
3253 3036 3312 3092 in
3344 3039 3444 3095 La-

1789 3129 1976 3188 tinum
1996 3130 2180 3187 Vitam
2201 3127 2436 3186 Joannis
2453 3126 2924 3199 Eleemosynarii,
2953 3125 3226 3198 scriptam
3247 3126 3441 3186 Graece

1786 3233 1818 3276 a
1847 3219 2083 3276 Leontio
2103 3219 2395 3289 episcopo.

1857 3308 2036 3364 Caesar
2057 3310 2324 3363 Baronius
2343 3307 2650 3363 Annalium
2670 3305 3166 3362 Ecclesiasticorum
3186 3308 3324 3362 tomo
3337 3307 3432 3362 IX.

1853 3395 2194 3452 Anastasius
2208 3395 2706 3466 bibliothecarius,
2729 3394 2837 3452 etsi
2881 3395 3012 3452 rudi
3035 3395 3202 3466 stylo,
3229 3395 3441 3452 ﬁdelis-

1785 3485 1928 3542 sime
1971 3489 2158 3542 tamen
2200 3499 2391 3542 rerum
2428 3490 2713 3558 gestarum
2765 3484 3068 3541 historiam
3121 3485 3429 3557 enarravit,

1785 3575 1902 3631 imo
1933 3574 1992 3631 in
2014 3589 2202 3632 rerum
2220 3575 2312 3632 sui
2345 3574 2617 3645 temporis
2659 3575 2988 3631 narratione
3033 3572 3258 3630 nullum
3301 3573 3436 3630 ﬂde-

1783 3663 1984 3720 liorem
2006 3669 2062 3720 et
2086 3664 2378 3722 meliorem
2397 3664 2731 3734 scriptorem
2765 3662 3056 3734 habemus,
3075 3663 3226 3732 apud
3260 3676 3428 3733 quem

1783 3753 1968 3826 magis
1990 3768 2120 3810 cum
2142 3754 2515 3824 simplicitate
2534 3752 2745 3811 veritas
2774 3765 2943 3824 quam
2964 3765 3095 3808 cum
3116 3749 3249 3809 fuco
3279 3765 3429 3808 men-

1781 3842 1947 3899 dacia
1975 3842 2299 3902 valuerunt.
