3922 6390
140 393 206 451 21
507 392 602 450 ΑΙ)
637 389 1075 449 ΑΝΑΞΤΑΞΙΠΜ
1110 389 1628 450 PROLEGOMENA
1666 389 1689 446 Ι

1998 388 2316 447 ιι-νΑΤια.
2345 420 2417 432 -
2455 389 2663 447 EPIST.
2708 388 3182 449 DEDICATORIA.
3474 391 3547 450 22

140 515 622 589 Archigymnasio
652 515 1065 587 typOgraphus,
1101 528 1230 571 mox
1259 515 1430 571 etiam
1459 515 1787 586 Vaticanus,
1825 518 1879 570 te
1905 513 2097 584 dante,
2132 515 2242 570 sim
2275 516 2794 573 renuntiatus.Hac
2823 515 3076 571 nominis
3105 515 3426 585 amplitudo
3457 529 3546 572 me

143 604 465 660 sollicitum
493 603 701 667 reddit,
727 610 793 657 ut
818 604 915 672 qui
948 618 1050 672 par
1075 605 1272 674 gratia
1299 602 1602 660 referenda
1624 615 1736 659 non
1763 603 1872 659 sim
1901 603 2172 660 muniﬁco
2193 617 2326 676 erga
2347 619 2432 660 me
2454 606 2727 676 principi,
2751 604 3162 675 exspectationi
3190 603 3543 660 sanctissimi

145 695 334 749 Patris
360 695 558 749 saltem
592 705 693 761 pro
722 691 956 747 modulo
989 694 1330 761 respondere
1360 694 1640 749 connitar.
1675 693 1795 762 Qua
1829 694 2010 764 igitur
2036 695 2257 750 ratione
2289 695 2344 750 id
2375 697 2708 751 contendam
2741 696 2847 752 hoc
2875 695 3128 751 editione
3156 694 3358 764 Operis
3385 695 3546 751 Ana-

142 784 337 853 stasii,
372 783 427 837 id
458 781 588 851 tibi,
610 782 792 836 PATER
814 781 1161 850 BEATISSIME,
1192 780 1428 851 laboris,
1461 785 1515 835 et
1535 781 1767 838 consilii
1803 783 1910 835 mei
1937 798 2048 839 non
2076 789 2298 840 tantum
2329 785 2562 841 domino
2595 785 3121 857 indulgentissimo,
3151 798 3348 840 verum
3370 785 3541 840 etiam

137 872 328 941 judici
360 885 425 928 ac
457 879 694 941 patrono
723 870 1192 940 clementissimo,
1225 871 1622 939 exponendum
1665 869 1964 924 humiliter
1994 870 2134 924 duxi
2163 893 2174 924 :
2206 879 2421 944 tuoque
2450 875 2558 930 sub
2596 876 2858 946 auspicio
2897 876 3118 930 cateris
3146 873 3539 945 aperiendum,

142 964 212 1016 ut
240 961 426 1017 sciant
456 961 788 1031 quicunque
807 959 992 1030 opella
1021 963 1215 1014 nostra
1244 958 1618 1027 imposterum
1642 958 1805 1014 usuri
1831 962 1988 1030 sunt,
2015 958 2228 1028 quibus
2257 965 2568 1029 praesertim
2597 965 2869 1031 operibus
2896 965 3050 1035 prela
3075 963 3313 1021 ofﬁcina
3335 967 3543 1021 nostra

140 1050 398 1106 exerceri
429 1049 681 1119 cupiam,
712 1062 778 1103 ex
811 1061 924 1118 quo
953 1047 1212 1103 Vaticani
1246 1047 1586 1118 typographi
1619 1059 1855 1102 munere
1881 1060 1913 1102 a
1945 1047 2233 1103 sacerdote
2263 1050 2511 1104 maximo
2543 1064 2666 1104 sum
2699 1051 2962 1106 donatus.

217 1138 298 1209 (α)
337 1137 788 1209 Typographiam
821 1135 1152 1192 Vaticanam
1195 1149 1324 1191 cum
1358 1134 1688 1190 institueret
1730 1136 2074 1192 immortalis
2118 1138 2402 1193 memoriae
2435 1137 2689 1208 pontifex
2728 1139 2924 1193 Sixtus
2952 1139 3020 1206 V,
3054 1139 3348 1208 professus
3371 1144 3457 1195 est
3479 1151 3546 1195 eo

139 1227 394 1284 consilio
420 1225 733 1296 fundatam,
767 1225 835 1281 ad
869 1230 1195 1281 sanctorum
1221 1224 1448 1280 scilicet
1467 1238 1636 1294 opera
1669 1225 2039 1294 restituenda,
2073 1227 2528 1298 catholicamque
2551 1228 2884 1298 religionem
2915 1231 3033 1284 toto
3059 1228 3193 1284 orbe
3225 1241 3549 1300 propagan-

138 1319 296 1374 dam.
339 1318 561 1387 Quanto
605 1319 794 1371 autem
835 1315 1031 1371 studio
1070 1330 1129 1370 se
1166 1311 1622 1384 comparaverint
1659 1315 1727 1370 ad
1773 1315 2123 1383 implendum
2170 1321 2446 1386 suscepta
2496 1317 2802 1387 provincia
2847 1331 3057 1373 munus
3101 1321 3384 1388 quotquot
3424 1317 3549 1386 ejus

138 1407 385 1465 oﬁicina
413 1405 668 1461 libraria
698 1418 893 1460 curam
925 1404 1428 1470 administrabant,
1454 1404 1598 1460 satis
1629 1404 1940 1459 ostendunt
1965 1417 2135 1472 opera
2165 1405 2394 1476 egregia
2421 1420 2520 1475 per
2544 1420 2640 1462 eos
2659 1420 2839 1462 annos
2859 1407 3013 1462 edita
3035 1407 3188 1477 typis
3213 1406 3543 1463 Vaticanis:

140 1498 454 1568 utriusque
480 1495 822 1551 Testamenti
851 1495 1020 1550 lectio
1049 1509 1216 1566 quam
1238 1494 1726 1562 emendatissima,
1755 1493 2136 1548 conciliorum
2169 1494 2520 1563 generalium
2544 1496 2679 1550 Acta
2701 1510 2768 1551 ex
2792 1496 3219 1566 probatissimis
3245 1495 3548 1553 codicibus

135 1586 449 1655 descripta,
484 1588 811 1640 sanctorum
845 1585 1074 1639 Patrum
1108 1583 1538 1639 lucubrationes
1562 1583 1630 1637 ad
1659 1586 1909 1637 veterum
1942 1582 2356 1652 exemplarium
2381 1583 2544 1638 ﬁdem
2577 1597 2934 1652 summOpere
2963 1586 3274 1655 castigata.
3301 1584 3550 1639 Annales

135 1675 412 1730 Ecclesia
442 1689 473 1728 a
503 1673 745 1729 Baronio
777 1679 914 1729 tunc
944 1672 1221 1744 inchoati,
1255 1678 1309 1728 et
1339 1673 1621 1743 ejusmodi
1664 1672 1946 1728 librorum
1980 1685 2180 1743 genera
2214 1685 2505 1741 nunquam
2552 1672 3005 1728 intermoritura.
3047 1675 3142 1728 Na
3172 1673 3420 1728 celebres
3453 1672 3544 1728 illi

137 1764 397 1820 editores
420 1763 678 1819 Vaticani
710 1762 977 1818 Aldinam
1010 1761 1348 1833 elegantiam
1379 1777 1508 1818 cum
1541 1762 1795 1818 utilitate
1820 1766 1876 1817 et
1906 1762 2198 1831 majestate
2227 1754 2548 1831 argumenti
2576 1762 2834 1818 omnium
2865 1762 3192 1834 gravissimi
3224 1763 3547 1831 conjunxe-

140 1860 301 1910 runt.
346 1855 480 1909 Post
511 1852 740 1908 uberem
786 1852 969 1923 igitur
1004 1865 1244 1908 messem
1291 1852 1550 1923 undique
1594 1851 2003 1922 conquisitam,
2035 1855 2090 1906 et
2128 1851 2267 1907 adeo
2306 1849 2555 1907 feliciter
2597 1851 2810 1907 illatam
2847 1852 2906 1907 in
2949 1851 3216 1908 Ecclesia
3259 1851 3549 1922 horreum,

139 1942 316 2014 quale
345 1941 708 2012 spicilegium
741 1942 1028 2011 supererit
1054 1955 1087 1997 a
1122 1955 1210 1997 me
1230 1941 1639 2013 colligendum,
1673 1955 1739 1997 eo
1764 1941 2004 2012 dignum
2030 1941 2282 2012 nomine,
2312 1955 2426 2011 quo
2458 1940 2676 2010 placuit
2699 1941 3018 1997 SANCTITATI
3049 1943 3282 1998 VESTRIE
3311 1945 3552 1998 conatus

138 2043 300 2085 meos
322 2029 637 2098 honestare,
662 2029 799 2084 dum
822 2029 880 2084 in
904 2030 1079 2084 vitam
1109 2033 1395 2085 revocaret
1422 2034 1548 2098 post
1570 2043 1769 2098 unum,
1798 2034 1900 2085 aut
1919 2029 2162 2085 alterum
2191 2029 2464 2085 saculum
2491 2029 2925 2098 typographiam
2945 2029 3273 2085 Vaticanam
3295 2029 3324 2084 ?
3343 2028 3551 2085 Animo

139 2123 332 2174 tamen
363 2117 712 2187 despondere
737 2130 841 2172 nos
867 2117 1102 2172 minime
1127 2118 1270 2173 sinit
1297 2132 1590 2173 sacrorum
1618 2131 1798 2188 seges,
1827 2131 1997 2188 quam
2027 2131 2266 2188 magnus
2293 2122 2450 2187 pater
2476 2115 2729 2172 familias
2756 2123 3008 2186 paratam
3036 2123 3220 2174 servat
3247 2118 3551 2174 industria

136 2206 356 2274 coloni,
391 2219 503 2261 non
531 2219 697 2261 secus
726 2218 792 2270 ac
821 2206 1001 2261 vinea
1031 2206 1276 2273 fructus,
1308 2211 1364 2262 et
1395 2207 1674 2262 mercedis
1705 2213 2034 2276 proventum
2067 2205 2420 2261 vinitoribus
2447 2205 2664 2260 vocatis
2693 2205 2761 2260 ad
2797 2205 2994 2262 horam
3026 2219 3252 2276 nonam,
3279 2209 3336 2261 et
3365 2207 3556 2262 unde-

143 2293 376 2349 cimam.
411 2294 553 2348 Nam
599 2307 726 2362 qua
771 2293 1066 2362 provincia
1098 2294 1205 2348 tibi
1240 2307 1350 2349 non
1384 2292 1541 2349 ferax
1571 2293 1767 2350 futura
1816 2295 1912 2362 sit,
1947 2295 2275 2348 BEATISSIME
2323 2295 2524 2363 PATER,
2571 2293 2621 2347 si
2667 2292 2736 2348 ab
2778 2297 3030 2348 extrema
3077 2293 3247 2349 etiam
3278 2294 3459 2363 Syria,
3500 2300 3556 2350 et

139 2382 412 2450 desertis,
447 2395 514 2437 ac
559 2381 981 2437 solitudinibus
1011 2382 1212 2436 Nitriae
1253 2396 1318 2438 ac
1342 2383 1651 2438 Thebaidis
1690 2383 1922 2454 colligis
1952 2381 2196 2453 fructus,
2239 2381 2508 2451 pluribus
2539 2385 2669 2437 ante
2709 2395 2812 2437 nos
2851 2382 3079 2437 saculis
3117 2383 3422 2454 denegatos
3451 2387 3553 2439 aut

139 2470 467 2527 occultatos
494 2470 523 2523 ?
549 2469 684 2524 Acta
715 2470 868 2524 enim
913 2472 1243 2540 Martyrum,
1277 2470 1348 2524 ab
1393 2470 1642 2525 Eusebio
1677 2471 1936 2541 collecta,
1961 2474 2015 2525 et
2047 2469 2276 2525 turbine
2307 2470 2550 2540 quodam
2596 2469 2782 2524 atatis
2820 2469 3074 2526 barbara
3106 2471 3186 2526 ita
3215 2470 3448 2540 abrepta
3491 2485 3557 2527 ac

140 2560 430 2629 dispersa,
467 2563 530 2614 ut
555 2562 681 2629 post
709 2572 892 2614 annos
918 2572 1029 2613 non
1063 2559 1314 2630 integros
1347 2563 1629 2615 trecentos
1667 2558 1880 2615 frustra
1921 2565 2315 2629 quaererentur
2338 2559 2396 2614 in
2430 2558 2669 2614 scriniis
2706 2558 2994 2629 Ecclesia,
3025 2573 3207 2629 nuper
3235 2573 3303 2614 ex
3327 2559 3560 2616 Oriente

140 2648 406 2704 attulisti
453 2661 581 2702 cum
625 2647 762 2702 aliis
804 2646 1096 2716 praclaris
1139 2647 1440 2704 codicibus
1483 2649 1770 2718 ducentis,
1807 2653 1905 2704 tuo
1939 2649 2109 2718 jussu
2148 2662 2213 2702 ac
2245 2647 2640 2704 muniﬁcentia
2677 2648 3025 2716 comparatis
3053 2649 3121 2704 ad
3164 2648 3559 2704 instruendam

144 2740 319 2796 novis
349 2738 536 2807 c0piis
566 2736 973 2791 bibliothecam
1002 2737 1353 2792 Vaticanam.
1387 2736 1608 2804 Quanta
1640 2729 1962 2807 amplitudo
1992 2737 2247 2809 regionis
2281 2737 2496 2793 nostris
2527 2736 2824 2793 laboribus
2855 2736 3176 2793 excolenda
3208 2737 3314 2794 hoc
3344 2751 3460 2794 uno
3496 2738 3558 2794 in

142 2833 452 2900 prospectu
485 2829 615 2880 ante
643 2824 842 2880 oculos
870 2824 1166 2894 aperitur!
1202 2825 1340 2881 Cum
1370 2826 1563 2896 itaque
1591 2827 1829 2882 materia
1859 2826 2180 2882 editionum
2212 2825 2480 2883 defutura
2512 2827 2748 2882 minime
2780 2827 2859 2882 sit
2889 2826 2996 2882 sub
3027 2826 3242 2900 Optimo
3276 2827 3556 2898 principe,

139 2917 332 2974 sacris
378 2914 592 2970 litteris
628 2913 883 2983 impense
921 2913 1171 2984 addicto,
1221 2914 1534 2984 prastabit,
1569 2919 1634 2970 ut
1663 2929 1766 2986 ego
1795 2914 2069 2986 arbitror,
2101 2915 2388 2984 specimen
2419 2916 2544 2984 ejus
2573 2915 2894 2987 diligentia
2923 2914 3213 2987 exhibere,
3258 2929 3428 2986 quam
3461 2920 3560 2971 tua

141 3006 421 3062 Vaticana
455 3004 826 3075 typographia
856 3003 1114 3073 polliceri
1145 3007 1330 3072 potest
1355 3004 1680 3060 cultoribus
1707 3005 2033 3075 graviorum
2057 3003 2526 3074 disciplinarum,
2555 3010 2677 3060 tum
2707 3004 2767 3060 in
2787 3004 3012 3060 delectu
3041 3017 3278 3074 operum
3302 3004 3560 3060 edendo—

153 3109 311 3163 rum,
346 3097 468 3148 tum
502 3092 560 3147 in
590 3091 969 3162 castigatione
1000 3095 1171 3162 atque
1201 3091 1485 3164 elegantia
1515 3093 1809 3149 editionis.

218 3183 355 3238 Tria
387 3181 504 3236 hac
535 3181 813 3250 spondere
843 3194 970 3236 cum
1003 3181 1214 3251 ausim,
1247 3181 1422 3237 etiam
1455 3186 1724 3250 prastare
1752 3185 1993 3238 conatus
2025 3194 2151 3238 sum
2185 3181 2247 3236 in
2279 3180 2373 3236 his
2402 3180 2753 3237 excudendis
2791 3181 3177 3238 Romanorum
3215 3180 3557 3238 Pontiﬁcum

141 3271 321 3341 Vitis,
347 3283 474 3340 qua
495 3269 784 3325 Anastasii
815 3270 1045 3325 nomine
1068 3269 1273 3326 donari
1295 3270 1501 3326 solent.
1525 3271 1789 3328 Delectus
1815 3272 1874 3326 in
1904 3270 2112 3342 primis
2138 3270 2305 3326 utilis
2334 3271 2588 3340 reputari
2613 3269 2864 3341 profecto
2889 3270 3074 3341 debet,
3105 3271 3205 3341 qui
3230 3273 3385 3342 gesta
3408 3284 3559 3340 pra-

142 3361 322 3430 cipua
347 3359 750 3428 complectitur
772 3359 1135 3416 decessorum
1163 3364 1391 3415 tuorum
1424 3360 1481 3415 in
1503 3361 1653 3416 Petri
1686 3361 1978 3431 cathedra,
2006 3360 2542 3430 successionemque
2564 3373 2676 3416 non
2701 3360 3083 3430 interruptam
3110 3377 3122 3413 :
3149 3360 3417 3416 universa
3441 3360 3560 3417 hac

142 3447 420 3521 genuinis
448 3447 600 3501 notis
623 3447 909 3516 descripta
931 3461 999 3502 ex
1023 3447 1317 3518 diptychis
1343 3453 1397 3503 et
1425 3447 1802 3520 heortologiis
1830 3449 2117 3505 nascentis
2143 3448 2428 3505 Ecclesia.
2457 3449 2580 3503 Non
2611 3447 2728 3503 alia
2755 3448 3082 3504 rudimenta
3109 3448 3342 3504 maximi
3369 3448 3563 3520 operis

141 3536 460 3604 Annalium
490 3536 732 3593 Baronio
755 3535 936 3592 fuisse
959 3535 1170 3592 fatetur
1196 3536 1447 3607 inclytus
1473 3537 1722 3608 scriptor
1746 3538 1824 3610 (ὁ)
1849 3538 1908 3593 in
1938 3537 2183 3608 epistola
2212 3537 2635 3609 nuncupatoria
2662 3539 2731 3594 ad
2757 3538 2983 3595 Sixtum
3013 3537 3359 3610 pontiﬁcem,
3391 3551 3562 3609 quam

147 3625 313 3682 Vitas
337 3630 660 3680 sanctorum
690 3628 744 3680 et
768 3625 1025 3695 exempla
1053 3626 1323 3681 Patrum:
1352 3626 1503 3682 unde
1526 3627 1856 3682 adversaria
1880 3627 2159 3699 colligens
2184 3627 2251 3683 ad
2283 3641 2451 3684 usum
2479 3626 2861 3683 familiarium
2888 3627 3251 3696 concionum,
3286 3640 3388 3697 pro
3417 3640 3564 3683 con-

149 3714 465 3770 suetudine
493 3712 744 3769 Oratorii
773 3713 866 3768 sui
899 3713 1162 3784 quotidie
1204 3712 1615 3785 habendarum,
1658 3728 1727 3769 ex
1763 3728 1932 3785 parvo
1975 3716 2192 3771 semine
2223 3716 2510 3788 ingentem
2551 3714 2814 3772 arborem
2843 3717 3097 3771 exortam
3127 3715 3292 3770 vidit.
3327 3714 3400 3770 At
3424 3714 3566 3769 Vita
3673 3736 3681 3745 -

151 3801 539 3858 maximorum
581 3802 916 3872 pontiﬁcum
958 3802 1064 3856 hoc
1103 3803 1278 3857 etiam
1318 3802 1595 3858 brevitate
1635 3803 1968 3872 enuntiata,
2011 3818 2124 3874 qua
2171 3805 2537 3874 potissimum
2582 3804 2794 3860 veritas
2838 3804 3065 3875 gaudet,
3114 3807 3328 3872 quanto
3373 3815 3564 3858 rerum

147 3890 400 3963 pondere
438 3895 495 3947 et
524 3897 806 3948 momento
848 3890 1118 3962 polleant,
1170 3891 1332 3962 satis,
1382 3905 1566 3962 spero,
1617 3891 1972 3949 indicabitur
2003 3893 2064 3948 in
2105 3893 2438 3963 praefatione
2478 3894 2548 3948 ad
2589 3895 2895 3949 Lectorem.
2943 3891 3259 3962 Castigatio
3297 3893 3563 3946 accurata

143 3980 321 4052 (quod
364 3985 487 4036 erat
523 3981 768 4037 alterum
798 3995 830 4036 a
872 3994 958 4036 me
990 3980 1316 4050 pollicitum
1347 3984 1402 4036 et
1450 3981 1856 4054 praestandum)
1901 3996 1961 4038 se
1993 3982 2195 4052 prodet
2223 3983 2282 4038 in
2317 3983 2780 4052 uniuscujusque
2831 3980 2958 4038 folii
2999 3985 3310 4051 conspectu
3353 3978 3556 4050 primo.

145 4070 381 4128 Videbit
411 4073 627 4140 Lector,
655 4071 914 4126 omnium
942 4068 1058 4125 fere
1088 4069 1379 4125 cultarum
1413 4071 1731 4142 nationum,
1762 4085 1888 4142 qua
1921 4071 1979 4126 in
2005 4073 2230 4141 EurOpa
2262 4075 2417 4142 sunt,
2451 4070 2682 4126 collatis
2714 4070 2932 4126 studiis
2965 4069 3110 4125 hanc
3140 4069 3332 4141 cperis
3361 4082 3562 4125 emen—

145 4163 438 4218 dationem
465 4173 588 4216 esse
612 4160 964 4215 adornatam.
993 4157 1263 4213 Codicum
1296 4160 1763 4228 prastantiorum
1794 4161 2081 4216 variantes
2112 4161 2406 4230 lectiones,
2442 4173 2585 4231 quas
2616 4159 2983 4216 bibliotheca
3014 4172 3130 4228 pra
3155 4157 3379 4214 cateris
3404 4157 3560 4213 cele-

147 4250 278 4305 bres
303 4249 646 4317 attulerunt,
690 4247 982 4316 Vaticana,
1014 4246 1267 4302 Casarea
1305 4247 1786 4316 Vindobonensis,
1829 4249 2005 4320 Regia
2047 4249 2318 4305 Ludovici
2366 4249 2576 4321 Magni,
2619 4249 2794 4320 Regia
2823 4247 3155 4317 Christina,
3201 4245 3559 4313 Florentina,

147 4338 514 4406 Farnesiana,
548 4334 874 4405 Barberina,
907 4333 1351 4403 Otthoboniana,
1382 4335 1652 4392 Cavensis
1681 4341 1735 4392 et
1761 4337 2109 4406 Colbertina,
2160 4341 2465 4393 occurrent
2492 4337 2561 4391 ad
2589 4335 2850 4405 singulas
2882 4334 3174 4390 lectiones.
3208 4335 3289 4386 Ex
3317 4333 3560 4386 Germa—

147 4427 243 4482 nia
269 4425 560 4495 superiori
586 4423 871 4492 Velserus,
899 4426 956 4478 et
978 4423 1278 4492 Freherus,
1308 4436 1526 4478 necnon
1560 4425 1781 4495 Binius,
1811 4429 1866 4480 et
1891 4425 2135 4494 Surius;
2163 4438 2233 4479 ex
2262 4421 2526 4478 inferiori
2554 4425 2734 4477 Lucas
2763 4420 3114 4489 Holstenius,
3145 4424 3202 4476 et
3224 4419 3556 4475 Emmanuel

144 4513 572 4569 aScbelestrate
599 4531 614 4583 -,
641 4526 708 4567 ex.
733 4512 919 4567 Gallis
949 4511 1222 4582 Labbeus,
1251 4517 1308 4568 et
1335 4513 1640 4570 Fabrottus
1667 4533 1682 4580 ς
1713 4528 1782 4569 ex
1812 4513 2084 4583 Hispanis
2110 4514 2283 4568 Penia
2310 4531 2324 4582 ;
2357 4526 2424 4567 ex
2454 4510 2616 4566 Italis
2647 4509 2928 4565 Baronius
2952 4509 3040 4578 (ut
3073 4523 3223 4565 unus
3259 4509 3336 4565 sit
3373 4509 3557 4565 instar

145 4602 427 4674 omnium)
447 4601 759 4672 symbolam
786 4613 947 4656 suam
973 4601 1363 4656 contulerunt.
1393 4603 1505 4658 Hoc
1530 4616 1728 4674 agmen
1751 4602 2098 4673 scriptorum
2128 4602 2299 4672 primi
2328 4599 2569 4657 subselii
2595 4600 2791 4655 vadem
2817 4598 3062 4655 adhibeo
3087 4598 3342 4655 delectus
3363 4599 3557 4668 operis

147 4705 178 4747 a
211 4705 298 4746 me
325 4691 600 4760 suscepti,
643 4695 698 4745 et
735 4689 1135 4761 castigationis
1183 4690 1519 4760 promissa:
1552 4693 1702 4762 quod
1735 4692 1907 4747 etiam
1953 4694 2200 4762 pertinet
2229 4691 2298 4746 ad
2331 4690 2674 4761 dignitatem
2716 4688 2985 4744 Ecclesia
3027 4689 3284 4745 omnium
3329 4688 3551 4756 matris,

148 4780 400 4837 libenter
422 4779 837 4850 approbatura,
870 4779 930 4833 in
953 4785 1034 4834 t0t
1062 4779 1361 4836 nationum
1395 4780 1535 4836 ﬁliis
1559 4782 1816 4837 devotam
1847 4781 1960 4836 sibi
1987 4782 2253 4851 pietatem
2283 4779 2531 4835 feliciter
2551 4782 2882 4848 occupatam
2908 4777 2966 4832 in
2992 4777 3387 4833 describendis
3409 4776 3555 4831 ﬁde-

149 4871 285 4926 liter
305 4871 486 4943 gestis
509 4869 841 4939 pontiﬁcum
867 4869 1267 4925 maximorum.
1290 4871 1543 4927 Tertium
1570 4871 1734 4941 illud,
1756 4872 1905 4942 quod
1927 4871 2240 4942 pollicebar
2258 4871 2468 4926 ductus
2488 4868 2750 4938 auspicio
2766 4867 3072 4938 jussionis,
3092 4873 3148 4922 et
3168 4864 3554 4922 beneﬁcentia

149 4969 282 5030 tua,
318 4961 502 5013 PATER
543 4959 887 5027 BEATISSIME,
915 4962 1003 5012 est
1030 4958 1314 5029 elegantia
1343 4958 1621 5014 editionis
1655 4977 1666 5012 :
1699 4973 1868 5030 quam
1911 4975 2049 5016 usus
2077 4959 2278 5015 docuit
2313 4957 2571 5014 conferre
2605 4957 2920 5026 plurimum
2952 4955 3022 5010 ad
3052 4955 3244 5024 operis
3277 4949 3551 5021 perenni-

148 5054 341 5104 tatem.
375 5049 530 5102 Hanc
559 5060 690 5102 vero
719 5052 1078 5102 consectatus
1108 5060 1236 5101 sum
1269 5047 1545 5116 impensis
1572 5061 1683 5103 non
1711 5048 2118 5117 mediocribus,
2153 5048 2400 5103 consilio
2432 5045 2827 5116 praestantium
2853 5044 3131 5110 virorum,
3164 5046 3219 5095 et
3249 5051 3554 5108 compara-

149 5139 310 5193 tione
335 5137 676 5207 editionum,
707 5151 832 5205 qua
870 5139 1187 5206 peritorum
1227 5149 1513 5193 consensu
1540 5137 1822 5193 habentur
1866 5138 2112 5193 maxime
2151 5136 2395 5192 nobiles.
2443 5135 2687 5190 Felicem
2717 5149 2803 5190 me
2841 5130 3135 5202 reputabo,
3170 5129 3220 5184 si
3254 5142 3354 5199 pro
3399 5129 3549 5186 votis

151 5228 207 5282 id
242 5227 572 5296 obtinuero,
608 5231 671 5282 ut
701 5227 997 5281 SANCl‘lTAS
1029 5229 1244 5281 VESTRA
1282 5240 1619 5296 persuasum
1661 5227 1882 5296 habeat,
1927 5226 2267 5299 typographi
2295 5226 2387 5282 sui
2429 5225 2614 5293 ﬁdem,
2651 5222 3056 5288 obedientiam,
3092 5231 3158 5273 ac
3185 5217 3550 5290 diligentiam

150 5317 231 5371 ita
260 5328 486 5384 semper
517 5320 768 5384 paratam
799 5313 959 5382 fore;
991 5318 1052 5368 ut
1085 5315 1136 5370 is
1165 5315 1501 5385 apostolicis
1532 5315 1773 5385 pedibus
1803 5329 1949 5386 sape
1977 5315 2262 5385 accidens,
2296 5318 2352 5370 et
2384 5328 2480 5384 per
2510 5313 2718 5369 salutis
2749 5313 2955 5366 nostra
2985 5306 3217 5378 signum
3251 5307 3547 5379 pontiﬁcia

151 5417 329 5460 manu
361 5402 702 5473 productum
732 5416 765 5457 a
802 5403 917 5457 Deo
945 5401 1097 5457 vires
1138 5403 1474 5474 impetrans,
1504 5417 1536 5459 a
1564 5418 1676 5474 quo
1721 5405 1910 5460 omnis
1940 5403 2285 5461 sufﬁcientia
2331 5408 2528 5458 nostra
2555 5404 2661 5468 est,
2697 5411 2764 5453 ex
2791 5396 2898 5452 hoc
2939 5394 3330 5467 qualicunque
3354 5395 3552 5466 speci-

223 5601 308 5668 (α)
352 5599 433 5655 Ex
462 5599 529 5654 R.
567 5599 625 5653 P.
660 5598 916 5655 Bonanni
952 5597 1012 5654 in
1042 5596 1193 5668 expl.
1228 5598 1445 5668 nummi
1478 5601 1655 5668 postr.
1687 5597 1835 5654 Sixti
1867 5599 1928 5654 V.

222 5666 308 5740 (ὁ)
350 5671 552 5728 Baron.
593 5674 728 5726 tom.
765 5671 806 5725 Ι.
838 5669 1046 5728 Annal.
1081 5666 1139 5724 in
1170 5666 1412 5737 epistola
1436 5666 1627 5728 Dedic.
1661 5670 1730 5725 ad
1761 5669 1983 5725 Sixtum
2010 5668 2073 5721 V.
