3922 6340
95 371 100 376 ’
123 376 189 435 29
719 427 726 436 .
1418 377 1420 380 ’
1614 373 1987 434 PREFATIO.
3441 377 3512 437 30

125 495 322 550 secundi
338 495 569 556 Catalogi
581 499 733 560 sexto
745 496 936 546 saculo
953 497 1273 560 transcripsit
1287 495 1442 546 verba
1453 496 1750 560 priorisjam
1783 501 1842 559 Α

126 561 331 611 contexti
359 561 539 618 quarto
584 558 812 618 saculo;
849 563 900 609 et
934 574 994 608 ex
1040 561 1150 609 aliis
1174 558 1523 608 documentis
1562 558 1757 608 addidit

122 627 257 688 plura
285 624 334 670 in
359 621 645 688 Liberiana
676 621 1134 688 atatisCatalogo,
1164 623 1623 688 iitpoiteibreviori,
1652 635 1754 670 non

121 683 362 748 expressa.
383 683 615 748 Scriptor
639 697 763 748 vero
782 685 962 748 prima
987 686 1140 746 partis
1164 683 1314 748 Libri
1338 685 1657 748 Pontificalis
1682 698 1759 732 re-

120 745 224 797 tulit
242 750 416 795 octavo
437 745 626 793 saculo
647 746 700 793 in
717 746 860 794 Vitas
882 745 1190 794 Pontificum
1212 747 1370 794 verba
1385 748 1597 796 secundi
1614 746 1758 796 Cata-

125 811 239 871 logi,
271 812 318 857 et
341 807 486 870 plura
519 807 752 871 similiter
771 808 972 871 adjecit
993 808 1198 871 aliunde
1223 813 1479 871 percepta.

178 869 254 919 12.
285 871 591 919 Additiones
622 870 760 918 Libri
792 869 1111 918 Pontificalis
1141 885 1296 931 supra
1329 869 1636 931 catalogum
1672 885 1756 919 se-

121 932 660 995 cundumiplerumque
679 935 795 980 sunt
817 933 1178 994 expositiones,
1209 945 1269 979 ac
1289 932 1446 981 veluti
1477 937 1610 981 nota
1636 933 1758 982 ube-

120 998 286 1054 riores,
312 994 498 1056 clarius
525 994 834 1056 exponentes
863 1010 921 1043 ea
942 1009 1057 1056 qua
1075 995 1384 1044 contractius
1409 999 1458 1045 et
1478 995 1753 1044 obscurius

118 1061 165 1107 in
191 1056 413 1106 secundo
441 1055 686 1117 Catalogo
717 1055 1092 1105 indicabantur.

179 1122 254 1171 13.
290 1120 377 1182 De
390 1120 688 1166 auctoritate
718 1133 885 1167 rerum
910 1121 962 1167 in
993 1123 1209 1182 utroque
1241 1118 1490 1182 Catalogo
1521 1119 1754 1182 enuntia-

117 1187 303 1244 tarum._
341 1181 403 1244 Et
435 1181 657 1242 primum
707 1182 872 1241 agitur
905 1182 968 1230 de
998 1181 1267 1244 utriusque
1311 1181 1543 1242 Catalogi
1581 1184 1750 1240 atate,

117 1242 483 1305 exemplaribus
513 1247 562 1305 et
591 1244 834 1292 editione.

175 1304 270 1354 14(
300 1305 451 1352 Prior
497 1304 790 1365 Catalogus,
841 1304 935 1353 sub
970 1305 1176 1355 Liberio
1207 1306 1468 1364 conditus,
1498 1305 1634 1352 circa
1664 1318 1752 1353 an-

114 1381 227 1416 num
253 1367 358 1430 351i,
388 1367 554 1414 editus
580 1367 671 1415 fuit
686 1381 714 1414 a
733 1367 990 1416 Bucherio
1011 1383 1129 1416 cum
1153 1369 1265 1416 aliis
1285 1368 1514 1430 reliquiis
1531 1381 1751 1430 opuscu-

113 1431 270 1478 lorum
319 1429 551 1492 ejusdem
599 1430 774 1477 saculi
810 1431 992 1492 quarti,
1026 1430 1248 1492 plurimo
1285 1431 1336 1478 in
1372 1429 1536 1492 pretio
1558 1429 1748 1492 habitis

111 1493 239 1552 apud
269 1491 516 1539 eruditos.
550 1491 848 1552 Descriptus
878 1491 1039 1540 fuerat
1071 1494 1122 1540 in
1163 1491 1385 1540 vetustis
1417 1491 1745 1550 membranis,

113 1553 226 1602 olim
256 1555 498 1614 spectatis
518 1567 547 1601 a
571 1553 904 1614 Cuspiniano.
928 1555 1051 1603 Inde
1081 1557 1434 1615 transcriptus,
1472 1557 1621 1615 atque
1656 1555 1750 1602 ite-

111 1630 216 1679 rum
246 1615 460 1679 eollatus
493 1629 608 1663 cum
643 1617 757 1664 aliis
799 1617 1066 1679 exemplis,
1100 1618 1394 1677 castigatior
1423 1617 1590 1666 editus
1624 1618 1698 1664 est
1721 1629 1752 1664 a

113 1678 491 1728 Schelestratio.

170 1742 241 1788 15.
297 1739 443 1788 Alter
485 1738 758 1800 Catalogus
804 1740 898 1788 sub
937 1740 1110 1789 Felice
1157 1741 1247 1800 IV,
1298 1743 1443 1790 atate
1471 1740 1748 1790 Justiniani

111 1805 388 1878 contextus,
422 1802 556 1878 circa
590 1815 787 1878 annum.
801 1802 983 1878 Christi
1004 1804 1112 1878 δέξο,
1144 1803 1505 1878 vulgatusiuit
1529 1818 1558 1851 a
1590 1802 1750 1877 Eche-
1781 1818 1832 1878 B

108 1865 324 1912 lestratio
342 1878 412 1926 ex,
435 1865 612 1912 codice
638 1865 826 1926 scripto
857 1867 1002 1913 atate
1024 1865 1194 1914 Caroli
1227 1866 1422 1926 Magni,
1441 1866 1564 1913 olim
1593 1866 1644 1913 in
1677 1880 1752 1912 re-

111 1928 186 1986 gia
205 1925 802 1976 BibliothecaChristina
821 1927 1114 1976 Suecorum
1145 1929 1356 1988 regina,
1380 1943 1516 1976 nunc
1539 1929 1590 1975 in
1609 1927 1751 1975 Vati-

111 2002 228 2036 cana
249 1991 542 2036 asservato:
567 1989 756 2037 collata
772 2003 928 2051 opera
950 1989 1200 2051 Stephani
1227 1989 1440 2049 Baluzii,
1462 1990 1751 2038 ministran-

107 2051 164 2098 tis
192 2051 444 2098 lectiones
473 2051 725 2100 variantes
755 2052 952 2100 codicis
996 2051 1295 2113 Colbertini,
1333 2051 1566 2112 ejusdem
1590 2051 1748 2100 atatis

108 2111 267 2162 Caroli
302 2112 500 2162 Magni.

149 2126 267 2160 arou
302 2126 500 2171 magni.

165 2177 235 2222 16.
256 2175 333 2223 De
356 2176 663 2223 auctoritate
679 2188 849 2223 rerum
870 2175 922 2222 in
953 2175 1206 2234 Catalogis
1231 2189 1606 2236 expressarum,
1635 2187 1748 2237 qua

107 2239 243 2310 sunt:
264 2237 333 2308 lin
366 2238 532 2310 priori
553 2237 770 2310 quidem.
796 2251 985 2310 nomen
999 2237 1276 2310 pontificis,
1313 2239 1432 2310 anni
1460 2238 1747 2310 regiminis,

107 2302 150 2346 et
177 2299 310 2359 paria
342 2299 646 2361 consulum,
669 2299 856 2359 quibus
889 2299 1052 2359 inivit,
1087 2303 1136 2347 et
1157 2299 1343 2361 quibus
1365 2300 1547 2357 desiit;
1585 2301 1638 2347 in
1673 2312 1749 2346 se-

107 2362 263 2407 cundo
287 2363 470 2408 autem
498 2359 742 2420 Catalogo
771 2361 974 2408 additur
993 2359 1185 2408 nomen
1204 2362 1380 2421 patris,
1408 2365 1458 2410 et
1475 2362 1620 2420 regio
1653 2361 1750 2409 Ur-

103 2422 192 2480 bis,
213 2423 252 2470 si
283 2424 562 2470 Romanus
583 2426 674 2480 est,
702 2423 780 2470 vel
806 2423 982 2483 patria,
1021 2423 1063 2469 si
1094 2425 1362 2470 extraneus
1385 2442 1397 2481 ;
1427 2427 1476 2470 et
1502 2437 1748 2470 numerus

105 2485 482 2532 ordinationum
504 2499 514 2530 :
545 2486 593 2531 et
615 2485 809 2545 aliquot
834 2485 1039 2532 decreta
1064 2498 1154 2532 seu
1181 2483 1586 2533 Constitutiones
1609 2484 1748 2532 illius

101 2546 352 2607 pontificis
389 2547 459 2592 de
485 2559 588 2607 quo
621 2547 807 2604 agitur.

156 2610 225 2656 17.
255 2609 466 2656 Nomen
483 2607 739 2668 pontificis
766 2607 976 2656 reddere
1001 2621 1117 2656 cum
1149 2610 1304 2669 patris
1329 2609 1537 2656 nomine
1563 2607 1744 2669 proba-

98 2672 172 2716 tur
199 2669 357 2718 fuisse
389 2684 454 2717 ex
484 2683 625 2718 more
668 2673 872 2717 atatum
908 2669 1094 2731 quibus
1119 2671 1337 2730 catalogi
1370 2670 1744 2718 scribebantur.

102 2732 342 2791 Regionis
366 2745 578 2789 nomen,
597 2732 649 2779 in
671 2731 998 2792 pontificibus
1019 2733 1224 2781 natione
1242 2733 1491 2782 Romanis
1510 2732 1745 2780 observa-

98 2796 217 2856 tum,
262 2795 474 2856 videtur
509 2808 568 2841 ex
591 2794 917 2856 institutione
959 2793 1239 2844 Clementis
1270 2795 1455 2856 primi,.
1478 2801 1526 2842 et
1556 2795 1746 2842 indicat

97 2853 389 2916 Catalogum
415 2855 563 2904 illum
582 2855 738 2903 fuisse
759 2855 1032 2903 collectum
1054 2871 1114 2904 ex
1139 2853 1287 2905 Actis
1307 2859 1607 2917 martyrum,
1627 2857 1748 2904 scri-
1805 2900 1808 2903 .

96 2919 188 2978 ptis
214 2931 306 2979 per
331 2921 535 2980 septem
557 2919 802 2976 notarios,
821 2918 882 2966 ab
904 2919 1086 2966 eodem
1115 2919 1177 2967 S.
1210 2919 1472 2969 Clemente
1502 2920 1748 2966 constitu-

94 2983 167 3026 tos
189 2981 240 3027 in
261 2980 434 3030 Urbe.
465 2981 589 3038 Quae
611 2981 808 3028 Actain
830 2981 1278 3041 persecutionibus
1303 2982 1446 3030 Decii
1473 2985 1523 3029 et
1543 2981 1746 3029 Diocle-

97 3042 211 3105 iiani
245 3041 453 3090 fuerant
483 3042 773 3103 absumpta,
805 3042 1176 3103 supplebantur
1207 3045 1331 3092 satis
1361 3058 1452 3105 per
1482 3043 1746 3090 historiam

97 3103 373 3165 Hegesippi
407 3105 738 3166 superstitem
771 3106 916 3152 atate
943 3105 1174 3163 Eusebii,
1208 3103 1410 3154 necnon
1431 3120 1491 3154 ex
1521 3107 1747 3153 testimo-

95 3166 188 3212 niis
207 3166 415 3229 Irenai,
434 3170 484 3215 et
510 3167 728 3214 aliorum
751 3167 973 3228 scriptis,
996 3168 1129 3216 unde
1143 3168 1414 3225 Eusebius,
1441 3169 1605 3229 potuit
1623 3182 1746 3215 suc-

96 3228 376 3292 cessionem
405 3229 707 3292 pontificum
740 3229 1093 3292 Romanorum
1134 3231 1306 3288 edere,
1338 3228 1569 3292 adquue
1599 3231 1747 3277 etiam

97 3294 268 3337 auctor
301 3289 544 3350 Catalogi
573 3291 806 3338 scribens
827 3291 1034 3341 Eusebii
1070 3292 1258 3341 saculo
1281 3289 1513 3341 eamdem
1548 3305 1750 3340 succes-

96 3352 288 3399 sionem
317 3354 488 3414 potuit
521 3352 780 3401 exhibere.

154 3415 231 3461 18.
256 3414 615 3478 Chronologia
637 3416 934 3476 pontificum
953 3417 1326 3474 Romanorum,
1349 3430 1440 3478 per
1451 3415 1749 3464 consulatus

96 3474 142 3540 in
164 3479 378 3539 utroque
407 3474 656 3536 Catalogo
680 3479 999 3537 consignata,
1018 3478 1197 3527 haberi
1217 3474 1370 3528 etiam
1386 3479 1553 3540 potuit
1568 3481 1748 3539 quarto

95 3539 141 3583 et
171 3543 313 3602 sexto
346 3540 564 3597 saculo,
592 3540 771 3600 partim
803 3554 864 3588 ex
889 3540 1313 3601 inscriptionibus
1338 3539 1634 3602 martyrum,
1661 3541 1748 3588 de-

95 3600 378 3664 positorum
405 3602 459 3649 in
496 3602 809 3664 cpemeteriis
844 3600 1170 3662 suburbanis,
1198 3603 1382 3664 partim
1414 3600 1626 3650 exactis
1661 3616 1747 3650 eo-

96 3663 323 3726 rumdem
355 3663 662 3726 pontificum
697 3666 748 3710 et
769 3668 1067 3726 martyrum,
1097 3663 1386 3713 necessario
1421 3665 1748 3712 memoranti-

96 3721 480 3830 Bgstprinc—ipes
509 3728 562 3772 et
588 3721 1016 3784 magitratus'sub
1049 3721 1235 3788 quibus
1265 3727 1504 3788 martyrio
1555 3725 1748 3774 afficie-

162 3798 193 3830 n
221 3799 292 3830 ur.

130 3797 292 3833 antur.

158 3847 228 3893 l9.
256 3849 387 3896 Acta
408 3849 639 3908 genuina
658 3850 914 3910 passionis
948 3849 1005 3898 S.
1039 3848 1220 3907 Ignatii
1253 3849 1475 3910 probant
1508 3853 1653 3898 atate
1689 3850 1745 3899 S.

94 3905 367 3974 Clementis
378 3905 563 3974 eadem
588 3905 718 3974 Acta
739 3913 930 3972 signari
955 3905 1287 3960 consuevisse
1311 3912 1510 3973 epocha
1528 3913 1748 3974 impera-

95 3972 208 4019 toris
224 3975 272 4019 et
298 3973 606 4024 consulum.
631 3973 746 4022 Alia
763 3989 884 4023 vero
905 3976 1034 4022 Acta
1059 3975 1290 4022 Romana
1306 3972 1424 4021 cum
1445 3972 1750 4024 recenseant

97 4032 383 4098 praefectum
403 4035 556 4096 Urbi,
579 4038 627 4083 et
651 4036 990 4084 Provincialia
1006 4049 1123 4084 cum
1146 4039 1430 4098 memorent
1455 4037 1746 4098 praesidem,

95 4096 507 4158 autpraf'cctum
534 4098 830 4158 provincia,
853 4099 1079 4147 continet
1113 4097 1435 4146 characteres
1457 4096 1628 4147 atatis
1659 4113 1744 4148 sa-

95 4156 154 4202 tis
170 4157 428 4224 definitos,
445 4156 920 4224 ad—contexendum
946 4160 1150 4209 saculis
1175 4164 1372 4222 quarto,
1400 4162 1449 4208 et
1465 4165 1627 4220 sexto,
1644 4163 1746 4224 pri-

96 4230 244 4282 mum,
274 4224 326 4267 et
363 4221 610 4269 ultimum
646 4221 966 4282 Catalogum.

94 4340 103 4349 .
151 4280 222 4349 20_.
259 4282 764 4349 ordinationesgper
795 4280 1744 4349 secundum;Catalogummemorata

93 4344 141 4408 in
169 4344 390 4408 singulis
428 4344 766 4407 pontiﬁcibus
792 4346 1071 4408 probantur
1091 4345 1267 4394 haberi
1289 4347 1532 4396 debuisse
1556 4348 1609 4394 in
1639 4349 1742 4396 Ec-

94 4401 532 4455 clesia'Romana
562 4423 623 4456 ex
654 4401 817 4458 prima
834 4410 1150 4458 institutione
1181 4409 1514 4458 sacerdotalis
1549 4408 1744 4458 hierar-

93 4465 212 4537 chia
231 4474 440 4517 servato
476 4465 715 4537 exempio
745 4471 937 4537 veteris
958 4472 1248 4537 sacerdotii,
1265 4471 1520 4534 epocham
1541 4473 1744 4522 ordina-

95 4530 278 4578 tionum
316 4530 665 4580 memoranti‘s
700 4533 752 4580 in
782 4534 969 4582 divinis
988 4533 1195 4582 litteris.

148 4591 218 4658 2i.
248 4592 305 4640 in
338 4593 496 4658 Urbe
524 4597 662 4658 tanta
684 4593 777 4658 fuit
805 4596 1107 4644 existimatio
1139 4596 1414 4644 sacerdotii
1444 4597 1596 4645 etiam
1627 4611 1744 4658 pro-

93 4650 182 4700 fani
215 4656 351 4721 ap‘ud
375 4655 632 4721 ethnicos
654 4660 708 4705 ut
731 4656 782 4705 hi
805 4658 1076 4718 diligenter
1105 4659 1444 4720 expresserim
1464 4650 1744 4721 cooptatio-

91 4727 172 4782 nes
193 4720 241 4782 et
269 4718 601 4782 initiationes
619 4733 738 4767 suas
760 4721 904 4768 areis
936 4724 984 4768 et
1014 4718 1314 4768 marmoreis
1335 4718 1678 4782 documentis,
1698 4725 1748 4770 et

91 4774 242 4846 fastis
273 4779 663 4846 Collegiorum,
694 4795 786 4843 per
804 4782 1043 4846 consules
1074 4787 1124 4832 et
1152 4797 1315 4832 annos
1346 4783 1499 4832 Urbis
1525 4774 1747 4833 referen-

90 4837 211 4903 iibus
232 4837 616 4891 successiones
642 4837 962 4893 sacerdotum
989 4846 1142 4893 etiam
1173 4846 1431 4894 minorum
1456 4861 1467 4903 ;
1501 4847 1620 4894 etin
1651 4847 1748 4895 Ka-

87 4898 336 4969 lendariis,
361 4908 525 4969 atate
543 4905 781 4965 Augusti,
809 4911 858 4955 et
875 4907 1075 4956 Claudii
1104 4906 1309 4968 publice
1335 4898 1630 4969 propositis,
1658 4909 1744 4957 ad-

90 4967 366 5014 notaverint
394 4968 548 5032 diem
572 4969 899 5029 pontificatus
938 4967 1144 5018 maximi
1186 4983 1278 5032 per
1305 4967 1516 5019 eosdem
1551 4971 1744 5032 princi-

86 5037 165 5091 pes
189 5031 476 5091 assumpti.

142 5090 213 5137 22.
248 5090 672 5140 Mos’incidendi
704 5091 888 5141 tabulis
918 5094 1222 5143 marmoreis
1255 5095 1385 5142 Acta
1413 5095 1746 5144 sacerdotalia

88 5153 210 5219 apud
239 5153 758 5219 Romanos‘viguita
784 5157 950 5219 primo
976 5155 1164 5206 Christi
1185 5157 1375 5205 saculo
1396 5158 1460 5205 ad
1487 5160 1742 5219 quartum,

93 5214 405 5280 ut_proh_atur
435 5215 763 5280 testimoniis
785 5214 1011 5278 lapidum
1045 5233 1159 5280 qua
1204 5223 1500 5280 supersunt.

140 5276 216 5344 2.3.
255 5278 436 5334 Quare
465 5277 705 5344 episcopi
741 5276 962 5344 Romani
986 5276 1125 5344 Petri
1151 5276 1479 5329 successores
1500 5282 1552 5330 in
1573 5281 1742 5344 ponti-

90 5334 225 5405 ficatu
248 5353 370 5405 vere
407 5334 770 5405 maximo'per
791 5340 1046 5405 Christum
1078 5343 1327 5405 instituto,
1359 5334 1741 5405 necnon'primi

89 5397 273 5462 ﬁdeles,
304 5404 372 5451 de
401 5403 557 5450 tanto
583 5397 888 5465 sacerdotio,
921 5401 1137 5464 ejusque
1163 5397 1464 5453 hierarchia
1495 5397 1740 5465 gradibus

86 5473 168 5519 pro
197 5465 456 5523 dignitate
493 5464 798 5523 sentientes,
830 5465 995 5513 secuti
1028 5478 1221 5512 morem
1252 5464 1515 5515 sacrarum
1545 5467 1738 5516 littera-

87 5535 207 5583 rum,
230 5529 280 5574 et
296 5539 458 5574 usum
483 5525 682 5587 pariter
702 5541 912 5575 suorum
937 5530 1246 5587 temporum,
1264 5529 1568 5577 studuerunt
1587 5531 1738 5577 etiam

83 5587 329 5644 prioribus
361 5586 630 5638 Ecclesia
663 5589 868 5638 saculis
892 5586 1165 5648 diligenter
1189 5602 1364 5638 curare
1382 5590 1582 5640 tabulas
1604 5591 1741 5639 ordi-

85 5651 338 5700 nationum
365 5649 809 5700 sacerdotalium.
838 5652 972 5711 Quin
999 5651 1150 5699 etiam
1174 5653 1402 5712 tempore
1427 5654 1739 5713 persecutio-

1781 3141 1830 3204 C

1868 512 1991 566 num
2022 498 2172 548 nobis
2206 499 2529 566 reliquerunt
2549 503 2753 566 decreta
2785 502 3127 566 marmoribus
3155 503 3410 566 impressa
3434 505 3512 566 (ut

1867 563 2230 628 inmarmorea
2260 559 2381 628 sede
2415 559 2747 628 S.’Ilippolyti
2773 565 3052 628 cernimus)
3074 565 3136 613 de
3153 559 3508 628 Paschate,‘ac

1862 623 2083 688 jejunio,
2119 624 2382 688 referenda
2407 627 2469 672 ad
2500 623 2628 674 Acta
2656 623 2977 688 pontificum.

1931 687 2008 733 24.
2034 686 2167 734 Pace
2186 686 2432 735 Ecclesia
2457 686 2774 751 reddita'sub
2798 688 3150 751 constantino,
3175 692 3338 738 multo
3363 689 3510 751 plura

1866 749 2174 812 documenta
2189 751 2488 797 marmoreis
2505 750 2690 798 tabulis
2710 750 2956 812 insculpta
2971 752 3176 799 fuerunt
3197 766 3225 799 a
3245 749 3512 800 successo-

1866 809 2007 875 ribus
2035 811 2171 875 Petri
2196 812 2244 858 in
2269 812 2391 859 sede
2413 813 2695 875 apostolica
2716 809 2965 874 Roma—na,
2989 817 3040 861 ut
3066 815 3402 875 comprobant
3423 827 3512 874 ge-
3605 848 3614 864 .

1866 873 2040 981 ιιιιὶηῇ
2055 874 2410 935 inscriptiones
2432 873 2494 923 S.
2527 876 2906 938 Damasipapa,
2929 873 2978 926 et
3001 873 3217 926 aliorum
3238 876 3407 925 adhuc
3427 873 3510 924 su-

1866 948 1979 981 ners
1999 949 2019 981 ι
2046 949 2123 981 es.
3295 973 3306 980 .

1864 948 2100 996 persutes
2112 970 2123 982 .
3295 973 3306 980 .

1924 998 2002 1062 25.
2040 997 2114 1062 Ex
2150 1001 2366 1061 utroque
2401 1012 2618 1062 numero
2651 1001 3040 1062 inscriptionum
3070 1003 3300 1062 tempore
3332 1012 3509 1062 perse—

1862 1059 2100 1123 cutionis,
2129 1062 2248 1108 etin
2275 1059 2399 1123 pace
2419 1061 2664 1109 Ecclesia
2687 1059 2909 1110 contexti
2930 1066 3049 1110 sunt
3067 1059 3280 1111 indiculi
3300 1059 3508 1123 deposi-

1860 1122 2060 1170 tionum
2081 1122 2463 1186 episcoporum,
2485 1127 2532 1172 et
2555 1128 2851 1186 martyrum,
2875 1126 2938 1174 ad
2965 1139 3115 1172 usum
3136 1122 3383 1172 Ecclesia
3408 1125 3510 1172 Ro-

1861 1197 2025 1250 mana
2057 1190 2236 1246 quarto
2271 1185 2460 1234 Christi
2487 1185 2709 1250 saeuior
2745 1201 2965 1248 quorum
2996 1187 3190 1248 aliquot
3213 1188 3370 1250 edidit
3405 1186 3508 1234 Bu-

1860 1245 2081 1356 chﬁriﬁii
2102 1261 2202 1321 una
2225 1262 2344 1296 cum
2367 1249 2523 1309 priori
2548 1245 2787 1309 Catalogo
2821 1245 3120 1310 pontificum
3154 1245 3508 1298 Romanorum

1860 1321 1919 1354 su
2033 1325 2045 1356 ι
2088 1324 2213 1356 ei‘lO.

1860 1321 1956 1354 SUD
1987 1321 2213 1358 LIDCI'IO.

1920 1372 1998 1417 26.
2027 1371 2144 1420 Mos
2175 1372 2226 1418 in
2260 1373 2496 1420 Romana
2526 1372 2757 1421 Ecclesia
2787 1373 3076 1421 custoditus
3110 1373 3347 1432 signandi
3381 1385 3506 1433 epo-

1860 1430 1984 1496 chas
2007 1434 2304 1496 pontificum
2317 1447 2409 1493 per
2429 1435 2742 1493 consulatus,
2761 1437 2811 1482 et
2830 1435 3104 1494 colligendi
3119 1430 3178 1482 ex
3195 1436 3269 1482 eis
3286 1430 3507 1496 diptyca,

1859 1496 1908 1540 et
1933 1494 2204 1552 indiculos,
2234 1507 2292 1541 ac
2319 1496 2694 1552 successiones,
2722 1501 2928 1556 apparet
2950 1499 3277 1544 transmissus
3299 1494 3360 1543 ad
3383 1494 3508 1543 alias

1858 1557 2118 1616 proximas
2173 1557 2322 1604 sedes
2353 1557 2674 1616 episcopales
2705 1571 2716 1615 ;
2771 1559 2819 1603 in
2856 1558 2993 1604 Italia
3024 1559 3240 1605 subinde
3272 1559 3508 1605 fundatas

1859 1619 2159 1680 auctoritate
2183 1619 2371 1665 summi
2393 1618 2667 1679 pontificis.
2691 1618 2989 1665 Afieruntur
3009 1619 3242 1680 exempla
3261 1619 3506 1666 Ecclesia

1858 1679 2072 1728 Nolana
2097 1683 2459 1742 episcoporum
2489 1681 2555 1726 ita
2573 1681 2893 1739 signatorum
2916 1681 2964 1728 in
2979 1681 3200 1740 antiquis
3221 1679 3498 1741 lapidibus,

1859 1741 2142 1802 spectantia
2171 1743 2233 1790 ad
2259 1745 2458 1791 atatem
2488 1742 2622 1789 inter
2649 1745 2923 1804 utrumque
2943 1741 3248 1801 Catalogum
3281 1743 3506 1790 interce-

1860 1807 2018 1865 ptam.
2043 1808 2204 1861 Quare
2231 1805 2394 1852 multo
2416 1804 2714 1863 diligentius
2735 1807 2964 1852 servatus
2991 1808 3067 1852 est
3082 1817 3195 1851 mos
3227 1817 3330 1852 non
3353 1804 3508 1852 inter-

1858 1869 2037 1927 ruptus
2072 1869 2221 1915 istius
2253 1866 2606 1925 chronologia
2637 1867 2689 1914 in
2724 1865 2958 1914 Ecclesia
2992 1867 3246 1926 Romana,
3274 1866 3506 1914 omnium

1859 1932 2016 1976 matre
2048 1943 2140 1977 ner
2173 1929 2376 1976 beatum
2412 1929 2621 1976 Petrum
2661 1929 2909 1976 instituta.

1920 1992 2003 2039 27.
2043 1989 2244 2039 Summi
2267 1990 2536 2053 pontifices
2558 1990 2828 2038 Christiani
2855 1991 3019 2053 quarti
3040 1993 3091 2040 et
3111 1991 3274 2053 quinti
3305 1989 3504 2053 saeuii,

1861 2065 2030 2100 sacras
2061 2053 2405 2101 ordinationes
2426 2052 2725 2113 plerumque
2750 2051 3063 2101 celebrantes
3095 2051 3147 2100 in
3176 2052 3387 2100 basilica
3407 2051 3509 2101 Va-

1857 2114 2026 2161 ticana
2047 2115 2140 2174 (uti
2169 2117 2368 2162 constat
2387 2128 2447 2162 ex
2470 2114 2794 2161 sermonibus
2819 2114 3006 2161 Leonis
3030 2114 3223 2222 Magni?
3243 2115 3359 2222 igne
3403 2126 3509 2161 me-

1859 2176 1956 2222 rito
1991 2180 2230 2222 curarunt
2250 2180 2325 2222 tot
2354 2175 2702 2222 monumentis
2717 2175 2924 2222 publice
2943 2175 3120 2222 incisis
3145 2189 3205 2222 ce
3227 2189 3253 2222 e
3293 2189 3404 2222 rare
3432 2175 3507 2222 di-

1859 2176 1956 2223 rito
1991 2180 2230 2224 curarunt
2250 2180 2325 2223 tot
2354 2175 2702 2222 monumentis
2717 2175 2924 2236 publice
2943 2175 3120 2222 incisis
3145 2175 3404 2224 celebrare
3432 2175 3507 2223 di-

1858 2239 2101 2296 gnitatem
2134 2237 2340 2285 maximi
2371 2237 2662 2295 sacerdotii,
2693 2250 2722 2284 a
2755 2236 2964 2284 Christo
3000 2237 3222 2284 Domino
3258 2237 3506 2298 percepti,

1859 2301 2292 2360 eqcommunieati
2319 2301 2375 2346 Β.
2410 2300 2583 2360 Petro,
2607 2305 2666 2359 et,
2682 2299 3090 2357 successoribus,
3118 2302 3170 2346 ut
3191 2300 3510 2360 apponerent

1859 2359 2006 2409 sacra
2031 2376 2162 2410 vera
2193 2361 2474 2421 religionis,
2500 2359 2598 2408 hoc
2621 2361 2902 2421 praesertim
2931 2361 2982 2408 in
3004 2361 3120 2408 loco
3142 2359 3376 2409 Vaticani
3403 2360 3508 2408 col-

1857 2423 1941 2482 lis,
1977 2437 2131 2485 quem
2166 2424 2332 2471 Itoma
2380 2421 2584 2485 ethnica
2617 2421 2894 2470 {cadaverat
2926 2423 3068 2471 Actis
3103 2422 3507 2470 sacerdotalibus

1855 2483 2182 2547 profanarum
2214 2498 2420 2532 suarum
2459 2483 2787 2546 religionum,
2835 2485 2940 2532 sive
2971 2485 3410 2547 superstitionum.

1920 2549 1997 2594 28.
2032 2547 2387 2595 Recensentur
2416 2547 2544 2594 Acta
2579 2559 2865 2594 marmorea
2903 2546 3109 2606 collegii
3141 2547 3374 2594 Fratrum
3410 2547 3507 2594 Ar-

1859 2608 2065 2667 valium,
2089 2613 2138 2656 at
2171 2609 2524 2670 c00ptationes
2553 2609 2746 2656 ethnici
2777 2609 3071 2668 sacerdotii,
3107 2612 3156 2656 et
3189 2609 3506 2657 initiationes

1857 2671 2157 2743 Isiaco‘rum,
2208 2671 2430 2743 Mithrae,
2455 2671 2750 2743 .Saorapidis,
2796 2670 2974 2743 Matris
3009 2684 3227 2743 magna,
3265 2671 3506 2743 solisque

1857 2734 2198 2792 sacerdotum,
2230 2736 2430 2794 reperta
2455 2733 2505 2780 in
2540 2733 2652 2794 ipsa
2684 2733 2945 2794 crepidine
2979 2732 3126 2780 collis
3160 2734 3294 2794 circa
3328 2732 3504 2780 basili-

1857 2809 1969 2844 cam
1990 2793 2308 2852 Vaticanum,
2337 2808 2451 2857 qua
2474 2793 2783 2853 ostendunt,
2795 2795 2864 2842 ibi
2889 2795 3044 2843 fuisse
3066 2795 3127 2842 ab
3156 2793 3374 2843 ethnicis
3406 2795 3506 2842 fre-

1856 2861 2124 2919 quentatas
2160 2856 2457 2917 hujusmodi
2489 2857 2894 2918 superstitiones,
2927 2857 3112 2917 quibus
3137 2856 3422 2915 abolendis,
3453 2859 3506 2903 ut

1831 2921 1925 2969 -ait
1960 2921 2066 2968 Leo
2095 2919 2334 2980 Magnus,
2354 2919 2571 2966 feliciter
2599 2919 2878 2966 destinatus
2900 2919 3084 2967 Petrus
3114 2919 3398 2980 Apostolus
3429 2932 3506 2967 se-

1859 2983 1976 3030 dem
1999 2979 2224 3029 veritatis
2253 2982 2304 3029 in
2338 2980 2474 3028 Urbe
2509 2979 2629 3038 fixit,
2658 2981 2888 3027 omnium
2912 2994 3141 3028 errorum
3166 2979 3292 3028 tunc
3313 2984 3508 3038 tempo-

1860 3044 1929 3092 ris
1952 3044 2194 3102 magistra
2223 3043 2318 3090 sub
2347 3043 2512 3103 impp.
2541 3042 2768 3100 Claudio,
2792 3044 2842 3089 et
2865 3041 3091 3102 Nerone,
3113 3044 3162 3090 et
3190 3055 3220 3089 a
3239 3056 3293 3089 se
3314 3041 3509 3090 reddita

1859 3106 2112 3167 discipula
2138 3105 2379 3154 veritatis.

1920 3163 2009 3217 29:
2043 3168 2114 3216 Ex
2136 3167 2292 3216 veteri
2314 3180 2400 3214 ara
2418 3164 2672 3226 insculpta
2695 3177 2827 3212 anno
2847 3177 2959 3212 ara
2993 3163 3293 3214 Christiana
3316 3165 3423 3222 160,
3458 3167 3510 3212 et

1858 3229 2100 3290 Lugduni
2124 3232 2340 3292 reperta,
2362 3231 2514 3292 atque
2536 3227 2784 3275 illustrata
2807 3227 2981 3292 per-R.
3009 3227 3066 3275 P.
3091 3227 3508 3292 Dominicumde

1860 3287 2076 3342 Colonia
2097 3287 2208 3340 soc'.
2235 3291 2265 3339 J
2271 3287 2362 3340 esu
2376 3287 2694 3349 theologum,
2719 3287 3052 3350 percipimus,
3069 3290 3298 3337 secundo
3317 3287 3508 3337 Christi

1858 3355 2048 3402 saculo
2075 3354 2135 3402 ab
2167 3353 2384 3402 ethnicis
2412 3366 2560 3400 usum
2588 3353 2857 3400 inductum
2874 3352 3249 3400 transmittendi
3277 3365 3338 3408 ex
3357 3351 3508 3398 Vati-

1861 3431 1990 3465 cano
2013 3416 2144 3464 colle
2166 3417 2404 3464 Romano
2428 3416 2580 3462 ritum
2607 3414 3017 3475 superstitiosum
3041 3414 3174 3462 Idea
3196 3413 3373 3461 Matris
3389 3413 3509 3460 deo-

1859 3492 1968 3527 rum
2000 3478 2062 3526 ab
2096 3479 2281 3526 iisdem
2310 3479 2458 3526 dicta
2487 3477 2540 3525 in
2573 3475 2849 3525 Colonias:
2879 3475 3153 3524 amulante
3187 3475 3413 3533 diabolo,
3452 3477 3506 3522 ut

1861 3541 1928 3588 ait
1975 3540 2340 3599 Tertullianus,
2405 3541 2456 3588 in
2508 3538 2765 3587 idolorum
2820 3539 3077 3599 mysteriis
3116 3537 3258 3586 irrito
3315 3539 3505 3584 conatu

1862 3603 2156 3650 subvertere
2185 3608 2360 3650 nostra
2384 3615 2529 3649 sacra
2557 3615 2649 3663 per
2683 3599 2988 3660 sacrilegam
3018 3600 3380 3663 imitationem.

1921 3666 2003 3716 30.
2029 3665 2255 3713 Conatus
2285 3659 2606 3712 ethnicorum
2628 3663 2778 3720 irriti,
2807 3659 2909 3710 non
2939 3675 3090 3710 secus
3111 3676 3168 3710 ac
3186 3661 3413 3722 Dagonis
3439 3659 3507 3708 si-

1859 3727 2142 3775 mulacrum
2168 3740 2344 3775 coram
2367 3740 2486 3774 arca
2517 3725 2806 3775 testamenti
2833 3725 3170 3773 conciderunt
3193 3737 3204 3771 :
3243 3723 3508 3785 nostrique

1860 3789 2082 3838 Romani
2121 3789 2366 3851 prasules
2397 3801 2552 3850 super
2578 3788 2752 3851 ruinas
2773 3785 3046 3851 confracta
3079 3785 3382 3851 idololatria
3411 3785 3509 3833 eri-

1859 3853 2040 3911 gentes
2070 3847 2238 3898 crucis
2255 3847 2523 3912 tropaufn,
2547 3852 2598 3897 et
2617 3850 2748 3897 Acta
2772 3848 3046 3912 sacerdotii
3077 3847 3356 3912 Christiani
3377 3859 3510 3912 semi-

1858 3909 1952 3974 per
1985 3912 2279 3970 illustriora,
2303 3909 2361 3974 ac
2390 3912 2614 3959 firmiora
2647 3909 3207 3974 ostendentes,_eadem
3242 3909 3511 3974 signarunt

1857 3969 2162 4022 marmoreis
2196 3969 2402 4033 tabulis,
2438 3977 2488 4021 et
2517 3974 2580 4020 ad
2615 3983 2894 4034 perennem
2918 3971 3350 4034 ireigmemoriam
3387 3969 3510 4017 fixe-

1857 4039 1974 4084 runt
1999 4036 2221 4098 publice,
2251 4031 2532 4097 prasertim
2564 4031 2892 4098 ianaticAana
2913 4031 3144 4098 basilica,
3166 4033 3328 4098 etiam
3360 4034 3507 4098 atate

1859 4100 1914 4148 S.
1941 4094 2176 4160 Gregorii
2199 4094 2351 4156 tertii,
2388 4111 2489 4160 qua
2521 4096 2727 4160 scilicet,
2741 4094 2986 4160 edebatur
3014 4094 3276 4160 hiciLiber
3308 4094 3508 4160 pontiii-

1859 4113 1914 4148 δ.
1941 4113 2040 4148 ure
2082 4113 2176 4147 Ol’ll
2199 4113 2351 4156 ICI‘UI,
2388 4113 2489 4160 qua
2521 4113 2717 4145 εοιιιοθι
2741 4113 2986 4144 θαειιιιιιιι·
3014 4113 3098 4144 Illo
3120 4113 3276 4145 LIDGP
3308 4113 3505 4156 ponun-

1855 4161 1998 4210 calis.
2035 4113 2202 4217 gnara
2234 4162 2356 4209 satis
2386 4162 2588 4208 constat
2607 4159 2672 4206 de
2705 4158 2821 4216 fide,
2854 4160 2904 4205 et
2920 4159 3222 4206 auctoritate
3251 4170 3424 4204 rerum
3449 4157 3505 4217 in

1855 4227 2073 4285 utroque
2099 4223 2343 4283 Catalogo
2380 4225 2795 4278 memoratarum,
2833 4220 2969 4268 unde
3002 4220 3160 4268 Liber
3188 4216 3507 4268 Pentificalis

1855 4287 2156 4336 desumntus
2183 4285 2298 4336 fuit.

1918 4349 2000 4397 31.
2024 4340 2228 4394 Gradus
2245 4347 2298 4393 fit
2313 4359 2372 4394 ex
2388 4344 2712 4392 documentis
2736 4340 3098 4402 Catalogorum
3117 4341 3178 4388 ad
3199 4341 3511 4388 documenta

1855 4410 2064 4471 reliqua
2098 4408 2326 4471 historia
2357 4420 2512 4471 super
2545 4403 3026 4471 Catalogosaddita
3048 4404 3104 4471 in
3130 4402 3507 4471 eodem_Li_bro

1856 4465 2166 4520 Pon'tificali.
2192 4465 2504 4526 Ostenditur,
2529 4469 2674 4516 atate
2697 4465 2857 4513 sancti
2869 4465 3109 4526 Gregorii
3130 4465 3266 4514 tertii
3289 4465 3508 4526 plurima

1775 4509 1830 4572 D
2195 4509 2535 4601 superfuisse
2557 4542 2761 4601 rerum,_
2788 4541 2903 4601 qua
2937 4509 3210 4601 nfarrantur.
3252 4509 3315 4575 iri
3351 4526 3506 4601 μμ)ξο

1858 4595 2169 4655 Pontificali,
2190 4589 2293 4643 non
2324 4593 2494 4642 solum
2525 4593 2575 4641 in
2607 4589 2864 4655 Archivis,
2895 4590 2986 4655 sed
3022 4591 3176 4655 etiam
3197 4591 3249 4638 in
3276 4589 3502 4655 publicis

1853 4650 2309 4719 inscriptionibus:
2348 4656 2532 4719 quibus
2584 4655 2694 4719 hac
2741 4653 3111 4719 ips_a__historia
3144 4650 3508 4719 comprobatur

1848 4721 1993 4783 juxta
2014 4713 2112 4769 tria
2133 4713 2525 4783 potiorarerum
2551 4718 2715 4779 capita
2739 4713 2982 4783 in_Libro_
2994 4713 3272 4783 enuntiata.
3296 4714 3370 4783 Ea
3390 4726 3506 4762 vero

1855 4735 1993 4783 Juxta
2019 4735 2112 4769 tria
2170 4735 2334 4768 ouora
2353 4735 2525 4768 rerum
2551 4735 2715 4779 capita
2739 4735 2789 4763 ιιι
2815 4735 2970 4764 muro
2997 4735 3271 4763 cuuuuaw.
3296 4735 3370 4762 na
3394 4735 3502 4762 veru

1855 4787 2003 4831 sunt:
2046 4787 2087 4832 1.
2121 4735 2470 4843 ἓῒιποηοιοςὶᾶ
2500 4783 2548 4829 et
2579 4777 3189 4843 successio_pontificum.
3222 4778 3292 4843 2.⁸
3313 4775 3502 4843 Eorum

1856 4859 2012 4894 sacra
2045 4839 2410 4902 ordinationes:
2449 4841 2802 4892 Hierarchiam
2833 4839 3080 4888 Ecclesia
3112 4839 3503 4902 constituentes,

1855 4911 1904 4957 et
1929 4909 2146 4966 decreta,
2175 4922 2266 4956 seu
2291 4898 2706 4969 constitutiones.
2735 4903 2802 4969 3.Δ
2821 4902 3096 4969 Sacrarum
3119 4901 3305 4969 adium
3328 4898 3505 4969 funda-

1854 4971 2044 5030 tiones,
2072 4959 2484 5027 instaurationes,
2517 4967 2728 5016 donaria
2761 4966 2810 5013 et
2864 4963 3063 5026 reliqua
3095 4965 3239 5022 gesta
3287 4959 3502 5020 pontifi-

2032 5094 2166 5142 Dum
2218 5093 2372 5141 Liber
2430 5091 2749 5140 Pontificalis
2785 5086 3211 5135 conscribebatur
3249 5081 3344 5130 sub
3376 5081 3501 5131 Gre-

1855 5157 2002 5218 gorio
2031 5155 2124 5212 llI,
2152 5156 2374 5218 primum
2397 5157 2550 5214 caput
2565 5153 2848 5218 perti_nens_
2850 5149 2913 5218 ad
2928 5145 3318 5218 cbrpnplogiam
3339 5145 3504 5218 ponti-

1857 5207 2035 5282 ficiam,
2048 5207 2230 5282 praeter
2250 5207 2544 5282 adiumenta
2565 5207 2792 5282 duplicis
2810 5209 3055 5282 Catallogi,
3073 5208 3390 5282 firmamenta
3413 5207 3503 5282 9b-

1850 5281 2003 5330 tinuit
2026 5269 2077 5328 in
2113 5269 2374 5343 dipiy'chis_
2393 5269 2757 5343 Ecciesiafum,
2780 5275 2832 5343 in
2863 5272 3007 5343 Actis
3035 5271 3393 5343 conciliorum,
3414 5269 3503 5343 Hi:

1853 5343 2028 5401 storia,
2083 5345 2133 5389 et
2168 5333 2455 5390 Chronicis
2488 5338 2714 5393 Eusebii,
2748 5337 2824 5401 __et
2861 5335 3164 5401 caterorum
3221 5333 3412 5401 Laiina
3445 5334 3503 5401 _et

1851 5393 2044 5455 Graeca
2080 5404 2323 5453 Ecclesia
2358 5402 2684 5460 scriptorum,
2718 5393 3495 5460 aliorumque_Q_l'ientalium,tn

1849 5468 2088 5529 genuinis
2131 5457 2554 5529 inscriptionibus
2587 5457 3001 5529 eameterio‘rum
3203 5459 3499 5529 martyrum,

1849 5515 2130 5592 praesertim
2171 5515 2438 5592 Romanis,
2470 5535 2584 5592 qua
2645 5522 2818 5592 nostra
2843 5522 3198 5592 etiam-aetate
3228 5515 3501 5580 supersunt

1847 5581 1964 5654 post
1998 5605 2162 5654 annos
2192 5586 2331 5654 mille
2365 5585 2426 5632 ab
2463 5581 2685 5654 editione
2716 5581 3219 5654 Libri_Pont_illcalis.

1912 5658 1989 5704 33.
2005 5650 2395 5715 Caputalterum
2421 5645 2743 5694 referendum
2766 5647 2828 5694 ad
2851 5648 3055 5697 decreta
3079 5645 3128 5691 et
3149 5640 3495 5690 ordinationes
