1961 3170
66 188 99 219 33
808 188 998 218 rsuram.
1719 188 1756 221 at
1789 168 1792 173 λ

283 309 1132 320 ἓξὲξ-τῆν(ῌὲ

129 859 527 869 Ἧὲῃκέπ
537 860 578 867 :_<
586 859 617 869 τιν-ν
623 862 644 867 *7
651 862 690 869 ξ

93 308 97 467 γ

92 439 99 910 l

146 889 258 901 τΞῄ-Ῑῖ
250 889 493 901 1m

117 928 240 938 ἱ
147 928 170 941 .7'
191 928 199 941 Ϊ
557 928 642 939 7“:

262 937 265 938 ⁷
302 937 306 941 ¹
324 937 400 950 :ma
434 937 655 950 H77
531 940 542 942 '
557 937 655 944 ἓῗέ

118 941 400 949 ΞῙΞΕΞ-οῖυπ
434 941 655 949 4—:

555 294 1712 442 ε

93 364 670 491 ι

1109 762 1270 868 ﬁs,
1292 770 1465 850 qm
1500 743 1568 828 /

107 939 116 956 ι’
158 911 318 960 =3.
939 938 958 959 ".
976 928 998 944 δ
1061 941 1065 942 ⁷
1258 877 1521 1015 ἡμήῖὲίίῐωκῦᾃέξλνξὲὦέθΓΙὶξνιίρδψιῗι
1538 930 1548 973 η
1590 890 1671 966 ᾦα

1258 917 1548 1038 illiilli:illi

106 1025 190 1087 'rllll
223 1029 272 1069 πτθ
1641 1047 1692 1080 ν

394 1137 484 1161 Nimus
503 1137 589 1169 Crispi
604 1138 677 1163 Caes.
694 1145 726 1163 ex
742 1138 837 1163 Musaeo
853 1138 967 1170 Princip.
988 1138 1131 1170 Burghesii,
1151 1137 1210 1162 olim
1227 1137 1312 1162 Fulvii
1331 1137 1415 1161 Ursin.

713 1244 1090 1297 PREFATIO.

89 1412 113 1441 4.
128 1414 221 1442 Erunt
247 1413 369 1442 fortasse
392 1414 442 1449 qui
470 1414 601 1449 judicent
613 1414 731 1443 minime
746 1421 879 1443 necessa-
894 1416 923 1446 A
936 1415 1237 1450 praestantissimorum
1254 1416 1345 1444 totius
1360 1415 1448 1445 italiae
1460 1417 1592 1446 codicum
1618 1424 1685 1445 mss.
1700 1424 1716 1445 a
1729 1424 1760 1446 se

58 1458 126 1486 rium
153 1458 270 1493 praafari
297 1458 327 1486 in
349 1459 429 1487 Vitas
439 1458 617 1494 lpontiﬁcum
635 1460 836 1495 Romanorum,
853 1461 880 1488 et

57 1501 89 1529 de
100 1502 245 1530 Anastasii
259 1503 375 1531 nomine
388 1502 450 1531 illis
472 1503 596 1539 praeﬁxo,
620 1505 680 1532 tum
700 1504 734 1531 de
747 1510 812 1531 vero
824 1510 881 1531 au—

57 1548 137 1583 ctore,
154 1547 214 1575 sive
230 1547 410 1580 auctoribus,
426 1554 582 1583 eorumque
597 1550 689 1583 aetate,
706 1548 789 1584 stylo,
803 1555 879 1583 prae—

56 1592 165 1626 stantia,
176 1591 352 1628 diligentius
363 1592 511 1628 inquirere
522 1593 575 1621 hoc
585 1595 683 1621 nostro
696 1593 809 1628 saeculo,
824 1600 880 1629 quo

57 1634 185 1668 praeclara
202 1635 366 1665 illustrium
389 1637 557 1665 criticorum
571 1637 682 1672 judicia
699 1637 777 1673 prelo
798 1644 882 1665 com—

57 1679 139 1707 missa
152 1682 289 1709 teruntur
310 1681 439 1709 omnium
457 1682 600 1716 manibus,
625 1689 680 1710 non
703 1682 786 1710 modo
803 1682 878 1717 apud

58 1724 206 1759 scriptores
220 1725 473 1762 bibliothecarum,
497 1727 544 1755 sed
561 1727 646 1755 etiam
673 1728 748 1762 apud
764 1734 813 1755 eos
828 1726 878 1762 qui

58 1766 106 1795 hoc
119 1769 153 1796 de
165 1773 336 1806 argumento
347 1771 565 1799 dissertationes
577 1774 627 1800 aut
642 1771 743 1800 Libros
754 1771 881 1799 nomina-

57 1812 105 1839 tim
119 1816 145 1841 et
159 1814 186 1841 in
205 1814 280 1842 Urbe
290 1815 451 1843 ediderunt.
463 1816 535 1851 Quis
545 1816 620 1844 enim
635 1816 744 1844 nesciat
763 1821 879 1844 examen

58 1856 129 1884 Libri
143 1859 311 1895 Pontiﬁcalis
324 1859 391 1895 (quo
402 1861 516 1888 nomine
536 1861 661 1888 donatur
676 1861 734 1888 haec
750 1861 878 1888 Vitarum

59 1900 193 1939 eollectio)
204 1903 240 1931 ab
254 1904 370 1932 erudito
388 1904 510 1939 przesule
521 1905 628 1932 Joanne
641 1904 790 1939 Ciampino
804 1904 881 1939 typis

58 1945 188 1975 Romanis
210 1949 322 1977 editum
340 1955 415 1977 anno
435 1947 514 1984 4688,
530 1951 558 1977 et
573 1952 637 1984 post
658 1949 879 1984 quadriennium

59 1989 90 2016 ab
102 1990 148 2019 illa
164 1993 293 2021 editione
310 1993 339 2020 in
352 1996 428 2021 tomo
444 1994 536 2028 primo
552 1993 738 2028 Antiquitatis
756 1994 881 2021 Ecclesia

58 2034 198 2064 Illustratw
209 2044 262 2072 per
276 2037 366 2065 alium
379 2037 594 2065 celeberrimnm
608 2037 757 2073 praesulem
773 2038 881 2065 Emma-

934 1459 1053 1487 collatas
1066 1460 1165 1488 retulit
1177 1467 1211 1488 ex
1223 1460 1409 1488 bibliothecis
1421 1461 1567 1497 Vaticana,
1578 1462 1664 1497 Regia
1680 1461 1760 1489 Chri-

935 1503 1072 1538 stiniana,
1087 1505 1115 1532 S.
1131 1504 1218 1532 Marci
1238 1505 1412 1539 Florentina,
1427 1505 1601 1540 Cassinensi,
1620 1508 1648 1533 et
1660 1506 1761 1534 Farne-

934 1548 1025 1576 siana.
1037 1549 1164 1583 Przestat,
1182 1551 1215 1577 ut
1232 1556 1381 1577 numerum
1397 1550 1514 1577 tertium
1531 1549 1636 1584 capitis
1651 1549 1682 1577 ν.
1698 1550 1760 1578 Dis-

935 1592 1101 1620 sertationis
1116 1592 1311 1620 Schelestratii
1326 1592 1486 1621 describam
1506 1592 1667 1628 integrum:
1685 1595 1717 1620 ut
1726 1599 1760 1621 ex

934 1636 1074 1665 Holstenii
1088 1637 1182 1665 verbis
1195 1638 1223 1665 in
1243 1644 1276 1665 eo
1295 1637 1394 1665 relatis
1409 1637 1536 1672 resultet,
1555 1644 1618 1672 qua
1631 1637 1760 1673 dignitas

935 1680 1004 1708 libri
1015 1681 1064 1717 sit,
1080 1683 1191 1710 tantum
1202 1681 1295 1710 virum
1309 1682 1478 1717 occupantis
1489 1684 1568 1716 parte
1581 1688 1636 1709 non
1648 1681 1760 1710 modica

934 1726 1027 1754 aetatis
1050 1733 1108 1754 sua:
1125 1726 1154 1755 in
1175 1733 1240 1754 vera
1263 1727 1326 1761 ejus
1349 1726 1469 1754 lectione
1485 1726 1680 1761 restituenda;
1696 1732 1760 1760 qua:

934 1770 1020 1798 etiam
1028 1770 1188 1806 antiquitas
1200 1771 1343 1805 codicum,
1361 1771 1436 1798 unde
1446 1771 1572 1799 eamdem
1587 1770 1713 1806 collegit,
1729 1770 1759 1797 in

934 1814 1084 1850 aliquibus
1099 1822 1238 1850 superans
1248 1815 1383 1843 saeculum
1394 1815 1549 1850 Anastasii,
1567 1817 1594 1842 et
1608 1814 1761 1843 ostendens

935 1859 1064 1893 priorum
1084 1860 1212 1888 Vitarum
1238 1860 1394 1895 scriptores
1417 1866 1479 1888 esse
1502 1859 1654 1887 Anastasio
1676 1861 1761 1887 vetu-

935 1903 1054 1931 stiores:

973 1958 986 1974 «
1001 1948 1071 1976 Cum
1084 1955 1118 1976 ex
1130 1947 1276 1983 praedictis
1286 1947 1438 1975 Annibalis
1450 1947 1576 1975 Fabrotti
1593 1946 1688 1975 verbis
1708 1946 1761 1982 (ait

934 1992 1155 2020 Schelestratius
1166 1999 1245 2020 num.
1257 1991 1283 2028 3)
1294 1991 1444 2019 manifeste
1458 1994 1602 2027 appareat,
1619 1991 1761 2019 editiones

935 2037 1013 2065 Libri
1041 2037 1218 2065 Pontiﬁcalis
1244 2037 1278 2065 ad
1303 2043 1388 2065 suum
1405 2042 1497 2072 usque
1511 2038 1623 2071 tempus
1650 2036 1761 2064 mendis

60 2079 163 2108 nuelem
178 2088 194 2109 a
209 2081 401 2110 Schelestrate
416 2082 558 2110 Vaticana:
573 2082 756 2110 Bibliotheca
772 2082 880 2110 Praefe—
897 2084 920 2113 Β
934 2081 1057 2116 repletas
1068 2081 1170 2117 fuisse,
1184 2084 1212 2109 et
1227 2081 1372 2110 meliorem
1389 2081 1543 2109 editionem
1560 2087 1594 2108 ex
1609 2088 1661 2108 ms.
1677 2080 1761 2108 codi-

59 2126 128 2152 ctum
154 2125 248 2155 fuisse
272 2126 416 2163 vulgatam
442 2127 678 2155 Dissertationem
708 2127 831 2162 tertiam,
849 2127 877 2154 in

60 2168 155 2201 primis
168 2172 315 2199 eruditam
329 2174 356 2199 et
371 2178 493 2207 gravem,
510 2171 561 2200 hoc
581 2171 668 2200 titulo
688 2171 876 2207 insignitam:

59 2213 93 2240 De
106 2217 230 2251 antiquis
240 2218 421 2245 Romanorum
433 2218 593 2252 Pontiﬁcum
612 2217 758 2251 Cutalogis,
770 2224 808 2255 ¹ε’ίι·
821 2217 881 2251 ᾳαί-

61 2257 104 2285 bus
128 2260 210 2288 Liber
225 2262 394 2297 Pontiﬁcalis
414 2263 591 2290 concinnatus
619 2263 684 2296 fuit,
710 2264 735 2289 et
756 2262 789 2288 de
803 2261 881 2288 Libri

61 2302 222 2339 Pontiﬁcalis
237 2307 357 2334 Auctore
367 2309 393 2334 et
407 2308 573 2342 praestantia
583 2308 597 2334 ?

89 2347 114 2376 2.
138 2350 216 2378 Hanc
240 2354 315 2379 certe
336 2351 583 2385 Dissertationem,
613 2358 712 2379 novem
735 2351 881 2386 capitibus

59 2390 234 2432 distinctam,
251 2396 323 2424 tanti
349 2396 506 2424 faciendam
524 2396 635 2431 judico,
655 2399 687 2424 ut.
708 2403 799 2431 opera:
816 2403 883 2431 pre-

60 2436 125 2466 tium
143 2440 250 2468 ducam
271 2440 397 2468 eamdem
416 2441 565 2477 integram,
580 2441 662 2469 edere
676 2442 790 2476 quando
810 2444 883 2469 notae

60 2480 86 2508 in
97 2482 283 2512 Anastasium
311 2485 488 2520 prodibant:
505 2492 570 2513 cum
593 2485 797 2521 complectatur
819 2492 883 2513 ma—

59 2527 117 2554 tura
126 2529 254 2565 judicia,
265 2532 293 2558 et
306 2530 518 2559 observationes
530 2533 591 2558 tum
608 2530 701 2565 ipsius
713 2530 884 2559 Schelestra-

60 2570 101 2605 tii,
116 2574 176 2601 tum
197 2574 265 2608 ejus
286 2575 446 2603 decessoris
461 2575 491 2603 in
507 2575 690 2603 Bibliotheca:
714 2574 882 2610 praefectura

60 2614 211 2646 clarissimi
227 2619 308 2647 Lucae
318 2619 476 2647 Iiolstenii:
494 2620 577 2655 cujus
592 2619 750 2654 laboribus,
763 2627 813 2654 per
826 2626 883 2647 an-

61 2664 107 2687 nos
119 2661 265 2695 plurimos
282 2664 401 2691 assidue
417 2663 555 2698 impensis
573 2664 685 2699 potiora
700 2670 819 2699 quisque
829 2664 883 2691 de-

60 2701 125 2740 b.:ri,
140 2714 205 2742 quae
221 2707 258 2735 de
272 2708 408 2743 praeclaro
424 2707 477 2735 hoc
489 2711 671 2736 monumento
681 2708 883 2736 ecclesiasticae

934 2126 1017 2154 cibus
1029 2126 1125 2154 curari
1142 2133 1233 2161 posse,
1250 2133 1348 2154 curam
1365 2126 1437 2153 hanc
1448 2125 1477 2153 in
1494 2132 1523 2152 se
1533 2127 1697 2159 susceperat
1707 2124 1763 2152 vir.

933 2170 1121 2198 doctissimus
1132 2170 1322 2205 prmdecessor
1333 2169 1475 2204 quondam
1492 2175 1571 2196 meus
1588 2169 1677 2196 Lucas
1689 2167 1760 2196 Hol-

934 2214 1056 2249 stenius,
1071 2214 1120 2249 qui
1145 2212 1290 2241 Anastasii
1307 2212 1462 2240 Historiam
1475 2212 1510 2240 de
1524 2212 1597 2240 Vitis
1615 2211 1762 2240 Romano-

934 2265 998 2286 rum
1010 2258 1180 2287 Pontiﬂcum
1193 2257 1331 2286 editionis
1347 2257 1520 2293 Moguntinae
1530 2263 1596 2284 cum
1619 2259 1760 2292 praestan-

935 2303 1159 2339 tissimistotius
1168 2303 1257 2331 Italiae
1268 2301 1418 2330 codicibus
1427 2301 1561 2336 contulit,
1571 2303 1604 2329 ut
1613 2301 1691 2330 illam
1702 2308 1762 2330 cor-

936 2349 1085 2377 rectiorem
1109 2347 1389 2382 emendatioremque
1412 2347 1516 2375 ederet.
1543 2346 1760 2382 Autographum

935 2393 1076 2422 Holstenii
1097 2400 1131 2421 ex
1153 2393 1238 2420 libris
1261 2392 1370 2420 Moroni
1396 2395 1522 2426 emptum
1544 2391 1574 2418 in
1599 2391 1762 2419 biblotheca

938 2439 1072 2466 Vaticana
1084 2437 1210 2472 reposui,
1230 2437 1259 2464 in
1272 2437 1355 2471 cujus
1369 2436 1461 2471 primo
1474 2434 1544 2463 folio
1558 2442 1643 2463 manu
1656 2434 1763 2461 Holste-

938 2483 980 2511 nii
990 2483 1124 2511 adnotata
1132 2484 1200 2510 sunt
1209 2481 1373 2517 sequentia:
1393 2491 1407 2507 α
1419 2481 1458 2508 De
1471 2487 1537 2507 mss.
1550 2478 1709 2512 codicibus,
1726 2478 1760 2506 ad

938 2537 951 2554 ιι
973 2535 1045 2564 quos
1059 2527 1242 2555 Anastasium
1257 2526 1443 2554 contulimus.
1455 2525 1524 2559 Quae
1536 2530 1552 2551 a
1565 2522 1710 2557 principio
1721 2522 1762 2550 li—

937 2582 951 2598 »
976 2572 1021 2600 bri
1037 2578 1128 2607 usque
1152 2571 1186 2598 ad
1211 2570 1342 2606 paginam
1357 2569 1392 2598 53
1411 2569 1569 2596 atramento
1584 2569 1680 2595 notata
1695 2574 1749 2595 sun

937 2627 950 2643 ι)
973 2617 1002 2645 in
1031 2616 1169 2651 margine,
1189 2615 1276 2643 variae
1291 2614 1428 2642 lectiones
1442 2614 1510 2640 sunt
1534 2618 1569 2639 ex
1592 2611 1689 2640 codice
1706 2619 1758 2640 ms.
1802 2611 1809 2617 '

938 2672 951 2689 ι
972 2661 1119 2695 Vaticano,
1134 2659 1183 2696 qui
1200 2659 1257 2687 fuit
1267 2659 1341 2686 sacri
1353 2655 1702 2691 MonasteriiCasinensis,
1718 2657 1761 2685 vel

940 2717 953 2734 ››
974 2713 1008 2734 ex
1029 2704 1198 2734 Sanctuario
1224 2701 1392 2734 Momhritii,
1415 2701 1458 2729 vel
1484 2701 1568 2729 etiam
1594 2700 1763 2729 collectione

61 2746 185 2778 historiae
207 2751 246 2779 ad
263 2759 315 2780 nos
335 2753 533 2787 pervenerunt,
549 2752 621 2780 satis
650 2753 779 2781 ostendet
798 2752 884 2781 testi—
900 2748 924 2780 Ο
941 2762 954 2778 υ
976 2752 1123 2779 Canonum
1146 2747 1273 2777 Anselmi
1299 2745 1444 2781 Lucensis,
1476 2752 1539 2781 quae
1566 2745 1763 2779 manuscripta

60 2794 196 2830 monium,
213 2796 343 2832 ejusdem
363 2797 504 2826 Holstenii
527 2803 614 2825 manu
633 2797 777 2833 signatum
802 2797 832 2825 in
851 2804 884 2826 eo

60 2840 213 2875 exemplari
241 2841 441 2878 Anastasiano,
465 2842 496 2871 in
509 2848 571 2879 quo,
587 2841 731 2870 variantes
743 2841 883 2871 lectiones

940 2806 954 2823 ι
974 2796 1087 2825 exstant
1116 2794 1146 2822 in
1167 2791 1342 2820 bibliotheca
1361 2790 1582 2819 eminentissimi
1605 2789 1763 2817 cardinalis

940 2851 954 2867 ι
973 2838 1132 2870 Barberini.
1155 2836 1453 2874 Quaeminiomotata
1471 2841 1488 2864 a
1509 2833 1655 2871 principio
1670 2839 1763 2870 usque
