3922 6348
435 371 506 431 35
1243 365 1334 420 AD
1371 363 1802 421 ANASTASIUM
1841 361 2353 420 PROLEGOMENA
2403 364 2583 422 EDIT.
2623 365 3038 423 ROM.-VATIC.
3763 365 3818 424 36

439 515 464 545 ››
507 495 576 552 ad
620 491 870 550 eamdem
903 488 1167 561 paginam
1199 485 1288 559 53,
1335 491 1472 544 sunt
1498 488 1782 543 variantes
1810 485 2082 542 lectiones
2104 486 2164 546 A
2191 485 2312 542 dos.
2349 488 2449 558 qui
2476 501 2622 558 opus
2648 488 3039 546 Anastasianze
3055 488 3415 546 collectionis
3445 486 3712 558 pluribus
3740 503 3820 546 sir-

438 604 464 634 »
506 583 708 653 optimi
741 580 962 636 codicis
998 577 1378 647 manuscripti
1407 577 1722 633 Florentini
1754 589 1821 630 ex
1863 575 2083 630 biblio—

439 695 463 723 ι
508 673 667 728 theca
707 674 1019 726 conventus
1066 669 1120 723 S.
1157 667 1350 722 Marci.
1400 667 1532 722 Inde
1562 667 1764 737 pagina
1807 661 1878 719 54
1927 664 2085 719 inci-

437 780 463 814 ι
508 763 674 832 piunt
708 760 1044 816 collationes
1089 771 1193 812 ms.
1240 755 1571 811 Farnesiani
1619 755 1818 824 scripti
1871 753 2084 808 litteris

436 871 466 902 ι
508 849 868 920 majusculis,
904 862 1016 918 quo
1071 846 1219 902 nihil
1260 845 1562 915 antiquius
1603 849 1823 899 exstare
1855 847 1990 912 puto
2024 843 2082 896 in

436 960 462 989 ι)
507 941 613 995 hoc
648 952 867 1010 genere,
899 943 954 992 et
979 937 1154 992 codex
1188 935 1336 990 haud
1368 933 1542 988 dubie
1569 938 1698 988 ante
1726 937 1921 986 natum
1944 931 2085 985 Ana-

437 1048 462 1079 »
506 1029 748 1084 stasium
781 1027 1036 1096 scriptus
1061 1025 1192 1094 fuit,
1227 1024 1311 1078 vel
1336 1023 1531 1077 saltem
1578 1036 1643 1077 eo
1686 1029 1935 1091 tempore
1969 1033 2083 1091 quo

435 1137 461 1168 ι›
506 1119 628 1188 ipse
656 1117 999 1173 Anastasius
1030 1113 1192 1168 vixit.
1232 1113 1298 1166 Et
1329 1112 1462 1181 quia
1495 1111 1830 1168 collationes
1868 1109 2085 1164 Farne-

433 1226 458 1256 »
501 1207 650 1263 siani
683 1205 903 1262 codicis
933 1202 1112 1258 minio
1148 1199 1376 1268 scripta:
1419 1206 1557 1256 sunt
1595 1215 1776 1271 usque
1807 1199 1873 1255 ad
1915 1197 2084 1268 pagi—

435 1313 460 1346 »
505 1309 632 1350 nam
673 1293 762 1365 63,
800 1294 903 1350 hoc
928 1298 1013 1348 est
1044 1303 1224 1360 usque
1254 1289 1322 1344 ad
1357 1289 1712 1346 Bonifacium
1747 1290 1829 1355 lV,
1867 1287 2080 1341 idcirco

433 1402 459 1433 ι)
502 1384 570 1439 ad
614 1382 1091 1454 distinguendum
1123 1379 1386 1435 codicum
1416 1379 1772 1433 diversorum
1809 1373 2079 1428 lectiones

432 1492 459 1523 ιι
500 1487 532 1528 a
556 1486 680 1545 pag.
715 1470 786 1529 54
808 1485 990 1542 usque
1019 1469 1087 1524 ad
1120 1466 1189 1523 63
1219 1467 1552 1522 collationes
1580 1463 1806 1518 Codicis
1841 1461 2081 1515 Floren-

433 1581 459 1611 ιο
503 1562 616 1616 tini
639 1565 958 1614 atramento
988 1555 1202 1610 notavi.
1227 1554 1361 1608 Inde
1385 1567 1417 1606 a
1441 1566 1566 1622 pag.
1593 1549 1662 1606 63
1689 1563 1868 1619 usque
1893 1549 1962 1604 ad
1983 1545 2074 1618 72,

433 1667 458 1698 υ
500 1647 568 1703 ad
596 1646 781 1700 Vitam
808 1645 862 1698 S.
893 1642 1158 1712 Eugenii,
1182 1640 1537 1695 Farnesianae
1565 1637 1903 1694 collationes
1931 1643 2078 1692 atra-

2191 575 2341 631 culis
2372 584 2802 646 praecesserunt.

2262 662 2312 719 4.
2355 666 2494 722 Cum
2530 667 2713 738 igitur
2737 669 2985 724 viderem
3018 669 3244 738 excerpi
3288 681 3450 737 posse
3479 667 3550 724 ab
3584 667 3683 723 illa
3706 668 3816 723 Dis-

2193 756 2502 810 sertatione
2528 770 2591 810 ea
2618 771 2746 826 qum
2774 757 3005 812 Librum
3047 757 3433 812 Pontificalem
3463 759 3718 827 pressius
3755 763 3818 810 at-

2193 843 2444 914 tingunt,
2477 851 2531 900 et
2559 846 2988 914 praestantibus,
3016 861 3140 917 qua:
3162 853 3490 916 supersunt,
3519 846 3818 902 observatis

2193 933 2472 988 Holstenii
2503 935 2636 989 addi
2673 949 2782 990 non
2820 949 2996 1004 pauca
3030 950 3212 1006 posse,
3248 950 3374 1005 quae
3407 942 3554 991 recte
3584 949 3681 1004 per
3708 948 3818 989 eum

2192 1023 2506 1077 constituta
2539 1024 2876 1079 confirment
2907 1025 3107 1095 magis,
3135 1031 3189 1080 et
3229 1026 3473 1080 vitarum
3506 1023 3818 1092 hujusmodi

2193 1107 2516 1180 historiam,
2568 1111 2828 1180 criticen,
2905 1126 2970 1167 ac
3023 1114 3362 1168 documenta
3433 1113 3818 1182 prepemodum

2191 1199 2491 1265 priesentia
2547 1200 2803 1270 reddant,
2857 1214 2920 1255 ac
2943 1201 3348 1270 demonstrata,
3389 1215 3498 1256 non
3546 1200 3820 1255 inutiliter

2190 1299 2275 1339 me
2300 1285 2770 1346 adlaboraturum
2813 1290 3055 1358 speravi,
3091 1290 3138 1344 si
3167 1289 3561 1344 contraherem
3612 1289 3815 1357 potiora

2187 1372 2258 1426 ab
2283 1373 2483 1429 iisdem
2512 1377 2897 1446 scriptoribus
2919 1377 3108 1433 fusius
3140 1382 3445 1448 petractata
3484 1382 3538 1432 et
3567 1375 3813 1445 probata:

2187 1474 2365 1531 eaque
2389 1465 2663 1520 nectendo
2695 1467 2959 1536 invicem,
2993 1473 3048 1522 et
3076 1467 3450 1523 inosculando
3480 1479 3608 1521 cum
3639 1478 3819 1519 recen-

2188 1549 2346 1604 tibus
2393 1551 2728 1625 observatis,
2769 1555 3068 1611 deﬁnitum
3124 1556 3502 1625 undequaque
3545 1553 3815 1622 judicium

2186 1636 2395 1694 referre
2421 1646 2730 1713 satagerem
2768 1644 2838 1699 de
2875 1645 3118 1714 origine,
3152 1644 3540 1710 incrementis,
3584 1642 3817 1712 11811,άο-

431 1756 457 1786 »
503 1738 710 1801 mento,
762 1731 1102 1787 Florentinze
1143 1729 1323 1784 minio
1373 1732 1578 1783 notatae
1609 1731 1761 1782 sunt.
1794 1729 2002 1782 Iterum
2043 1739 2074 1780 a
2100 1791 2149 1802 ﬁ
2183 1727 2486 1798 cumentis,
2518 1737 2575 1784 et
2605 1733 2933 1801 praestantia
2966 1733 3140 1802 hujus
3160 1734 3291 1787 Libr
3336 1733 3691 1800 Pontiﬁcalis.

430 1843 457 1873 ››
501 1836 625 1892 pag.
655 1791 728 1874 72
773 1832 954 1889 usque
982 1818 1049 1873 ad
1102 1817 1362 1887 paginam
1411 1811 1530 1883 407,
1567 1815 1664 1871 ubi
1711 1815 1917 1885 incipit
1946 1791 2151 1869 VitaB
2251 1813 2304 1871 5.
2364 1791 3005 1890 Librum-Pontiﬁcalem
3043 1791 3210 1877 'hunc
3257 1791 3604 1891 appellatum
3656 1818 3816 1873 fuisse

429 1932 456 1962 »
495 1909 781 1966 Zachariae
833 1911 957 1978 PP.,
1008 1905 1348 1962 Farnesiana
1398 1905 1580 1960 minio
1645 1905 2072 1960 Florentiniana

429 2021 455 2050 ››
497 2002 814 2056 atramento
856 1996 1063 2054 collata
1093 1998 1245 2051 sunt.
1283 1995 1413 2065 Pag.
1468 1990 1587 2048 407.
1631 1994 1757 2048 Vita
1790 1993 2074 2048 Zachariae

428 2107 455 2137 ι
499 2087 560 2142 ἰη
584 2086 929 2143 Farnesiano
962 2083 1324 2140 desideratur
1351 2081 1698 2136 Collationes
1738 2095 1806 2136 ex
1833 2081 2075 2136 Floren-

430 2197 456 2227 υ
501 2177 626 2232 tino
655 2177 852 2233 codice
891 2174 1070 2230 minio
1102 2177 1307 2226 notata:
1337 2176 1473 2227 sunt
1500 2185 1680 2241 usque
1704 2171 1773 2225 ad
1808 2172 2071 2242 paginam

429 2285 454 2316 ι
499 2263 622 2334 445,
655 2265 753 2320 ubi
791 2261 1173 2318 Farnesianus
1210 2261 1416 2315 iterum
1459 2259 1685 2328 incipit.
1725 2259 1832 2313 Ubi
1866 2259 2072 2314 iterum

429 2374 454 2405 ι
498 2354 836 2410 Florentinus
859 2350 1130 2405 lectiones
1149 2353 1464 2404 atramento
1492 2352 1764 2403 notantur
1795 2361 1976 2416 usque
2001 2348 2070 2402 ad

426 2464 452 2494 υ
495 2444 760 2514 paginam
793 2439 912 2508 436,
945 2440 1076 2495 inde
1106 2438 1280 2494 rubro
1320 2451 1500 2507 usque
1524 2437 1590 2491 ad
1635 2437 1877 2492 mediam
1924 2437 2077 2508 pagi-

426 2552 453 2583 »
495 2545 624 2587 nam
649 2528 770 2586 438.
821 2529 955 2585 Inde
999 2528 1152 2584 enim
1203 2528 1409 2582 iterum
1437 2531 1757 2581 atramento
1801 2530 2075 2580 notantur

425 2639 450 2670 ι
495 2634 676 2691 usque
704 2619 773 2675 ad
803 2617 1153 2689 principium
1183 2616 1402 2687 paginze
1433 2611 1552 2684 443,
1587 2628 1715 2669 nam
1739 2613 1869 2668 inde
1891 2627 2072 2684 usque

422 2729 450 2760 ι»
491 2710 560 2766 ad
607 2709 868 2781 paginam
923 2704 1027 2763 458
1056 2705 1372 2760 Florentini
1418 2704 1640 2760 codicis
1679 2704 1952 2760 lectiones
1983 2704 2073 2758 si-

424 2817 449 2848 »
489 2803 737 2870 gnantur
760 2796 955 2861 rubro,
985 2799 1158 2864 atque
1190 2793 1271 2848 ibi
1307 2794 1364 2848 in
1411 2793 1537 2847 Vita
1567 2792 1806 2847 Adriani
1833 2791 2068 2848 desinit.

422 2906 448 2938 ι
491 2887 674 2943 Habui
709 2886 919 2942 deinde
948 2884 1126 2939 alium
1151 2883 1404 2939 codicem
1438 2881 1892 2952 manuscriptum
1923 2883 2072 2936 Lon-

421 2996 448 3026 ιι
489 2975 860 3048 gobardicum
883 2973 1380 3044 antiquissimum,
1413 2985 1480 3026 ex
1499 2971 1693 3026 eadem
1723 2969 2071 3025 bibliotheca

421 3085 447 3116 ιο
490 3070 803 3122 conventus
843 3066 898 3120 S.
941 3063 1138 3134 Marci,
1190 3063 1372 3118 multo
1421 3061 1788 3117 vetustiorem
1841 3061 2062 3129 priore:

2182 1911 2312 1960 ante
2337 1907 2551 1963 Velseri
2579 1911 2909 1978 editionem,
2940 1911 3040 1981 qui
3083 1911 3484 1980 complectitur
3513 1909 3674 1964 Vitas
3705 1921 3816 1977 pon-

2184 1994 2403 2049 tificum
2459 1997 2840 2054 Romanorum
2883 2014 2915 2054 a
2963 2001 3018 2055 S.
3064 2002 3224 2056 Petro
3267 2000 3334 2055 ad
3381 1998 3681 2054 Nicolaum
3711 1995 3816 2066 pri—

2185 2098 2359 2154 mum,
2409 2099 2606 2142 omnes
2649 2091 3036 2145 consentiunt.
3094 2089 3397 2145 Anastasio
3451 2087 3728 2144 monacho
3770 2087 3813 2139 S.

2185 2173 2248 2227 Β.
2275 2175 2332 2227 Ε.
2368 2173 2814 2232 Bibliothecario
2843 2178 3064 2247 primus
3095 2178 3360 2232 Velserus
3393 2176 3688 2245 attribuit,
3720 2174 3818 2228 Bel-

2185 2260 2475 2334 larminio,
2514 2270 2571 2319 et
2613 2267 2888 2321 Panvinio
2932 2267 3427 2322 consentientibus
3464 2267 3609 2320 citra
3659 2263 3812 2320 ullam

2181 2352 2385 2406 asserti
2437 2353 2734 2408 rationem.
2788 2355 3066 2410 Baronius
3099 2355 3422 2410 intercessit
3449 2354 3814 2424 praejudicattr

2181 2439 2445 2507 opinioni
2495 2441 2732 2512 Velseri,
2761 2446 2818 2496 et
2866 2442 3224 2498 collectorem
3271 2445 3463 2513 potius
3489 2456 3662 2513 quam
3693 2443 3815 2498 scri-

2183 2532 2400 2595 ptorem
2450 2530 2775 2585 earumdem
2805 2531 3062 2586 Vitarum
3095 2538 3225 2586 ante
3267 2533 3583 2588 Adrianum
3612 2535 3660 2587 ll
3684 2529 3816 2586 afﬁr-

2183 2616 2358 2670 mavit
2384 2616 2702 2672 habendum
2733 2632 2854 2674 esse
2874 2618 3239 2676 Anastasium
3266 2620 3564 2690 (Baronius
3593 2621 3672 2674 ad
3699 2636 3812 2673 ann.

2177 2699 2302 2772 867,
2332 2720 2388 2758 n.
2439 2703 2595 2770 439):
2638 2707 2734 2762 cui
2777 2709 3074 2762 sententiae
3116 2709 3446 2764 Holstenius
3490 2709 3816 2768 subscribit.

2179 2795 2236 2845 et
2263 2805 2390 2846 cum
2436 2805 2502 2848 eo
2531 2793 2992 2865 Schelestratius,
3043 2795 3328 2864 triplicem
3359 2809 3589 2851 causam
3641 2795 3819 2867 profe—

2182 2893 2313 2935 rens
2346 2881 2422 2936 ita
2463 2883 2749 2938 sentiendi
2777 2882 2977 2954 (Schel.
3011 2886 3144 2939 diss.
3172 2883 3225 2947 3,
3271 2903 3390 2955 cap,
3430 2883 3484 2948 7,
3509 2903 3564 2940 n.
3603 2883 3683 2958 4).

2251 2968 2303 3024 6.
2368 2971 2556 3026 Prima
2605 2973 2790 3042 posita
2835 2979 2920 3029 est
2970 2975 3027 3029 in
3086 2975 3416 3030 testimonio
3456 2976 3815 3045 scriptorum,

2181 3057 2298 3112 vita
2329 3056 2657 3116 functorum
2682 3066 2814 3117 ante
2837 3062 3225 3134 Anastasium,
3262 3065 3361 3133 qui
3392 3063 3608 3120 diserte
3643 3063 3818 3134 profe-

420 3174 445 3205 »
485 3156 610 3225 ejus
641 3154 914 3209 lectiones
937 3155 1251 3206 atramento
1288 3151 1514 3220 notavi;
1550 3149 1650 3206 ubi
1687 3162 1816 3204 cum
1857 3148 2075 3203 Farne—
2097 3142 2146 3206 C
2182 3151 2316 3202 runt
2371 3149 2595 3203 Librum
2649 3150 2930 3206 Gestorum
2984 3153 3385 3221 Pontiﬁcalium
3419 3171 3436 3206 :
3493 3167 3643 3223 quos
3687 3155 3818 3208 inter

418 3264 444 3295 ››
487 3243 650 3300 siano
681 3248 737 3298 et
756 3242 1088 3298 Florentino
1116 3240 1446 3308 Iconvenit,
1475 3238 1750 3294 lectiones
1779 3237 2069 3292 dictorum

418 3352 442 3382 ››
483 3332 748 3388 codicum
800 3331 950 3386 linea
982 3330 1146 3400 nigra
1181 3328 1454 3399 subduxi,
1505 3342 1616 3398 qua
1662 3327 1837 3396 hujus
1863 3325 2068 3396 Optimi

418 3441 444 3472 υ
488 3421 707 3478 codicis
762 3432 1076 3476 consensus
1137 3422 1370 3474 notatur
1414 3434 1426 3471 :
1474 3417 1570 3472 sed
1622 3416 1721 3472 ubi
1783 3416 2072 3486 peculiare

418 3529 443 3559 υ
487 3510 626 3580 quid
661 3509 849 3578 habet,
890 3511 1207 3563 atramento
1246 3506 1494 3577 signavi,
1523 3505 1787 3574 apposita
1827 3509 1961 3560 nota
1985 3503 2067 3559 Fl.

419 3620 444 3650 υ
483 3598 538 3671 2,
574 3600 679 3655 hoc
699 3603 788 3654 est
817 3597 1183 3654 Florentinus
1207 3596 1384 3651 codex
1413 3592 1468 3651 2.
1493 3594 1720 3650 Desinit
1749 3599 1938 3649 autem
1966 3607 2070 3649 co-

418 3706 444 3738 »
486 3688 594 3743 dex
636 3687 745 3741 iste
793 3685 852 3740 in
885 3686 1063 3740 Leone
1102 3685 1170 3754 Il,
1217 3695 1342 3753 pag.
1373 3679 1478 3751 80;
1525 3686 1791 3750 praeterea
1825 3681 2066 3736 mutilus

415 3797 442 3826 υ
484 3781 571 3831 est
601 3788 632 3829 a
660 3788 784 3845 pag.
820 3770 887 3828 47
929 3786 1109 3843 usque
1145 3771 1212 3827 ad
1257 3785 1381 3841 pag.
1431 3767 1519 3826 58.
1549 3771 1687 3826 Cum
1739 3770 1843 3825 hoc
1872 3771 2066 3826 codice

416 3882 441 3915 »
486 3863 817 3919 Florentino
869 3860 922 3932 3,
974 3863 1032 3916 in
1079 3861 1349 3918 omnibus
1392 3859 1568 3915 ferme
1609 3861 1895 3915 consentit
1937 3863 2061 3916 cod.

411 3972 438 4004 ι
479 3953 662 4009 Vatic.
689 3951 850 4014 5269,
885 3944 1228 4022 qui'desinit
1265 3951 1322 4004 in
1347 3949 1624 4020 Gregorio
1657 3950 1718 4002 Η.
1753 3950 1935 4019 Hujus
1961 3963 2066 4006 co-

411 4061 437 4092 n
479 4041 630 4096 dicis
657 4047 802 4096 notae
823 4045 958 4096 sunt
979 4039 1156 4095 Vatic.
1191 4039 1396 4094 Minor.
1430 4037 1514 4092 vel
1547 4037 1608 4092 V.
1638 4038 1708 4091 M.
1747 4056 1773 4088 ››

479 4127 532 4185 3.
566 4130 694 4184 Haec
737 4129 932 4198 itaque
983 4140 1112 4182 cum
1141 4141 1244 4199 ego
1285 4127 1526 4182 sentiam
1558 4125 1628 4181 de
1674 4126 1955 4182 Holstenii
2004 4131 2060 4182 et

407 4217 765 4274 Schelstratii
811 4216 1110 4273 laboribus
1138 4216 1308 4286 plane
1333 4215 1712 4285 admirandis,
1748 4216 2059 4286 limatoque

402 4307 628 4378 judicio
661 4308 815 4362 circa
862 4305 1096 4362 Librum
1141 4305 1528 4361 Pontiﬁcalem
1570 4304 1640 4360 ab
1686 4306 1771 4360 eis
1816 4304 2054 4375 prolato,

407 4399 598 4452 actum
655 4409 821 4466 agere
871 4393 1112 4450 fortasse
1154 4407 1364 4465 arguar
1417 4407 1616 4449 novam
1668 4392 2055 4462 praefationem

2180 3235 2346 3305 Beda,
2390 3238 2600 3294 saeculo
2642 3238 2863 3310 integro
2905 3241 3224 3309 praecedens
3253 3246 3473 3296 aetatem
3513 3241 3813 3298 Anastasii.

2176 3322 2294 3378 Alii
2336 3339 2465 3382 vero
2508 3328 2819 3396 scriptores
2861 3334 3052 3398 postea
3094 3329 3339 3384 insecuti
3393 3329 3546 3384 hunc
3594 3330 3815 3398 librum,

2177 3413 2546 3483 Pontiﬁcalem
2605 3422 2818 3479 vocant,
2858 3423 2915 3471 et
2961 3416 3120 3470 Gesta
3185 3419 3548 3472 Romanorum
3597 3421 3818 3487 Pontiﬁ-

2178 3517 2295 3556 cum
2319 3521 2336 3568 ;
2363 3517 2655 3574 nunquam
2684 3519 2812 3560 vero
2837 3505 3126 3574 appellant
3145 3506 3370 3558 Librum
3390 3508 3704 3562 Anastasii.
3728 3508 3817 3562 ΑΙ-

2177 3595 2295 3646 tera
2323 3593 2470 3648 ratio
2489 3593 2726 3648 ducitur
2743 3606 2810 3647 ex
2836 3598 2999 3647 aetate
3019 3593 3302 3662 codicum,
3323 3593 3622 3652 observata
3647 3611 3680 3652 a
3701 3595 3819 3652 Lab-

2175 3677 2278 3734 beo
2301 3686 2356 3735 et
2378 3679 2692 3750 Lambecio,
2722 3680 3024 3750 judicibus
3053 3683 3289 3751 Optimis
3313 3684 3618 3753 scripturae
3643 3685 3819 3741 libro-

2176 3783 2321 3824 rum.
2351 3770 2604 3825 Labbeus
2628 3769 2777 3826 libro
2799 3770 2868 3825 de
2902 3771 3296 3840 Scriptoribus
3320 3773 3378 3827 in
3415 3775 3650 3828 Damaso
3671 3773 3818 3829 afﬁr—

2176 3863 2310 3929 mat,
2327 3858 2695 3914 Anastasium
2721 3872 2830 3913 non
2848 3873 3011 3927 posse
3037 3868 3458 3916 esseauctorem
3480 3863 3698 3931 prioris
3710 3877 3815 3933 par-

2173 3946 2277 4016 tis;
2318 3947 2528 4015 inquit,
2565 3947 2797 4000 viderim
2847 3951 3280 4017 manuscriptum
3332 3951 3565 4005 codicem
3615 3955 3818 4021 optima!

2169 4039 2326 4103 notae,
2361 4039 2592 4102 tempore
2639 4036 2822 4090 Caroli
2853 4037 3046 4104 Magni
3091 4043 3397 4103 exaratum,
3429 4042 3503 4110 εἰη
3549 4057 3657 4108 quo
3705 4044 3819 4095 vita?

2168 4123 2278 4177 illae
2314 4125 2546 4177 Damaso
2584 4124 2708 4191 jam
2748 4125 3133 4180 tribuebantur
3175 4134 3467 4196 antequam
3512 4135 3613 4183 aut
3661 4136 3816 4184 natus

2168 4217 2303 4266 esset
2330 4212 2687 4276 Anastasius,
2721 4219 2818 4268 aut
2846 4215 3036 4268 saltem
3082 4232 3149 4270 ea:
3169 4219 3377 4285 prioris
3404 4219 3668 4284 infantiae
3702 4235 3817 4272 cre-

2163 4301 2392 4368 pundiis
2422 4305 2739 4356 emersisset.
2774 4303 3107 4358 Lambecius
3139 4304 3354 4360 indicat
3376 4305 3555 4360 alium
3582 4307 3816 4376 praecla-

2168 4403 2294 4444 rum
2325 4390 2598 4459 codicem,
2623 4390 2690 4444 ad
2716 4391 2987 4445 Ludovici
3021 4391 3108 4446 Pii
3131 4395 3383 4462 tempora
3415 4393 3809 4462 pertinentem,

406 4487 701 4553 attexens;
742 4487 800 4538 et
832 4482 1070 4538 videbor
1108 4485 1392 4539 Lectorem
1436 4497 1546 4540 non
1589 4481 1835 4537 relevare
1867 4481 2055 4536 medi-
2079 4499 2135 4561 D
2166 4478 2264 4546 qui
2297 4479 2456 4533 Vitas
2486 4478 2826 4533 Pontificum
2880 4479 3262 4535 Romanorum
3307 4481 3529 4538 claudit
3580 4483 3639 4538 in
3690 4484 3816 4538 Ste-

406 4572 545 4627 tatis
571 4571 964 4641 prmstantium
981 4571 1254 4642 virorum,
1280 4572 1376 4628 sed
1406 4570 1719 4628 inutilibus
1747 4570 1888 4624 meis
1910 4583 2054 4624 one-

407 4671 565 4728 rare;
599 4658 650 4714 si
693 4657 951 4714 diﬁ‘eram
979 4658 1037 4714 in
1060 4665 1274 4715 tomum
1302 4664 1565 4716 notarum
1590 4656 1797 4713 referre
1822 4656 2054 4710 Disser—

303 4818 326 4828 ‘
407 4747 679 4803 tationem
712 4747 988 4819 integram
1023 4747 1437 4818 Schelestratii,
1474 4752 1532 4802 et
1562 4746 1708 4800 hanc
1751 4743 2052 4800 obtrudam

406 4837 628 4892 utinam
664 4850 775 4893 non
805 4837 1257 4907 improbandam.

471 4925 894 4982 Abstinuissem
926 4927 1128 4998 utique
1157 4941 1189 4983 a
1222 4921 1671 4996 pertractatione
1699 4923 2047 4994 argumenti,

403 5015 542 5071 adeo
572 5013 817 5071 feliciter
838 5016 1039 5072 tentati
1069 5021 1125 5071 et
1165 5011 1411 5085 promoti
1445 5022 1542 5079 per
1573 5012 1762 5064 tantos
1786 5009 1962 5082 viros,
1999 5011 2048 5067 si

401 5103 470 5158 ad
504 5116 606 5159 nos
633 5103 852 5176 integra
885 5104 1273 5175 pervenissent
1301 5095 1584 5154 Holstenii
1626 5097 1916 5168 meditata,
1949 5113 2050 5155 nec

403 5197 743 5262 praematura
772 5194 896 5264 ejus
937 5198 1115 5250 morte
1161 5187 1429 5254 subrepta
1475 5183 1724 5241 fuissent
1754 5188 2048 5258 complura

401 5295 528 5351 qua:
557 5281 607 5336 is
641 5283 846 5340 addere
868 5280 1262 5354 proposuerat,
1284 5275 1370 5329 uti
1391 5273 1833 5332 Schelestratius
1858 5278 2050 5335 obser-

399 5374 526 5440 vat;
552 5375 652 5428 aut
676 5373 726 5428 si
756 5373 931 5442 hujus
951 5361 1258 5434 scriptoris
1288 5362 1528 5418 secundi
1553 5363 1896 5422 Dissertatio
1929 5374 2046 5427 tota

396 5460 466 5516 de
493 5461 797 5517 Anastasio
834 5460 996 5526 foret,
1040 5468 1166 5526 quae
1200 5452 1484 5525 praecipue
1514 5456 1839 5526 conscripta
1861 5463 1947 5514 est
1971 5462 2046 5514 De

392 5547 656 5621 Antiquis
683 5553 1046 5606 Romanorum
1083 5544 1404 5615 Pontiﬁcum
1433 5545 1728 5614 Catalogis,
1765 5550 1821 5602 et
1855 5548 2045 5617 capita

396 5639 674 5699 nonnulla
701 5638 975 5708 continet,
1011 5633 1166 5693 edita
1195 5634 1264 5691 ad
1296 5647 1393 5692 eos
1425 5633 1708 5704 Catalogos
1734 5635 2043 5695 illustran-

2167 4567 2353 4635 phano
2369 4569 2434 4637 II,
2464 4567 2602 4622 aliis
2620 4568 2692 4621 Ill
2714 4567 2894 4624 dicto.
2924 4569 3107 4638 Hujus
3132 4575 3322 4625 autem
3349 4570 3554 4627 electio
3574 4573 3734 4627 cadit
3761 4573 3811 4626 in

2160 4669 2374 4712 annum
2408 4651 2534 4726 752,
2559 4655 2753 4712 obitus
2798 4656 2857 4711 in
2887 4652 3012 4712 757.
3059 4657 3500 4714 Schelestratius
3552 4662 3814 4730 producit

2161 4750 2276 4800 tres
2330 4744 2478 4800 alios
2542 4745 2787 4815 codices,
2836 4743 3178 4800 Vaticanum
3234 4744 3396 4816 5269,
3459 4748 3812 4806 desinentem

2159 4846 2290 4889 cum
2321 4833 2451 4889 Vita
2468 4833 2521 4888 S.
2553 4832 2819 4905 Gregorii
2847 4835 2913 4904 ll,
2942 4834 3041 4903 qui
3071 4833 3406 4892 obiitannis
3427 4844 3658 4893 centum
3686 4845 3812 4894 ante

2159 4922 2578 4993 Anastasium;
2629 4923 2867 4994 Regium
2925 4922 3253 4995 Christinae,
3314 4932 3370 4981 et
3417 4926 3809 4985 Florentinum

2158 5011 2212 5066 S.
2261 5015 2458 5077 Marci,
2505 5027 2749 5084 quorum
2802 5017 3042 5083 uterque
3083 5012 3298 5071 desinit
3356 5016 3414 5070 in
3465 5015 3726 5073 Adriano
3773 5019 3809 5086 Ι,

2160 5102 2412 5158 nondum
2441 5108 2572 5158 nato
2601 5101 2936 5157 Anastasio:
2961 5105 3048 5158 Ea:
3067 5105 3286 5172 quibus,
3322 5105 3536 5176 inquit,
3561 5109 3702 5161 satis
3733 5122 3813 5160 su-

2153 5208 2357 5263 perque
2391 5195 2620 5261 constat,
2651 5191 2876 5245 Librum
2917 5192 3283 5262 Pontiﬁcalem
3324 5193 3626 5249 Anastasio
3658 5197 3810 5249 anti—

2154 5284 2396 5352 quiorem
2427 5295 2538 5334 esse
2559 5299 2576 5334 :
2607 5280 2848 5350 adeoque
2876 5282 3034 5336 illum
3061 5284 3219 5335 istius
3255 5282 3384 5336 libri
3407 5287 3685 5338 auctorem
3705 5298 3810 5339 esse

2154 5387 2264 5426 non
2287 5385 2466 5440 posse.
2498 5369 2744 5425 Tertiam
2771 5371 3047 5426 rationem
3080 5370 3365 5442 colligunt
3397 5371 3734 5428 Holstenius
3759 5378 3810 5426 et

2153 5458 2593 5515 Schelestratius
2622 5472 2690 5516 ex
2733 5459 3067 5516 diversitate
3098 5459 3254 5529 styli,
3296 5474 3420 5530 qua:
3469 5459 3809 5517 observatur

2127 5549 2216 5620 in
2241 5549 2391 5605 Vitis
2415 5562 2809 5606 successorum
2840 5549 2892 5605 S.
2923 5548 3186 5619 Gregorii
3222 5549 3400 5615 tertii,
3440 5550 3670 5606 scilicet
3704 5553 3808 5606 Za-

2153 5638 2364 5696 chariae
2409 5642 2465 5696 et
2508 5639 2981 5712 subsequentium
3020 5655 3036 5708 ;
3085 5650 3215 5695 cum
3254 5639 3620 5708 praecedentes
3671 5643 3809 5697 Vita:
