3922 6344
49 392 114 451 37
1554 388 1936 445 ΡΒΕΡΑΤΙΟ.
3375 389 3446 450 38

51 534 212 588 usque
239 519 316 572 ad
340 517 660 584 Gregorium
681 517 900 570 tertium
923 516 1167 570 eumdem
1190 481 1392 584 stylum
1421 518 1472 569 et
1500 519 1694 568 aucto-
1721 515 1779 574 A
1806 513 1977 584 ginus
2005 513 2158 568 enim
2200 513 2422 583 primus
2449 527 2481 570 a
2515 514 2740 571 Justino
2766 513 3001 570 Juniore
3031 515 3338 574 institutus
3359 524 3448 575 est

49 624 156 662 rem
178 608 555 677 praesis/crant.
582 603 946 660 Diﬁ‘erentias
966 605 1329 676 singulorum
1361 606 1696 658 enumerant
1802 601 2082 656 exarchus
2106 615 2254 657 anno
2283 599 2411 673 567,
2451 609 2770 672 postremus
2799 604 3118 673 Eutychius
3143 605 3213 659 ab
3233 606 3449 662 Aistul-

50 702 196 765 capt.
223 693 276 766 7,
321 709 477 750 num.
511 691 565 762 7,
593 700 649 748 et
678 707 801 762 cap.
829 691 882 758 8,
929 706 1079 749 num.
1110 691 1224 764 5jet
1253 706 1411 763 seqq.

118 786 430 840 llis‘autem
460 782 769 853 diligenter
797 781 1083 850 expensis,
1116 782 1186 836 de
1219 781 1376 834 Libri
1404 783 1588 849 atate,
1618 783 1698 833 at-

47 889 158 945 que
196 875 463 943 Auctore,
509 868 587 926 ita
630 870 915 926 deﬁniunt
940 868 1153 938 (Schel.
1185 882 1306 937 cap.
1335 867 1390 939 8,
1425 883 1582 924 num.
1608 864 1692 938 2).

49 987 74 1016 ‹‹
98 963 335 1019 Videtur
355 961 549 1031 itaque
574 960 740 1015 Liber
761 958 1113 1014 Pontiﬁcalis
1130 957 1496 1026 conscriptus
1515 955 1698 1012 fuisse

52 1061 176 1122 post
211 1057 445 1106 mortem
486 1048 847 1104 Constantini
878 1061 1054 1117 papa,
1088 1046 1188 1117 qui
1219 1059 1369 1101 anno
1395 1043 1500 1100 744
1525 1045 1694 1116 obiit,

50 1143 222 1212 idque
254 1123 515 1194 ﬁrmatur
534 1137 877 1194 auctoritate
901 1135 1278 1205 manuscripti
1301 1134 1521 1190 codicis
1550 1134 1701 1189 Vati-

45 1229 174 1284 cani
198 1225 374 1296 5‘269;
402 1227 501 1296 qui
531 1227 666 1281 licet
685 1231 816 1280 ante
843 1223 948 1279 500
979 1224 1212 1278 circiter
1233 1236 1412 1279 annos
1433 1226 1701 1276 exaratus

45 1318 126 1372 sit
142 1331 211 1372 ex
226 1315 558 1386 antiquiore
577 1320 760 1369 tamen
779 1313 1104 1381 descriptus
1122 1311 1253 1383 fuit,
1279 1315 1475 1381 utpote
1494 1309 1700 1364 ﬁniens

43 1405 377 1477 Catalogum
395 1403 748 1474 pontiﬁcum,
767 1415 933 1472 quem
953 1401 1120 1455 Libro
1140 1399 1462 1456 Pontiﬁcali
1494 1411 1702 1468 prapo-

45 1494 187 1562 suit,
220 1494 280 1549 in
334 1492 609 1564 Gregorio
643 1493 705 1559 II,
734 1490 1097 1546 Constantini
1151 1501 1498 1545 successore.
1536 1486 1703 1541 Liber

45 1595 178 1638 vero
202 1581 579 1650 Pontiﬁcalis,
605 1579 703 1649 qui
749 1578 1078 1650 Catalogum
1112 1578 1171 1632 in
1193 1577 1390 1634 codice
1406 1573 1703 1644 subsequi-

47 1677 168 1741 tur,
199 1669 333 1725 ﬁnit
365 1670 457 1724 his
483 1667 672 1724 verbis
697 1687 708 1721 :
745 1666 1036 1735 Gregorius
1069 1669 1289 1721 natione
1319 1667 1614 1724 Romanus,
1637 1677 1704 1715 ea:

42 1766 211 1831 patre
234 1759 488 1812 Marcello
507 1757 647 1812 sedit
669 1773 840 1811 annos
858 1770 975 1819 xvr,
997 1771 1204 1810 menses
1227 1769 1309 1824 x1,
1334 1756 1448 1808 dies
1475 1767 1554 1807 x1.
1577 1752 1702 1804 Fuit

1807 690 1916 758 pho
1939 690 2434 759 Longobardorum
2474 706 2600 762 rege
2627 691 2828 760 pulsus
2857 705 3005 747 anno
3033 689 3158 747 752.
3192 693 3350 748 Unde
3378 708 3446 749 ex

1806 779 2077 848 pradicto
2104 778 2227 834 loco
2257 785 2408 848 patet
2436 789 2726 836 auctorem
2759 782 2899 836 Vita
2923 782 3172 836 Cononis
3199 783 3448 838 scribere

1805 867 2072 924 debuisse
2115 873 2246 924 ante
2280 870 2528 925 medium
2574 871 2756 926 octavi
2797 871 3015 940 saculi,
3055 885 3166 940 quo
3213 873 3443 927 exarchi

1807 970 1905 1012 seu
1920 955 2172 1025 praefecti
2189 958 2554 1027 imperatoris
2576 960 3195 1030 Constantinopolitani
3211 962 3269 1016 in
3286 961 3450 1016 Italia

1807 1058 1928 1100 esse
1948 1047 2280 1102 desierunt:
2312 1049 2499 1104 scribe
2511 1063 2570 1104 re
2596 1055 2784 1104 autem
2813 1050 3068 1119 potuisse
3093 1050 3245 1105 circa
3266 1051 3445 1106 octavi

1808 1135 2004 1191 saculi
2039 1136 2294 1207 initium,
2317 1152 2428 1206 quo
2457 1139 2732 1193 Ravenna
2759 1140 3008 1194 nondum
3038 1140 3230 1194 sedere
3258 1140 3452 1194 desie—

1810 1225 2216 1296 rantexarchi,
2252 1226 2318 1280 ad
2370 1241 2514 1296 quos
2559 1227 2629 1282 de
2666 1227 2942 1283 electione
2989 1229 3122 1283 novi
3164 1228 3453 1297 pontiﬁcis

1811 1311 2010 1366 referri
2045 1313 2281 1383 solebat,
2318 1322 2380 1370 ut
2405 1330 2472 1370 ex
2499 1315 2668 1372 Libro
2693 1316 2912 1371 Diurno
2958 1321 3199 1372 constat.

1879 1399 2032 1455 Satis
2055 1399 2236 1470 igitur
2260 1403 2551 1459 evidenter
2577 1409 2730 1473 patet
2759 1408 2878 1459 tum
2910 1419 2979 1460 ex
3015 1405 3257 1475 ipsomet
3292 1404 3449 1460 Libri

1809 1487 2163 1543 Pontiﬁcalis
2201 1494 2453 1561 auctore,
2489 1497 2608 1546 tum
2641 1506 2708 1548 ex
2734 1494 3076 1564 aequalibus,
3109 1500 3164 1550 et
3195 1494 3453 1565 proxime

1809 1575 2213 1646 subsequentis
2234 1579 2337 1633 aevi
2352 1580 2755 1650 scriptoribus,
2774 1582 2933 1636 Vitas
2948 1583 3304 1652 pontiﬁcum,
3330 1597 3456 1654 qua

1810 1678 1842 1719 a
1871 1672 2066 1720 sancto
2107 1665 2384 1738 Gregorio
2415 1669 2750 1739 pertingunt
2778 1670 2848 1724 ad
2878 1669 3316 1726 Constantinum
3350 1685 3458 1740 pa-

1814 1767 1960 1823 pam,
1993 1756 2366 1826 conscriptas,
2400 1763 2454 1813 et
2496 1757 2755 1828 vulgatas
2807 1772 2930 1814 esse
2979 1772 3011 1813 a
3043 1759 3168 1814 viro
3221 1760 3279 1816 in
3311 1759 3459 1814 Urbe

43 1853 229 1903 autem
261 1847 586 1915 temporibus
616 1845 924 1907 Anastasii,
957 1845 1261 1906 Theodosii,
1309 1844 1518 1904 Leonis,
1540 1845 1701 1908 atque
1725 1848 1774 1908 Β
1813 1847 2072 1899 versante
2101 1844 2208 1900 sub
2239 1845 2294 1900 S.
2323 1846 2599 1917 Gregorio
2622 1848 2687 1917 II,
2717 1851 2772 1902 et
2800 1847 3245 1903 administrante
3272 1847 3460 1903 archi-

47 1937 400 1991 Constantini
427 1935 843 2001 Augustorum;
873 1933 972 1989 ubi
1015 1939 1239 1987 tantum
1274 1929 1446 1987 refert
1477 1934 1701 1998 tempus

47 2024 425 2094 pontiﬁcatus
456 2025 582 2079 sine
609 2023 748 2079 ullis
776 2023 941 2077 actis.
976 2023 1058 2076 Ex
1095 2035 1206 2091 quo
1233 2019 1552 2090 colligitur,
1588 2031 1702 2072 au—

44 2119 264 2169 ctorem
308 2113 608 2168 inchoasse
639 2112 871 2182 quidem
915 2111 1102 2164 Vitam
1153 2107 1560 2179 Gregorii,sed
1589 2119 1702 2162 non

46 2201 388 2271 absolvisse,
421 2202 559 2256 dum
589 2200 757 2255 Liber
789 2197 1146 2254 Pontiﬁcalis
1170 2197 1405 2266 prodiit.
1441 2197 1702 2250 Putarem

50 2291 241 2362 igitur
288 2293 414 2358 post
451 2289 678 2344 obitum
719 2286 1084 2343 Constantini
1136 2284 1422 2355 prodiisse
1470 2284 1705 2338 Librum

51 2378 475 2447 Pontiﬁcalem,
507 2376 655 2447 quod
690 2376 926 2432 omnino
956 2374 1220 2430 convenit
1252 2374 1329 2428 iis
1368 2387 1491 2443 qua
1533 2385 1707 2441 supra

48 2467 386 2524 notavimus
408 2467 478 2522 de
498 2465 822 2521 Venerabili
861 2463 1027 2534 Beda,
1051 2477 1082 2517 a
1109 2477 1221 2532 quo
1242 2462 1494 2516 omnium
1521 2461 1706 2531 primo

46 2555 223 2611 Liber
247 2552 607 2610 Pontiﬁcalis
629 2553 840 2607 citatus
865 2551 1168 2621 reperitur.
1190 2549 1349 2604 Vixit
1382 2548 1534 2603 enim
1563 2547 1707 2603 Beda

45 2644 116 2699 ab
139 2657 299 2700 anno
324 2640 429 2698 673
449 2655 633 2712 usque
666 2641 733 2696 ad
757 2654 970 2695 annum
996 2636 1138 2707 735;
1167 2651 1414 2707 cumque
1435 2640 1561 2706 post
1577 2638 1708 2691 Gre-

47 2733 209 2804 gorii
239 2731 478 2788 secundi
513 2729 932 2800 pontiﬁcatum,
967 2728 1068 2799 qui
1114 2740 1264 2783 anno
1287 2723 1396 2780 714
1424 2725 1618 2795 capit,
1652 2728 1710 2779 et

49 2835 213 2878 anno
238 2816 340 2876 734
392 2819 585 2889 desiit,
619 2817 976 2874 Venerabilis
1006 2817 1150 2872 Beda
1193 2820 1482 2886 superstes
1508 2813 1703 2883 fuerit,

47 2911 297 2966 Librum
327 2908 711 2965 Pontiﬁcalem
764 2907 956 2963 videre
980 2911 1036 2962 et
1055 2906 1235 2962 citare
1261 2905 1467 2975 potuit.
1508 2903 1578 2959 Ut
1604 2903 1708 2972 igi-

51 3005 154 3057 tur
176 3003 423 3055 mentem
446 3011 623 3054 meam
641 2997 895 3067 aperiam
921 2997 992 3051 de
1014 2995 1170 3050 Libri
1193 2993 1550 3050 Pontiﬁcalis
1574 2996 1708 3047 tem-

45 3103 212 3160 pore,
229 3099 344 3158 quo
359 3087 605 3157 primum
632 3087 689 3141 in
707 3085 888 3141 lucem
921 3084 1157 3156 prodiit,
1174 3083 1374 3154 paucis
1395 3081 1703 3138 absolvam.

1811 1946 1940 1987 vum
1966 1935 2371 2005 apostolicum,
2405 1941 2506 1990 aut
2528 1934 2894 1992 bibliotheca
2910 1950 3104 1992 curam
3137 1942 3397 2007 gerente:
3423 1952 3456 1994 a

1813 2034 1926 2090 quo
1952 2023 2093 2078 Vita
2123 2023 2215 2077 SS.
2244 2023 2508 2094 Gregorii
2549 2026 2596 2079 II
2627 2029 2684 2080 et
2720 2026 2791 2080 III
2832 2030 2959 2095 post
2977 2025 3305 2081 eorumdem
3349 2025 3462 2082 ob-

1813 2108 1956 2164 itum
1999 2109 2231 2180 adjecta
2276 2111 2529 2168 fuerunt.

1882 2197 1934 2251 8.
1970 2200 2128 2254 Vitas
2157 2207 2346 2255 autem
2391 2200 2723 2269 pontiﬁcum
2751 2201 3133 2257 Romanorum
3159 2215 3192 2256 a
3211 2202 3268 2257 S.
3297 2203 3460 2260 Petro

1816 2286 1884 2341 ad
1918 2287 2009 2342 SS.
2038 2288 2378 2358 Gregorium
2411 2290 2458 2343 ΙΙ
2487 2294 2543 2343 et
2570 2291 2643 2343 IlI
2670 2287 2816 2360 (qua
2847 2294 2984 2344 sunt
3015 2303 3147 2360 pars
3173 2291 3380 2362 potior,
3407 2298 3463 2348 et

1819 2376 2000 2444 prima
2027 2376 2200 2432 istius
2230 2377 2610 2448 collectionis)
2641 2383 2926 2433 auxerunt
2948 2379 3292 2448 appendices
3311 2380 3460 2450 dua,

1816 2464 2061 2520 subinde
2089 2465 2316 2536 addita,
2351 2479 2477 2534 qua
2506 2465 2784 2535 appellari
2833 2467 3004 2522 etiam
3051 2473 3293 2537 possunt
3332 2483 3464 2538 pars

1814 2553 1991 2608 altera
2007 2561 2062 2610 et
2083 2555 2252 2610 tertia
2270 2554 2631 2610 collectionis
2651 2556 2926 2624 ejusdem.
2962 2556 3143 2627 Illam,
3166 2570 3365 2627 nempe
3381 2571 3461 2613 se.

1816 2642 2056 2698 cundam
2096 2648 2330 2714 partem,
2354 2644 2566 2700 tribuit
2589 2644 3031 2701 Schelestratius
3054 2658 3334 2717 anonymo
3359 2646 3467 2701 ali-

1816 2731 1911 2785 cui
1929 2744 1996 2786 ex
2017 2731 2168 2786 clero
2187 2733 2458 2800 Romano,
2483 2731 2579 2787 cui
2602 2733 2900 2789 archivum
2931 2733 3174 2803 patebat.
3197 2736 3275 2790 Ea
3299 2746 3467 2789 com-

1819 2819 2088 2889 plectitur
2107 2821 2268 2876 Vitas
2286 2821 2573 2876 Zacharia
2593 2827 2649 2877 et
2666 2822 2939 2892 Stephani
2963 2825 3053 2878 Ill.
3077 2824 3327 2879 Tertiam
3363 2836 3468 2880 seu

1819 2914 2156 2977 postremam
2208 2916 2422 2978 partem
2453 2910 2574 2965 sive
2614 2911 2984 2980 appendicem
3023 2912 3280 2983 assignat
3303 2925 3468 2968 com—

1818 2997 2103 3066 pluribus,
2126 2997 2460 3068 plerumque
2479 2999 2806 3054 viventibus
2827 3004 2990 3054 atate
3008 2999 3240 3056 illorum
3267 3000 3467 3069 ponti-

1817 3085 2008 3156 ﬁcum,
2037 3100 2279 3157 quorum
2307 3087 2664 3157 scripserunt
2693 3088 2881 3143 Vitas:
2937 3088 3017 3144 ita
3047 3093 3112 3144 ut
3143 3089 3260 3144 hac
3286 3089 3458 3146 tertia

45 3176 415 3234 Crediderim
440 3179 571 3231 ante
599 3188 814 3230 annum
833 3170 941 3228 732
963 3173 1184 3243 publici
1213 3171 1367 3242 juris
1393 3170 1627 3236 factum,
1651 3174 1708 3225 et
1737 3187 1784 3249 α
1816 3189 1946 3245 pars
1977 3176 2158 3246 possit
2187 3177 2357 3232 etiam
2384 3178 2515 3247 jure
2539 3177 2833 3236 subdividi
2859 3177 2918 3232 in
2947 3179 3157 3249 plures,
3192 3178 3241 3233 si
3278 3184 3469 3235 essent

48 3267 196 3322 huic
207 3264 539 3321 collectioni
560 3263 931 3334 appendicem
950 3266 1140 3332 postea
1167 3261 1237 3317 ab
1257 3261 1451 3317 eodem
1473 3264 1708 3315 auctore

46 3356 411 3424 adjunctam,
467 3367 594 3424 qua
641 3353 799 3408 Vitas
855 3351 1119 3422 Gregorii
1161 3352 1209 3407 Il
1255 3355 1310 3406 et
1339 3349 1602 3421 Gregorii
1634 3350 1706 3405 III

52 3442 568 3514 complectebatur.
591 3441 754 3511 Quod
776 3442 1039 3498 ﬁrmatur
1055 3455 1124 3496 ex
1142 3440 1219 3497 iis
1241 3454 1364 3512 qua
1382 3439 1709 3496 observavit

51 3533 242 3588 Lucas
267 3532 618 3588 Holstenius.
649 3531 787 3588 Cum
819 3531 972 3587 enim
1005 3544 1200 3588 omnes
1239 3529 1573 3600 pontiﬁcum
1603 3528 1712 3584 Vi-

52 3628 142 3677 tas
175 3621 378 3678 sedulo
410 3621 802 3691 pervolvisset,
835 3621 1150 3691 adnotavit,
1181 3626 1336 3691 gesta
1368 3618 1708 3689 pontiﬁcum

51 3724 83 3763 a
113 3711 288 3766 Petro
328 3710 589 3780 apostolo
638 3723 821 3780 usque
851 3710 920 3764 ad
948 3709 1298 3777 Zachariam,
1348 3707 1612 3780 Gregorii
1639 3708 1710 3761 III

54 3811 488 3865 successorum,
513 3799 706 3854 eodem
735 3798 971 3854 omnino
989 3797 1136 3868 stylo
1156 3798 1410 3867 adeoque
1427 3795 1497 3851 ab
1517 3795 1711 3850 eodem

54 3888 311 3944 Auctore
335 3887 662 3957 conscripta
698 3886 900 3944 fuisse.
926 3904 952 3937 ››

126 3973 186 4031 7.
214 3977 482 4032 Eamdcm
514 3980 734 4032 atatem
776 3976 1004 4048 colligit
1049 3973 1492 4031 Schelestratius
1541 3972 1710 4044 (ibid.

57 4080 221 4121 num.
259 4065 311 4137 4)
335 4081 406 4122 ex
436 4066 625 4137 ipsius
650 4066 788 4122 libri
815 4066 1004 4122 verbis
1031 4065 1090 4120 in
1119 4065 1246 4122 Vita
1280 4063 1485 4120 Leonis
1511 4077 1712 4120 secun-

47 4156 136 4210 di.
169 4158 271 4210 Hic
299 4159 540 4226 suscepit
579 4157 835 4210 Sanctam
873 4159 1093 4212 Sextum
1121 4155 1422 4223 Synodum,
1455 4169 1574 4222 quae
1612 4169 1715 4222 per

53 4246 157 4298 Dei
192 4245 604 4314 providentiam
630 4258 808 4299 ΜΠ)Εῆ
834 4247 893 4298 in
935 4246 1104 4312 Regia
1135 4243 1274 4296 Urbe
1317 4243 1585 4295 celebrata
1615 4245 1709 4294 est.

52 4355 76 4380 α
102 4333 251 4389 Cum
272 4334 450 4404 enim,
508 4334 724 4405 inquit,
746 4339 948 4388 auctor
969 4335 1230 4402 testetur,
1258 4331 1444 4400 Nuper
1471 4329 1530 4385 in
1571 4328 1711 4384 urbe

47 4422 701 4492 Constantinopolitana
725 4421 1066 4477 celebratam
1095 4420 1276 4477 fuisse
1309 4423 1524 4475 sextam
1553 4431 1715 4488 syno-

52 4511 227 4581 dum,
251 4511 536 4568 celebrata
557 4517 745 4568 autem
768 4511 848 4566 sit
869 4515 1024 4567 sexta
1046 4511 1296 4582 synodus
1330 4508 1439 4565 sub
1459 4507 1716 4580 Agatho—

54 4614 147 4668 ne,
181 4601 391 4656 Leonis
421 4601 660 4657 secundi
693 4601 1125 4671 pradecessore,
1156 4612 1306 4655 anno
1357 4594 1481 4667 684,
1515 4600 1716 4652 auctor

1818 3269 2004 3334 partes
2030 3280 2131 3335 pro
2157 3267 2505 3336 scriptorum
2530 3280 2766 3322 numero
2790 3266 3132 3324 dividenda.
3159 3268 3466 3325 Anastasio

1817 3357 2004 3410 autem
2037 3355 2313 3411 monacho
2366 3361 2421 3411 et
2473 3354 2918 3412 bibliothecario
2948 3356 3104 3412 sedis
3132 3355 3462 3426 apostolica

1817 3440 1903 3515 (ut
1931 3444 2205 3500 Panvinio
2234 3445 2473 3517 dicitur)
2493 3446 2678 3502 Vitam
2705 3445 2927 3501 Nicolai
2964 3445 3135 3516 primi
3166 3459 3290 3501 esse
3309 3445 3467 3500 assi-

1823 3533 2102 3604 gnandam
2123 3548 2233 3590 non
2255 3533 2568 3606 diﬁitetur;
2595 3535 2690 3591 cui
2711 3534 3058 3591 Guillelmus
3079 3534 3469 3590 bibliotheca—

1820 3620 1946 3677 rius
1974 3622 2119 3678 duas
2151 3628 2464 3693 postremas
2509 3623 2740 3694 adjecit,
2775 3623 2834 3678 in
2878 3624 3064 3680 codici
3098 3623 3468 3679 Fabrottiano

1820 3721 2153 3779 expressas;
2183 3725 2312 3767 cum
2343 3712 2709 3768 Velserianus
2729 3712 2905 3767 codex
2926 3711 3198 3767 desiisset
3244 3711 3306 3766 in
3338 3711 3467 3766 Vita

1822 3796 2044 3853 Nicolai
2079 3812 2176 3868 per
2221 3801 2590 3856 Anastasium
2617 3804 2912 3867 contexta;
2951 3799 3084 3854 inde
3116 3798 3206 3852 illi
3252 3797 3471 3867 placuit

1824 3897 2026 3941 nomen
2049 3887 2339 3944 Anastasii
2364 3888 2617 3944 tribuere
2639 3887 2917 3943 universa
2938 3885 3287 3955 collectioni,
3317 3884 3466 3954 quod

1822 3980 1944 4030 erat
2020 3977 2144 4045 ejus
2219 3976 2482 4033 coronidi
2565 3975 2958 4032 tantummodo
3027 3973 3471 4031 accommodan—

1822 4064 1980 4119 dum.

1894 4151 1947 4207 9.
1970 4155 2101 4210 Post
2120 4154 2442 4226 assignatas
2468 4153 2806 4211 auctoribus
2829 4153 3012 4211 octavi
3038 4157 3094 4210 et
3111 4151 3248 4208 noni
3269 4148 3469 4206 saculi

1827 4247 2014 4312 partes
2035 4244 2296 4314 singulas
2317 4244 2529 4313 operis,
2553 4244 2704 4314 quod
2735 4242 3085 4310 recudimus,
3119 4243 3337 4309 quaret
3352 4237 3473 4292 ali-

1827 4332 1960 4401 quis
1990 4346 2102 4387 non
2136 4333 2446 4401 immerito,
2475 4346 2577 4386 cur
2597 4331 2824 4384 Damasi
2854 4329 3052 4384 libera
3085 4326 3354 4397 pluribus
3373 4325 3476 4380 di-

1825 4425 2008 4490 catur,
2039 4427 2095 4476 et
2126 4419 2402 4475 habeatur
2427 4419 2478 4474 is
2513 4419 2612 4490 qui
2641 4417 2800 4474 Vitas
2832 4416 3166 4488 pontiﬁcum
3191 4414 3354 4470 illius
3383 4415 3475 4470 de-

1746 4533 1801 4594 D
1826 4522 2115 4565 cessorum
2151 4509 2572 4580 complectitur,
2602 4507 2739 4563 licet
2759 4506 2944 4577 stylus
2967 4506 3472 4594 prodatauctorem

1827 4598 1934 4654 sub
1957 4599 2234 4669 Gregorio
2257 4600 2300 4652 II
2327 4601 2448 4654 tum
2473 4597 2596 4661 has,
2616 4601 2737 4654 tum
2763 4595 3018 4666 reliquas
3040 4593 3276 4664 prioris,
3296 4607 3466 4664 quam

53 4691 176 4747 hac
211 4691 464 4747 scribere
488 4690 690 4747 debuit
721 4704 833 4747 non
887 4690 1085 4760 procul
1134 4703 1167 4745 a
1199 4690 1308 4745 ﬁne
1340 4687 1570 4758 septimi
1603 4700 1717 4742 sa—
1824 4687 2100 4757 diximus,
2131 4687 2314 4758 partis
2344 4687 2502 4744 Vitas
2525 4685 2976 4743 conscribentem
3000 4683 3029 4737 ‘?
3060 4683 3306 4753 Aperuit
3326 4696 3476 4738 cau—

48 4781 200 4852 culi,
231 4786 338 4837 etc.
374 4800 401 4830 »
434 4780 612 4836 Addit
637 4780 940 4850 indicium,
974 4793 1074 4850 par
1095 4792 1163 4834 ex
1188 4780 1320 4834 Vita
1345 4777 1613 4847 Cononis,
1646 4775 1717 4831 de
1826 4793 1945 4836 sam
1975 4779 2190 4834 erroris
2215 4791 2360 4847 sape
2385 4777 2656 4833 laudatus
2674 4773 3142 4860 Schelestratius,
3165 4773 3476 4829 ostendens

53 4870 234 4938 cujus
274 4869 675 4938 assumptione
716 4868 783 4923 ad
826 4867 1246 4938 pontiﬁcatum,
1299 4880 1424 4937 qua
1472 4863 1719 4936 contigit
1827 4881 1891 4924 ea
1915 4882 2038 4938 qua
2056 4867 2326 4938 leguntur
2348 4867 2407 4922 in
2431 4867 2574 4922 Vitis
2592 4864 2927 4936 pontiﬁcum
2951 4862 3245 4931 indicatis,
3278 4867 3333 4915 et
3351 4873 3477 4930 qua

52 4971 210 5013 anno
238 4955 363 5028 686,
399 4957 481 5013 ita
514 4955 744 5011 scribit:
772 4958 840 5010 Et
869 4959 1059 5011 missos
1089 4958 1300 5026 pariter
1320 4971 1433 5009 una
1460 4969 1581 5009 cum
1604 4955 1721 5008 cle—

53 5048 210 5117 ricis,
245 5051 295 5102 et
313 5046 523 5116 papula
557 5045 633 5099 ad
659 5046 1165 5100 excellentissimum
1204 5044 1537 5098 Theodorum
1567 5059 1720 5098 emar-

51 5136 241 5197 chum,
297 5149 364 5190 UT
391 5147 497 5189 uos
529 5147 643 5204 esr,
692 5134 1029 5189 direxerant.
1065 5155 1091 5186 «
1138 5132 1396 5190 Notanda
1423 5137 1576 5203 sunt,
1613 5133 1718 5204 ait,

53 5223 174 5279 hac
207 5223 384 5279 verba
414 5227 476 5277 ut
500 5237 611 5278 mos
638 5228 732 5279 est.
764 5225 887 5278 Non
913 5219 1066 5278 enim
1092 5209 1246 5280 dixit
1270 5226 1472 5279 auctor
1500 5226 1562 5276 ut
1597 5237 1722 5276 mo-

51 5316 127 5366 ris
177 5315 325 5380 fuit,
359 5311 447 5368 vel
472 5317 534 5366 ut
557 5315 678 5382 ﬁeri
713 5312 940 5382 solebat,
982 5311 1077 5367 sed
1123 5319 1183 5367 ut
1206 5328 1317 5368 mos
1342 5317 1455 5378 est;
1486 5311 1722 5382 signiﬁ-

52 5417 198 5459 cans
235 5402 366 5458 illis
391 5401 585 5458 verbis
613 5402 757 5458 hanc
775 5402 963 5458 Vitam
995 5403 1376 5472 conscriptam
1401 5400 1581 5458 fuisse
1608 5415 1721 5472 quo

49 5499 323 5561 tempore
348 5491 416 5547 ad
446 5492 724 5548 exarchos
753 5493 824 5548 de
853 5490 1131 5547 electione
1160 5491 1292 5545 novi
1324 5490 1617 5560 pontiﬁcis
1643 5503 1721 5545 re-

47 5581 360 5637 ferebant:
433 5580 690 5652 adeoque
755 5585 894 5637 tunc
955 5593 1086 5636 cum
1153 5580 1382 5635 exarchi
1444 5582 1722 5636 Ravenna

45 5675 242 5728 erant.
277 5671 538 5728 Fuerunt
565 5675 755 5728 autem
805 5671 1072 5728 ducentis
1119 5668 1297 5726 ferme
1345 5670 1532 5727 annis.
1566 5671 1722 5727 Lon-

1829 4957 2075 5026 priorem
2102 4962 2315 5024 partem
2345 4955 2708 5012 constituunt
2741 4954 2914 5010 istius
2944 4948 3324 5015 collectionis,
3366 4947 3479 5001 de-

1830 5045 2046 5114 scripta
2073 5041 2254 5099 fuisse
2287 5044 2520 5100 ineunte
2545 5048 2742 5099 octavo
2772 5040 2982 5098 saculo
3033 5036 3269 5092 totidem
3298 5032 3473 5088 ferme

1829 5133 2019 5190 verbis
2031 5146 2099 5188 ex
2113 5132 2336 5202 duplici
2357 5131 2622 5202 Catalogo
2637 5131 2800 5202 longe
2811 5124 3130 5196 antiquiori
3144 5122 3476 5178 antistitum

1831 5224 2092 5278 Romana
2115 5219 2286 5291 sedis,
2311 5219 2499 5275 adhuc
2515 5219 2825 5288 superstite
2845 5217 2904 5270 in
2932 5211 3298 5267 membranis.
3315 5211 3480 5267 Prior

1830 5315 2016 5367 autem
2046 5323 2115 5368 ex
2149 5309 2240 5364 his
2260 5307 2488 5365 duobus
2506 5306 2812 5376 Catalogis,
2837 5301 3105 5357 indicans
3133 5304 3354 5355 atatem
3392 5299 3480 5354 Li-

1832 5399 1978 5456 berii
2013 5412 2188 5470 papa,
2218 5398 2318 5468 qui
2347 5398 2651 5451 Damasum
2701 5391 2907 5448 habuit
2931 5402 3310 5446 successorem
3338 5401 3480 5458 pro-

1832 5490 2072 5559 ximum,
2097 5486 2454 5544 occasionem
2484 5481 2766 5538 referendi
2787 5480 2856 5536 ad
2885 5480 3142 5535 eumdem
3168 5480 3474 5534 Damasum

1833 5591 2056 5649 papam,
2079 5582 2349 5647 tanquam
2374 5574 2444 5629 ad
2466 5576 2756 5637 auctorem
2785 5572 3088 5626 contextus
3131 5571 3235 5625 aut
3259 5579 3479 5637 appro-

1834 5667 2087 5725 bationis
2105 5664 2270 5724 illius
2287 5660 2564 5734 Catalogi,
2599 5658 2814 5720 obtulit
2833 5659 3027 5718 nescio
3051 5657 3147 5716 cui
3186 5653 3479 5727 sequioris
