3922 6356
519 371 590 434 39
1314 375 1405 434 AD
1441 374 1873 434 ANASTASIUM
1913 373 2425 435 PROLEGOMENA
2467 377 2642 434 EDIT.
2694 375 3117 434 ROM.-VATIC.
3839 373 3883 430 ω

521 504 710 561 aetatis
734 503 956 560 homini
981 503 1126 561 male
1145 503 1380 561 feriato:
1417 504 1518 575 qui
1546 517 1652 560 suo
1683 508 1863 559 marte
1896 503 2164 573 procudit
2192 507 2249 567 A
2273 504 2419 560 citer
2442 505 2610 559 annis
2641 508 2767 574 post
2810 505 3115 560 Damasum
3163 514 3362 572 papam
3408 501 3516 558 sub
3564 499 3836 574 Gregorio
3857 504 3886 556 li

520 595 664 650 duas
701 593 975 664 epistolas
1027 595 1464 659 commentitias,
1498 595 1680 651 sancti
1725 593 2052 663 Hieronymi
2093 594 2162 648 ad

519 686 845 754 Damasum,
879 686 1165 753 poscentis
1193 686 1451 741 eumdem
1481 685 1812 756 Catalogum
1843 684 1955 739 sibi
2002 697 2162 738 com-

522 774 828 844 municari,
861 778 917 830 et
945 774 1170 830 Damasi
1193 775 1261 829 ad
1290 774 1690 845 Hieronymum
1716 772 2164 829 transmittentis

517 861 848 933 Catalogum
871 877 1036 932 quem
1087 871 1434 933 poposcerat.
1469 866 1646 920 Fraus
1686 863 2017 932 impostoris
2049 875 2158 916 non

517 951 827 1008 difﬁculter
851 952 1106 1022 obrepsit
1143 954 1374 1010 saeculis
1418 953 1724 1024 imperitis,
1777 954 2002 1024 quando
2034 957 2162 1022 post

523 1041 819 1098 incursum
848 1041 1354 1112 Langobardorum
1400 1044 1776 1098 concederant
1801 1043 2039 1098 litterae:
2074 1055 2160 1097 ea-

518 1146 626 1203 que
653 1133 722 1188 dc
742 1145 914 1187 causa
943 1133 1189 1203 contigit
1229 1139 1293 1188 ut
1322 1133 1586 1187 Carolina
1635 1137 1798 1188 aetate
1851 1131 1910 1186 in
1965 1131 2162 1186 codice

518 1220 942 1278 membranaceo
986 1223 1054 1277 ad
1097 1221 1479 1277 Colbertinam
1535 1220 1943 1276 bibliothecam
1995 1221 2160 1276 modo

517 1310 852 1381 pertinente,
876 1316 930 1366 et
957 1310 1016 1366 in
1041 1311 1220 1366 altero
1254 1310 1409 1379 paris
1433 1310 1806 1380 antiquitatis
1837 1323 1905 1365 ex
1931 1309 2161 1379 Regina:

513 1397 728 1455 Sueciai
775 1398 967 1470 libris,
1016 1399 1087 1454 ab
1139 1399 1462 1455 Alexandro
1506 1400 1625 1454 VIII
1681 1399 2048 1468 comparatis,
2105 1401 2163 1453 et

511 1489 660 1545 dono
676 1488 829 1544 datis
849 1489 1212 1544 bibliotheca:
1231 1489 1537 1556 Vaticanze,
1564 1487 1623 1541 in
1661 1501 1772 1557 qua
1795 1499 1947 1543 nunc
1982 1500 2162 1542 asser-

513 1582 698 1648 vatur,
723 1583 968 1646 utraque
996 1576 1261 1646 epistola,
1284 1575 1419 1631 licet
1450 1575 1676 1645 ﬁctitia,
1709 1575 1855 1630 Vitis
1879 1589 2161 1644 praapone-

514 1670 690 1720 retur.
725 1665 884 1734 Quod
911 1670 1101 1721 autem
1130 1665 1450 1720 mirandum
1488 1664 1670 1735 magis
1698 1668 1802 1735 est,
1848 1664 2017 1719 etiam
2053 1663 2160 1718 hoc

517 1758 713 1809 nostro
734 1753 962 1822 saeculo,
987 1759 1089 1809 aut
1113 1759 1264 1809 certe
1291 1753 1549 1823 proxime
1571 1752 1880 1823 superiori,
1905 1765 2016 1821 quo
2042 1757 2159 1807 stu-

2276 594 2525 664 primum
2551 596 2854 648 contextus
2871 591 3051 648 fuerit
3074 607 3142 647 ex
3164 592 3435 663 genuinis
3449 591 3809 647 documentis
3821 606 3886 660 pu-

2273 682 2437 738 blica:
2465 682 2851 753 auctoritatis,
2888 695 3013 751 quae
3054 680 3425 737 servabantur
3459 681 3516 736 in
3568 679 3885 735 bibliotheca

2275 770 2590 841 pontiﬁcia,
2619 774 2718 827 aut
2753 772 2810 825 in
2835 770 3091 826 archivis
3113 770 3282 825 etiam
3311 770 3734 839 praicipuarum
3753 769 3886 822 Urbis

2271 861 2682 929 ecclesiarum;
2718 872 2900 928 neque
2947 858 3224 913 alteruter
3253 871 3319 913 ex
3357 858 3647 930 Catalogis
3683 859 3886 912 Damaso

2207 963 2214 970 '
2270 949 2761 1019 estascribendus,
2795 961 2922 1003 cum
2953 949 3233 1003 vetustior
3255 947 3352 1003 ille
3382 950 3666 1017 prodierit
3686 949 3791 1003 sub
3818 949 3886 1001 Li-

2271 1039 2430 1094 berio
2458 1039 2685 1094 Damasi
2734 1038 3029 1092 decessore
3078 1039 3136 1092 in
3165 1052 3277 1106 quo
3329 1038 3564 1106 desinit,
3615 1051 3791 1108 quare
3820 1050 3886 1091 ne:

2270 1141 2450 1183 annos
2479 1131 2774 1194 enumerat
2799 1127 2924 1195 ejus
2950 1126 3319 1195 pontiﬁcatus
3343 1128 3594 1183 nondum
3628 1126 3885 1185 absoluti;

2269 1217 2414 1271 alter
2436 1230 2568 1272 vero
2596 1215 2900 1286 Catalogus
2927 1214 2995 1269 ad
3037 1216 3308 1271 saeculum
3353 1221 3575 1273 sextum
3611 1214 3882 1286 pertineat

2271 1309 2466 1375 utpote
2498 1306 2829 1377 pertingens
2850 1311 2918 1364 ad
2952 1311 3192 1366 Felicem
3220 1307 3308 1375 IV,
3329 1307 3438 1362 sub
3455 1305 3805 1362 Justiniano.

2345 1392 2428 1450 40.
2462 1395 2600 1450 Cum
2635 1397 2827 1468 itaque
2867 1412 3049 1470 neque
3074 1400 3351 1453 Damasus
3397 1396 3784 1450 vetustiorum
3810 1392 3884 1447 Vi-

2270 1489 2454 1540 tarum
2488 1484 2726 1554 hujusce
2755 1486 3116 1542 collectionis
3141 1491 3342 1542 auctor
3370 1484 3672 1542 habendus
3698 1485 3794 1552 sit,
3826 1493 3886 1536 ne

2269 1586 2379 1642 que
2395 1575 2732 1629 Anastasius
2751 1573 3001 1646 illarum,
3041 1580 3140 1630 aut
3167 1574 3547 1630 recentiorum
3575 1573 3791 1643 quippe
3815 1569 3885 1639 qui

2271 1663 2497 1719 unicam
2529 1665 2751 1720 Nicolai
2777 1678 2931 1735 papa:
2953 1668 2977 1721 Ι
2997 1666 3289 1721 addiderit
3314 1663 3772 1734 praecedentibus
3794 1673 3886 1716 con-

2269 1753 2442 1808 textis
2467 1752 2575 1808 sub
2605 1754 2880 1824 Gregorio
2919 1756 2986 1824 II,
3017 1755 3112 1810 sed
3140 1768 3450 1824 anonymos
3489 1753 3740 1807 habeant
3769 1750 3885 1805 scri-

511 1841 608 1896 dia
640 1840 900 1898 historiae
929 1846 985 1897 et
1011 1842 1264 1913 critices,
1315 1842 1433 1897 situ
1489 1848 1544 1897 et
1591 1840 1859 1911 squalore
1909 1842 2152 1910 deterso,
2188 1848 2238 1908 Β
2268 1846 2458 1909 ptores
2489 1845 2772 1912 quotquot
2799 1855 2830 1896 a
2855 1842 3132 1916 Gregorio
3172 1845 3243 1897 ΙΠ
3273 1847 3588 1912 supersunt
3630 1853 3808 1910 usque
3838 1837 3882 1891 ad

515 1943 625 1985 non
659 1931 825 1986 modo
878 1931 1282 1996 reﬁoruerunt,
1315 1931 1409 1986 sed
1442 1931 1612 1984 etiam
1646 1929 1714 1984 ad
1768 1930 2154 1985 maturitatem

511 2019 780 2089 perducta
807 2017 983 2088 fuere,
1013 2019 1226 2074 inventi
1250 2024 1386 2074 sunt
1411 2019 1513 2088 qui
1546 2018 1688 2072 adeo
1721 2017 2036 2073 oscitanter
2066 2018 2156 2071 le-

510 2112 703 2177 gerent
729 2112 847 2162 tum
869 2120 966 2161 eas
989 2106 1282 2176 epistolas,
1317 2112 1440 2160 tum
1472 2106 1642 2160 etiam
1677 2106 1978 2174 septimam
2023 2118 2151 2159 cum

513 2195 900 2265 responsione,
927 2208 958 2249 a
979 2195 1186 2250 Martio
1203 2195 1426 2250 Milesio
1448 2195 1633 2249 editas
1658 2194 1807 2248 inter
1835 2193 2015 2263 Opera
2032 2207 2154 2248 san-

509 2285 588 2339 cti
613 2285 860 2352 Damasi,
898 2291 960 2339 ut
991 2297 1102 2339 non
1131 2285 1488 2338 attenderent
1518 2289 1868 2343 contextum,
1902 2283 2155 2338 chrono—

512 2373 718 2444 logiam
752 2377 809 2428 et
850 2372 1181 2428 sententias.
1211 2372 1397 2440 Quare
1451 2371 1706 2428 Labbeus
1737 2377 1888 2427 tomo
1930 2374 1977 2426 II
2001 2371 2157 2425 Con—

510 2461 778 2516 ciliorum
806 2462 1030 2518 easdem
1065 2461 1142 2516 ita
1181 2460 1439 2532 sigillat:
1492 2461 1885 2530 Supposititia,
1917 2475 2157 2529 apocry—

506 2550 648 2619 pha’,
680 2555 731 2604 et
757 2551 1108 2620 ineptissime
1125 2551 1260 2604 iii-ris
1289 2550 1458 2604 doctis
1497 2550 1801 2604 habentur:
1839 2553 2158 2617 tantumque

510 2655 544 2691 α
567 2639 710 2706 style
737 2642 961 2694 Dama-si
994 2643 1044 2694 et
1066 2641 1386 2707 Hieronymi
1422 2640 1651 2702 distant,
1681 2642 1947 2708 quantum
1969 2638 2158 2690 coelum

509 2742 544 2779 α
564 2731 730 2794 terra,
760 2732 810 2782 et
830 2729 993 2798 polus
1013 2728 1364 2782 Antarcticus
1395 2728 1463 2782 ab
1492 2728 1732 2783 Arctico.
1759 2725 1969 2782 Subdit
1995 2725 2160 2780 Sche-

510 2814 808 2872 Iestratius
855 2816 960 2872 hac
986 2817 1392 2873 dissertatione
1437 2830 1592 2872 num.
1625 2813 1675 2886 4,
1719 2828 1841 2884 cap.
1876 2813 1927 2870 3.
1970 2816 2154 2883 Neque

510 2904 761 2959 ulteriori
793 2907 1112 2974 probatione
1133 2907 1241 2961 haec
1269 2907 1536 2973 indigent,
1562 2921 1680 2960 cum
1709 2906 1792 2959 vel
1820 2907 2028 2958 litteras
2057 2906 2154 2958 in—

510 2996 761 3063 spicienti
787 2995 974 3050 eadem
989 2997 1158 3066 plane
1180 3000 1489 3058 occurrant,
1505 2999 1676 3065 prout
1696 3010 1763 3048 ea:
1784 2995 2028 3064 epistolis
2053 3008 2154 3062 per

507 3083 772 3138 Martium
818 3085 1090 3139 Milesium
1124 3085 1423 3155 publicatis
1467 3086 1600 3139 adeo
1631 3085 1775 3138 clare
1817 3083 2154 3138 ostenderam

2264 1929 2562 1985 Nicolaum
2593 1931 2650 1984 I:
2684 1929 2944 1986 dubitari
2973 1931 3213 1987 fortasse
3239 1933 3532 2002 continget
3555 1931 3632 1985 de
3658 1929 3885 1985 auctori—

2262 2023 2376 2073 tate
2417 2032 2482 2073 ac
2533 2018 2640 2074 ﬁde
2689 2025 2977 2091 gestorum
3044 2035 3168 2091 quae
3221 2021 3672 2088 describuntur;
3719 2022 3814 2073 aut
3852 2017 3881 2070 si

2261 2107 2607 2177 aequabilius
2627 2121 2792 2179 agere
2813 2111 3010 2166 Lector
3032 2110 3212 2180 malit,
3247 2111 3446 2165 saltem
3480 2108 3743 2178 requiret
3771 2119 3880 2160 cau-

2263 2209 2381 2251 sam
2409 2210 2512 2252 cur
2539 2196 2776 2253 ﬁdenter
2793 2211 3114 2256 asseramus
3141 2211 3494 2268 quzecunque
3517 2197 3579 2251 in
3622 2197 3730 2251 hoc
3752 2195 3881 2249 Libro

2267 2290 2576 2340 narrantur
2607 2284 2789 2342 fuisse
2830 2287 3067 2343 collecta
3119 2301 3186 2342 ex
3239 2286 3508 2357 genuinis
3553 2282 3882 2339 documentis

2269 2373 2513 2442 publicae
2533 2376 2922 2444 auctoritatis,
2958 2389 3082 2445 quae
3120 2375 3177 2428 in
3210 2375 3560 2428 bibliotheca
3597 2371 3878 2442 pontiﬁcis.

2265 2467 2322 2516 et
2346 2463 2619 2529 archivis,
2653 2468 2753 2517 aut
2781 2462 3165 2518 monumentis
3194 2463 3617 2530 praicipuarum
3640 2460 3872 2516 ecclesia-

2268 2565 2393 2606 rum
2446 2551 2618 2605 Urbis
2662 2551 2932 2620 patebant
2960 2549 3260 2618 anonymis
3318 2550 3735 2620 scriptoribus,
3785 2546 3881 2602 inde

2267 2639 2677 2709 colligentibus
2735 2639 2891 2695 Vitas
2953 2643 3007 2693 et
3068 2641 3224 2708 gesta
3299 2637 3640 2706 pontiﬁcum
3708 2640 3879 2694 Roma-

2267 2741 2492 2784 norum.

2336 2814 2696 2872 Praefationis
2734 2818 2942 2871 nostrae
2994 2814 3346 2884 praecipuum
3405 2819 3579 2885 caput
3642 2816 3750 2872 hoc
3793 2825 3880 2868 esse

2266 2905 2509 2961 libenter
2528 2917 2798 2976 agnosco:
2822 2917 3004 2974 neque
3022 2903 3374 2973 provinciam
3393 2903 3676 2975 detrecto,
3697 2911 3792 2959 aut
3807 2897 3883 2956 dii-

2263 2992 2918 3063 ﬁcultatemdissimulo;
2939 2993 3032 3048 sed
3060 2991 3224 3064 plane
3252 2993 3671 3049 ostendendum
3687 3002 3879 3048 assumo

2263 3096 2572 3152 anonymos
2604 3082 2745 3137 istos
2786 3086 3048 3138 auctores
3085 3082 3342 3136 Vitarum
3371 3094 3440 3136 ex
3494 3082 3772 3151 genuinis
3798 3080 3882 3133 do-

510 3177 571 3228 in
591 3175 774 3243 prima
800 3175 1172 3244 Antiquitatis
1202 3176 1591 3229 Ecclesiasticz
1619 3175 1872 3244 editione,
1904 3177 1963 3226 ut
1992 3172 2061 3226 V.
2095 3173 2150 3228 C.
2186 3187 2234 3249 α
2265 3171 2548 3227 cumentis
2571 3170 2812 3240 publica:
2833 3171 3198 3226 auctoritatis
3217 3183 3280 3225 ea
3297 3170 3693 3239 desumpsisse
3710 3183 3825 3240 qua:
3842 3167 3878 3218 in

510 3264 908 3332 Papebrochius
951 3266 1011 3318 in
1047 3265 1326 3334 PrOpylaeo
1354 3265 1429 3318 ad
1469 3268 1727 3333 quartum
1767 3267 1966 3316 tomum
1994 3262 2152 3322 Maii,

505 3368 637 3421 pag.
669 3353 724 3424 3,
751 3355 1072 3408 sententiam
1113 3355 1442 3408 Henschenii
1476 3353 1885 3423 praedecessoris
1927 3351 2015 3402 sui
2056 3365 2156 3403 re—

512 3443 858 3497 tractandum
899 3443 1139 3507 duxerit,
1181 3443 1491 3512 adjungens
1549 3459 1624 3506 se,
1668 3440 1970 3495 rationibus
2023 3441 2152 3491 meis

511 3534 830 3595 convictum,
868 3533 1032 3588 malle
1051 3533 1305 3603 epistolas
1323 3534 1451 3587 illas
1481 3549 1548 3586 ea:
1567 3536 1704 3587 tomo
1720 3530 1900 3598 primo
1936 3527 2152 3596 Aprilis

512 3626 811 3690 eapunctas
825 3662 838 3676 .

579 3709 975 3780 Supposititiai
994 3712 1176 3784 igitur
1204 3711 1412 3767 litterae
1428 3710 1653 3766 Damasi
1674 3721 1830 3778 papa:
1851 3707 1918 3762 ad
1948 3706 2156 3762 Hiero«

515 3813 765 3869 nymum,
788 3807 843 3856 et
874 3801 1205 3872 Hieronymi
1233 3801 1300 3856 ad
1341 3803 1664 3867 Damasum,
1701 3809 1829 3867 quae
1862 3795 1931 3850 ab
1963 3795 2156 3862 inepto

511 3889 633 3944 viro
660 3889 948 3960 sequioris
978 3891 1166 3947 aetatis
1186 3889 1463 3960 conﬁctae,
1497 3895 1552 3942 et
1584 3884 1902 3955 praepositae
1929 3881 2157 3938 fuerant

507 3975 794 4048 Catalogis
825 3979 1262 4047 vetustioribus,
1287 3978 1388 4033 uni
1413 3976 1636 4032 scilicet
1657 3974 1896 4029 collecto
1919 3973 2029 4028 sub
2053 3973 2158 4026 Li-

511 4064 665 4136 bero,
693 4070 749 4121 et
768 4067 935 4123 alteri
966 4075 1092 4138 post
1128 4067 1281 4122 hunc
1325 4067 1583 4134 proximo
1616 4064 1764 4118 inter
1787 4063 2062 4132 antiquos
2084 4062 2152 4116 ad

513 4153 761 4210 medium
774 4156 969 4212 saeculi
990 4155 1135 4212 sexti
1156 4153 1466 4221 referendo,
1490 4152 1624 4216 illae,
1644 4152 1878 4221 inquam
1897 4152 2156 4221 epistolae

512 4256 611 4312 per
633 4243 891 4301 fraudem
934 4245 1208 4316 appositae
1258 4241 1545 4313 CataIOgis
1588 4242 1815 4311 quando
1857 4242 2156 4297 describe-

512 4331 721 4388 bantur
745 4339 909 4392 aetate
935 4336 1124 4392 Caroli
1157 4331 1363 4404 Magni,
1398 4333 1453 4384 et
1481 4345 1593 4400 prae
1624 4332 1932 4386 oscitantia
1960 4337 2156 4400 poste-

514 4434 708 4477 rorum
735 4424 928 4480 minus
951 4427 1163 4479 attente
1184 4421 1507 4489 observatas,
1543 4421 1602 4475 in
1629 4433 1799 4476 causa
1830 4420 2064 4476 fuerunt
2092 4429 2156 4477 ut

513 4510 793 4566 Martinus
818 4512 1064 4567 Polonus
1089 4508 1308 4577 aliique
1334 4508 1500 4576 pauci
1532 4509 1904 4576 crediderint,
1944 4511 2156 4566 Dama-
2179 4535 2233 4598 D

513 4612 638 4654 sum
673 4614 872 4670 papam
895 4604 1184 4654 auctorem
1204 4609 1327 4652 esse
1349 4599 1759 4654 nominandum
1792 4599 1911 4654 sive
1928 4599 2154 4656 .Catalo-

513 4687 568 4758 gi
593 4688 712 4742 sive
742 4688 880 4743 libri
904 4688 963 4741 in
987 4701 1098 4757 quo
1121 4690 1279 4757 gesta
1305 4687 1636 4756 pontiﬁcum
1661 4688 2048 4744 continentur.
2074 4691 2152 4745 Re

510 4781 699 4832 autem
719 4789 845 4831 vera
868 4789 1049 4845 neque
1076 4774 1243 4830 Liber
1269 4775 1377 4831 iste
1402 4777 1755 4833 Pontiﬁcalis
1776 4790 1808 4832 a
1824 4779 1880 4832 B.
1911 4780 2150 4836 Damaso

511 4864 763 4933 scriptus
783 4869 901 4930 est;
935 4878 1064 4919 cum
1096 4865 1236 4920 totis
1261 4865 1533 4922 trecentis
1562 4871 1617 4921 et
1643 4867 2021 4939 quadraginta
2043 4869 2152 4926 cir-

836 4953 1012 5008 Verba
1655 4957 1833 5011 Verba

650 5041 825 5107 primi
854 5043 1120 5112 Catalogi.
1481 5046 1707 5100 secundi
1730 5045 1993 5116 Catalogi.

575 5125 1020 5188 Clemensannis
1049 5147 1128 5202 ix,
1154 5146 1302 5189 men-
1411 5133 1647 5190 Clemens
1679 5123 1910 5192 natione
1941 5139 2151 5193 Roma—

507 5211 670 5267 sibus
692 5221 1002 5287 x1,diebus
1039 5236 1144 5278 xu.
1182 5223 1315 5279 Fuit
1397 5237 1507 5279 nus
1549 5224 1620 5279 de
1685 5226 1916 5296 regione
1973 5225 2150 5282 Caelio

507 5304 865 5368 temporibus
889 5311 1080 5367 Galba}
1106 5317 1163 5368 et
1193 5314 1306 5369 Ve—
1387 5320 1576 5370 monte
1591 5327 1660 5370 ex
1677 5322 1834 5384 patre
1856 5317 2148 5387 Faustino,

505 5389 786 5466 spasiani,
882 5414 915 5456 a
1010 5403 1313 5460 consulatu
1395 5403 1547 5459 sedit
1571 5418 2149 5474 annostx,mensesn,

503 5475 768 5564 'Frachali
800 5492 857 5543 et
909 5490 1096 5548 Italici
1130 5507 1310 5564 usque
1395 5493 1510 5548 dies
1541 5507 1598 5550 ι.
1633 5495 1759 5548 Fuit
1797 5497 1984 5548 autem
2030 5499 2154 5548 tem-

502 5563 854 5635 Vespasiano
905 5579 998 5638 VII
1049 5585 1107 5640 et
1157 5563 1303 5640 Tito.
1384 5583 1615 5654 poribus
1642 5581 1826 5638 Galba:
1863 5587 1913 5636 et
1955 5583 2155 5652 Vespa-

1392 5673 1540 5728 siani
1559 5671 1844 5728 consulatu
1888 5671 2154 5726 Trachali

2267 3260 2419 3316 hunc
2445 3259 2697 3316 codicem
2723 3259 3065 3316 retulerunt.
3092 3261 3168 3315 De
3189 3259 3440 3330 singulis
3460 3260 3742 3315 distincte
3763 3263 3818 3312 ut
3843 3253 3879 3308 id

2267 3348 2518 3419 probem,
2576 3347 2931 3419 praefationis
2983 3350 3183 3404 modus
3235 3349 3470 3403 minime
3503 3349 3745 3417 patitur,
3779 3355 3878 3400 cum

2267 3438 2459 3507 potius
2509 3437 2614 3492 hoc
2662 3438 2944 3507 pertineat
2984 3438 3053 3492 ad
3101 3443 3282 3506 notas,
3329 3437 3425 3492 sed
3478 3437 3794 3492 universim
3841 3436 3880 3485 ut

2265 3527 2579 3598 ostendam,
2613 3539 2678 3582 ac
2707 3527 2884 3582 veluti
2914 3525 3093 3581 fontis
3141 3525 3388 3580 indicem
3421 3525 3570 3580 unde
3599 3526 3879 3594 scriptores

2267 3614 2355 3670 illi
2384 3629 2518 3670 suas
2546 3614 2767 3670 areolas
2811 3614 3147 3685 irrigarunt,
3203 3613 3283 3667 ita
3315 3614 3617 3683 perspicue
3649 3607 3879 3683 praestari

2268 3719 2431 3775 posse
2454 3710 2709 3774 autumo,
2738 3717 2907 3775 quam
2925 3704 3076 3774 quod
3108 3703 3365 3757 maxime.

2340 3792 2425 3848 ll.
2455 3795 2683 3850 Certum
2733 3793 2795 3848 in
2836 3794 3042 3864 primis
3067 3797 3152 3848 est
3199 3793 3343 3848 duos
3394 3791 3527 3847 illos
3582 3791 3876 3858 Catalogos.

2267 3882 2386 3937 sive
2410 3883 2700 3938 lndiculos
2725 3881 3059 3950 pontiﬁcum
3084 3882 3463 3935 Romanorum
3490 3880 3681 3934 editos
3705 3880 3879 3948 quarto

2267 3971 2474 4026 saeculo
2503 3970 2612 4025 sub
2640 3969 2866 4025 Liberio
2891 3972 2934 4036 Ι,
2957 3974 3014 4024 et
3038 3974 3196 4024 sexto
3223 3968 3430 4023 saeculo
3459 3968 3568 4023 sub
3601 3967 3781 4023 Felice
3809 3961 3875 4026 ιγ,

2266 4073 2388 4115 esse
2413 4067 2695 4114 texturam
2724 4058 3070 4128 praecipuam
3101 4055 3425 4112 earumdem
3451 4057 3708 4112 Vitarum
3738 4056 3794 4109 in
3819 4051 3880 4106 Li-

2265 4148 2366 4203 bro
2394 4147 2731 4218 pontiﬁcali,
2767 4161 2892 4218 quae
2920 4147 3063 4202 hanc
3092 4150 3310 4201 aetatem
3358 4146 3694 4201 metiuntur.
3729 4145 3878 4198 Tanta

2266 4236 2322 4291 id
2354 4237 2638 4292 evidentia
2667 4241 2910 4306 constat,
2949 4235 3216 4290 utoculis
3241 4235 3516 4303 judicand
3531 4248 3622 4289 um
3657 4233 3878 4300 subjece

2265 4325 2666 4381 ritadmodum
2700 4325 3062 4396 providenter
3103 4337 3233 4379 cum
3260 4323 3557 4379 Holstenio
3582 4336 3727 4392 saepe
3768 4322 3877 4376 lau-

2263 4417 2395 4472 dato
2416 4417 2732 4485 proximam
2759 4414 2830 4468 ab
2850 4427 2916 4470 eo
2937 4413 3160 4470 laudem
3186 4415 3529 4483 promeritus
3549 4414 3878 4469 Schelestra-

2265 4506 2404 4561 tius.
2437 4504 2634 4559 Plures
2664 4503 2724 4558 in
2751 4503 3048 4559 columnas
3077 4503 3281 4559 divisit
3311 4503 3496 4571 spatia
3535 4503 3872 4575 paginarum.

2261 4595 2396 4649 Tres
2449 4599 2638 4649 autem
2690 4593 2961 4648 adhibuit
3013 4593 3081 4648 ad
3113 4591 3489 4648 exhibendam
3546 4596 3602 4648 in
3653 4587 3876 4662 singulis

2262 4682 2634 4755 pontiﬁcibus
2666 4683 2967 4740 historiam
2998 4684 3160 4754 Vitae,
3206 4683 3376 4751 juxta
3425 4683 3708 4753 triplicem
3757 4691 3876 4734 con-

2261 4779 2480 4829 textum
2509 4773 2702 4844 primi,
2726 4779 2781 4829 et
2806 4772 3042 4829 secundi
3063 4771 3340 4843 Catalogi,
3371 4778 3426 4827 et
3448 4773 3585 4828 libri
3611 4768 3876 4842 pontiﬁca-

2261 4864 2357 4935 lis,
2391 4862 2536 4930 utin
2569 4863 2674 4920 hoc
2700 4861 3012 4934 sp'ecimine
3042 4861 3334 4932 percipere
3362 4862 3763 4933 unusquisque
3790 4868 3876 4927 p0-

2261 4952 2399 5010 terit
2416 4957 2471 5008 et
2487 4967 2836 5024 comparare.

2997 5061 3175 5117 Verba

2792 5149 2946 5204 Libri
3003 5152 3362 5221 Pontiﬁcalis.

2333 5241 2570 5296 Clemens
2608 5240 2827 5293 natione
2865 5241 3137 5296 Romanus
3182 5243 3246 5295 de
3279 5240 3495 5306 regione
3530 5236 3689 5292 Catio
3726 5232 3875 5289 monte

2261 5328 2329 5367 ea:
2344 5317 2505 5381 patre
2547 5313 2826 5380 Faustino,
2853 5313 2993 5366 sedit
3033 5328 3206 5366 annos
3232 5326 3313 5374 Ix,
3350 5326 3556 5364 menses
3595 5324 3657 5375 II,
3693 5308 3799 5362 dies
3829 5313 3873 5354 Σ.

2261 5385 2421 5439 Vixit
2445 5388 2624 5455 autem
2663 5385 2990 5455 temporibus
3022 5383 3208 5455 Galba:
3249 5389 3299 5436 et
3335 5383 3737 5455 Vespasiani_a
3762 5387 3874 5455 con’

2261 5454 2706 5528 sulatufl‘rajani
2732 5451 2930 5528 [codex
2958 5456 3132 5528 Vatic.
3164 5454 3409 5509 Florent.
3435 5454 3624 5528 etquo
3651 5451 3870 5528 Cassius

2266 5523 2508 5600 Tragali]
2539 5521 2588 5580 et
2615 5521 3005 5600 Italiciiiusque
3045 5527 3448 5600 Vespasianum
3489 5525 3571 5600 ΙΙ
3604 5528 3655 5577 et
3699 5521 3871 5600 Titum.

2262 5599 2363 5652 Hic
2378 5591 2515 5653 dum
2543 5599 2753 5654 multos
2779 5591 2958 5654 librds
2979 5596 3098 5652 zelo
3121 5591 3251 5652 ﬁdei
3287 5596 3630 5652 Christianae
3658 5591 3868 5658 religio-

2263 5669 2356 5726 nis
2383 5670 2714 5742 ascriberet,
2743 5671 3008 5738 martyrio
3037 5673 3368 5725 coronatura
3393 5668 3497 5722 Hic
3532 5668 3664 5735 fecit
3701 5664 3872 5732 septem
