3922 6394
513 374 586 441 43

1289 386 1382 439 AD
1420 386 1852 444 ANASTASIUM
1906 389 2422 447 PROLEGOMENA
2465 392 2636 449 EDIT.
2691 395 3123 454 ROM.—VATIC.
3841 405 3880 462 li

515 517 907 575 testimonium
968 516 1172 574 Leonis
1219 523 1479 591 secundi,
1535 523 1679 577 idem
1725 520 2039 575 indicantis
2093 519 2162 574 de
2189 510 2241 570 A
2276 516 2469 567 Votum
2496 513 2740 584 (Dissert.
2773 521 2848 574 ad
2871 524 3016 575 Fast.
3039 522 3322 578 Consular.
3353 537 3472 594 par.
3511 524 3569 596 1),
3606 530 3668 582 ut
3698 526 3878 582 easdem

513 611 687 665 Cleto.
722 607 898 663 Verba
931 608 1227 663 Vendelini
1264 611 1380 666 hac
1412 617 1578 665 sunt:
1616 631 1641 660 α
1669 610 1910 677 Ecce,ut
1939 609 2161 663 vivente

509 699 699 756 adhuc
726 699 888 752 Petro
911 698 1089 752 Linus
1111 701 1324 754 sederit
1354 701 1687 769 episcopus:
1720 711 1884 767 quem
1910 702 2158 766 propter-

509 801 570 844 ea
621 787 1093 857 chorepiscopum
1146 790 1457 855 Marianus,
1501 787 1719 856 aliique
1763 786 2148 855 scripserunt:

509 882 658 936 inter
700 893 844 947 quos
897 877 1003 932 Leo
1049 879 1112 944 II,
1178 891 1475 932 successor
1533 875 1891 946 Agathonis:
1939 878 2150 938 Petrus,

509 969 721 1039 inquit,
763 968 1042 1035 adjutores
1068 967 1173 1021 sibi
1210 969 1404 1020 ascivit
1441 967 1659 1026 Linum,
1700 970 1748 1017 et
1779 965 2003 1026 Cletum,
2045 980 2151 1017 non

508 1065 684 1113 tamen
725 1060 1060 1127 pontiﬁcium
1109 1061 1423 1125 potestatem
1461 1057 1534 1106 eis
1580 1055 1833 1115 tradidit,
1888 1054 1982 1105 sed
2025 1053 2150 1105 Cle-

504 1149 691 1201 menti.
738 1149 871 1202 Tam
925 1151 1137 1200 certum
1184 1157 1404 1212 semper
1453 1141 1584 1207 fuit,
1647 1156 1759 1197 una
1808 1155 1936 1196 cum
1988 1143 2149 1195 Petro

505 1237 708 1292 Linum
765 1233 1061 1305 praefuisse
1093 1229 1358 1285 ﬁdelibus
1403 1231 1691 1299 Romanis,
1751 1236 1808 1286 et
1851 1231 1922 1285 ab
1953 1230 2146 1285 eodem

503 1326 666 1379 Petro
699 1322 972 1377 traditum
1016 1317 1407 1389 pontiﬁcatum
1429 1315 1743 1373 Clementi.
1775 1320 1868 1374 Sic
1898 1333 2031 1389 ergo
2067 1318 2148 1372 li—

503 1413 738 1484 quidior
791 1411 996 1480 incipit
1048 1410 1222 1464 ﬂuere
1276 1409 1392 1464 hazc
1458 1409 1829 1480 chronologia
1875 1409 1934 1463 in
1994 1407 2147 1462 hunc

505 1503 755 1573 modum,
790 1519 816 1550 υ

573 1593 675 1646 llic
701 1604 811 1646 non
841 1602 1070 1643 assumo
1100 1587 1479 1642 dirimendam
1515 1587 1889 1657 quaestionem
1925 1584 1996 1640 de
2018 1585 2142 1640 Lini

502 1686 558 1735 et
599 1679 742 1734 Cleti
776 1677 1112 1748 pontiﬁcatu
1158 1675 1425 1743 maximo,
1477 1689 1645 1744 quam
1699 1675 1846 1729 inter
1890 1680 2052 1729 notas
2075 1675 2140 1729 ad

499 1766 1155 1842 Librum‘Pontiﬁcalem
1207 1765 1276 1820 ad
1326 1777 1556 1819 examen
1617 1763 2028 1819 revocabimus.
2087 1763 2141 1818 Id

2276 601 2472 666 potius
2504 607 2860 666 membranas
2891 624 3058 680 quam
3092 611 3322 666 illarum
3366 611 3678 684 fragmenta
3708 615 3882 682 Cuspi-

2271 689 2480 747 nianus
2522 697 2824 766 vulgasset.
2871 701 3202 760 Latet-culos,
3253 702 3466 771 inquit,
3498 705 3809 757 consula-res
3845 722 3880 756 ξε

2269 779 2492 834 laudato
2513 789 2775 853 anonymi
2798 789 2975 840 codice
3005 796 3280 858 excerptas
3307 806 3402 843 suo
3427 793 3694 845 volumini
3712 810 3880 861 passm:-

2265 867 2514 931 inseruit,
2547 889 2677 941 quos
2708 892 2838 928 sane
2863 879 2971 929 viri
2999 880 3205 931 eruditi
3233 882 3469 945 integros
3500 881 3568 934 ab
3595 883 3776 935 eodem
3804 883 3880 932 ed."-

2263 960 2341 1010 tos
2395 960 2734 1015 muluissmt.
2786 965 3120 1034 Exemplum
3187 968 3400 1036 duplex
3446 969 3617 1024 hodie
3659 986 3880 1040 superes

2265 1046 2358 1100 ind
2371 1047 2791 1122 icatiCatalogi,
2811 1053 2994 1108 descri
3008 1055 3208 1123 ptum'a
3223 1058 3536 1113 vetustiore
3551 1059 3752 1130 aliquo
3765 1069 3880 1116 ante

2261 1137 2495 1206 grapho,
2521 1140 2688 1207 cujus
2705 1145 3093 1213 apographum
3111 1146 3448 1201 membranae
3469 1148 3605 1216 ipsae
3620 1152 3879 1204 censenda

2259 1230 2416 1292 sunt,
2465 1227 2817 1297 CuSpiniano
2848 1232 2984 1286 olim
3039 1239 3310 1293 tractatae.
3373 1236 3543 1292 hodie
3579 1238 3875 1307 deperdita:

2259 1311 2443 1368 Unum
2474 1317 2793 1386 exemplum
2819 1325 3004 1374 servat
3028 1321 3377 1378 bibliotheca
3407 1327 3659 1381 Cmsarea
3695 1327 3879 1383 Vindo-

2260 1399 2527 1458 bonensis
2548 1405 2696 1460 inter
2725 1421 2858 1463 mss.
2885 1409 3193 1466 historicos
3213 1413 3619 1483 consignatum
3639 1416 3876 1472 num.

2259 1495 2398 1545 teste
2433 1493 2728 1550 Lambecio
2766 1496 2869 1551 lib.
2922 1512 2975 1552 IV
3019 1501 3593 1574 Commentariorum,
3639 1510 3696 1559 et
3732 1506 3878 1561 Sche-

2260 1576 2518 1636 Iestratio
2565 1583 2796 1638 dissert.
2847 1584 2898 1656 3,
2953 1602 3072 1656 cap.
3128 1586 3182 1658 2,
3232 1603 3386 1644 num.
3425 1589 3473 1661 i,
3525 1593 3876 1664 Antiquitatb

2255 1669 2538 1726 Ecclesite.
2596 1673 2849 1730 Alterum
2905 1676 3116 1732 visitur
3163 1678 3219 1732 in
3269 1678 3615 1737 bibliotheca
3671 1684 3878 1738 Antuer-

2259 1758 2442 1826 piensi
2472 1761 2581 1815 RR.
2619 1763 2716 1816 PP.
2744 1764 2940 1819 societ.
2969 1767 3122 1834 Jesu,
3151 1782 3263 1836 quo
3289 1783 3429 1824 usus
3455 1777 3540 1825 est
3573 1771 3631 1826 in
3663 1786 3767 1827 sua
3791 1774 3876 1827 edi-

501 1872 678 1915 unum
733 1836 1030 1912 ostendere
1062 1855 1253 1924 cupio,
1305 1853 1455 1925 quod
1508 1852 1909 1922 proponebant,
1944 1864 2142 1921 nempe
2168 1836 2220 1898 Β
2256 1846 2410 1902 tione
2451 1849 2787 1921 Bucherius,
2843 1860 3191 1923 conquestus
3225 1857 3580 1914 membranas
3631 1863 3871 1917 Brenneri

498 1953 822 2003 contextum
845 1946 1002 2000 Libri
1025 1943 1378 2000 Pontiﬁcalis
1403 1956 1434 1998 a
1452 1950 1647 1997 sancto
1672 1943 1836 1997 Petro
1859 1957 2040 2012 usque
2069 1943 2136 1998 ad

498 2036 737 2091 Felicem
770 2037 836 2089 IV
865 2034 1088 2089 desumi
1124 2032 1458 2102 plerumque
1490 2045 1557 2085 ex
1581 2030 1847 2100 CataIOgo
1878 2044 2139 2086 summo-

495 2139 622 2181 rum
665 2124 995 2194 pontiﬁcum
1029 2136 1127 2192 per
1168 2135 1288 2177 eam
1319 2125 1537 2176 aetatem
1569 2119 1837 2175 condito:
1870 2125 1925 2174 et
1965 2120 2140 2175 addi-

493 2214 699 2283 tiones,
755 2227 880 2283 quae
933 2211 1004 2266 ab
1033 2216 1263 2268 auctore
1305 2209 1462 2264 Libri
1513 2209 1865 2265 Pontiﬁcalis
1906 2209 2138 2278 adjecta:

492 2309 646 2373 sunt,
690 2303 1018 2370 desumptas
1049 2299 1228 2354 fuisse
1261 2313 1329 2352 ex
1364 2298 1726 2353 documentis
1773 2298 2138 2353 auctoritatis

492 2407 604 2449 non
631 2391 942 2448 dissimilis
966 2389 1035 2445 ab
1055 2387 1375 2445 enuntiatis
1393 2387 1451 2441 in
1479 2387 1663 2456 primo
1687 2391 1744 2441 et
1773 2387 2022 2441 secundo
2041 2387 2137 2441 Ca-

490 2484 695 2554 ialogo.

563 2570 646 2628 i3.
701 2573 904 2628 Verum
950 2569 1088 2625 ordo
1137 2564 1432 2622 ratiocinii
1458 2564 1734 2634 Tpostulat
1790 2570 1852 2620 ut
1901 2565 2022 2633 ipsa
2064 2565 2134 2620 de

486 2661 830 2717 auctoritate
848 2671 1035 2714 rerum
1069 2657 1128 2712 in
1161 2660 1404 2724 utroque
1419 2653 1685 2724 Catalogo
1701 2653 2130 2708 enuntiatarum

488 2749 656 2820 paulo
707 2749 1051 2819 diligentius
1083 2745 1466 2814 inquiramus.
1499 2744 1637 2798 Cum
1685 2742 1837 2797 enim
1893 2743 2130 2810 hujusce

482 2839 639 2895 Libri
665 2845 888 2894 textura
913 2837 1198 2907 pracipua
1225 2833 1398 2890 fuerit
1417 2847 1484 2888 ex
1508 2831 1794 2901 Catalogis
1807 2832 2124 2901 desumpta,

484 2927 879 2998 ignoraremus
892 2923 1142 2993 profecto
1158 2928 1432 2992 quantum
1457 2919 1638 2975 tribui
1665 2919 1844 2988 possit
1867 2919 2123 2974 Vitarum

477 3014 903 3084 collectoribus,
925 3013 1039 3068 nisi
1059 3017 1188 3067 ante
1217 3009 1566 3080 exploratam
1598 3009 1936 3064 haberemus
1957 3007 2120 3062 ﬁdem

478 3105 784 3174 utriusque
807 3103 1082 3173 Catalogi,
1120 3101 1414 3169 totiusque
1443 3099 1633 3168 operis
1665 3097 2118 3153 fundamentum.

2251 1941 2412 1991 aetate
2439 1952 2541 1992 sua
2574 1954 2684 1994 non
2711 1954 2832 1996 esse
2862 1945 3222 2010 superstites.

2319 2025 2762 2084 Schelestratius
2810 2030 3022 2100 (Antiq.
3050 2034 3219 2098 Ecct.,
3254 2035 3395 2091 diss.
3429 2034 3481 2106 3,
3515 2051 3638 2108 cap.
3673 2035 3728 2108 2,
3754 2053 3807 2094 n.
3846 2038 3868 2092 l'

2249 2116 2472 2170 curavit
2529 2116 2824 2174 lectionem
2868 2121 3113 2190 exempli
3153 2123 3392 2180 Caesarei
3444 2126 3873 2183 Vindobonensis

2249 2207 2495 2260 conferri
2518 2222 2646 2262 cum
2680 2209 3052 2269 Buchcriana.
3088 2212 3212 2267 sive
3245 2214 3675 2286 Antuerpiensi,
3714 2233 3810 2287 per
3828 2219 3870 2271 Il.

2248 2295 2302 2348 Ρ.
2346 2295 2725 2367 Janningum;
2759 2304 2901 2368 tum,
2938 2307 3000 2355 ut
3041 2301 3275 2357 lacunas
3317 2303 3490 2372 hujus
3539 2306 3801 2376 impleret
3828 2322 3872 2362 ex

2246 2383 2710 2455 Vindobonensi;
2762 2393 2880 2442 tum
2920 2389 3113 2460 etiam,
3163 2398 3224 2446 ut
3257 2394 3543 2448 variantes
3592 2397 3872 2466 utriusque

2242 2472 2487 2540 exempli
2525 2473 2798 2530 lectiones
2842 2476 3040 2532 daret:
3079 2481 3553 2548 quemadmodum
3580 2483 3872 2538 Bucherius

2246 2559 2304 2614 in
2355 2562 2609 2631 margine
2638 2566 2932 2621 annotavit
2967 2580 3028 2621 ea
3074 2582 3197 2637 quae
3223 2570 3446 2625 variant
3481 2571 3538 2625 in
3571 2586 3672 2627 suo
3697 2574 3870 2629 codice

2241 2662 2272 2702 a
2296 2647 2538 2706 lectione
2566 2653 2926 2721 Cuspiniani.
2950 2657 3158 2711 Ilorum
3186 2657 3366 2728 igitur
3398 2659 3720 2716 illustrium
3748 2664 3858 2718 viro

2243 2751 2367 2792 rum
2406 2739 2634 2796 collatis
2679 2741 2992 2805 laboribus.
3033 2745 3516 2814 deprehendimus
3555 2750 3868 2822 Catalogum

2238 2826 2468 2895 quidem
2498 2827 2676 2885 fuisse
2693 2838 3018 2888 contextum
3039 2834 3146 2888 sub
3179 2835 3408 2890 Liberio
3431 2851 3595 2906 papa,
3625 2840 3722 2894 sed
3748 2842 3870 2909 ejus

2235 2914 2359 2970 dem
2383 2920 2799 2989 autographum
2823 2935 2931 2976 non
2959 2936 3276 2992 superesse.
3304 2926 3384 2980 Ex
3411 2925 3679 2994 pluribus
3702 2936 3868 2984 tamen

2233 3005 2512 3074 exemplis
2561 3007 2692 3064 inde
2745 3011 3110 3080 transcriptis
3167 3027 3344 3068 unum
3396 3015 3869 3073 membranaceu

2231 3093 2585 3164 Cuspiniano
2616 3104 2930 3168 spectatum
2964 3099 3133 3155 hodie
3155 3102 3493 3174 desiderari,
3513 3104 3629 3160 duo
3651 3107 3869 3162 charta-

471 3195 590 3267 Age
611 3173 791 3264 igitur
822 3193 1068 3262 primum
1091 3191 1160 3245 de
1183 3189 1590 3257 exemplarium
1617 3187 1724 3242 ﬁde
1753 3200 1818 3242 ac
1845 3192 2121 3242 vetustate
2148 3173 2194 3234 Ο
2230 3196 2324 3236 cea
2359 3198 2651 3254 superesse
2678 3187 2920 3243 minoris
2959 3188 3350 3261 antiquitatis,
3379 3197 3436 3248 et
3466 3173 3526 3247 in
3559 3194 3648 3249 eis
3676 3196 3870 3265 depre-

469 3283 782 3350 videamus,
814 3277 1228 3348 undeCatalogi
1259 3277 1532 3344 descripti
1561 3280 1728 3343 sunt;
1759 3288 1888 3329 mox
1915 3275 1985 3329 de
2007 3275 2118 3330 do-

467 3372 755 3429 cumentis
813 3368 1084 3440 genuinis
1129 3366 1278 3422 unde
1343 3366 1652 3433 scriptores
1714 3364 2111 3434 Catalogorum

466 3461 760 3532 potuerint
790 3458 891 3514 illa
920 3458 1217 3512 desumere
1237 3468 1362 3524 qua:
1392 3454 1460 3508 ad
1495 3466 1597 3508 nos
1643 3453 2106 3509 transmiserunt.

541 3548 622 3606 14.
670 3547 1000 3617 Catalogum
1063 3545 1309 3616 priorem
1364 3543 1472 3598 sub
1535 3541 1760 3597 Liberio
1811 3543 2107 3598 conditum

461 3641 611 3696 circa
639 3651 852 3694 annum
1035 3633 1219 3690 edidit
1254 3633 1476 3701 primus
1514 3633 1674 3685 Pater
1701 3631 1964 3702 Egidius
1990 3633 2108 3687 Bu-

459 3729 692 3784 cherius
732 3727 792 3782 in
825 3725 1097 3796 praaclaro
1143 3736 1248 3782 suo
1277 3721 1694 3776 Commentario
1722 3721 1791 3776 ad
1823 3723 2103 3778 Canonem

460 3817 784 3873 Paschalem
813 3815 1054 3873 Victorii
1087 3810 1384 3883 Aquitani,
1419 3823 1529 3865 una
1552 3823 1678 3865 cum
1699 3816 1945 3880 quatuor
1969 3812 2107 3869 aliis

455 3906 753 3976 opusculis
787 3905 856 3962 ad
881 3904 1133 3960 eamdem
1158 3907 1378 3957 :etatem
1407 3898 1736 3968 referendis,
1767 3900 1850 3954 uti
1883 3908 2105 3957 constat

453 4008 521 4050 ex
567 3995 996 4050 enumeratione
1032 3990 1335 4046 consulum
1391 3990 1792 4057 Romanorum,
1837 4003 2101 4059 expressa

452 4083 510 4139 in
533 4085 718 4152 primo
742 4081 1021 4160 cpusculo
1045 4081 1115 4135 de
1148 4079 1430 4148 praefectis
1455 4077 1612 4145 Urbi,
1635 4085 1692 4133 et
1731 4078 1788 4132 in
1825 4081 2096 4150 secundo,

453 4171 747 4241 complexo
787 4173 1186 4240 Fragmentum
1217 4174 1468 4223 veterum
1498 4168 1816 4234 Fastorum,
1844 4182 1974 4223 cum
2006 4170 2098 4224 Fe-

453 4261 580 4331 riis,
611 4259 862 4330 Epactis,
891 4265 946 4316 et
981 4257 1149 4327 Cyclo
1180 4256 1507 4312 Latinorum
1542 4271 1640 4326 per
1668 4271 1849 4312 annos
1871 4253 1943 4311 84
1971 4255 2095 4312 dif—

449 4350 618 4408 fuso:
663 4351 733 4406 de
759 4363 874 4420 quo
918 4349 1093 4404 etiam
1121 4347 1332 4403 librum
1374 4346 1649 4403 celebrem
1693 4353 1856 4403 aetate
1901 4353 2094 4403 nostra

447 4439 796 4508 conscripsit
822 4439 1102 4494 Henricus
1143 4437 1456 4493 cardinalis
1496 4437 1781 4494 Norisius.
1827 4436 2093 4506 Quinque

2232 3270 2401 3326 he-:.ii
2433 3273 2657 3345 aliquot
2681 3283 2866 3331 errata
2891 3281 3351 3348 amanuensium,
3381 3295 3507 3351 qua:
3535 3283 3867 3339 Schelestra-

2228 3360 2346 3413 tias
2394 3365 2619 3418 curavit
2663 3365 2953 3437 detergere
3002 3380 3102 3436 per
3147 3368 3512 3425 collationem
3573 3373 3868 3443 utriusque

2224 3447 2441 3502 codicis
2489 3464 2617 3505 cum
2664 3452 3055 3521 Cuspiniano:
3101 3455 3240 3511 adeo
3272 3462 3336 3510 ut
3374 3457 3432 3512 in
3481 3457 3865 3516 Schelestratii

2219 3536 2473 3593 editione
2494 3540 2637 3594 satis
2660 3542 3019 3596 emendatum
3051 3544 3400 3613 opusculum
3433 3546 3773 3606 habeamus.

2294 3622 2374 3679 15.
2410 3627 2566 3682 Alter
2581 3629 2885 3700 Catologus
2905 3631 2974 3686 ad
3003 3637 3224 3687 aetatem
3249 3634 3566 3690 Iustiniani
3602 3635 3863 3703 refertur.

2218 3725 2346 3767 cum
2377 3714 2605 3772 desinat
2637 3717 2695 3771 in
2729 3717 2913 3773 Felice
2939 3721 3026 3788 IV,
3055 3721 3208 3776 circa
3239 3735 3452 3778 annum
3488 3723 3706 3781 Christi
3751 3726 3861 3782 3330.

2215 3801 2420 3857 Editus
2465 3805 2714 3874 primum
2755 3805 2870 3862 fuit
2907 3821 2975 3863 ex
3017 3810 3213 3865 codice
3251 3811 3677 3870 membranaceo
3729 3831 3865 3887 qua—

2214 3892 2389 3948 drata:
2433 3892 2646 3966 formas,
2694 3897 2908 3966 scripto
2935 3897 3090 3953 circa
3139 3905 3359 3956 attatem
3401 3901 3592 3957 Caroli
3641 3907 3860 3977 Magni:

2214 3996 2377 4051 quem
2397 3985 2636 4040 Parisiis
2659 3993 2911 4056 emptum
2938 4001 2970 4043 a
2996 3988 3190 4059 regina
3217 3989 3532 4063 Christina,
3560 3999 3616 4048 et
3637 3993 3861 4051 Romam

2212 4072 2572 4143 translatum,
2622 4080 2748 4143 post
2794 4077 2919 4144 ejus
2974 4090 3104 4132 vero
3150 4085 3382 4134 mortem
3423 4080 3496 4135 ab
3543 4081 3862 4140 ba3redibus

2208 4169 2526 4231 coemptum
2543 4163 2862 4220 Alexander
2888 4179 3029 4236 papa
3050 4169 3164 4222 VIII
3186 4167 3552 4226 bibliotheca:
3581 4171 3863 4230 Vaticana.

2205 4248 2440 4306 donavit
2485 4266 2614 4307 cum
2663 4254 2886 4310 cteteris
2922 4255 3223 4310 codicibus
3272 4272 3404 4313 mss.
3451 4260 3532 4314 Ex
3575 4273 3644 4316 eo
3671 4265 3861 4319 codice

2206 4338 2413 4409 regina:
2437 4341 2744 4398 Christina:
2773 4343 3083 4415 vulgarunt
3104 4345 3277 4414 primi
3300 4346 3409 4400 RR.
3447 4349 3545 4402 PP.
3584 4351 3862 4408 Henscbe-

2203 4430 2339 4486 nius
2383 4437 2437 4486 et
2485 4432 2906 4501 Papebrochius
2949 4433 3007 4488 in
3056 4435 3476 4506 Prolegomenis
3522 4439 3592 4493 ad
3643 4445 3856 4499 tomum

450 4529 567 4585 haec
601 4527 897 4598 cpuscula,
935 4527 1082 4582 inter
1121 4541 1244 4598 qua:
1277 4527 1590 4597 principem
1641 4526 1827 4582 locum
1871 4525 2092 4581 obtinet
2121 4529 2174 4589 D
2205 4519 2448 4588 primum
2482 4520 2721 4590 Aprilis.
2758 4522 2960 4577 Verum
3005 4536 3116 4579 non
3152 4524 3296 4580 satis
3337 4533 3601 4583 accurate
3631 4530 3859 4587 descri-

447 4616 751 4688 Catalogus
769 4617 840 4672 de
866 4631 977 4687 quo
1002 4617 1247 4687 agimus,
1279 4615 1722 4673 continebantur
1742 4615 1801 4668 in
1831 4613 2093 4684 antiquis

449 4705 812 4777 membranis,
853 4720 885 4762 a
926 4707 1135 4763 Joanne
1165 4707 1468 4773 Brennero,
1513 4703 1670 4772 regio
1700 4703 2007 4757 secretario
2035 4709 2092 4760 et

444 4795 705 4852 actuario
733 4796 790 4851 in
813 4804 1011 4853 senatu
1033 4792 1541 4865 Luxemburgensi,
1573 4792 1724 4845 dono
1742 4788 1895 4844 datis
1920 4791 2091 4847 Auso-

442 4885 627 4954 villio,
673 4885 791 4957 regi
832 4885 1114 4941 catholico
1152 4899 1184 4939 a
1213 4883 1453 4953 privatis
1480 4877 1756 4933 Bruxella:
1785 4881 2084 4940 consiliis:

440 4981 496 5030 et
524 4987 592 5028 ex
614 4975 690 5029 iis
707 4975 1097 5045 Cuspinianus
1117 4971 1557 5037 transcripserat
1583 4967 1811 5022 nomina
1838 4971 2087 5040 complu-

441 5065 591 5120 rium
623 5065 942 5135 consulum,
979 5072 1042 5120 ut
1067 5071 1313 5131 persazpe
1344 5060 1585 5110 testatur
1612 5055 1670 5109 in
1691 5070 1794 5112 suo
1821 5057 1970 5115 libro
1989 5061 2086 5117 Fa-

437 5159 694 5224 storum;
753 5155 833 5210 ita
896 5155 1067 5208 etiam
1117 5147 1449 5202 observante
1489 5144 1766 5202 Bucherio
1795 5148 1937 5218 (cap.
1994 5147 2078 5222 44,

433 5258 559 5310 pag.
601 5240 767 5313 2H):
817 5245 893 5297 Iis
949 5234 1316 5303 membranis)
1340 5233 1597 5303 pluscula
1624 5239 1794 5303 ignoti
1839 5239 2078 5306 quidem,

430 5330 526 5385 sed
555 5330 945 5401 antiquissimi,
979 5331 1028 5379 et
1071 5323 1166 5391 qui
1203 5322 1302 5375 sub
1351 5323 1699 5379 Constantino
1737 5326 2080 5382 Constantini

426 5421 619 5488 Magni
659 5422 772 5490 ﬁlio
811 5417 1016 5471 vicisse
1061 5413 1298 5477 videtur,
1329 5415 1608 5483 scriptoris
1657 5416 2074 5471 continebantur

423 5512 683 5581 opuscula
713 5523 833 5577 qua:
862 5505 1230 5574 Cuspinianus
1255 5506 1313 5559 in
1342 5519 1536 5560 manus
1567 5506 1822 5560 habuisse
1848 5521 1903 5560 se
1926 5508 2069 5576 ptu—

413 5602 570 5659 ribus
623 5601 910 5654 Fastorum
955 5609 1178 5650 suorum
1222 5596 1350 5652 locis
1391 5597 1683 5668 signiﬁcat.
1745 5595 1845 5651 liis
1898 5596 2062 5653 addit

417 5685 734 5755 cardinalis
773 5683 1041 5754 Norisius
1081 5685 1440 5757 eruditorum
1489 5683 1718 5758 nomine
1762 5696 2063 5744 commune

2206 4612 2361 4678 ptum
2390 4608 2779 4688 deprehendit
2798 4610 2883 4666 ill.
2912 4613 3118 4681 praesul
3141 4612 3602 4688 Schelestratius,
3623 4632 3767 4679 .cum
3793 4621 3856 4676 al.

2205 4697 2415 4768 inclyta
2445 4699 2643 4770 regina
2680 4701 2868 4756 Romae
2911 4708 3296 4759 commorante
3333 4703 3666 4762 facultatem
3700 4709 3856 4766 obti—

2202 4788 2425 4842 nuisset
2449 4788 2574 4856 ejus
2595 4788 2822 4845 vivendi
2849 4804 2914 4846 ac
2938 4804 3105 4861 penes
3127 4805 3186 4847 se
3216 4792 3461 4848 habendi
3503 4808 3600 4864 per
3634 4811 3859 4855 menses

2199 4876 2542 4947 complures.
2566 4878 2714 4948 Quin
2747 4881 2918 4935 etiam
2942 4894 3068 4936 cum
3106 4883 3450 4952 percepisset
3479 4883 3643 4940 aliud
3675 4901 3857 4944 exem-

2201 4965 2354 5036 plum
2379 4967 2630 5036 ejusdem
2658 4968 2910 5040 Catalogi
2935 4971 3174 5039 reperiri
3209 4973 3265 5028 in
3291 4978 3511 5028 vetusto
3543 4975 3754 5033 codice
3781 4978 3858 5034 bi-

2197 5054 2494 5111 bliotheca:
2539 5056 2879 5115 Colbertina:
2904 5055 3069 5127 (num.
3109 5057 3263 5133 i868)
3288 5061 3540 5132 ejusdem
3577 5066 3856 5137 antiqui-

2197 5143 2351 5214 tatis,
2402 5159 2596 5214 nempe
2620 5145 2805 5199 :etatis
2829 5147 3015 5202 Caroli
3054 5151 3266 5222 Magni,
3296 5151 3629 5220 impetravit
3663 5168 3696 5209 a
3727 5159 3856 5212 cla-

2193 5233 2426 5290 rissimo
2480 5234 2603 5290 viro
2658 5233 2941 5302 Stephano
2994 5237 3226 5295 Baluzio
3289 5246 3353 5295 ut
3405 5240 3535 5295 inde
3595 5242 3855 5302 fideliter

2189 5324 2681 5380 transcriberetur.
2734 5325 3051 5383 Plurimum
3123 5342 3253 5384 vero
3297 5329 3529 5400 gavisus
3581 5339 3675 5386 est
3717 5349 3852 5392 cum

2188 5420 2486 5484 utramque
2513 5414 2834 5484 lectionem,
2862 5417 3083 5472 codicis
3108 5418 3335 5489 Regina:
3375 5420 3719 5495 Christinaz,
3749 5441 3853 5482 seu

2182 5502 2462 5574 Vaticani,
2486 5503 2868 5561 etColbertini
2891 5507 3056 5576 plane
3077 5509 3399 5564 consentire
3423 5516 3704 5578 expertus
3727 5524 3846 5572 est:

2177 5591 2380 5648 leviori
2427 5596 2642 5651 tantum
2701 5595 3039 5650 discrimine
3086 5595 3400 5668 aliquando
3447 5597 3852 5662 intercedente

2175 5681 2352 5740 unius
2371 5682 2636 5741 elementi
2662 5683 2721 5742 in
2754 5683 2968 5740 litteris
2988 5683 3075 5742 vel
3094 5686 3339 5745 unitatis
3367 5686 3425 5743 in
3457 5693 3766 5750 numeris:
3795 5701 3851 5753 et
