4072 6268
437 397 540 462 291

457 511 516 563 '0
545 509 762 575 Καῖσαρ
801 502 1146 573 ὑποδέχεται,
1175 501 1403 571 ῥήγνυσι
1432 499 1528 560 τὰς
1562 496 1883 568 σφραγῖδας.

444 601 688 666 Ἐξεισιν
733 596 1096 666 ’Λθηνόδωρος
1112 595 1172 645 τὺ
1201 595 1352 662 ξίφος
1375 591 1655 650 ἐπισείων,

449 692 749 761 Θαμὸεῖται
782 690 995 756 Καῖσαρ
1019 684 1273 747 κατιδὼν,
1295 683 1373 752 τῷ
1399 682 1508 734 δέει
1529 677 1982 751 κρι.›σταλ).οἱ’›ται⁹

453 782 678 848 ’Ὀρκοις
706 778 869 832 αὑτὸν
897 775 1230 842 καταδεσμεῖ
1256 773 1454 842 μηκέτι
1483 769 1644 824 τοῦτο
1671 769 1877 839 πρᾶξαι

451 873 590 940 Μηδ⁹
609 870 914 939 ἀλλοτρίαις
930 868 1026 920 τοῦ
1045 866 1234 919 λοιποῦ
1259 863 1704 934 καταχρανθῆναι
1728 861 1954 924 κοίταις.

539 959 710 1026 Οὗτος
740 964 908 1015 πολὺν
941 961 1016 1026 τῷ
1039 960 1280 1027 Καίσαρι
1315 956 1700 1027 συνδιατρίψας
1733 954 1950 1025 χρόνον,

455 1064 560 1114 Καὶ
595 1059 805 1129 μέλλων
854 1053 1300 1110 ἀπαλλάττεσθαι
1335 1053 1470 1122 πρὸς
1503 1051 1602 1120 τὴν
1633 1045 2028 1116 ἐνεγκαμένην,

463 1151 722 1220 Ἐπείπερ
749 1145 855 1201 εἶδε
885 1147 1144 1216 Καίσαρα
1168 1145 1430 1213 δύσοργον
1454 1142 1547 1194 καὶ⁵
1577 1138 1803 1208 θυμὼδη

453 1245 560 1297 Καὶ
591 1243 776 1310 τάχιον
801 1238 1107 1308 ἐκφέροντα
1135 1238 1231 1299 τὰς
1263 1231 1600 1297 κολαζούσας
1629 1231 1863 1300 ψήφους,

449 1333 672 1401 Ταχέως
697 1332 755 1384 δέ
780 1331 877 1399 τὴν
903 1328 998 1381 τοῦ
1021 1327 1198 1397 θυμοῦ
1235 1324 1514 1395 πυρκαϊὰν
1537 1321 1834 1375 σὸεννύντα

452 1424 562 1475 Καὶ
587 1421 827 1493 τρόπους
856 1419 1268 1485 μεταπίπτοντα
1298 1415 1433 1484 πρὸς
1458 1412 2028 1482 φιλανθρωποτέρους,

451 1512 645 1579 Κύψας
677 1510 844 1565 αὑτοῦ
863 1509 1000 1579 πρὸς
1030 1509 1201 1570 ἀκοὰς
1227 1506 1302 1570 ὡς
1325 1507 1388 1574 δὴ
1409 1506 1454 1538 ⁷⁸
1485 1503 1900 1572 καταφιλήσων·

459 1623 476 1654 ι
499 1598 570 1655 Ὦ
587 1604 827 1670 Καῖσαρ,
855 1619 872 1652 ι
896 1600 1022 1669 ἐφη,
1053 1619 1071 1651 ι
1100 1597 1530 1661 σεϐαστέ,τοῦτ6
1550 1613 1631 1648 σοι
1646 1594 1819 1647 λείπει
1851 1592 2030 1663 μόνον·

450 1696 544 1766 Μὴ
574 1695 703 1765 πρὶν
714 1693 812 1757 τὰς
835 1692 910 1763 ψή
920 1709 1050 1760 φους
1071 1691 1270 1758 ἔκφερε
1287 1692 1414 1762 πρὶν
1432 1691 1489 1741 ἐν
1516 1687 1697 1756 σαυτῷ
1719 1684 1768 1718 ⁸⁸
1783 1685 1916 1754 λαλή
1927 1701 2025 1756 an;

453 1791 561 1842 Τὸν
583 1787 690 1840 τῶν
721 1786 1066 1857 γραμμάτων
1091 1784 1321 1854 ἀριθμὸν
1343 1783 1452 1834 τῶν
1473 1781 1646 1834 εἴκοσι
1667 1778 1971 1849 τεσσάρων.
2010 1795 2029 1828 ι

467 1878 530 1933 ’0
559 1879 614 1932 δὲ
640 1877 901 1942 στενάξας
928 1875 1110 1944 βύθιον
1137 1876 1230 1928 καὶ
1253 1873 1388 1944 πρὸς
1416 1873 1623 1924 ἐκεῖνον
1655 1870 1879 1941 βλέψας,

461 1989 480 2022 ι
527 1969 654 2023 Ἔτι
688 1987 780 2022 σου
809 1966 996 2040 χρῄζω
1014 1967 1114 2036 τῆς
1141 1966 1336 2035 καλῆς,
1370 1984 1388 2016 ι
1420 1964 1547 2033 ἐφη,
1583 1981 1601 2014 ι
1636 1959 2036 2029 παιδαγωγίας.

453 2062 568 2116 Καὶ
599 2061 760 2115 πάλιν
787 2059 938 2113 Eoo"
980 2059 1078 2111 σὺν
1116 2058 1260 2129 ἐμοὶ,
1288 2057 1380 2109 καὶ
1424 2055 1614 2126 Ῥώμη
1641 2072 1701 2107 σε
1737 2051 1986 2116 καθέξει.
2015 2069 2034 2102 ι

525 2146 694 2218 οὗτος
720 2154 747 2206 ὁ
783 2154 1001 2222 Καῖσαρ
1028 2151 1228 2222 ἤλαυνε
1255 2150 1378 2210 τοὺς
1403 2145 1871 2218 μετεωρολέσχας,

457 2245 673 2308 Μόνους
695 2243 964 2297 κυδαίνων
999 2243 1118 2304 τοὺς
1141 2241 1338 2309 σοφοὺς
1356 2239 1542 2308 τιμαῖς
1573 2239 1693 2298 ταῖς
1731 2231 2046 2303 προσηκού-

1804 2322 1971 2396 [σαις.

464 2423 736 2478 Τοσοῦτον
751 2423 806 2475 δὲ
823 2421 1090 2490 πεφίλητο
1111 2421 1262 2490 παρὰ
1283 2419 1390 2472 τῶν
1413 2419 1691 2484 ὑπηκόων,

464 2513 632 2566 ’Ὥστε
649 2513 739 2564 τὸν
766 2512 880 2580 βίον
902 2510 1174 2563 ἐκλείπειν
1202 2509 1409 2578 μέλλων
1433 2509 1570 2580 ἀνὴρ
1604 2509 1872 2577 Ῥωμαῖος

485 2603 652 2657 Ἐπέτ
663 2603 789 2672 ρεψε
820 2603 930 2663 τοῖς
951 2600 1143 2652 ἑαυτοῦ
1168 2601 1324 2652 παισὶ
1345 2601 1436 2653 καὶ
1457 2600 1722 2669 διαδόχοις

470 2693 875 2765 Καριστηρίους
907 2694 1014 2754 τοῖς
1042 2690 1182 2754 θεοῖς
1210 2694 1598 2760 προσενεγκεῖν
1615 2691 1660 2722 ⁸²
1683 2689 1893 2755 θυσίας,

467 2787 614 2852 Ὅτι,
639 2785 792 2854 φησὶ,
815 2785 904 2836 τὸν
927 2783 1185 2835 σεϐαστὸν
1212 2782 1389 2846 ζῶντα
1419 2781 1832 2853 καταλιμπάνω.

545 2879 636 2940 Ὠς
657 2877 714 2930 δέ
738 2878 831 2930 καὶ
865 2878 1082 2930 Καῖσαο
1106 2874 1329 2947 ἔμελλεν
1360 2875 1618 2946 ἀπαίρειν
1636 2875 1742 2929 τῶν
1764 2874 1970 2938 ἐνθάδε,

466 3098 692 3155 tenens,
725 3091 904 3162 sigillo
969 3091 1288 3157 obsignatas
1342 3089 1408 3145 ad
1457 3089 1726 3144 Caesarem
1773 3089 2051 3147 mittitur:

463 3180 644 3236 Cesar
683 3181 932 3236 lecticam
966 3182 1165 3249 accipit
1193 3221 1207 3245 ,
1245 3181 1421 3249 sigilla
1455 3181 1710 3244 revellit;
1744 3180 1854 3234 exit
1883 3180 2052 3233 Athe-

465 3274 712 3327 nodorus
765 3273 1006 3340 gladium
1068 3271 1362 3340 quatiens;
1405 3269 1586 3324 Caesar
1633 3285 1700 3325 eo
1759 3278 2050 3338 εοηειιοειο

467 3377 581 3416 non
611 3370 826 3414 tantum
852 3361 1214 3429 obstupescit,
1244 3375 1434 3414 verum
1465 3361 1631 3414 etiam
1680 3369 1830 3414 metu
1859 3375 2058 3430 conge-

468 3453 628 3508 lascit
663 3469 678 3505 :
714 3453 1073 3507 sacramentis
1107 3461 1282 3507 semet
1317 3452 1648 3522 obstringit,
1680 3453 1884 3521 quibus
1919 3453 2056 3506 nihil

469 3543 742 3614 ejusmodi
795 3558 852 3598 se
904 3544 1164 3614 deinceps
1207 3544 1630 3598 commissurum
1677 3544 2055 3612 pollicebatur,

468 3647 574 3688 nec
625 3641 775 3687 toros
816 3633 1028 3688 alienos
1078 3633 1312 3702 amplius
1345 3633 1874 3687 contaminaturum.

537 3723 674 3779 Cum
715 3733 897 3777 autem
933 3724 1097 3793 longo
1143 3732 1389 3792 tempore
1430 3723 1656 3777 vixisset
1705 3723 1847 3792 apud
1881 3722 2062 3778 Gesa-

468 3828 586 3869 I'em
619 3814 1046 3876 Athenodorus,
1073 3814 1295 3883 jamque
1347 3828 1670 3868 reversurus
1713 3813 1769 3866 in
1828 3815 2061 3882 patriam

467 3915 655 3969 esset,
699 3905 828 3974 quia
859 3903 1090 3958 Czesaris
1136 3904 1476 3958 iracundiam
1535 3904 1810 3973 bilemque
1862 3912 2060 3968 norat,

465 3992 728 4063 quodque
789 3993 1046 4048 celeriter
1101 3993 1397 4047 admodum
1455 3993 1760 4048 sententias
1820 4002 2064 4062 poenales

469 4083 648 4143 ferret
669 4099 733 4140 ac
755 4084 996 4139 vicissim
1020 4083 1288 4138 exstincto
1312 4083 1606 4138 iracundiae
1632 4098 1762 4153 rogo
1787 4083 1852 4136 ad
1887 4095 2068 4137 mores

467 4175 827 4230 humaniores
867 4175 1109 4238 rediret,
1166 4175 1386 4230 admoto
1435 4177 1553 4246 ejus
1621 4176 1850 4230 auribus
1891 4177 2068 4246 capite

469 4278 731 4337 tanquam
770 4268 947 4338 ipsum
973 4268 1429 4324 dcosculaturus:
1463 4287 1481 4319 ι
1515 4271 1755 4339 Auguste
1782 4268 1990 4335 Caesar,
2041 4285 2062 4318 ι

471 4359 674 4428 inquit,
715 4379 732 4410 ι
771 4374 943 4414 unum
997 4360 1162 4414 modo
1195 4360 1296 4415 tibi
1347 4361 1522 4416 deest.
1559 4358 1701 4415 Cave
1748 4359 1905 4428 prius
1947 4373 2071 4412 sen-

475 4451 674 4505 tentias
723 4451 932 4516 tuleris,
965 4467 1131 4520 quam
1176 4453 1244 4506 24
1291 4453 1599 4508 litterarum
1632 4453 1856 4509 nomina
1888 4461 2066 4506 tecum

1539 344 2058 448 COi‘ISTANTINI
2098 377 2485 440 MANASSIS

2059 497 2103 554 Α
2134 488 2630 559 Παραστησάμενος
2652 483 2800 552 αὐτῷ
2824 481 3064 551 δημότας
3093 479 3184 533 σὺν
3211 479 3465 543 ὑπάτοις,

3606 363 3720 429 292

2136 601 2153 632 ι
2169 581 2427 650 Πηλίνην,
2443 599 2458 628 ι
2481 578 2582 647 ἔφη
2593 594 2705 640 σεν,
2727 595 2746 625 ι
2775 577 2833 627 εὖ
2843 574 2952 644 ρὼν
2963 573 3181 642 τὴντῶν
3195 571 3485 642 Ῥωμαίων
3498 570 3714 625 πόλινυ

2129 673 2516 740 Καλλίπυργον
2545 667 2838 736 πεποίηκα,
2867 665 3097 735 λιθίνην,
3139 665 3490 736 στερεμνίαν,

2142 765 2294 820 Ἐπεὶ
2311 764 2366 817 δὲ
2390 763 2484 816 καὶ
2509 761 2840 830 μεθίσταμαι
2881 758 2980 826 τῆς
3005 757 3211 830 τύρϐης
3227 756 3334 809 τῶν
3347 755 3715 828 πραγμάτων,

2131 855 2415 924 Κροτῆσαι
2449 852 2710 923 βούλομαι
2732 850 2961 912 πολλοὺς
2990 848 3083 902 ἐπὶ
3115 851 3183 918 τῇ
3213 847 3437 918 τελευτῇ
3464 865 3568 919 μου

2131 949 2241 1002 Καὶ
2263 944 2572 1016 χρήσασθαι
2603 943 2948 1010 γελοιασμοῖς
2972 940 3068 993 καὶ
3098 939 3420 1009 κροταλίσαι
3446 943 3639 1010 χεῖρας

2141 1039 2230 1101 Ὠς
2261 1038 2352 1091 ἐπὶ
2375 1036 2543 1106 μίμου
2576 1034 2801 1103 τελευτῇ
2825 1031 3144 1100 γελοιαστοῢ
3178 1033 3273 1086 καὶ
3305 1033 3556 1086 παίκτου.
3582 1051 3604 1085 ι

2133 1131 2246 1184 Καὶ
2273 1129 2450 1182 ταῦτα
2487 1125 2772 1190 διετάξατο
2797 1123 2840 1156 ⁸⁵
2855 1123 2949 1176 τοῦ
2977 1123 3093 1193 βίου
3123 1124 3493 1188 καταπαίζων.

2144 1223 2262 1291 Ἐφ’
2283 1221 2423 1283 ὅλοις
2447 1221 2491 1252 ⁸⁸
2511 1219 2568 1273 δέ
2595 1219 2935 1288 πεντήκοντα
2957 1218 3055 1270 σὺν
3079 1215 3138 1280 ἓξ
3163 1216 3440 1287 κρατήσας
3457 1217 3676 1286 χρόνοις

2134 1315 2246 1380 Τὴν
2271 1311 2490 1381 ὀφειλὴν
2512 1309 2758 1374 ἀπέδοτο,
2785 1306 3049 1361 κατέϐαλε
3082 1307 3142 1359 τὸ
3169 1307 3346 1377 χρέος.

2135 1403 2338 1458 Τούτου
2351 1401 2446 1456 τοῦ
2462 1402 2741 1472 Καίσαρος
2757 1399 2934 1470 ἀρχῆς
2953 1401 3065 1462 τοῖς
3087 1399 3384 1469 σκήπτροις
3404 1398 3714 1467 ἐφεστῶτος

2148 1494 2234 1545 Ἐν
2266 1492 2375 1545 ἔτει
2405 1489 2832 1561 τεσσαρακοστῴ
2871 1490 2961 1542 ναὶ
2985 1489 3097 1560 μὴν
3125 1488 3258 1557 πρὸς
3287 1488 3362 1558 τῷ
3386 1489 3631 1560 δευτέρῳ
3672 1490 3720 1519 ⁵⁸

2149 1581 2206 1635 ὐ
2234 1582 2502 1641 συνατδιος
2523 1580 2693 1650 πατρὶ⁵
2718 1579 2814 1632 καὶ
2839 1579 3256 1648 κοσμοκτίστωρ
3273 1579 3464 1646 Λόγος,

2138 1673 2336 1734 Είσδὺς
2358 1672 2521 1740 νηδὺν
2541 1669 2638 1742 τὴν
2660 1669 2909 1740 καθαρὰν
2940 1667 3183 1731 νεάνιδος
3209 1669 3466 1738 άφθόρου,

2139 1764 2250 1833 Τὴν
2284 1763 2464 1833 σάρκα
2495 1761 2837 1830 συνεπήξατο
2861 1759 3068 1831 ταύτης
3093 1761 3157 1812 ἐκ
3179 1759 3288 1812 τῶν
3313 1760 3587 1830 αἱμάτων,

2144 1857 2251 1909 Καὶ
2275 1855 2372 1907 σὺν
2394 1853 2532 1922 αὐτῇ
2557 1851 2653 1906 καί⁹
2682 1852 2800 1920 μετ’
2819 1851 2989 1920 αὐτῆς
3011 1852 3306 1920 ἐπέφαινεν
3322 1850 3364 1882 ⁸τ
3386 1851 3719 1922 ἀνθρώποις,

2141 1946 2369 2014 Θεότητι
2400 1944 2717 2006 παντέλειος
2747 1943 2842 1996 καὶ
2871 1942 3027 2012 φύσει
3055 1943 3344 2015 βροτησίᾳ.

2214 2035 2321 2088 Τοῦ
2353 2034 2612 2088 σεϐαστοῦ
2642 2035 2697 2087 δέ
2725 2035 3002 2103 Καίσαρος
3031 2034 3120 2086 τὸν
3153 2034 3265 2104 βίον
3286 2035 3603 2098 ἐκλιπόντος

2157 2126 2479 2196 Ἀρχηγετεῖ
2497 2124 2771 2196 Τιϐέριος,
2790 2124 2854 2186 ὃς
2882 2124 2948 2176 τὰ
2979 2123 3079 2194 μέν
3110 2123 3306 2194 πρῶτα
3336 2125 3512 2194 πρᾶος

2156 2219 2401 2287 ’Υπῆρχε
2422 2218 2516 2270 καὶ
2547 2216 2812 2287 μειλίχιος
2843 2217 2936 2269 καὶ
2961 2215 3165 2286 τρόπου
3191 2216 3517 2287 φιλοδὼρου,

2163 2309 2302 2363 Ἀλλ’
2329 2309 2558 2381 ὕστερον
2591 2308 2879 2372 ἐξώκειλεν
2912 2311 2991 2370 είς
3019 2305 3151 2379 ἦθος
3175 2310 3470 2380 μιαιφόνον

2150 2402 2260 2455 Καὶ
2287 2400 2511 2471 γνώμην
2530 2400 2910 2472 ὑπομόχθηρον
2931 2401 3026 2453 καὶ
3045 2400 3476 2472 ρυπαροιίυχίαν,

2156 2495 2315 2563 Ἀρτι
2345 2492 2405 2546 δέ
2433 2493 2570 2555 τέως
2600 2490 2886 2561 παρελθὼν
2908 2493 3000 2545 ἐπὶ
3019 2495 3115 2561 τὴν
3143 2491 3423 2563 βασιλείαν

2152 2587 2338 2647 Οὕτως
2371 2585 2782 2654 ὑπερπεφίλητο
2812 2586 2924 2648 τοῖς
2957 2584 3060 2637 ὑπὸ
3090 2587 3247 2656 χεῖρα
3281 2587 3448 2638 πᾶσιν

2164 2679 2251 2740 Ὠς
2283 2676 2529 2746 φυλακῆς
2578 2694 2637 2730 τε
2677 2677 2770 2729 καὶ
2811 2677 3053 2747 φρουρᾶς
3102 2678 3195 2730 καὶ
3243 2676 3556 2748 δορυφόρων
3584 2677 3722 2749 ἄτερ

2152 2771 2398 2833 Βαδίζειν
2422 2771 2557 2822 ὅπου
2584 2769 2646 2838 δή
2675 2785 2806 2821 ποτε
2842 2767 3057 2836 νύκτωρ
3081 2767 3176 2821 καὶ
3203 2769 3326 2838 μεθ’
3351 2771 3586 2840 ἡμέραν.

2152 2861 2215 2915 Εἰ
2250 2859 2308 2914 δέ
2331 2877 2469 2914 τισιν
2489 2859 2755 2930 ἐπέτρεψε
2802 2859 3008 2922 πόλεως
3038 2861 3377 2930 στρατηγίαν

3405 2953 3557 3008 V'crs.
3595 2954 3733 3009 1943

2156 3087 2362 3144 criﬁcia
2421 3089 2530 3143 diis
2582 3088 2867 3152 olfcrrcnt,
2923 3087 3070 3158 quod
3128 3086 3372 3143 moriens
3429 3087 3735 3156 Augustum

2157 3179 2488 3235 incolumem
2537 3186 2661 3250 post
2691 3195 2748 3234 se
2796 3180 3154 3250 relinqueret.

2157 3337 2164 3341 ,_
2226 3273 2408 3328 Caesar
2452 3273 2569 3343 ipse
2640 3273 2707 3328 de
2758 3271 2864 3327 vita
2911 3273 3245 3345 migraturus
3277 3271 3585 3328 astantibus
3631 3271 3736 3328 sibi

2155 3363 2479 3420 consulibus
2504 3372 2560 3418 et
2588 3363 2821 3434 plebeis,
2861 3383 2879 3414 ι
2903 3363 3074 3431 Quam
3101 3365 3300 3418 luteam
3340 3382 3360 3416 ι
3393 3364 3571 3433 inquit
3605 3384 3626 3415 ι
3657 3364 3739 3418 in-

2159 3453 2284 3509 veni
2328 3455 2630 3508 Romanam
2683 3454 2897 3516 urhem.
2931 3469 3049 3508 eam
3114 3453 3363 3522 pulchris
3415 3464 3733 3509 exornatam

2161 3546 2410 3601 turribus
2437 3545 2708 3615 lapideam
2745 3545 3066 3614 ﬁrmamque
3095 3545 3331 3600 reddidi.
3365 3546 3430 3600 Et
3470 3547 3731 3616 quoniam

2160 3635 2295 3689 mihi
2336 3651 2483 3689 nunc
2520 3625 2555 3690 'e
2602 3636 2759 3690 turba
2811 3651 2993 3690 rerum
3040 3636 3403 3690 humanarum
3433 3636 3540 3690 erit
3581 3651 3738 3691 cxce-

2161 3726 2426 3789 dendum,
2464 3727 2666 3780 multos
2693 3726 2747 3780 in
2779 3726 2933 3780 obitu
2967 3741 3089 3780 meo
3131 3726 3382 3794 plausum
3412 3726 3577 3782 edere
3612 3728 3739 3781 volo

2164 3831 2228 3871 ac
2282 3817 2443 3871 ludos
2506 3817 2686 3872 facere
2757 3825 3012 3886 tanquam
3059 3817 3114 3870 in
3161 3817 3314 3871 mimi
3385 3827 3442 3874 et
3497 3818 3740 3873 ludionis

2167 3907 2340 3962 obitu.
2381 3927 2400 3960 ι
2429 3907 2538 3980 40
2570 3908 2700 3975 Quae
2722 3909 2946 3979 quidem
2973 3909 3291 3980 proferebat
3326 3918 3586 3980 tanquam
3614 3911 3739 3965 vita:

2166 4001 2479 4054 mortalium
2531 4001 2788 4058 illudens.
2829 4001 2966 4055 Cum
3012 4013 3198 4058 autem
3262 4009 3406 4059 totos
3451 4001 3520 4058 56
3563 4018 3739 4059 annos

2165 4090 2512 4162 imperasset,
2545 4101 2754 4148 natura:
2806 4093 3050 4147 debitum
3092 4092 3372 4162 persolvit.

2237 4184 2443 4237 Eodem
2490 4183 2706 4238 Caesare
2750 4185 2992 4253 potiente
3052 4200 3240 4240 rerum
3279 4195 3582 4242 cozeternus
3649 4186 3739 4240 ille

2165 4275 2306 4344 patri
2344 4273 2559 4342 Sermo,
2592 4275 2846 4328 conditor
2899 4276 3114 4342 mundi,
3153 4287 3357 4332 castam
3410 4276 3743 4346 incorrupta:

2163 4365 2470 4436 juvenculaa
2513 4364 2697 4418 alvum
2739 4363 3016 4432 ingressus
3056 4380 3124 4420 ex
3164 4365 3285 4434 ejus
3325 4364 3587 4432 sanguine
3613 4379 3739 4418 car-

2172 4472 2294 4510 nem
2331 4455 2622 4525 compegit,
2651 4470 2774 4508 eum
2805 4469 2912 4524 qua
2947 4455 3088 4509 inter
3133 4455 3383 4510 homines
3415 4465 3742 4524 conspectus

475 4541 596 4612 ipse
642 4543 984 4598 recitaveris.
1027 4562 1045 4594 ι
1097 4543 1236 4596 Tum
1271 4545 1385 4609 ille,
1410 4545 1615 4614 gemitu
1657 4561 1721 4599 ex
1765 4544 1875 4598 imo
1903 4545 2067 4600 corde
2103 4559 2141 4613 ι)
2170 4549 2274 4606 est,
2309 4549 2413 4594 tam
2445 4540 2734 4596 divinitate
2759 4556 2922 4598 uuam
2954 4542 3189 4596 humana
3222 4551 3415 4598 natura
3440 4543 3598 4614 plane
3619 4559 3744 4613 per-

476 4633 648 4688 ducto
674 4633 1090 4686 Athenodorum
1123 4633 1356 4688 intuitus
1393 4652 1406 4687 :
1445 4655 1463 4685 (
1495 4635 1689 4690 Adhuc
1724 4655 1741 4686 ι
1779 4636 1875 4699 ait,
1907 4655 1922 4686 ι
1964 4645 2068 4697 tute

481 4723 756 4795 praeclara:
821 4722 1186 4776 institutionis
1225 4740 1380 4794 egeo.
1429 4723 1774 4794 QuaprOpter
1834 4725 2068 4794 amplius

479 4814 630 4884 apud
713 4828 800 4867 me
871 4813 969 4868 tibi
1017 4815 1310 4869 vivendum
1393 4815 1688 4884 Romaeque
1743 4814 2065 4868 haerendum

477 4905 605 4961 erit.
647 4921 666 4954 ι

553 4996 652 5051 Hic
681 4994 860 5051 Caesar
908 5011 1004 5051 eos
1037 4995 1332 5066 proﬂigans
1376 5005 1432 5050 et
1471 4995 1696 5067 eiiciens
1722 4998 1815 5066 qui
1861 4997 1929 5052 de
1975 5013 2062 5051 re-

483 5086 588 5140 bus
613 5087 942 5142 soblimihus
973 5097 1028 5142 et
1058 5088 1378 5142 eteleslibus
1402 5097 1722 5155 arroganter
1769 5099 2064 5158 nugantur,

483 5177 630 5231 solos
672 5178 821 5232 viros
865 5177 1146 5248 sapientes
1192 5192 1256 5232 ac
1286 5177 1482 5232 doctos
1525 5177 1830 5231 honoribus
1859 5177 2064 5231 aﬂicie-

487 5269 601 5324 bat.
642 5268 776 5324 Tam
827 5271 1028 5323 charus
1074 5279 1255 5324 autem
1298 5270 1538 5324 subditis
1570 5278 1723 5335 erat,
1759 5279 1818 5323 ut
1864 5269 2062 5323 Roma-

485 5377 590 5416 nus
631 5361 850 5431 quidam
899 5363 949 5414 in
983 5362 1089 5418 fata
1123 5378 1486 5417 concessurus
1514 5361 1707 5417 liberis
1743 5363 1858 5416 suis
1897 5373 2063 5431 atque

485 5451 719 5522 posteris
767 5452 1053 5508 mandaret
1094 5463 1153 5507 ut
1183 5453 1480 5524 gratiarum
1526 5453 1760 5508 aetionis
1804 5469 1937 5523 ergo
1977 5469 2064 5507 sa—

2169 4630 2366 4685 fectus.

2244 4721 2604 4789 Posteaquam
2637 4735 2768 4775 vero
2796 4719 2976 4776 Cmsar
3010 4721 3288 4790 Augusms
3321 4736 3353 4775 c
3383 4719 3522 4776 vivis
3551 4736 3743 4777 exces-

2169 4812 2351 4874 sisset,
2385 4811 2642 4866 Tiberius
2676 4811 2745 4865 ad
2777 4811 3068 4881 imperium
3103 4813 3384 4882 pervenit;
3417 4814 3510 4883 qui
3539 4814 3609 4867 ab
3635 4814 3740 4868 ini-

2171 4903 2246 4958 tio
2277 4903 2500 4972 quidem
2534 4903 2683 4958 mitis
2715 4902 2969 4966 blandus,
2997 4901 3238 4958 liberalis
3284 4913 3422 4970 erat,
3458 4903 3554 4959 scd
3589 4904 3740 4958 dein—

2168 5010 2299 5064 ceps
2345 4993 2410 5048 ad
2465 4987 2870 5064 sanguinarios'
2897 5008 3102 5058 mores,
3139 4994 3545 5062 improbitatem
3580 5005 3740 5062 atque

2170 5085 2364 5140 sozdes
2416 5085 2772 5139 exorbitavit.
2824 5085 3034 5139 Recens
3087 5095 3268 5139 autem
3327 5085 3394 5140 ad
3454 5087 3739 5154 imperium

2168 5187 2392 5232 evectus
2421 5177 2558 5230 adeo
2589 5177 2826 5231 subditis
2855 5177 3113 5231 omnibus
3138 5177 3341 5232 eharus
3365 5189 3503 5241 erat,
3526 5188 3585 5231 ut
3615 5181 3742 5231 abs-

2171 5283 2279 5339 quc
2344 5268 2606 5322 satellitio
2671 5267 3031 5336 custodiaque
3097 5268 3348 5337 corporis
3411 5277 3516 5321 tam
3583 5284 3742 5321 noeu

2170 5375 2332 5429 quam
2364 5357 2630 5422 interdiu,
2653 5373 2983 5427 quocunque
3005 5358 3189 5421 vellet,
3212 5357 3335 5412 iret.
3355 5358 3502 5423 Quos
3529 5361 3742 5411 urbium

2172 5461 2436 5522 praetores
2462 5451 2546 5504 vel
2579 5450 2911 5505 tributorum
2943 5459 3226 5505 exactores
3254 5453 3644 5512 constituebat,
3680 5454 3745 5503 ul)

1641 5565 1838 5626 Variae
1885 5565 2188 5626 lectiones
2234 5570 2294 5624 et
2339 5571 2504 5623 nota)

557 5669 604 5700 τ’
627 5669 701 5729 ὡς
741 5667 819 5741 δὴ.
845 5668 1012 5741 ,δῆθεν
1046 5669 1108 5724 Β.
1185 5671 1232 5703 ⁸⁰
1264 5671 1447 5741 ταὺτῷ
1473 5676 1537 5726 Α.
1614 5672 1658 5703 ⁸¹
1688 5672 1866 5741 ἕσῃΛ.

485 5738 710 5790 τάττετο
744 5737 883 5792 All“
896 5777 907 5790 .

491 5807 534 5838 ⁸⁷
567 5807 858 5879 ἐπέφανεν.

1945 5667 1991 5699 δ’
2022 5674 2109 5704 ξιτψ-ξ
2185 5672 2320 5704 ννεῗι

985 5688 1012 5721 ν
1046 5669 1108 5724 Β.
1185 5671 1232 5703 ⁸⁰
1264 5671 1447 5741 ταὺτῷ
1473 5676 1537 5726 Α,
1614 5672 1658 5703 ⁸⁸
1688 5672 1866 5741 ἕσῃΛ.
1945 5667 1991 5699 ⁸²
2022 5674 2046 5722 ὲ

985 5741 1028 5772 ⁸³
1061 5743 1215 5797 llunc
1240 5757 1455 5797 versum
1493 5758 1616 5796 cum
1653 5742 1899 5809 sequenti
1939 5754 2048 5793 om.

2159 5672 2336 5737 ιγκεῐν
2371 5666 2434 5720 Β.
2546 5667 2592 5699 ⁸³
2626 5668 2725 5735 τὴν
2751 5668 2906 5720 πόλιν
2935 5666 3045 5718 τῶν
3085 5666 3369 5735 Ῥωμαίων
3400 5666 3466 5718 Β.
3566 5666 3614 5694 ⁸⁵
3639 5666 3742 5716 διε-

2159 5742 2198 5791 t.
2277 5738 2321 5768 ⁸⁸
2351 5736 2416 5790 Et
2447 5739 2595 5792 hunc
2635 5751 2852 5792 versum
2886 5737 3145 5792 omittunt
3187 5735 3346 5790 codd.
3381 5734 3520 5804 lteg.
3562 5739 3742 5789 ambo.

2546 5667 2592 5699 ⁸³
2626 5668 2725 5735 τὴν
2751 5668 2906 5720 πόλιν
2935 5665 3045 5718 τῶν
3085 5665 3369 5735 Ῥωμαίων
3397 5663 3466 5735 Β.
3566 5665 3614 5694 ⁸⁵
3639 5665 3748 5716 διε-
