4072 6268
352 333 460 400 317

351 452 466 505 Καὶ
488 448 779 506 στίλϐουσα
805 455 923 518 ταῖς
952 453 1139 526 χάρισι
1169 455 1267 527 τῆς
1298 455 1447 513 ἔνδον
1476 461 1814 530 εὐπρεπείας
1832 478 1848 495 ο

351 544 516 609 Ἥτις
553 545 819 616 παρθένον
848 551 1134 620 συντηρεῖν
1159 550 1330 622 αὐτὴν
1365 554 1709 624 προελομένη

348 634 465 689 K'al.
502 633 601 704 τῆς
634 635 855 702 ἁγνείας
885 636 1083 692 ἄσυλον
1100 638 1387 707 φυλάττειν
1412 641 1503 695 τὶν
1530 642 1793 709 λειμῶνα,

358 726 632 798 Ἀῤῥένων
665 726 765 798 μὲν
794 728 1064 798 ἀπέσχετο
1103 730 1354 798 καθάπαξ
1380 732 1620 802 ὁμιλίας,

345 821 441 891 Τῷ
469 818 695 889 καθαρῷ
730 819 774 873 δ’
803 820 1067 891 ὲπέχαιρε
1090 822 1184 876 καὶ
1220 823 1296 891 τῷ
1319 824 1533 896 κοσμίῳ
1562 825 1682 897 βίῳ,

344 913 460 966 Καὶ
490 911 638 976 ζέσιν
667 911 1013 966 ἐπεδείκνυτο
1047 914 1184 984 πρὸς
1215 916 1397 969 πᾶσαν
1431 918 1860 988 χρηστουργίαν.

343 1007 425 1061 Οὐ
457 1006 614 1075 μόνον
647 1004 704 1069 δὲ
727 1006 818 1059 τὸν
851 1006 1049 1076 ἑαυτῆς
1075 1006 1247 1072 οὕτως
1277 1010 1502 1081 ἐκόσμει
1544 1011 1681 1081 βίον,

355 1096 517 1149 Ἀλλά
538 1112 603 1164 γε
630 1095 725 1148 καὶ
750 1095 838 1148 τὸν
870 1094 1100 1165 ἀδελφὸν
1131 1099 1416 1162 παντοίαις
1438 1101 1707 1165 ἐπινοίαις

341 1188 440 1249 El;
476 1185 677 1258 ἀρετὴν
712 1186 1005 1258 ὲρύθμιζεν
1036 1188 1132 1240 καὶ
1155 1188 1394 1260 τρόπους
1423 1193 1769 1260 φιλοκάλους.

346 1280 422 1332 "H
456 1280 552 1333 καὶ
580 1279 875 1351 συνῴκισεν
901 1279 1050 1351 αὐτῷ
1077 1282 1215 1352 πρὸς
1238 1282 1421 1353 γάμου
1451 1287 1740 1339 κοινωνίαν

338 1373 456 1442 Τὴν
482 1372 736 1426 κάλλεσιν
768 1373 1188 1444 ἀστράπτουσαν
1217 1376 1494 1440 παντοίοις
1522 1377 1808 1440 Εὐδοκίαν,

339 1464 505 1526 Ἤτις
533 1461 777 1534 λειμῶνα
800 1463 1043 1534 φέρουσα
1068 1464 1301 1529 κάλλους
1330 1466 1389 1520 ὲν
1425 1466 1504 1537 τῷ
1529 1467 1807 1540 προσώπῳ
1834 1472 1877 1501 ’³

350 1555 594 1627 Ὧρμᾶτο
623 1556 722 1627 μὲν
748 1555 807 1623 ἐξ
838 1555 1081 1628 Ἀθηνῶν
1103 1557 1214 1612 τῶν
1250 1559 1752 1631 περιλαλουμένων,

334 1651 488 1722 Πρὸς
518 1651 574 1705 δὲ
603 1651 704 1722 τὴν
727 1652 1002 1717 Βύζαντος
1026 1652 1285 1723 λαμπρὰν
1316 1655 1628 1728 ἀφικομένη
1662 1658 1710 1690 ’³
1737 1657 1912 1724 πόλιν,

349 1740 471 1811 Ἐφ’
498 1734 543 1809 ᾧ
570 1743 1006 1813 κατηγορήσειεν
1049 1743 1194 1796 ἰδίων
1226 1744 1499 1813 ὁμογνίων

345 1835 440 1898 Ὣς
469 1836 569 1907 τῆς
599 1836 786 1900 οὐσίας
812 1835 908 1890 τοῦ
939 1836 1146 1909 πατρὸς
1169 1837 1306 1908 αὐτῇ
1338 1837 1414 1909 μὴ
1446 1838 1809 1909 μεταδόντων,

331 1926 533 1999 Πολλῷ
552 1927 991 2000 κερδαλεώτερον
1022 1928 1085 1982 τὸ
1125 1928 1403 1999 πάρεργον
1433 1930 1701 1999 εὑρίσκει.

329 2020 380 2072 Τ
383 2019 412 2072 ὸ
447 2018 492 2072 δ’
514 2020 664 2082 ὅπως
685 2018 845 2072 τοῦτο
882 2018 1075 2088 γέγονε
1101 2019 1246 2089 λόγῳ
1277 2021 1527 2090 συντόμῳ
1550 2022 1595 2053 ³³
1627 2023 1843 2094 φράσω,

405 2104 515 2162 Ἦν
545 2110 605 2162 ὲν
627 2108 884 2180 Ἀθήναις
910 2126 996 2174 τις
1031 2109 1198 2182 ἀνὴρ,
1236 2110 1486 2176 Λεόντιος
1513 2113 1615 2183 τὴν
1650 2116 1866 2185 κλῆσιν,

329 2202 432 2266 Εἰς
460 2201 630 2272 ἄκρον
654 2202 984 2272 ἀφικόμενος
1012 2205 1194 2274 πάσης
1219 2204 1559 2271 φιλοσοφίας,

333 2292 449 2347 Καὶ
476 2292 698 2363 λογικῆς
730 2293 827 2346 καὶ
864 2295 1099 2363 φυσικῆς
1128 2295 1222 2348 καὶ
1247 2294 1348 2364 τῆς
1373 2296 1808 2365 ἀστεροσκόπου.

330 2382 524 2454 Τούτῳ
554 2383 683 2453 μιᾶς
706 2384 770 2437 ἐκ
800 2385 1101 2453 γαμετῆς¹⁶
1119 2384 1421 2455 ἐτέχθησαν
1450 2388 1599 2456 τρεῖς
1614 2387 1659 2418 ³⁵
1684 2386 1870 2452 παῖδες
1895 2403 1913 2419 ο

325 2473 442 2529 Δύο
469 2476 568 2545 μὲν
592 2472 732 2547 ἦσαν
762 2477 1011 2549 ἄρρενες,
1026 2478 1252 2549 τριτάτη
1276 2476 1332 2529 δὲ
1351 2476 1625 2547 θυγάτηρ,

326 2565 592 2637 Θυγάτηρ
613 2568 997 2638 άγλαόμορφος
1022 2569 1490 2640 ἑπιχαριτωτάτη.

340 2654 602 2725 ’Δθηναῒς
634 2656 920 2727 ὠνόμαστο
942 2657 1079 2728 πρὸς
1108 2658 1202 2711 τοῦ
1239 2660 1448 2730 πατρὸς
1477 2661 1512 2729 ἡ
1537 2660 1699 2732 κόρη.

337 2746 437 2812 Ὦς
455 2748 548 2803 οὖν
571 2749 663 2803 τὸν
686 2748 802 2821 βίον
830 2750 1025 2820 ἔμελλε
1048 2749 1228 2804 λιπεῖν
1257 2751 1303 2783 ³⁸
1332 2752 1362 2804 ό
1387 2750 1596 2822 ταύτην
1625 2752 1877 2825 σπείρας,

341 2838 725 2894 Ἐπιθανάτιον
754 2839 970 2904 συνθεὶς
994 2840 1090 2895 καὶ
1114 2841 1430 2896 τελευταῖον
1459 2842 1698 2914 γράμμα

330 2928 464 2994 Τοῖς
488 2931 589 2999 μὲν
616 2932 775 2986 παισὶ
807 2930 1066 2985 κατέλιπε
1093 2935 1204 2996 τοῖς
1227 2933 1419 3005 ἄρῤεσι
1457 2933 1549 2987 τὸν
1581 2933 1719 3004 βίον,

339 3019 576 3087 Ὀπόσος
604 3025 662 3079 ιν
689 3024 1029 3095 ίματισμοῖς,
1058 3024 1254 3088 ὁπόσος
1276 3026 1334 3078 ὲν
1358 3024 1594 3096 χρυσίῳ,

331 3265 611 3335 simulque
636 3264 857 3321 dotibus
886 3266 1116 3321 interna
1140 3266 1573 3337 pulchritudinis
1598 3267 1906 3323 relucebat.

326 3354 584 3426 Cumque
628 3356 997 3427 virginitatem
1041 3373 1193 3412 suam
1247 3359 1484 3413 retinere
1531 3366 1589 3414 et
1640 3359 1911 3415 castitatis

327 3462 588 3517 campum
643 3449 910 3503 illibatum
972 3450 1110 3503 tueri
1164 3450 1537 3515 decrevisset,
1592 3466 1822 3521 prorsus
1874 3469 1907 3507 u

330 3538 576 3592 virorum
620 3540 1017 3595 consuetudine
1056 3551 1229 3595 semet
1268 3541 1603 3607 abstinebat,
1650 3558 1714 3597 ac
1759 3560 1911 3613 pura:

326 3629 702 3699 modestaeque
727 3630 853 3685 vita:
874 3632 1057 3686 studio
1083 3632 1268 3686 dedita
1296 3632 1564 3689 fervorem
1591 3634 1756 3687 animi
1782 3649 1909 3704 erga

326 3719 537 3789 qumvis
568 3720 709 3775 facta
740 3721 999 3789 praeclara
1032 3722 1764 3792 insignem‘demonstrabat.
1793 3724 1904 3778 Ne-

327 3827 437 3882 quc
462 3819 669 3865 tantum
689 3813 1018 3866 exornanda:
1040 3814 1164 3867 vine
1181 3829 1293 3867 suae
1314 3814 1522 3869 intenta
1545 3825 1685 3877 erat,
1710 3830 1901 3869 verum

327 3902 499 3956 etiam
532 3902 752 3957 {latrent
778 3902 1083 3971 omnigenis
1111 3902 1439 3968 rationibus,
1474 3903 1649 3972 iisque
1678 3904 1908 3958 solerter

327 3994 676 4062 excogitatis.
706 3992 773 4047 ad
803 3993 1063 4047 virtutem
1095 3992 1405 4061 probosque
1440 4008 1621 4047 mores
1643 3992 1907 4048 informa-

329 4084 452 4138 bat.
500 4082 796 4172 Conjunxit
840 4092 898 4138 et
944 4082 1100 4137 fratri
1159 4082 1527 4149 matrimonio-
1565 4083 1905 4149 Eudociam,

330 4177 488 4228 omni
514 4174 817 4230 venustatis
845 4188 1044 4245 genere
1071 4175 1473 4244 splendentem.
1504 4174 1575 4228 Ea
1603 4189 1729 4229 cum
1762 4184 1908 4230 esset

330 4267 491 4321 vultu
530 4265 757 4335 praedita
788 4265 1220 4331 formosissimo,
1253 4265 1484 4321 Athenis
1516 4266 1627 4321 illis
1656 4266 1905 4320 celeber-

330 4356 515 4422 rimis,
547 4356 640 4411 ubi
671 4365 793 4411 nata
826 4355 1024 4422 fuerat,
1051 4355 1370 4427 Byzantium
1401 4356 1665 4426 profecta,
1692 4370 1822 4411 suos
1848 4365 1909 4411 ut

333 4449 537 4503 fratres
567 4456 872 4512 accusaret,
903 4448 997 4517 qui
1037 4456 1393 4517 paternarum
1422 4447 1742 4503 lacultatum
1776 4462 1905 4517 par-

334 4549 450 4594 tem
498 4538 549 4593 el
595 4553 654 4593 se
702 4538 928 4592 daturos
975 4546 1372 4607 pernegarent.
1419 4538 1602 4592 obiter
1643 4538 1905 4607 quiddam

331 4631 499 4699 longe
533 4629 869 4685 fructuosius
902 4631 1128 4699 reperit.
1158 4629 1317 4683 Libet
1345 4639 1527 4684 autem
1549 4629 1792 4685 breviter
1817 4645 1911 4686 ex-

332 4735 564 4791 ponere,
600 4735 711 4790 quo
740 4727 899 4790 pacto
927 4719 1045 4775 haec
1076 4718 1385 4774 evenerint.

412 4811 541 4867 Fuit
568 4811 801 4867 Athenis
829 4809 1051 4881 quidam
1084 4809 1372 4875 Leontius,
1404 4809 1490 4863 vir
1519 4818 1775 4865 accurate
1808 4824 1909 4879 pe-

335 4903 481 4958 ritus
507 4903 685 4958 omnis
707 4901 1066 4972 philosOphiae
1105 4915 1169 4956 ac
1192 4900 1512 4971 legit-arum,
1541 4900 1904 4968 naturalium,

335 4992 835 5049 astronomicarum
865 4991 1300 5061 disciplinarum.
1327 4991 1465 5046 Huic
1486 5005 1553 5045 ex
1581 5006 1689 5046 una
1717 4992 1910 5059 conju-

336 5100 408 5155 ge
438 5091 550 5139 tres
572 5095 730 5139 erant
749 5084 862 5139 nati
884 5084 1067 5150 liberi,
1087 5084 1198 5139 duo
1217 5099 1415 5147 mares,
1440 5099 1549 5138 una
1576 5084 1705 5148 lilia,
1727 5082 1916 5138 forma:

338 5174 524 5245 puella
542 5174 868 5243 praestantis,
893 5184 949 5229 et
967 5174 1298 5245 caeteroquin
1314 5174 1478 5230 etiam
1492 5173 1916 5245 elegantissima,

1477 345 1987 410 COMPENDIUM
2023 350 2508 418 CHRONICUM.

3395 415 3401 422 .
3491 359 3599 429 318

1948 467 1994 525 Α
2035 465 2124 520 Ἐν
2159 467 2351 535 οἴκοις,
2373 470 2433 523 ὲν
2461 468 2825 541 βοσκήμασιν,
2854 467 2915 523 ὲν
2948 466 3223 540 σκεύεσιν,
3252 471 3312 529 ιν
3332 474 3544 542 δούλοις

2026 557 2076 632 Γ
2080 563 2157 615 Ην
2189 561 2299 633 γάρ
2334 578 2419 615 τοι
2470 561 2910 633 μεγαλόπλουτος
2956 563 3052 617 καὶ
3088 563 3198 618 τῶν
3246 564 3600 639 βαθυκτημό-

3257 655 3388 729 [νων
3417 658 3488 730 ετ)
3509 670 3527 689 ο

2023 746 2101 816 Τῇ
2135 744 2425 817 θυγατρὶε
2449 746 2724 811 ἐκέλευσε,
2757 748 2852 803 καὶ
2879 746 3052 802 ταῦτα
3080 748 3127 781 ⁸⁸
3150 748 3474 824 φιλουμένῃ,

2021 835 2232 900 Μόνους
2253 836 2542 907 χρυσίνους
2570 837 2764 890 ἑκατὸν
2796 837 3209 908 παρασχεθῆναι
3233 838 3458 910 κλῆρον,

2021 927 2131 1000 Τὴν
2163 929 2334 1000 τύχην
2354 927 2453 1000 τὴν
2490 928 2873 1000 περίλαμπρον
2894 928 3086 1000 ἀρκεῖν
3125 930 3311 1005 ἐκείνῃ
3347 932 3550 1003 φήσας,

2032 1020 2091 1073 Ἀ
2103 1021 2278 1089 πάσης
2312 1021 2729 1092 ὑπερφέρουσαν
2754 1020 2992 1087 γυναίων
3019 1021 3065 1053 ’⁵
3087 1020 3412 1091 εὐποτμίας.

2029 1110 2090 1163 Ὀ
2123 1110 2223 1180 μὲν
2252 1109 2422 1163 εἰπὼν
2445 1108 2625 1174 ἐξέπιε
2649 1107 2739 1162 τὸν
2769 1105 2862 1160 τοῦ
2896 1106 3126 1161 θανάτου
3151 1107 3381 1178 σκύφον,

2019 1200 2085 1256 Οἱ
2104 1201 2162 1255 δὲ
2195 1203 2292 1272 τῆς
2324 1202 2494 1274 κόρης
2518 1201 2737 1270 ἀδελφοὶ
2767 1200 3132 1271 φαυλότροποι
3164 1202 3426 1270 φανέντες

2018 1294 2207 1346 Πᾶσαν
2229 1291 2649 1363 ἐσφετερίσαντο
2673 1291 2773 1363 τὴν
2801 1291 3075 1362 πατρικὴν
3095 1284 3282 1346 οὐσίαν

2017 1383 2130 1438 Καὶ
2152 1382 2436 1447 παντελῶς
2457 1382 2772 1456 άπόκληρον
2793 1382 2979 1436 ἔθεντο
3005 1383 3107 1454 τὴν
3129 1384 3333 1438 νεᾶνιν.

2029 1474 2144 1544 Ἐφ’
2173 1473 2255 1538 οἷς
2286 1475 2725 1547 ὐπερπαθήσασα
2759 1476 2852 1529 καὶ
2873 1476 2972 1546 τὴν
2996 1475 3173 1547 ψυχὴν
3195 1474 3467 1546 πληγεῖσα

2016 1566 2095 1635 Τῇ
2122 1564 2476 1636 μητραδέλφῃ
2508 1565 2788 1633 πρόσεισιν
2825 1563 3081 1634 ’Δθηναῒς
3106 1566 3142 1635 ἡ
3176 1564 3341 1636 κόρη,

2015 1656 2304 1711 Κοινοῦται
2332 1657 2402 1711 τὰ
2425 1657 2547 1710 καθ’
2580 1657 2805 1729 ἑαυτὴν,
2830 1658 2931 1727 τὴν
2957 1656 3248 1728 συμφοράν
3279 1655 3533 1727 δακρύει,

2016 1747 2354 1819 Περιπαθέσι
2389 1749 2719 1817 στεναγμοῖς
2747 1748 3086 1819 ἑκτραγῳδεῖ
3107 1747 3169 1799 τὸ
3185 1746 3382 1810 πάθος.

2018 1839 2292 1911 Οἰκτείρει
2325 1838 2385 1893 τὸ
2408 1839 2666 1910 κοράσιον
2690 1838 2922 1893 πενθοῦν
2947 1840 2980 1910 ἡ
3017 1838 3396 1909 μητραδέλφη,

2027 1929 2202 1999 ’Υπὲρ
2228 1930 2327 1998 τῆς
2361 1931 2748 2000 ἀδελφόπαιδος
2786 1931 3100 2001 πιμπρᾶται
3139 1929 3184 1962 ³ο
3216 1927 3315 1999 τὴν
3343 1927 3592 1998 καρδίαν,

2016 2021 2129 2076 Καὶ
2164 2022 2260 2076 σὺν
2290 2023 2425 2093 αὐτῇ
2453 2021 2550 2076 καὶ
2567 2021 2693 2092 ’μετ’
2724 2021 2892 2090 αὐτῆς
2920 2020 2994 2083 ὼς
3021 2015 3165 2089 εἶχεν
3192 2021 3502 2087 ἀφικνεῖται

2018 2114 2161 2184 Πρὸς
2190 2114 2345 2167 πόλιν
2372 2116 2474 2185 τὴν
2505 2113 2869 2187 πρωτόπολιν,
2909 2111 3045 2183 πρὸς
3087 2113 3130 2145 ἰ
3162 2112 3320 2164 πόλιν
3354 2109 3454 2180 τὴν
3490 2108 3586 2163 τοῦ

3012 2206 3015 2213 “
3234 2199 3514 2273 [κράτους.

2016 2292 2094 2362 Τῇ
2126 2292 2432 2364 Πουλχερίᾳ
2454 2294 2703 2364 πρόσεισι
2737 2297 2801 2365 τῇ
2826 2294 3304 2365 χαριτοκοσμήτῳ,

2027 2385 2380 2454 Ἐπικουρίαν
2411 2384 2634 2450 ἐξαιτεῖ,
2664 2385 2835 2438 δεῖται
2865 2384 3202 2456 βοηθηθῆναι

2014 2472 2125 2540 Τὴν
2153 2473 2326 2542 κόρην
2355 2473 2456 2540 τὴν
2476 2473 2584 2526 τῶν
2615 2473 2819 2543 ἑαυτῆς
2844 2473 3043 2537 ἀδίκως
3080 2471 3476 2542 στερουμένην.

2013 2563 2297 2633 Θαυμάζει
2319 2565 2419 2634 τῆς
2446 2564 2683 2627 νεάνιδος
2711 2565 2744 2634 ἡ
2778 2562 2990 2633 βασιλὶς
3017 2562 3315 2626 τὸκάλλος,

2027 2655 2419 2726 Ἐκπλήττεται
2447 2656 2547 2720 τὰς
2573 2657 2872 2726 φεραυγεῖς
2897 2654 3124 2725 χάριτας
3147 2654 3243 2709 τοῦ
3267 2653 3582 2726 προσώπου,

2013 2747 2294 2818 Θαυμάςει
2326 2749 2425 2821 τὴν
2462 2749 2750 2805 εὐσύνετον
2777 2747 3369 2820 μεγαλογνωμοσύνην.

2014 2839 2349 2895 Πυνθάνεται
2373 2840 2422 2894 εί
2452 2840 2498 2873 ⁸⁸
2526 2838 2626 2911 τὴν
2649 2839 2824 2910 αὐτῆς
2856 2839 3124 2911 ἔφθαρται
3153 2837 3478 2910 παρθενίαν,

2014 2933 2125 2985 Καὶ
2149 2931 2355 3001 γνοῦσα
2387 2932 2575 3004 κοίτης
2620 2933 2849 3003 ἄπειρον
2886 2932 2986 3003 τὴν
3013 2931 3182 3003 κόρην
3219 2930 3583 3003 χρηματίζειν

2015 3024 2125 3077 Καὶ
2157 3024 2218 3077 τὸ
2244 3025 2408 3077 καλὸν
2437 3023 2727 3094 ἀκίόδηλον
2750 3023 3040 3093 φυλάττειν
3062 3023 3163 3093 τῆς
3197 3021 3421 3091 ἁγνείας

3271 3111 3426 3169 Vers.
3443 3109 3574 3167 263i

2017 3273 2085 3328 de
2111 3273 2388 3327 voluntate
2410 3287 2507 3327 sua
2537 3281 2807 3341 postrema
2835 3270 3058 3325 condito
3084 3269 3210 3324 filiis
3229 3269 3450 3338 quidem
3471 3285 3581 3325 ma-

2017 3365 2170 3419 ribus
2206 3363 2492 3418 facultates
2527 3377 2719 3417 omnes
2750 3360 2982 3432 legavit,
3015 3359 3279 3429 quidquid
3317 3361 3576 3417 nimirum

2018 3454 2523 3521 habebatfvestium,
2546 3452 2691 3513 auri,
2723 3451 2943 3516 aedium,
2965 3450 3197 3520 pecoris,
3233 3450 3580 3506 instrumenu

2018 3558 2082 3597 ac
2124 3543 2496 3612 supellectilis,
2542 3541 2935 3610 mancipiorum
2978 3540 3200 3609 (quippe
3240 3540 3482 3606 locuples
3524 3555 3585 3595 cr.

2018 3635 2310 3702 epulcntns
2338 3620 2474 3695 erat)
2507 3652 2519 3686 :
2558 3632 2722 3686 tiliam
2749 3648 2899 3697 vero,
2924 3648 3084 3702 quam
3112 3633 3276 3687 etiam
3312 3633 3474 3687 unice
3499 3631 3589 3685 di~

2018 3726 2238 3793 ligebat.
2295 3726 2407 3779 sola
2459 3733 2677 3779 centum
2725 3740 3016 3778 aureorum
3067 3734 3214 3778 sorte
3264 3731 3577 3780 contentam

2018 3832 2137 3870 esse
2173 3816 2355 3886 jussit,
2385 3817 2530 3885 quod
2571 3816 2711 3870 hanc
2751 3816 3023 3869 fortunam
3070 3812 3317 3868 sufﬁcere
3354 3813 3581 3878 diceret,

2017 3922 2124 3976 qua
2157 3916 2381 3960 cunctas
2421 3907 2681 3961 mulieres
2716 3905 2976 3959 felicitate
3009 3911 3314 3972 superaret.
3357 3902 3452 3957 llis
3490 3890 3583 3957 ille

2018 3997 2201 4051 verbis
2253 3998 2478 4068 prolatis
2521 4007 2727 4051 natura:
2764 3996 3009 4050 debitum
3053 3995 3333 4065 persolvit.
3384 3995 3584 4050 Puellae

2020 4088 2254 4152 fratres,
2315 4088 2409 4157 qui
2464 4088 2712 4143 homines
2769 4096 2955 4144 essent
3006 4086 3274 4158 improbi,
3329 4093 3587 4153 paternas

2011 4178 2304 4235 facultates
2343 4179 2626 4233 universas
2666 4179 2770 4233 sibi
2820 4178 3192 4238 vindicabant,
3241 4175 3349 4245 54
3394 4189 3586 4229 sorore

2015 4283 2246 4339 prorsus
2260 4269 2335 4323 ab
2369 4267 2609 4323 aditione
2642 4269 2977 4322 haereditatis
2993 4267 3233 4320 exclusa.
3262 4265 3433 4329 Quam
3466 4278 3583 4316 rem

2015 4360 2281 4415 Albensis
2314 4358 2600 4429 aigerrimo
2625 4359 2808 4412 ferens
2834 4357 3019 4411 animo
3047 4364 3395 4409 materteram
3427 4353 3576 4414 adit,

2014 4465 2178 4505 casus
2228 4450 2279 4503 ei
2335 4465 2466 4504 suos
2516 4448 2761 4517 exponit,
2813 4446 3193 4519 calamitatem
3232 4443 3481 4512 deplorat
3532 4452 3588 4498 et

2016 4542 2208 4597 multis
2260 4556 2384 4596 cum
2444 4540 2740 4610 gemitibus
2796 4538 3048 4593 dolenter
3105 4534 3423 4605 amplificat.
3484 4534 3584 4588 Illa

2015 4633 2214 4703 puella:
2272 4630 2750 4687 commiseratione
2803 4628 2971 4698 tangi,
3021 4642 3086 4682 ac
3132 4626 3312 4695 neptis
3363 4624 3588 4680 nomine

2015 4730 2290 4777 commota
2316 4721 2510 4792 Cpolin
2544 4736 2669 4775 cum
2699 4736 2763 4775 ea
2799 4718 3093 4789 proﬁcisci,
3131 4716 3325 4771 urbem
3361 4714 3585 4771 urbium.

2015 4814 2325 4883 principem
2354 4820 2409 4866 et
2435 4811 2648 4881 imperii
2674 4810 2878 4865 sedent.
2913 4808 3052 4864 llinc
3079 4805 3423 4862 Pulcheriam
3449 4803 3591 4858 mul-

2018 4906 2089 4961 tis
2120 4915 2372 4960 ornatam
2400 4904 2623 4959 dotibus
2654 4901 2952 4959 convenire
2973 4942 2989 4967 ,
3023 4914 3185 4969 opem
3224 4907 3282 4953 et
3314 4896 3580 4952 auxilium

2016 4999 2137 5067 ejus
2167 4999 2487 5067 implorare,
2527 5011 2720 5067 rogare
2751 4995 2990 5063 denique
3030 4991 3352 5047 subveniret
3395 4989 3591 5058 puella

2017 5089 2135 5142 suis
2162 5087 2335 5142 rebus
2365 5100 2460 5157 per
2490 5087 2745 5157 iniuriam
2775 5085 3038 5154 spoliatae.
3070 5080 3361 5137 Pulcberia
3387 5079 3587 5147 juven-

2014 5178 2152 5234 culaa
2197 5179 2429 5232 formam
2469 5176 2752 5241 admirari,
2788 5175 2856 5229 ad
2892 5173 3170 5229 radiantes
3208 5170 3392 5225 vultus
3428 5168 3591 5223 dotes

337 5265 431 5322 cui
468 5276 622 5336 pater
668 5267 987 5322 Athenaidis
1024 5282 1223 5322 nomen
1262 5267 1510 5322 dederat.
1552 5265 1689 5322 Cum
1735 5273 1920 5320 autem
2017 5266 2435 5336 obstupescere,
2485 5262 2985 5336 magnanimitatem
3031 5262 3193 5331 plane
3237 5258 3591 5328 conspicuam

340 5356 513 5413 rebus
538 5357 1030 5428 bumanisjamjam
1053 5371 1379 5414 excessurus
1397 5365 1566 5424 esset,
1593 5363 1922 5413 testamento
2017 5358 2246 5427 plurimi
2311 5356 2538 5423 facere;
2592 5354 2754 5411 simul
2817 5353 3158 5422 interrogare
3214 5364 3347 5403 num
3399 5346 3592 5410 ﬂorem

1665 5472 1867 5534 Variae
1889 5470 2229 5536 lectiones.

414 5593 459 5624 ’ί
491 5595 600 5663 τοῖς
623 5590 938 5663 πνροᾳσῴποις
962 5591 1082 5663 μὶ.
1110 5592 1202 5663 η²¹
1230 5590 1605 5663 ἀφικνουμένη
1632 5589 1746 5663 ΑΒ.
1822 5592 1875 5663 ”_
1892 5590 2074 5663 λόγοις
2109 5591 2398 5663 συντόμως
2427 5589 2540 5663 AR.
2617 5588 2662 5621 ’δ
2690 5586 2950 5663 γυναικὸς
2978 5586 3046 5639 R.
3122 5584 3168 5616 "
3194 5583 3343 5663 τξξῖς
3371 5578 3590 5663 hilo?

344 5679 446 5716 σαν
468 5661 580 5714 All.
657 5658 704 5692 “
725 5660 933 5715 λείπειν
962 5658 1026 5717 Β.

347 5731 465 5788 RR.
542 5729 586 5765 ³³
614 5730 690 5804 μὴ
709 5731 775 5786 Δ.

1105 5661 1148 5694 ⁸⁷
1178 5659 1603 5734 πολυκτημόνων
1642 5662 1756 5716 llll.
1833 5659 1879 5693 ’⁸
1908 5661 2079 5734 ταύτῃ
2130 5660 2194 5715 R.

2289 5650 2331 5694 π
2360 5648 2592 5729 {wall-,1;
2624 5648 2716 5713 A.'
2764 5660 2808 5690 ³ο
2833 5657 3150 5727 πίμπραται
3186 5650 3344 5706 ΔΗΒ.
3423 5648 3466 5680 ³⁸
3495 5648 3591 5717 τὴν
