4072 6268
503 376 610 439 319

1670 357 2182 424 CONSTANTINI
2226 314 2601 420 MANASSIS

3653 356 3764 420 320

505 484 731 556 Λουτρῷ
780 476 1032 557 καθαίρει
1075 485 1153 556 τῷ
1202 469 1409 556 σεπτῷ,
1432 481 1531 554 τὴν
1586 482 1781 553 κλῆσιν
1826 477 2085 550 μεταμεί-
2116 481 2160 531 Α
2189 470 2297 531 καὶ
2327 475 2529 544 λαῖλαψ
2565 474 2897 545 συνετάραξε
2945 471 3044 542 τὴν
3074 471 3348 525 Θάλασσαν
3380 471 3474 524 καὶ
3510 471 3716 526 κλύδων
3743 490 3762 504 ·

1790 571 1902 642 {est
1939 569 2004 633 ³³,

510 668 884 738 Μετονομάζει
912 669 1011 737 τὴν
1041 666 1213 735 καλὴν
1245 666 1427 720 νεᾶνιν
1457 662 1741 727 Εὒδοκίαν,

513 758 783 813 Συνάπτει
812 775 871 811 τε
894 758 971 827 τῷ
1000 757 1207 826 βασιλεῖ
1236 758 1329 809 καὶ
1354 755 1644 824 ζεύγνυσιν
1673 754 1717 787 ³⁸
1744 757 1823 818 εἰς
1856 755 2035 824 λέχος,

516 850 897 920 Συναραμένου
922 851 989 902 τὰ
1016 849 1184 902 πολλὰ
1213 849 1348 916 πρὸς
1380 848 1537 901 τοῦτο
1565 848 1658 900 καὶ
1691 847 1978 905 Παυλῖνον.

523 945 619 1005 Ὃς
645 944 703 995 ἐν
729 943 840 1003 τοῖς
870 940 1106 1010 πρώτοις
1134 953 1364 994 τέτακτο
1394 939 1504 992 τῶν
1538 939 1803 1009 βασιλέως
1839 939 2027 1007 φίλων.

531 1033 625 1087 Ἐκ
656 1033 860 1103 ταύτης
888 1032 1166 1092 Θεοδόσιος
1188 1030 1373 1083 ἔτεκεν
1402 1029 1681 1094 Εὖδοξίαν,

525 1127 628 1177 Ἦν
651 1123 1081 1193 Οὐαλεντινιανῴ
1110 1119 1653 1192 σκηπτροκρατοῦντι
1689 1121 1910 1190 Ῥώμης

520 1217 635 1287 Τῆς
678 1215 1054 1287 πρεσϐυτέρας
1121 1213 1364 1284 ἔπεμψεν
1429 1214 1508 1275 εἰς
1555 1212 1735 1280 γάμου
1797 1213 1842 1243 ⁸⁸
1898 1227 2095 1263 κοινω-⁵

1788 1303 1931 1375 [νίαν
1956 1302 2020 1356 ³⁸.

609 1400 750 1453 Ἀλλ’
774 1395 843 1469 ἦν
865 1398 1037 1462 οὐδὲν,
1067 1397 1141 1460 ὡς
1166 1397 1363 1460 ἔοικεν,
1394 1399 1681 1471 εὐτύχημα
1711 1395 1803 1448 τοῦ
1835 1387 1950 1464 βίου

527 1491 705 1558 Ζάλης
729 1490 824 1542 καὶ
847 1488 1024 1558 λύπης
1050 1488 1268 1557 ἀμιγὲς,
1300 1486 1423 1541 οὐδέ
1456 1507 1539 1552 τις
1568 1485 1839 1556 εὐποτμία

528 1582 622 1650 Μὴ
650 1579 1117 1648 συναναφυόμενον
1143 1578 1342 1648 ἔχουσα
1367 1580 1461 1633 καὶ
1488 1580 1547 1632 τὸ
1578 1580 1794 1644 κνίζον⁹

534 1671 644 1724 Καὶ
668 1670 777 1740 γὰρ
814 1669 909 1721 καὶ
934 1668 1095 1740 ξρόδον
1135 1668 1365 1739 εὔοσμον
1395 1668 1613 1740 φρίσσει
1654 1672 1890 1734 πυκναῖς
1917 1671 2090 1725 ἀκάν-

1863 1761 2028 1833 [θαις,

545 1848 727 1901 Ἠλίου
758 1865 819 1900 τε
842 1847 901 1900 τὸ
930 1847 1196 1919 βλέφαρον
1226 1848 1535 1914 σκοτίζουσι
1562 1850 1807 1919 νεφέλαι,

534 1941 646 1994 Καὶ
679 1940 870 2010 φθόνος
899 1942 1188 2014 ἐπιφύεται
1212 1944 1326 2004 τοῖς
1356 1943 1418 1995 τὸ
1451 1944 1612 1997 καλὸν
1642 1945 1891 2010 ἀσκοῦσι,

535 2030 647 2084 Καὶ
679 2031 786 2085 πᾶν
812 2032 1095 2105 εὐτύχημα
1136 2032 1388 2106 λαμπρὸν
1421 2035 1513 2088 καὶ
1545 2037 1654 2091 πᾶν
1700 2040 1899 2107 σεμνὸν
1934 2037 1980 2069 ³⁷
2009 2036 2105 2090 τοῦ

1898 2127 2038 2200 [βίου

534 2211 694 2281 Φέρει
724 2212 820 2266 καὶ
847 2213 909 2265 τὸ
937 2214 1265 2286 δυστύχημα
1293 2219 1863 2289 συνανακεκραμένον.

621 2301 782 2357 Ἀλλὰ
827 2302 935 2372 γὰρ
982 2304 1034 2358 τί
1081 2322 1174 2372 μοι
1227 2307 1475 2376 βούλεται
1534 2308 1597 2360 τὸ
1654 2308 1916 2379 πρόᾳσμα
1942 2308 1987 2340 ⁸⁸
2016 2308 2109 2361 τοῦ

1831 2394 2011 2470 [λόγου
2027 2415 2042 2465 ;

550 2481 617 2535 Ἦ
648 2482 859 2547 βασιλὶς
888 2485 1122 2538 ἐπέπλεε
1148 2486 1247 2558 τὴν
1276 2487 1457 2557 ἅλμην
1487 2489 1585 2560 τὴν
1617 2489 1709 2542 τοῦ
1741 2490 1856 2561 βίου

540 2574 833 2637 Εὑδιεινοίς
861 2576 954 2628 καὶ
975 2576 1228 2645 γαληνοῖς
1260 2579 1530 2648 πνεύμασι
1568 2581 1845 2651 φερομένη
1873 2598 1887 2612 ⁶

552 2664 850 2734 Ἀτάραχον
876 2666 1059 2736 διήνυε
1092 2667 1182 2721 τὸν
1217 2667 1386 2722 πλοῦν
1417 2670 1517 2740 τῆς
1542 2671 1868 2741 εὐποτμίας,

556 2752 812 2822 Ὦσπερεὶ
844 2756 1028 2809 πλοῖον
1066 2760 1337 2828 φορτηγὸν
1362 2759 1437 2824 ὡς
1466 2759 1526 2825 ἐξ
1552 2761 1744 2831 οὐρίας
1770 2762 1933 2817 πλέον
1965 2763 2030 2817 ³⁸.

555 2845 696 2900 Ἀλλ’
724 2848 919 2919 αἴφνης
947 2848 1279 2922 ἐξεφύσησεν
1311 2852 1387 2917 ὡς
1420 2853 1676 2922 καταιγὶς
1698 2856 1726 2908 ὁ
1758 2854 1974 2926 φθόνος,

544 3070 874 3141 virginitatis
889 3072 1069 3127 adhuc
1100 3073 1365 3128 illibatum
1392 3073 1634 3129 haberet.
1663 3076 1940 3130 Intellecta
1967 3078 2119 3146 puel-

2187 569 2363 636 Νέφος
2388 567 2598 638 ἐρράγη
2625 565 2864 636 Θολερὸν,
2898 564 3178 633 κατήγαγε
3211 564 3479 633 χειμῶνα,

2190 661 2528 726 Συνέσεισεν,
2564 659 2780 728 ἐδόνησε
2812 657 2909 727 τὴν
2942 658 3156 726 σκάφην
3182 657 3255 719 ὡς
3283 657 3545 727 φυλλάδα,

2192 753 2301 806 Καὶ
2350 749 2632 819 φλοίσϐους
2684 750 2871 821 ἤγειρε
2914 748 3122 810 δεινοὺς
3165 748 3261 801 καὶ
3311 748 3552 817 τάραχον
3600 747 3769 817 βαρῦ-

3482 836 3690 908 [ηραν-θ,

2195 934 2305 987 Καὶ
2335 933 2431 1003 τὴν
2459 933 2555 1003 μὲν
2588 930 2718 985 ναῦν
2748 929 3055 999 συνέτριψε,
3087 932 3152 1000 τῇ
3185 929 3241 982 δὲ
3264 929 3776 1001 ναυστολουμέιῃιο

2196 1027 2378 1095 Στὸμα
2401 1025 2571 1077 δεινὸν
2597 1020 2846 1091 ὑπήνοιξε
2873 1021 3155 1091 χάσματος
3181 1019 3537 1073 δυσαλύκτου.

2208 1115 2487 1170 Ἐντεῦθεν
2513 1115 2545 1184 η
2569 1112 2853 1184 βασίλισσα
2885 1112 3110 1183 πικρίας
3140 1110 3448 1181 ἐνεπλήσθη

2198 1210 2308 1261 Καὶ
2344 1208 2669 1278 πειρασμοῖς
2693 1204 2952 1257 ἐπάλαισε
2986 1203 3598 1274 βαρυσυμφορωτάτοις.

2201 1299 2267 1353 Τί
2294 1300 2338 1352 δ’
2363 1295 2431 1370 ἦν
2458 1299 2594 1368 αὐτῇ
2629 1299 2690 1350 τὸ
2718 1296 2997 1367 συμπεσὸν
3027 1296 3055 1348 ὁ
3090 1296 3247 1363 λόγος
3277 1296 3579 1366 ίστορὴσει.

2270 1390 2534 1458 Θεοδοσίῳ
2566 1386 2877 1457 βασιλεῖτῷ
2910 1385 3230 1454 συζυγοῦντι
3261 1386 3303 1417 ⁸¹
3336 1385 3509 1456 ταύτῃ

2203 1482 2387 1549 Μῆλον
2422 1482 2584 1535 καλὸν
2610 1480 2906 1549 εὐμέγεθες
2933 1479 3100 1547 πένης
3139 1479 3482 1548 προσήνεγκε
3512 1476 3558 1509 ⁶²
3581 1496 3684 1539 τις.

2216 1573 2274 1627 Ὀ
2301 1572 2358 1625 δὲ
2382 1572 2439 1625 τὸ
2460 1571 2910 1640 καλλιπρόσωπον
2941 1568 3229 1638 Θαυμάσας
3260 1572 3361 1639 τῆς
3392 1567 3633 1638 ὀπώρας,

2209 1666 2316 1718 Καὶ
2344 1664 2444 1732 τῆς
2482 1662 2736 1733 εὐχροίας
2771 1662 3029 1729 ἀγασθεὶς
3065 1661 3202 1714 ἀλλὰ
3232 1661 3331 1712 καὶ
3362 1659 3455 1712 τοῦ
3490 1660 3785 1727 μεγέθουςὃ

2211 1757 2310 1819 Ὣς
2338 1773 2390 1808 τι
2423 1756 2605 1808 καινὸν
2632 1754 2694 1806 τὸ
2719 1752 2948 1824 δώρημα
2976 1756 3040 1824 τῇ
3079 1752 3308 1823 βασιλίδι
3338 1752 3545 1819 πέμπει
3571 1769 3588 1782 ο

2138 1829 2178 1883 Β
2210 1849 2387 1916 Ὅπερ
2421 1847 2672 1916 μεγάλων
2702 1846 2926 1914 γέγονεν
2961 1845 3103 1914 ἁρχὴ
3134 1842 3180 1876 ⁴³
3209 1844 3606 1915 πειρατηρίων,

2210 1941 2321 2010 Οὐχ
2343 1934 2507 2010 ἦττον
2533 1938 2565 2006 ἢ
2605 1936 2705 2006 τῆς
2740 1935 2955 2006 Ἔριδος
2983 1938 3083 2004 τῆς
3117 1935 3386 2005 φθονερᾶς
3418 1936 3479 1986 τὸ
3518 1934 3714 2003 μῆλον,

2210 2033 2388 2101 Ὅπερ
2416 2027 2867 2095 ὲπεισεκὼμασεν
2894 2026 2940 2058 ⁸⁸
2971 2025 3064 2078 ἐπὶ⁹
3094 2025 3251 2095 κακῷ
3281 2028 3390 2088 τοῖς
3417 2026 3540 2077 τότε

2209 2123 2409 2174 Θύουσι
2431 2117 2758 2190 γαμοδαίσια
2783 2116 3001 2195 Θέτιδος
3029 2119 3124 2169 καὶ
3153 2117 3397 2185 Πηλέως.

2211 2208 2314 2267 Οῗα
2344 2212 2439 2264 καὶ
2467 2210 2574 2280 γὰρ
2608 2207 2919 2279 συμϐέϐηκε
2944 2206 3030 2259 διά
3057 2206 3116 2259 τὸ
3145 2206 3312 2276 μῆλον
3339 2206 3526 2259 τοῦτοί

2222 2301 2568 2370 Ἐθαύμασεν
2605 2301 2636 2369 ὴ
2676 2297 2892 2369 βασιλὶς
2920 2296 3019 2366 τὴν
3044 2295 3195 2367 ὥραν
3225 2296 3324 2364 τῆς
3353 2295 3599 2366 ὀπώρας,

2224 2389 2532 2460 ’Υπερφυὲς
2561 2390 2809 2459 ἡγήσατο
2832 2388 2892 2439 τὸ
2923 2387 3115 2457 χρῆμα
3150 2385 3211 2438 τὺ
3243 2384 3336 2438 τοῦ
3374 2385 3567 2455 μήλου,

2217 2486 2326 2537 Καὶ
2356 2481 2653 2550 φιλοτίμως
2683 2479 2884 2550 ἔχουσα
2915 2480 3048 2549 πρὸς
3087 2478 3179 2530 τὸν
3211 2477 3373 2530 καλὸν
3410 2477 3455 2507 ⁸⁸
3486 2477 3757 2530 Παυλῖνον

2229 2575 2315 2634 Ὦῖ
2345 2572 2719 2643 συναράμενον
2752 2571 2888 2638 αὐτῇ
2920 2572 3055 2639 πρὸς
3083 2568 3216 2637 ὕψος
3256 2568 3561 2637 βασιλείας,

2217 2663 2306 2733 Τῷ
2343 2662 2498 2733 μήλῳ
2523 2661 2602 2730 τῷ
2626 2660 2934 2731 πικροποιῷ
2970 2659 3060 2712 τὸν
3088 2658 3256 2729 ἄνδρα
3291 2657 3586 2724 δεξιοῦται.

2230 2756 2463 2816 Ἐκεῖνος
2494 2752 2552 2804 δὲ
2579 2751 2655 2821 τῷ
2686 2750 2899 2823 βασιλεῖ
2922 2750 2982 2802 τὸ
3015 2750 3186 2820 δῶρον
3220 2750 3579 2819 ἀντιπέμπει,

2217 2847 2312 2915 Μὴ
2348 2843 2629 2909 κατειδὼς,
2656 2843 2729 2907 ὡς
2764 2843 2960 2910 ἔοικεν,
2987 2841 3111 2896 ὅθεν
3141 2840 3557 2911 παρεισεφθάρη
3582 2857 3598 2872 ο

3474 2931 3627 2986 Vers.
3659 2930 3808 2987 2679

2221 3083 2376 3130 tuosa
2407 3083 2596 3129 exorta
2634 3081 3013 3143 tempestatem
3053 3072 3352 3135 excitavit,
3384 3071 3638 3140 adeoque
3670 3087 3803 3125 suc-

546 3160 654 3215 !am
683 3162 861 3217 adhuc
895 3173 1170 3233 expertem
1203 3179 1322 3220 esse
1353 3166 1591 3235 conjugii
1617 3166 1993 3235 castitatisque
2026 3168 2093 3221 bo
2146 3156 2191 3218 C
2224 3165 2395 3219 cussit
2427 3173 2482 3219 et
2514 3164 2739 3234 agitavit
2762 3163 3018 3232 scapham
3046 3163 3219 3218 instar
3245 3161 3382 3226 folii,
3411 3172 3692 3218 commoto
3719 3162 3806 3216 in-

547 3267 679 3305 num
703 3252 968 3307 hactenus
998 3255 1271 3324 integrum
1303 3271 1570 3321 servasse,
1605 3256 1860 3325 religioso
1898 3273 2016 3312 eam
2048 3259 2124 3312 la-

548 3357 715 3395 vacro
734 3350 889 3396 curat
908 3344 1078 3408 ablui,
1097 3360 1295 3399 nomen
1316 3345 1589 3409 immutat,
1614 3349 1911 3403 Eudociam
1946 3350 2127 3418 appel-

549 3430 647 3494 lat,
677 3431 831 3487 fratri
862 3434 1209 3487 matrimonio
1227 3435 1464 3504 c0pulat,
1490 3451 1599 3491 non
1632 3453 1821 3508 parum
1835 3439 2125 3509 adjuvante

551 3521 801 3587 Paulino,
836 3525 954 3578 viro
988 3527 1129 3580 inter
1180 3528 1388 3582 amicos
1440 3529 1787 3598 imperatoris
1819 3533 2123 3607 principem

551 3612 734 3667 locum
773 3614 1077 3670 obtinente.
1118 3616 1435 3672 Procreavit
1472 3628 1655 3674 autem
1695 3636 1762 3675 ex
1803 3621 1904 3675 hac
1943 3623 2124 3677 Theo~

553 3707 743 3763 dosius
779 3708 1101 3775 Endoxiam,
1135 3726 1299 3780 quam
1334 3711 1719 3768 Valentiniano
1749 3715 1804 3768 in
1836 3715 1971 3769 urbe
2017 3716 2127 3771 Ro-

556 3816 644 3853 ma
687 3811 870 3856 vetere
918 3802 1207 3872 imperanti
1257 3805 1327 3858 ad
1369 3804 1494 3858 vitae
1541 3805 1859 3860 societatem
1882 3808 2053 3862 misit.

629 3890 735 3945 Sed
773 3893 917 3946 enim
964 3894 1110 3947 nuila
1143 3896 1268 3950 vitse
1299 3896 1533 3952 felicitas
1562 3903 1901 3968 tempestatis
1930 3917 1993 3956 ac
2025 3903 2127 3957 do-

557 3982 691 4036 loris
728 3998 924 4051 expers
969 3993 1081 4048 est,
1122 4001 1224 4040 nec
1258 3989 1597 4057 prosperitas
1637 4006 1758 4046 esse
1800 4001 1981 4061 potest
2019 3996 2129 4050 ulla

560 4088 684 4127 cum
716 4089 820 4143 qua
853 4090 962 4128 non
992 4078 1219 4131 exsistat
1245 4079 1408 4134 etiam
1434 4081 1641 4151 aliquid
1675 4084 1816 4152 quod
1848 4087 2127 4141 hominem

560 4165 830 4220 mordeat.
877 4167 1088 4221 Etenim
1125 4168 1240 4238 ipsa
1270 4184 1489 4241 quoque
1521 4189 1644 4228 rosa
1668 4218 1683 4241 ,
1718 4176 1851 4233 licet
1880 4177 2130 4248 fragrans

559 4256 654 4321 sit,
686 4258 896 4314 crebris
942 4269 1120 4315 tamen
1169 4261 1343 4331 spinis
1379 4263 1601 4333 horret;
1642 4266 1884 4336 itemque
1916 4268 2128 4321 vultum

556 4350 691 4411 salis
736 4351 908 4410 nubes
955 4352 1229 4432 interdum
1279 4355 1511 4425 caligine
1562 4357 1797 4426 quadam
1849 4357 2124 4412 obvelant.

2227 3257 2376 3327 genti
2407 3257 2639 3326 strepitu
2671 3256 2931 3326 gravique
2964 3256 3144 3318 turba,
3177 3265 3238 3310 ut
3268 3271 3460 3310 navem
3488 3255 3801 3325 confringe~

2227 3357 2332 3410 ret,
2383 3363 2446 3402 ac
2499 3347 2601 3417 ipsi
2644 3346 2990 3417 naufragium
3042 3346 3263 3402 facienti
3314 3346 3644 3401 terribiliter
3703 3363 3800 3401 ore

2229 3439 2488 3509 adaperto
2510 3426 2832 3499 minaretur,
2859 3437 3014 3506 quasi
3037 3438 3201 3493 vellet
3224 3438 3274 3492 ei
3302 3438 3465 3507 plane
3489 3437 3797 3492 dehiscere.

2228 3530 2311 3585 Ab
2334 3545 2401 3584 eo
2432 3538 2681 3598 tempore
2704 3545 2863 3583 casus
2887 3529 3116 3583 acerbos
3145 3529 3469 3599 imperatrix
3488 3530 3803 3597 complures

2227 3630 2450 3690 experta
2486 3620 2590 3674 fuit
2624 3628 2681 3675 et
2716 3620 3199 3676 mrumnosissimis
3237 3636 3363 3675 cum
3402 3621 3806 3675 tentationibns

2229 3713 2541 3767 colluetata.
2579 3711 2736 3768 Libet
2761 3721 2945 3767 autem
2977 3727 3410 3768 commemorare
3438 3713 3573 3784 quid
3601 3714 3680 3767 illi
3709 3730 3805 3768 ac-

2229 3802 2448 3858 ciderit.

2302 3894 2406 3965 55
2436 3895 2670 3961 Quidam
2701 3896 2935 3952 fortnam
2965 3899 3149 3953 tenuis
3185 3898 3509 3968 imperatori
3540 3899 3806 3954 Theodo—
3896 3921 3903 3926 ·

2231 3981 2338 4049 sio,
2377 3986 2631 4041 Eudociae
2660 3988 2879 4052 marito,
2909 4004 3130 4057 pomum
3160 3989 3375 4042 eximia:
3412 4000 3520 4044 tam
3553 3991 3802 4058 pulchri-

2231 4075 2440 4130 tudinis
2492 4091 2655 4145 quam
2711 4077 3103 4146 magnitudinis
3165 4077 3460 4133 obtulerat.
3528 4080 3660 4149 Ejus
3714 4080 3805 4134 ille

2231 4168 2469 4235 speciem
2500 4167 2657 4237 longe
2680 4169 3145 4231 venustissimam,
3181 4170 3445 4234 colorem,
3481 4169 3812 4239 magnitudi-

2231 4273 2356 4312 nem
2389 4259 2727 4324 admiratus,
2764 4274 2985 4329 pomum
3022 4261 3197 4329 ipsum
3239 4261 3488 4315 inasitati
3521 4262 3809 4331 cujusdam

2231 4349 2475 4404 muneris
2500 4349 2619 4403 loco
2642 4350 2977 4418 imperatrici
3004 4352 3225 4405 miserat
3249 4366 3264 4416 ;
3289 4366 3413 4420 quae
3437 4364 3569 4404 sane
3588 4366 3678 4405 res
3700 4366 3805 4404 non

554 4447 837 4503 Cnnsimili
869 4449 1031 4502 modo
1062 4447 1268 4502 invidia
1292 4448 1588 4502 comitatur
1616 4457 1672 4503 et
1707 4450 2008 4503 insectatur
2034 4465 2128 4503 cos
2156 4485 2206 4543 Β
2232 4441 2413 4494 minus
2434 4440 3273 4496 maximorumincommodorum
3298 4443 3454 4511 origo
3475 4442 3709 4505 exstitit,
3736 4450 3814 4496 at-

557 4538 651 4605 qui
695 4538 951 4592 virtutem
986 4539 1175 4592 colunt
1200 4555 1215 4594 :
1252 4538 1543 4607 omnisque
1575 4546 1766 4591 sancta
1797 4540 2130 4606 prosperitas
2156 4531 2201 4543 ν
2233 4547 2340 4601 que
2364 4531 2495 4586 Olim
2524 4547 2747 4601 Ροιιιιιιιι
2773 4533 2904 4587 ἱΙΙυό
2928 4533 3110 4588 Eridis
3131 4534 3373 4598 invidim,
3398 4533 3545 4603 quod
3573 4533 3806 4587 nocendi

558 4636 616 4682 et
662 4627 771 4682 vita
824 4629 1118 4696 splendens
1172 4630 1225 4682 in
1277 4628 1561 4682 hominum
1618 4628 1795 4682 oculis
1841 4628 2130 4683 admistam

561 4717 850 4786 quamdam
874 4717 1243 4773 infelicitatem
1261 4734 1441 4772 secum
1465 4718 1652 4772 trahit.
1675 4717 1814 4782 Quid
1833 4727 2012 4772 autem
2031 4720 2134 4774 hoc

562 4807 669 4863 sibi
718 4809 833 4862 vult
882 4809 1149 4864 orationis
1199 4809 1564 4879 praeludium?
1605 4806 1877 4862 Nimirum
1921 4817 1977 4863 et
2020 4809 2135 4864 haec

563 4898 881 4967 imperatrix
908 4899 963 4952 in
996 4898 1160 4968 hujus
1189 4901 1309 4955 vitae
1335 4900 1470 4954 mari
1499 4900 1809 4971 navigabat,
1837 4909 1893 4954 et
1920 4902 2134 4955 serenis

561 4989 900 5062 placidisque
949 4990 1125 5045 ventis
1170 4999 1288 5045 acta
1338 4991 1616 5045 felicitatis
1660 5007 1878 5045 cursum
1929 4992 2134 5060 absque

562 5081 981 5150 perturbatione
1008 5081 1355 5143 conficiebat,
1389 5096 1497 5134 non
1527 5081 1687 5136 aliter
1709 5091 1871 5151 atque
1906 5083 1953 5135 si
1980 5081 2132 5137 navis

564 5171 817 5223 oneraria
864 5182 1031 5225 vento
1075 5170 1317 5225 secundo
1361 5171 1568 5226 feratur
1619 5187 1632 5224 :
1688 5186 1878 5225 verum
1927 5171 2132 5225 invidia

564 5260 752 5315 subito
796 5263 1137 5331 tempestatis
1179 5262 1461 5333 cujusdam
1508 5264 1681 5317 instar
1732 5263 1864 5317 ﬂare
1919 5263 2127 5333 cwpit;

568 5349 731 5406 turbo
768 5367 893 5407 cum
923 5354 1159 5422 procella
1188 5368 1336 5409 mare
1371 5353 1707 5421 commovit;
1738 5354 1915 5408 nubes
1951 5354 2127 5423 impe-

2228 4638 2395 4677 causa
2439 4623 2507 4677 iis
2546 4623 2748 4677 obtulit
2788 4625 2881 4693 qui
2920 4625 3171 4680 Thetidis
3204 4634 3369 4694 atque
3411 4625 3560 4679 Pelei
3603 4626 3811 4694 nuptiis

2231 4715 2558 4770 intererant.
2612 4716 2746 4769 Nam
2790 4717 2997 4785 qualia,
3050 4733 3255 4786 quaeso,
3300 4725 3601 4772 consecuta
3651 4718 3814 4771 sunt?

2230 4806 2553 4875 lmperatrix
2589 4808 3057 4875 pulchritudinem
3089 4808 3305 4865 fructus
3333 4811 3621 4875 admirari,
3653 4828 3810 4868 eum-

2229 4913 2339 4966 que
2362 4897 2619 4952 arbitrari
2646 4907 2853 4953 naturae
2882 4900 3105 4954 modum
3137 4901 3427 4956 excedere.
3458 4904 3525 4957 Et
3550 4904 3808 4973 quoniam

2231 4989 2522 5043 Paulinum
2562 4999 2853 5059 propterea
2890 4992 3259 5046 venerabatur
3300 4994 3447 5062 quod
3490 4995 3655 5049 valde
3690 5009 3809 5049 eam

2225 5078 2462 5150 juvisset
2496 5078 2550 5133 in
2582 5080 2970 5148 consequenda
3004 5080 3273 5151 dignitate
3305 5083 3662 5153 imperatoria
3684 5125 3698 5149 ,
3733 5086 3812 5138 vi-

2235 5188 2359 5226 rum
2400 5174 2502 5227 hoc
2530 5172 2733 5228 infelici
2763 5189 2927 5243 pomo
2957 5174 3147 5229 donat.
3183 5175 3234 5230 Is
3259 5192 3391 5230 vero
3421 5177 3666 5232 vicissim
3696 5182 3814 5230 mu-

2228 5280 2333 5318 nus
2362 5264 2678 5334 imperatori
2706 5265 2894 5330 mittit,
2922 5266 3199 5337 ignorans,
3227 5269 3305 5322 uti
3330 5269 3554 5337 quidem
3572 5269 3812 5331 videtur,

2228 5355 2375 5410 unde
2404 5356 2685 5425 profectus
2716 5356 2910 5413 fuisset
2951 5376 2964 5411 :
2999 5375 3109 5413 non
3140 5358 3290 5413 enim
3315 5359 3572 5414 adfuerat
3593 5360 3648 5414 id
3673 5371 3811 5413 tem-

1886 5496 2086 5558 Van'ae
2117 5496 2447 5560 lectiones.

642 5598 688 5668 f'
728 5595 1244 5668 μεταϐάλλειΑΒΠε
1307 5599 1355 5631 ³⁵
1385 5600 1637 5668 μίγνυσιν
1666 5597 1782 5653 AR-

1863 5598 1908 5633 ⁸⁸
1930 5600 2048 5669 βίου
2072 5600 2183 5655 AR.
2262 5600 2308 5633 ³⁸
2348 5598 2624 5653 συνοικίαν
2646 5599 2712 5654 R.
2788 5600 2834 5633 ³⁷
2861 5600 3056 5669 σεμνὸν
3079 5600 3174 5653 καὶ¹
3201 5600 3311 5654 πᾶν
3339 5597 3599 5669 λαμπρὸν
3624 5597 3815 5669 A._o_s-

574 5666 706 5739 μνδν
730 5668 838 5739 πᾶν
861 5667 923 5720 τὸ
952 5666 1201 5739 λαμπρρν
1229 5667 1295 5722 Β.
1359 5666 1418 5739 ξ³³
1451 5666 1796 5739 πρόγραμμα
1814 5669 1880 5723 R.
1932 5666 2002 5703 ’³⁸
2028 5670 2184 5725 πλέει
2220 5670 2284 5724 Α.

577 5686 706 5736 μνον
730 5686 838 5720 παν
861 5686 923 5720 το
954 5686 1201 5739 Ααμπρον
1229 5686 1295 5722 n.
1375 5686 1418 5702 σο
1451 5686 1796 5739 ποογραμμα
1818 5686 1880 5723 ιι.
1957 5686 2002 5703 σν
2028 5686 2184 5725 mea

577 5738 623 5769 "
647 5738 962 5809 προσήγαγέ
996 5736 1061 5795 R.
1137 5737 1183 5770 ⁴³
1206 5739 1331 5809 ῥίζα
1356 5737 1421 5795 Ii.
1496 5720 1543 5774 λδ
1571 5741 1987 5811 ὲπεισεκόμισεν
2013 5739 2080 5797 R.
2157 5742 2202 5774 "

2361 5669 2592 5744 ‘°_5é_y_e
2636 5663 3008 5744 ναυστολοῦσῃ
3049 5672 3111 5725 Α.
3189 5672 3235 5703 δ’
3267 5663 3609 5724 συνοικοῦντι
3646 5663 3809 5720 ARR.

2228 5739 2478 5810 λαμπρὸν
2501 5739 2615 5798 ΑΒ.
