4072 6268
456 322 562 386 835

1626 318 2141 381 CONSTANTINI
2183 320 2559 382 MANASSIS
3286 338 3293 342 '
3606 325 3706 387 336

457 432 598 487 ’Λλλ’
620 425 686 502 ἦν
708 430 883 495 οὐδεὶς
903 433 930 484 ὀ
953 448 1016 485 συ
1025 429 1254 500 μπαθῶν
1276 430 1385 482 οὐδ’
1407 428 1764 500 ἐποικτεὶρων
1780 431 1969 484 τοῦτον
1985 431 2005 462 ⁸
2027 447 2039 461 ·
2068 436 2122 496 Α
2145 432 2474 504 Προσαίτης,
2506 432 2893 504 ἀπελεύθερος,
2929 430 3166 504 οίκέτης,
3197 432 3296 484 οὐκ
3329 428 3574 500 οἰκέτης,

457 527 584 588 Tol;
627 525 736 595 γάρ
769 525 956 586 κακοῖς
982 523 1084 576 κάν
1114 522 1336 592 τελευτῇ
1364 521 1564 584 πάντες
1591 521 1968 588 ὲπεγκοτοῦσι.

457 615 662 686 Συνέϐη
702 614 758 668 δὲ
789 613 908 685 μετ’
929 613 988 666 οὐ
1015 612 1149 664 πολὺ
1177 611 1266 665 τὸν
1298 612 1470 682 τάφον
1504 612 1788 682 ἀνοιγῆναι

460 710 572 762 Καὶ
597 707 687 761 τὸν
711 706 904 776 νεκρὸν
934 704 1024 757 τὸν
1056 704 1296 773 δυστυχῆ
1324 705 1488 757 πᾶσιν
1522 702 1954 773 ὲκκαλυφθῆναι,

472 797 734 853 Ἐλεεινόν
761 814 813 849 τι
849 796 1050 865 θέαμα,
1093 795 1348 859 κατάξιον
1380 793 1664 865 δακρύων⁸
1992 790 1994 792 ⁷

456 885 673 961 Ὲύρέθη
697 887 805 956 γὰρ
844 885 1178 954 καταφαγὼν
1219 887 1344 948 τοὺς
1372 885 1480 938 τῶν
1510 885 1687 938 ποδῶν
1716 884 2008 947 σανδάλους

459 981 572 1035 Καὶ
594 974 721 1043 τοῦς
745 979 1036 1048 βραχίονας
1067 976 1232 1031 αὐτοῦ
1263 977 1515 1048 καθάπερ
1549 976 1882 1047 ἀλλοτρίους.

458 1065 616 1134 Τινὲς
646 1070 701 1123 δὲ
723 1069 933 1141 Ζήνωνί
963 1087 1096 1140 φασι
1122 1069 1395 1140 συμϐῆναι
1424 1070 1496 1121 τά
1524 1067 1751 1122 τοιαῦτα
1770 1083 1786 1100 ’

460 1163 730 1226 Πολλάκις
760 1162 868 1233 γὰρ
900 1163 1171 1231 νοσήματι
1201 1159 1478 1230 συνείχετο
1506 1159 1743 1231 κατόχῳ,
1773 1222 1779 1226 ν

461 1256 568 1310 Καὶ
604 1254 860 1326 Θνήσκειν
894 1254 1251 1325 νομιζόμενος
1284 1252 1440 1315 αὖθις
1467 1249 1534 1324 ἦν
1569 1254 1628 1306 ὲν
1657 1255 1771 1317 τοτς
1799 1253 1988 1318 ζῶσιν.

544 1346 682 1399 Ἀλλ’
723 1347 783 1398 οὐ
831 1345 942 1416 γὰρ
1002 1346 1177 1400 πάντα
1210 1345 1280 1399 τὰ
1331 1345 1474 1399 κακᾶ
1508 1345 1768 1416 πρόσεστι
1797 1349 1908 1410 τοῖς
1950 1348 2046 1400 ἀν-

1695 1436 1974 1508 [θρώποιῇ

474 1527 637 1583 Ἀλλά
663 1525 1024 1596 συγκίρναταί
1057 1543 1184 1579 ποτε
1220 1526 1314 1580 καὶ
1348 1525 1600 1597 βέλτιστα
1635 1529 1657 1561 ⁸
1693 1527 1975 1591 κακίστοις

463 1617 700 1687 Βέϐηλος
725 1615 835 1685 γὰρ
867 1620 959 1667 καὶ
991 1613 1257 1685 δυσσεϐὴς
1289 1609 1442 1678 οὗτος
1471 1615 1664 1685 φανεὶς
1693 1619 1721 1669 ό
1751 1617 1972 1686 κράτωρ

464 1707 660 1776 ’Ὅμως
693 1705 938 1775 ἐξώρυξε.
965 1705 1131 1772 φυτὸν
1159 1706 1262 1775 γῆς
1293 1708 1334 1739 ¹⁰
1366 1706 1547 1776 πάσης
1583 1707 1904 1777 Ῥωμαϊδος,

461 1791 540 1851 Οὗ
565 1797 658 1850 καὶ
687 1797 890 1865 καρποὶ
917 1794 1283 1865 πικράζοντες
1313 1796 1407 1848 καὶ
1441 1795 1669 1859 θάνατος
1691 1799 1724 1867 ἡ
1757 1799 1882 1867 ῥίζα
1903 1815 1916 1829 ο

474 1889 565 1952 Ὠς
599 1889 714 1956 εἴγε
745 1887 819 1959 μὴ
846 1888 906 1940 τὸ
937 1886 1274 1957 πρόσκομμα
1297 1886 1358 1939 τὸ
1382 1887 1512 1957 περὶ
1539 1888 1637 1958 τὴν
1671 1888 1968 1959 θρησκείαν

467 1981 680 2051 ’Ὠσπερ
709 1979 854 2049 παχύ
887 1979 983 2034 καὶ⁵
1012 1977 1230 2048 θολερὸν
1258 1979 1645 2033 ἀντεπεσκότει
1683 1979 1864 2050 νέφος,

464 2071 634 2124 Τοῦτο
660 2071 756 2124 καὶ
789 2070 950 2139 μόνον
976 2071 1038 2123 τὸ
1067 2070 1231 2124 καλὸν
1266 2070 1486 2140 ἴσχυσεν
1514 2071 1580 2126 ἂν
1613 2072 1923 2144 συγκρύψαι

467 2163 576 2226 Τὰς
601 2162 730 2224 ὅλας
764 2162 805 2194 ¹¹
835 2163 1220 2232 ῥυπαρότητας
1259 2161 1355 2216 καὶ
1387 2161 1484 2226 τάς
1514 2161 1878 2234 ἀκαθαρσίας.

469 2256 580 2310 Καὶ
607 2256 818 2319 πάντας
852 2254 980 2318 τοὺς
1029 2257 1488 2325 τραυματισμοὺς
1514 2256 1640 2319 τοὺς
1674 2254 2050 2325 ίχωρωδεστά-

1828 2344 1976 2416 [τους
2006 2345 2049 2376 ¹¹

470 2436 740 2506 Καθάπερ
773 2434 1099 2500 ἀλεξίκακον
1125 2433 1418 2507 φάρμακον
1448 2437 1670 2505 ὐγιάσαι
1698 2437 1762 2491 ³³.

469 2524 578 2582 Ἦν
611 2528 666 2580 δὲ
700 2527 761 2580 τὸ
793 2527 1190 2599 περικόσμημα
1223 2528 1319 2580 τοῦ
1361 2527 1832 2598 παρανομωτάτου

485 2621 550 2673 ἸΙ
582 2618 880 2690 πρόρριζος
907 2605 1203 2689 ἀναίρεσις
1224 2617 1568 2688 εἰσπράξεως
1597 2617 1875 2686 κιϐδήλου,

476 2713 547 2764 Ἢ
579 2711 796 2777 λέγεται
831 2711 1214 2782 χρυσάργυρον
1245 2709 1472 2781 ἀνδράσι
1503 2708 1843 2778 φορολόγοις.

477 2804 540 2857 Τί
573 2803 630 2857 δὲ
657 2807 751 2857 καὶ
787 2806 940 2858 ποῖον
973 2802 1033 2856 τὸ
1057 2800 1268 2872 λεχθὲν,
1300 2803 1328 2855 ό
1356 2800 1515 2868 λόγος
1551 2801 1848 2870 ίστορήσει.

475 2895 664 2960 ’Ἅπας
695 2897 836 2967 ἀνήρ
868 2909 928 2948 τε
957 2895 1052 2947 καὶ⁵
1082 2895 1242 2964 γυνὴ,
1277 2895 1406 2956 παῖς
1441 2893 1577 2965 κόρη
1611 2909 1671 2946 τε
1703 2893 1794 2946 καὶ
1821 2891 2042 2966 βρέφος,

2157 523 2632 594 ’Υπὲρσκυϐάλου
2665 522 2946 595 κοπρηρού
2987 527 3080 577 καὶ
3108 523 3408 594 δυσοσμίας
3448 523 3612 592 οιῖιρου

2151 617 2249 669 Ἓν
2277 615 2337 679 ἐξ
2368 615 2612 687 ἀργύρου
2649 614 2890 686 νόμισμα
2915 617 3143 687 παρεῖχε
3177 614 3255 686 τῷ
3281 615 3519 684 ταμείῳ.

2147 703 2310 757 Τουτὶ
2337 703 2396 757 δὲ
2437 706 2530 759 καὶ
2560 707 2673 769 τοῖς
2699 705 2952 775 κτήνεσιν
2979 705 3232 758 ἐπέκειτο
3265 705 3325 756 τὸ
3355 704 3522 776 βάρος
3553 722 3568 734 ·

2148 795 2312 848 Βουσὶ
2337 796 2443 866 γάρ
2471 795 2514 827 ιδ
2545 796 2791 867 ἡμιόνοις
2817 813 2894 862 τε,
2926 796 3021 850 καὶ
3043 796 3225 868 μέντοι
3252 797 3478 859 καὶτοῖς
3504 796 3691 859 ίπποις

2159 885 2330 956 Ὑπὲρ
2368 887 2599 940 ἑκάστου
2627 887 2684 941 δὲ
2718 887 2902 952 κυνὸς,
2933 887 3073 956 ὑπὲρ
3096 886 3205 940 τῶν
3236 887 3280 918 ’⁵
3305 887 3537 957 ὀναρίων

2153 976 2250 1042 Ἓξ
2275 977 2490 1045 φόλλεις
2524 977 2881 1031 κατεϐάλλετο
2901 977 2994 1032 τοῦ
3026 979 3258 1049 κτήνους
3287 979 3315 1032 ό
3343 979 3400 1032 δε
3415 977 3639 1041 ςπόζων.

2164 1066 2222 1119 Ὁ
2247 1067 2427 1122 τοίνυν
2463 1069 2813 1131 Ἀναστάσιος
2848 1069 3197 1140 δυσωπηθεὶς
3236 1068 3508 1133 ἐντεύξεις

2162 1159 2398 1229 ’Δνδρῶν
2431 1162 2637 1231 μονήρη
2671 1163 2764 1214 καὶ
2793 1161 2991 1231 σεμνὸν
3028 1161 3453 1232 μετερχομένων
3486 1160 3620 1230 βίον,

2150 1250 2413 1305 Τοσοῦτον
2437 1251 2600 1322 ἄχθος
2628 1252 2799 1322 ἡλασε
2840 1254 2935 1307 καὶ
2972 1251 3294 1323 τηλικοῦτον
3324 1253 3496 1323 μύσος
3528 1254 3594 1316 ’⁸.

2151 1341 2530 1412 Προθέλυμνον
2561 1343 2620 1396 τὸ
2650 1343 2936 1412 βλάστημα
2964 1343 3026 1396 τὸ
3055 1345 3154 1413 τῆς
3182 1343 3632 1414 αἰσχροκερδείας

2164 1433 2572 1499 Ἐξανασπάσας
2603 1435 2696 1487 καὶ
2726 1436 2860 1504 πυρὶ
2885 1434 3007 1498 δοὺς
3041 1435 3443 1506 ἀφανιστηρίῳ.

2235 1523 2388 1579 Ἐπεὶ
2428 1526 2560 1596 γοῦν
2600 1527 2957 1591 Ἀναστάσιος
2984 1527 3157 1598 ᾤχετο
3185 1532 3567 1597 κακιγκάκως,

2167 1616 2457 1686 Ἀναιμωτὶ
2485 1617 2786 1688 χειρίζεται
2816 1618 2943 1681 τοὺς
2972 1617 3164 1682 οἴακας
3194 1618 3290 1672 τοῦ
3325 1621 3561 1689 κράτους

2153 1707 2260 1761 Καὶ
2293 1710 2569 1778 σκῆπτρον
2599 1709 2658 1761 τὸ
2689 1708 2960 1778 βασίλειον
2992 1711 3019 1761 ό
3047 1710 3267 1780 πρῶτος
3312 1712 3595 1773 Ἰουστῖνος
3619 1729 3634 1743 ·

2155 1791 2350 1847 Λαϐὼν
2383 1794 2513 1864 γὰρ,
2543 1794 2617 1856 ὥς
2640 1811 2794 1862 φασι,
2821 1795 2987 1850 πολὺν
3009 1797 3209 1866 χρυσὸν
3232 1797 3292 1862 ἐξ
3323 1799 3619 1867 ⁸Ἀμαντίου

2158 1884 2436 1957 (Ὓπῆρχε
2463 1887 2519 1939 δὲ
2554 1888 2915 1956 πραιπόσιτος
2953 1889 3242 1960 Ἀμάντιος
3266 1894 3492 1962 ἐκεῖνος)

2156 1978 2266 2030 Καὶ
2305 1977 2617 2042 κελευσθεὶς
2645 1984 2759 2043 τοῖς
2788 1983 3035 2052 τάγμασι
3065 1981 3258 2035 τοῦτον
3287 1985 3686 2050 κατακενῶσαι,

2168 2065 2254 2130 Ὠς
2284 2067 2350 2122 ἂν
2382 2071 2834 2141 περιποιήσαιντο
2861 2073 2921 2125 τὸ
2949 2073 3148 2144 κράτος
3173 2073 3452 2146 Θεοκρίτῳ

2155 2157 2246 2227 Τῷ
2275 2160 2621 2214 κοινωνοῦντι
2649 2161 2758 2216 τῶν
2781 2162 2960 2216 αὐτῶν
2989 2164 3239 2234 αἱμάτων
3283 2166 3579 2239 Ἀμαντίῳ,

2168 2248 2264 2303 Ἐκ
2293 2250 2404 2304 τῶν
2434 2250 2658 2305 ὀθνείων
2681 2253 2862 2324 ἐαυτῷ
2895 2255 3094 2308 κτᾶται
3129 2257 3229 2325 τὴν
3253 2254 3552 2326 βασιλείαν,

2152 2341 2464 2411 Πριάμενος
2498 2343 2562 2406 ³⁷,
2591 2343 2653 2397 τὸ
2682 2343 2988 2415 κέρδιστον,
3023 2345 3304 2416 χρήμασιν
3336 2347 3380 2379 ⁸⁸
3404 2347 3734 2420 ἀλλοτρίοις.

2152 2430 2309 2485 Οὕτω
2333 2434 2500 2486 πᾶσιν
2521 2434 2824 2504 ἐπέραστος
2856 2435 2890 2506 ἡ
2927 2438 3472 2508 σκηπτροκρατορία,

2151 2524 2447 2578 Κάνταῦθα
2476 2525 2636 2596 μόνον
2665 2528 2870 2580 ἀδικεῖν
2895 2527 2996 2581 οὐκ
3024 2526 3092 2582 ἀν
3117 2545 3204 2591 τις
3235 2531 3586 2601 κατοκνήσει,

2151 2613 2268 2668 Κᾶν
2291 2617 2349 2669 ὲν
2370 2621 2482 2681 τοῖς
2500 2618 2680 2683 ἄλλοις
2711 2618 2920 2683 δίκαιος
2945 2619 3255 2692 εὑρίσκοιτο
3273 2621 3315 2653 ¹⁹
3348 2623 3442 2674 κα)⁸
3468 2621 3715 2692 σώφρων

2149 2703 2256 2758 Ἦν
2286 2707 2332 2760 δ’
2358 2708 2587 2780 εὐσεϐὴς
2615 2711 2708 2764 καὶ
2745 2711 3004 2782 νουνεχὴς
3034 2714 3060 2764 ό
3087 2712 3270 2781 γέρων
3306 2711 3616 2776 Ἰουστῖνος,

2150 2796 2240 2866 Τῷ
2272 2798 2417 2871 ζήλῳ
2451 2801 2507 2853 δὲ
2542 2800 2885 2872 πυρούμενος
2913 2806 3013 2874 τῆς
3047 2805 3307 2871 εὐσεϐοῦς
3335 2809 3381 2840 ὀ
3430 2808 3739 2880 θρησκείας

2151 2890 2275 2954 Τοῖς
2308 2891 2630 2963 Μανιχαίοις
2675 2893 2938 2948 ἄσπονδον
2966 2898 3202 2967 πόλεμον
3239 2898 3477 2970 ὲξανῆψε

3404 3033 3562 3092 Vers.
3589 3037 3740 3093 5115

474 3149 676 3205 accidit
722 3155 784 3202 ut
812 3146 1127 3217 sepulcrum
1171 3143 1480 3214 aperiretur
1524 3153 1580 3199 et
1600 3143 1788 3200 infelix
1817 3144 2051 3201 cadaver
2077 3136 2120 3195 (ἶ
2153 3147 2209 3193 et
2261 3140 2436 3194 urinae
2491 3139 2623 3197 ﬁsco
2675 3156 2961 3198 nummum
3015 3153 3332 3215 argenteum
3391 3149 3738 3218 pendebant.

473 3240 734 3294 omnibus
759 3237 1165 3301 ostenderetur,
1196 3235 1568 3304 spectaculum
1611 3251 1741 3292 sane
1790 3225 2051 3293 miserum

476 3339 533 3384 et
581 3326 840 3396 lacrymis
885 3326 1156 3395 dignum;
1191 3325 1452 3379 inventus
1509 3335 1594 3381 est
1653 3328 1799 3381 enim
1851 3327 2053 3397 pedum

477 3434 705 3476 suorum
731 3416 933 3487 digitos
985 3431 1094 3472 una
1144 3430 1268 3470 cum
1295 3416 1518 3472 lacertis
1559 3415 1874 3472 devorasse.
1914 3417 2055 3474 Sunt

479 3521 660 3564 tamen
695 3507 944 3562 nonnulli
975 3506 1070 3575 qui
1117 3505 1233 3561 haec
1263 3507 1470 3562 Zenoni
1506 3507 1772 3564 accidisse
1805 3508 2049 3566 tradant:

479 3618 604 3655 nam
639 3601 789 3655 illum
839 3600 996 3654 aiunt
1027 3601 1345 3670 frequenter
1379 3599 1574 3654 morbo
1600 3599 1862 3655 comitiali
1898 3601 2052 3656 labo-

378 3693 398 3711 ’
478 3707 650 3757 rasse,
710 3707 775 3746 ac
830 3700 1109 3746 mortuum
1173 3691 1468 3762 aliquoties
1517 3691 1785 3746 creditum
1861 3709 2052 3751 rursus

479 3801 760 3842 TCVIXISSO.

549 3882 617 3931 At
646 3879 793 3931 enim
842 3893 953 3931 non
1005 3875 1190 3930 omnia
1230 3876 1284 3930 in
1329 3874 1648 3930 hominibus
1704 3879 1844 3932 mala
1901 3887 2050 3944 sunt,

479 3969 574 4024 sed
632 3967 859 4037 pessimi
892 3967 1171 4022 interdum
1219 3966 1423 4036 optima
1454 3967 1698 4036 quaedam
1732 3969 2051 4024 miscentur.

479 4059 695 4127 Quippe
720 4057 937 4112 tametsi
981 4059 1302 4111 Anastasius
1336 4057 1634 4126 imperator
1673 4075 1730 4114 se
1764 4061 2053 4129 profanum

478 4161 536 4206 et
571 4149 803 4219 impium
852 4148 1131 4203 hominem
1165 4147 1548 4212 declaraverit,
1595 4158 1773 4205 tamen
1817 4152 2055 4221 plantam

480 4241 774 4311 quamdam
815 4257 880 4296 ex
917 4241 1171 4296 universa
1193 4239 1403 4295 ditione
1437 4241 1680 4296 llomana
1709 4243 2054 4312 exstirpavit,

481 4338 640 4406 cujus
665 4346 772 4390 tam
801 4335 976 4390 amari
1008 4333 1222 4389 fructus
1260 4342 1416 4387 erant
1442 4343 1499 4388 et
1570 4333 1724 4387 radix
1779 4335 2054 4398 letliifera,

483 4439 540 4482 ut
572 4429 616 4482 si
653 4428 876 4497 quidem
911 4425 1194 4495 religionis
1229 4425 1622 4480 oﬂ‘endiculum
1662 4425 1830 4479 instar
1862 4440 2056 4479 crassa:

478 4520 644 4574 nubis
672 4520 790 4588 ejus
821 4515 1124 4570 luminibus
1172 4529 1281 4568 non
1317 4515 1615 4577 olIecisset,
1650 4515 1754 4568 hoc
1787 4530 1952 4568 unum
1977 4515 2056 4568 fa-

483 4612 644 4666 cinus
669 4607 986 4676 praeclarum
1038 4620 1230 4660 omnes
1271 4605 1446 4675 ipsius
1491 4605 1683 4660 sordes
1719 4614 1775 4659 et
1828 4606 2060 4675 impuri-

484 4709 625 4755 tates
655 4697 872 4752 abolere
915 4696 1176 4765 potuerit,
1233 4695 1528 4764 omniaque
1575 4696 1681 4749 viri
1713 4696 1928 4750 saniosa
1948 4698 2066 4751 vul-

485 4808 618 4848 nera
646 4801 901 4858 tanquam
928 4803 1168 4859 prtesens
1210 4787 1512 4842 remedium
1543 4803 1758 4842 sanare.
1791 4788 2059 4843 Nimirum

488 4883 720 4941 ornabat
739 4880 1208 4951 improbissimum
1245 4879 1521 4932 hominem
1547 4879 1770 4934 abolitio
1800 4889 2063 4950 perpetua

487 4976 770 5048 cujusdam
826 4971 1129 5028 exactionis
1187 4971 1566 5034 fraudulentre,
1592 4985 1754 5039 quam
1785 4971 2063 5042 publicani

486 5072 907 5140 chrysargyrum
942 5063 1120 5135 (quasi
1167 5063 1318 5117 dicas
1351 5063 2065 5136 aurargentum)nuncupao

489 5164 643 5217 bant.
684 5158 826 5224 Quid
877 5165 1058 5210 autem
1097 5163 1152 5210 et
1180 5153 1339 5225 quale
1374 5153 1720 5221 fueritillud,
1771 5155 1906 5210 libet
1965 5171 2064 5210 ex-

493 5265 720 5324 ponere.
749 5248 952 5303 Omnes
982 5246 1110 5312 viri,
1130 5246 1411 5308 mulieres,
1446 5245 1659 5314 puellm,
1687 5245 1860 5315 pueri,
1888 5244 2065 5301 infan-

491 5354 597 5410 tes,
625 5340 887 5407 mendici,
914 5339 1121 5407 liberti,
1150 5339 1316 5404 servi,
1350 5337 1530 5402 liberi,
1561 5339 1778 5394 nomine
1804 5338 2064 5394 stercoris

2157 3231 2302 3286 ldem
2337 3247 2478 3288 onus
2507 3233 2673 3289 etiam
2700 3237 2708 3243 ’
2725 3235 2991 3307 jumentis
3023 3235 3340 3308 impositum
3363 3247 3504 3306 erat,
3553 3239 3742 3298 bobus

2155 3323 2384 3391 scilicet,
2417 3324 2582 3380 mulis
2617 3335 2674 3382 et
2727 3327 2905 3396 equis.
2932 3327 3039 3383 Pro
3084 3329 3334 3400 quolibet
3381 3339 3568 3387 autem
3597 3348 3740 3389 cane

2155 3429 2219 3469 ac
2251 3414 2407 3471 asino
2441 3431 2537 3472 sex
2570 3416 2728 3472 folles
2751 3420 3076 3475 numerabat
3106 3421 3152 3475 is
3186 3421 3280 3491 qui
3310 3421 3465 3476 canis
3524 3423 3741 3480 asinive

2154 3507 2410 3564 dominus
2456 3519 2623 3564 esset.
2653 3509 2976 3566 Anastasius
3009 3527 3140 3582 ergo
3165 3513 3436 3568 reveritus
3469 3514 3740 3570 interces-

2156 3597 2340 3652 siones
2386 3609 2550 3669 atque
2589 3615 2783 3670 preces
2833 3603 3225 3658 nonnullorum
3266 3605 3568 3661 solitariam
3607 3609 3742 3663 reli-

2155 3690 2471 3760 giosamque
2487 3691 2651 3745 vitam
2686 3695 2964 3762 agentium
2995 3705 3204 3750 tantum
3227 3711 3365 3751 onus
3383 3708 3439 3752 et
3456 3698 3740 3766 piaculum

2156 3781 2418 3846 abolevit,
2460 3781 2705 3852 germine
2749 3785 2924 3854 turpis
2970 3786 3111 3840 lucri
3164 3787 3431 3843 radicitus
3459 3789 3651 3844 evulso
3678 3800 3741 3846 et

2157 3872 2268 3942 igni
2312 3873 2534 3928 tradito.

2229 3961 2420 4015 Postea
2448 3977 2579 4017 vero
2606 3979 2769 4034 quam
2817 3967 2993 4022 malus
3029 3968 3349 4027 Anastasius
3372 3972 3514 4027 mala
3549 3984 3738 4029 morte

2157 4051 2434 4120 periisset,
2482 4053 2620 4107 citra
2663 4056 2984 4127 sanguinem
3013 4059 3223 4127 potitus
3253 4060 3485 4130 imperio
3517 4062 3741 4132 primus

2159 4143 2390 4213 hujusce
2422 4143 2666 4199 nominis
2686 4146 2954 4203 Justinus.
2995 4147 3206 4219 Quippe
3230 4165 3354 4204 cum
3379 4150 3449 4205 ab
3480 4151 3739 4207 Amantio

2161 4235 2450 4303 praeposito
2525 4252 2750 4308 magnas
2802 4240 3050 4307 pecuniae
3105 4255 3349 4296 summas
3407 4244 3735 4314 accepisset,

2160 4340 2361 4394 easque
2390 4327 2576 4396 jussus
2598 4336 2747 4382 esset
2778 4327 2833 4382 in
2864 4330 3098 4384 militum
3130 4330 3357 4386 ordines
3390 4347 3640 4402 erogare,
3676 4343 3740 4387 ut

2164 4416 2457 4472 Theocrito
2490 4419 2781 4489 imperium
2813 4430 3171 4491 occuparent,
3213 4423 3306 4492 qui
3337 4423 3580 4479 Amantii
3605 4440 3740 4480 con-

2170 4509 2503 4579 sanguineus
2531 4521 2672 4576 erat,
2707 4512 2902 4567 alienis
2944 4513 3143 4583 opibus
3175 4513 3397 4569 sibimet
3430 4515 3730 4586 imperium

2166 4601 2476 4669 acquisivit,
2513 4618 2628 4656 rem
2680 4604 2842 4673 longe
2875 4603 3369 4659 fructuosissimam
3400 4622 3510 4662 aere
3555 4609 3738 4664 alieno

2160 4701 2456 4746 mercatus.
2492 4691 2584 4747 Sic
2606 4692 2867 4747 nimirum
2909 4709 3100 4749 omnes
3128 4696 3418 4764 imperium
3452 4698 3734 4762 affectant,

2160 4798 2265 4838 nec
2313 4784 2605 4854 quisquam
2639 4793 2723 4840 cst
2761 4788 2855 4854 qui
2893 4786 2982 4841 hic
3013 4787 3253 4857 injustus
3293 4804 3413 4844 csse
3447 4799 3725 4853 vereatur,

2165 4875 2419 4943 quamvis
2467 4875 2523 4929 in
2571 4876 2736 4931 rebus
2770 4877 2894 4932 aliis
2923 4893 2982 4932 se
3031 4879 3237 4948 justum
3282 4894 3346 4933 ac
3393 4880 3734 4935 moderatum

2168 4967 2430 5022 declaret.
2486 4967 2596 5040 64.
2629 4969 2761 5024 Erat
2793 4981 2976 5025 autem
3005 4969 3256 5026 Justinus
3281 4972 3373 5027 hic
3403 4974 3591 5027 senior
3621 4984 3734 5027 tum

2161 5061 2285 5131 pius
2307 5069 2419 5114 tum
2453 5061 2718 5131 prudens,
2745 5071 2803 5117 et
2828 5063 3095 5133 religiosa:
3124 5063 3344 5134 pictatis
3369 5066 3488 5120 zelo
3503 5065 3739 5135 ﬂagrans

2162 5163 2486 5223 perpetuum
2516 5169 2640 5207 cum
2668 5153 2984 5210 Manichaeis
3031 5155 3238 5210 bellum
3274 5157 3522 5226 gerebat.
3586 5156 3732 5211 ldem

2161 5245 2540 5317 gravissimam
2568 5246 2837 5310 omnium,
2869 5263 2993 5316 qua:
3028 5248 3339 5303 litterarum
3356 5247 3589 5317 quidem
3618 5262 3736 5300 mo-

2163 5335 2443 5391 numentis
2493 5336 2723 5406 prodita:
2776 5337 2927 5406 sint,
2979 5339 3425 5407 persecutionem
3473 5337 3734 5392 adversus

1830 5455 2030 5517 Variae
2074 5453 2403 5516 lectiones.

560 5585 582 5615 ⁸
613 5584 822 5648 τούτοις
854 5591 918 5640 Α.
991 5585 1292 5650 ’βέλτιστα
1341 5584 1448 5646 τοῖς
1497 5583 1562 5638 Α.
1640 5583 1684 5615 ¹⁰
1711 5581 1809 5650 τῆς
1868 5583 1932 5638 Α.
2015 5581 2054 5613 ¹¹
2105 5581 2244 5647 ἀγαν
2293 5576 2386 5632 Β..

492 5653 537 5688 ¹³
565 5658 676 5716 τοῖς
708 5641 822 5710 RR:
905 5656 946 5688 "
969 5641 1060 5711 καὶ
1113 5657 1252 5716 ὑπὲρ
1309 5652 1419 5708 AR.

1222 5673 1252 5726 ρ
1309 5652 1419 5708 AR.
1535 5654 1578 5686 ⁸⁸
1613 5649 1771 5725 μῖσος
1803 5649 1917 5706 RR.

490 5726 544 5766 ιον
563 5726 799 5782 εὐσεϐῶν
831 5729 896 5785 Α.

2023 5652 2065 5683 ⁸⁷
2102 5645 2422 5720 ποιούμενος
2473 5645 2538 5704 Β.

3265 5573 3602 5645 Θεραπεῦσαι

2457 5578 2498 5610 ¹¹
2533 5579 2984 5652 ίχωροδεστέρους
3045 5576 3112 5632 B.
3265 5576 3602 5645 Θεραπεῦσαι
3667 5576 3730 5623 Β.

2473 5645 2538 5704 Β.
2659 5651 2699 5681 ’⁸
2725 5650 3042 5716 πράγμασιν
3089 5651 3152 5703 Α.
3253 5647 3294 5682 ⁸⁸
3316 5645 3632 5716 εὑρίσκεται
3668 5639 3731 5694 ll.

2659 5651 2699 5681 ’⁸
2725 5650 3042 5722 πράγμασιν
3089 5651 3152 5703 A.
