4072 6268
359 471 476 525 Καὶ
501 469 738 542 διωγμὸν
767 469 1065 544 βαρύτερον
1095 472 1140 505 ’⁸
1165 470 1276 527 τῶν
1307 475 1798 545 μνημονευομένων

363 563 494 626 Τοῖς
523 561 846 633 συντηροῦσι
873 565 918 596 ³¹
947 565 1073 629 τοῦς
1114 564 1347 637 σαθροὺς
1375 567 1423 598 ’³
1466 567 1662 637 λήρους
1695 565 1790 618 τοῦ
1825 565 1934 618 Νε-

1599 657 1865 730 Ιστορίου.

357 743 480 814 Τῆς
506 743 787 814 βασιλείας
809 746 1098 819 τοιγαροῦν
1124 747 1322 819 κρατεῖ
1347 747 1577 819 χρόνους
1600 748 1777 803 ὲννέα.

449 836 536 899 Ὠς
564 836 620 890 δὲ
652 838 744 891 καὶ
767 838 959 892 τοῦτον
991 839 1229 910 φέροντα
1265 841 1440 910 πάχος
1475 839 1674 908 θνητοῦ
1705 838 1936 911 σαρκίου

371 927 576 998 Ἐχρῆν
601 929 662 981 τὸ
683 929 842 998 χρέος
877 931 977 1000 τῆς
1012 931 1210 1002 θνητῆς
1246 932 1463 1002 φύσεως
1493 931 1809 997 ἀποδοῦναι,

369 1019 517 1090 Πρὸς
542 1019 586 1050 ⁸⁸
609 1020 701 1073 τὸν
736 1020 1110 1076 Ἰουστινιανδν
1142 1024 1203 1076 τὸ
1229 1023 1431 1094 κράτος
1468 1025 1812 1095 μεταϐαίνει,

364 1109 475 1164 Τὸν
500 1109 591 1164 τοῦ
628 1111 756 1165 ναοῦ
786 1112 1063 1184 δομήτορα
1089 1113 1280 1168 τούτου
1309 1114 1403 1168 τοῦ
1434 1117 1853 1186 τρισμεγίστου,

365 1199 473 1252 Τὸν
507 1201 1088 1274 μεγαλοπρεπέστερον
1117 1204 1366 1258 ἀνάκτων
1387 1205 1496 1257 τῶν
1531 1205 1830 1276 προτέρων,

368 1293 470 1353 Ὃς
501 1291 834 1360 ἀδελφόπαις
861 1295 1083 1364 γνήσιος
1109 1294 1355 1364 ὑπῆρχεν
1393 1295 1704 1348 Ἰούστίνου.

364 1377 536 1442 Οὗτος
559 1382 605 1436 δ’
638 1385 800 1448 εὐθὺς
826 1386 884 1437 ὲν
907 1389 1025 1450 ταῖς
1054 1389 1250 1457 ἀρχαῖς
1277 1387 1376 1456 τῆς
1404 1385 1838 1456 αὐτοκρατορίας

367 1472 613 1542 Πόλεμον
644 1473 1015 1546 συνεκρότησε
1038 1476 1181 1529 κατά
1210 1476 1320 1528 τῶν
1346 1475 1668 1546 Οὐανδήλων
1699 1477 1746 1508 ⁸⁸

365 1565 480 1617 Kal
503 1565 598 1618 τοῦ
635 1567 803 1636 ρηγὸς
837 1567 1131 1638 Γελίμερος
1167 1567 1243 1630 ῶς
1270 1567 1763 1638 τυραννικωτάτου.

359 1655 555 1709 Φιλίαν
587 1657 696 1726 γάρ
723 1675 806 1711 τοι
830 1657 1080 1727 καθαρὰν
1108 1659 1204 1712 καὶ
1233 1659 1340 1729 πρὸ
1360 1659 1460 1728 τῆς
1490 1658 1773 1728 βασιλείας

364 1747 514 1815 Πρὸς
538 1747 628 1800 τδν
664 1747 949 1819 Ἰνδέρτχον
971 1748 1215 1802 πλουτῶν
1235 1748 1341 1802 τῶν
1369 1748 1691 1818 Ούανδήλων
1709 1749 1756 1779 ⁸⁸
1776 1746 1940 1818 ρῆγα,

366 1837 484 1892 Kal
515 1840 818 1910 γράμματα
849 1838 1139 1910 δεξάμενος
1165 1840 1238 1903 ῶς
1270 1843 1298 1894 ό
1343 1843 1532 1904 σκαιὸς
1568 1839 1802 1910 Γελίμερ

377 1930 752 2001 Ἐπανασταίη
785 1933 832 1964 ’⁸
857 1933 979 2002 κατ’
1009 1931 1178 1985 αὐτοῦ
1205 1933 1299 1985 καὶ
1328 1931 1692 1997 κατακλείσας
1722 1932 1766 1963 ⁸⁷
1795 1930 1908 2001 ἔχοι

359 2021 542 2074 Αὐτόν
567 2038 628 2075 τε
661 2021 754 2077 τὸν
793 2023 1080 2094 ’ἰνδέριχον
1104 2022 1203 2077 καὶ
1230 2023 1477 2094 γαμετὴν
1507 2023 1604 2076 καὶ
1631 2023 1820 2088 τέκνα,

361 2117 481 2169 Καὶ
516 2113 616 2186 τὴν
640 2115 818 2187 ἀρχὴν
842 2115 1434 2186 ἀφέλοιτοκσύμπασαν
1476 2115 1789 2186 Ἰνδερίχου,

361 2205 558 2262 Ταῦτα
593 2206 782 2278 μαθὼν
810 2208 838 2260 ὁ
864 2207 1143 2277 βασιλεὺς,
1180 2207 1409 2275 πληγείς
1429 2222 1489 2257 τε
1515 2204 1612 2276 τὴν
1644 2203 1872 2274 καρδίαν

369 2299 487 2353 Kal
513 2297 656 2368 μέγα
689 2296 1076 2368 παθηνάμενος
1109 2297 1154 2328 ’⁸
1188 2297 1328 2367 ὑπὲρ
1354 2296 1446 2349 τοῦ
1482 2293 1944 2365 δυσπραγοῦντος,

369 2391 571 2444 Στόλον
600 2390 742 2444 κατὰ
775 2389 1072 2460 Γελίμερος
1116 2388 1446 2460 μυρίανδρον
1485 2387 1786 2456 ἐκπέμπει,

365 2480 684 2553 Στολάρχην
703 2479 759 2533 δὲ
787 2481 833 2514 ⁸³
865 2480 1158 2549 καθίστησι
1189 2479 1284 2533 καὶ
1309 2477 1614 2547 στρατηγὸν
1642 2476 1742 2547 τῆς
1771 2476 1950 2546 μάχης

368 2573 480 2624 Τὴν
520 2571 694 2642 μέγαν
721 2571 1057 2642 Βελισάριον,
1089 2569 1188 2640 τὴν
1214 2570 1327 2622 τῶν
1369 2568 1656 2639 Ῥωμαίων
1689 2569 1870 2638 χεῖρα,

371 2663 480 2716 Τὸν
510 2663 719 2725 πάντας
753 2661 1153 2732 ἀποκρύψαντα
1174 2662 1522 2732 στρατάρχας
1547 2657 1954 2729 φαλαγγάρχας

386 2753 514 2805 Ἐπὶ
546 2753 864 2823 στερρότητι
904 2752 1141 2822 φρενῶν,
1172 2751 1258 2804 ἐπ’
1294 2751 1732 2819 ἀριστοϐουλίαις
1765 2765 1780 2784 ο

380 2845 479 2906 ’ος
515 2842 907 2913 συλλεξάμενος
931 2843 1144 2913 πληθὺν
1177 2841 1474 2912 ναυμάχων
1509 2840 1862 2911 πεζομάχων,

1461 360 1966 424 COMPENDiUM
2003 358 2482 422 CHRONICUM.

3501 357 3616 422 338'

1966 480 2006 533 Α
2037 475 2262 540 Ψιλοῦς,
2287 473 2568 537 ἐνόπλους,
2595 468 3196 537 πελταστὰς,ίππότας,
3223 470 3610 542 σφενδονήτας,

2048 565 2363 626 Ἐθὲλοντας
2395 565 2489 618 καὶ
2529 563 2862 625 σπεύδοντας
2907 562 3077 616 αὑτοῦ
3109 561 3572 634 προκινδυνεύειν,

2039 658 2149 711 Kal
2184 656 2303 726 βίας
2334 655 2673 727 ἀπεχόμενος
2698 655 2899 708 ἀδίκων
2929 654 3331 724 ἁρπαγμάτων,

2039 745 2148 798 Kal
2175 746 2385 808 πάντας
2403 744 2623 814 ἔχεσθαι
2647 743 2821 798 ποιῶν
2859 743 2956 814 τῆς
2984 743 3433 814 δικαιοπραγίας,

2040 837 2228 890 Πᾶσαν
2253 833 2712 905 κατετροπώσατο
2739 833 2954 888 Λιϐύων
2995 835 3135 903 φυλα
3147 834 3328 906 ρχίαν,

2040 928 2150 980 Kal
2176 927 2441 998 τράχηλον
2487 927 2577 978 τὸν
2609 926 2897 996 ἄκαμπτον
2956 926 3166 979 ἔκλινεν
3194 925 3518 995 Οὐανδήλων
3549 927 3616 989 ’⁵,

2040 1019 2226 1071 Αὐτῶν
2254 1017 2400 1088 αύτῷ
2430 1018 2539 1071 τῶν
2563 1017 2845 1087 δυσμενῶν
2880 1016 3095 1070 Λιϐύων
3150 1015 3618 1087 προσχωρούντων

2041 1109 2152 1162 Kal
2188 1109 2597 1173 σπουδαζόντων
2627 1108 2891 1178 ἄρχεσθαι
2925 1109 3079 1178 παρὰ
3108 1107 3453 1180 Βελιζαρίου.

2042 1201 2198 1254 Οῦτω
2221 1219 2301 1254 τοι
2329 1202 2375 1233 ³⁰
2407 1203 2638 1272 πρᾶγμα
2679 1200 2960 1269 δύσμαχον
3001 1201 3042 1232 ³⁸
3071 1201 3103 1270 ἡ
3127 1201 3547 1272 δικαιοπραγία,

2045 1293 2154 1346 Kal
2185 1291 2370 1360 φίλους
2400 1287 2506 1346 οἵδε
2540 1293 2805 1363 καθιστᾷν
2837 1293 2964 1354 τοὺς
3000 1291 3196 1363 πρώην
3231 1294 3616 1362 μισουμένους,

2055 1385 2370 1454 Ἐφέλκεταί
2397 1402 2457 1438 τε
2483 1386 2610 1449 τοὺς
2643 1385 2873 1455 ἐχθροὺς
2901 1385 2980 1448 ὡς
3017 1386 3237 1456 σίδηρον
3265 1388 3555 1456 μαγνῆτις.

2044 1477 2252 1544 Δεῖγμα
2277 1475 2644 1544 χρηστότητος
2663 1474 2830 1528 αὑτοῦ
2862 1476 2955 1528 καὶ
2981 1475 3184 1545 τρόπου
3210 1474 3618 1545 φιλανθρώπου.

2048 1564 2301 1635 Ἦρπασέ
2336 1567 2382 1597 ⁸³
2407 1583 2490 1628 τις
2519 1566 2627 1620 τῶν
2653 1567 2745 1619 τοῦ
2783 1566 3015 1636 στρατοῦ
3063 1566 3398 1620 κατοικιδίαν
3427 1566 3574 1637 ὅρνιν
3601 1581 3618 1598 ο

2049 1657 2276 1726 ’Ἡγειρε
2301 1656 2464 1727 θροῦν
2493 1657 2521 1709 ό
2550 1657 2625 1726 μὴ
2649 1656 2832 1720 καλῶς
2860 1658 3177 1727 ἀφαιρεθεὶς
3213 1659 3310 1728 τὴν
3333 1659 3508 1729 ὄρνιν.

2051 1749 2288 1800 Ἤκουσε
2321 1747 2661 1819 Βελισάριος,
2693 1748 2932 1818 ἠχθέσθη
2967 1749 3044 1818 τῷ
3082 1750 3373 1819 συμϐάντι,

1977 1831 2014 1886 Β
2060 1841 2282 1910 ’Λνεῦρε
2313 1839 2403 1893 τὸν
2446 1839 2794 1909 φιλάρπαγα.
2830 1841 2920 1913 Τῷ
2961 1840 3106 1913 ζήλῳ
3135 1842 3178 1895 δ’
3208 1842 3517 1911 ὑπερζέσας

2046 1933 2228 1985 Δεινδν
2242 1933 2287 1964 ³⁸
2315 1931 2704 2001 εἰσπράττεται
2733 1933 2924 2002 ποινὴν
2947 1934 3086 2002 ὑπὲρ
3121 1933 3319 2004 μικροῦ
3351 1931 3618 2002 μεγάλην·

2047 2024 2277 2079 Κελεύει
2319 2023 2426 2094 γὰρ
2450 2023 2541 2076 τὸν
2573 2023 2756 2077 ἄθλιον
2787 2026 3314 2094 ἀνασκολοπισθῆναι

2047 2119 2158 2172 Kal
2179 2117 2384 2188 ταύτην
2411 2116 2571 2186 δίκην
2604 2118 2861 2188 ὑποσχεῖν
2901 2120 2999 2188 τῆς
3047 2119 3330 2187 φιλαδίκου
3375 2118 3620 2188 γνώμης·

2050 2213 2113 2264 Et
2144 2211 2251 2281 γάρ
2273 2212 2367 2263 xal
2393 2212 2764 2280 προσεφέρετο
2794 2213 2905 2274 τοῖς
2931 2211 3113 2280 ὄχλοις
3148 2210 3550 2279 φιλανθρώπως

2051 2300 2162 2354 Kal
2193 2300 2366 2369 μέλιτι
2397 2299 2724 2366 γλυκάζοντι
2756 2299 2882 2362 τοὺς
2911 2299 3103 2365 λόγους
3129 2297 3444 2367 συνεκίρνα,

1971 2385 1983 2393 ’
2065 2389 2204 2444 Ἀλλ’
2238 2389 2354 2460 ᾔδει
2391 2389 2439 2421 ⁸⁸
2477 2391 2568 2443 καὶ
2594 2389 2929 2458 πικράξοντά
2955 2405 3084 2442 ποτε
3118 2387 3524 2457 παραμιγνύειν

2051 2482 2211 2536 Κατὰ
2235 2480 2495 2551 δοκίμους
2529 2481 2749 2548 ἰατροὺς
2779 2480 2875 2533 καὶ
2899 2480 3417 2549 πολυπειροτέρους.

2053 2572 2338 2628 Ἐντεῦθεν
2375 2575 2439 2642 τῇ
2469 2571 2564 2642 μὲν
2595 2572 2824 2642 στρατιᾷ
2860 2570 3022 2638 φόϐος
3055 2570 3258 2638 ἐπῆλθε
3295 2571 3487 2639 μέγας,

2054 2667 2164 2720 Kal
2198 2664 2316 2728 δέος
2349 2663 2765 2733 ἐκρυστάλλωσε
2798 2661 2893 2715 τοῦ
2923 2662 3161 2731 πλήθους
3181 2663 3280 2725 τὰς
3307 2661 3532 2732 καρδίας
3554 2660 3626 2694 ’⁸ο

2054 2761 2154 2812 Ἐκ
2182 2757 2239 2810 δὲ
2266 2755 2480 2810 Λιϐύων
2512 2756 2621 2808 τῶν
2651 2754 2862 2826 ἐχθρῶν
2886 2756 3075 2824 ἀγάπη
3114 2754 3448 2825 προσετέθη,

2056 2849 2165 2906 Kal
2197 2849 2396 2912 πάντες
2420 2843 2514 2900 Ῐσα
2541 2847 2635 2902 καὶ
2663 2847 2784 2901 θεὸν
2807 2846 2855 2886 ³⁶ι
2875 2845 2967 2900 τὸν
2993 2846 3299 2916 στρατηγὸν
3322 2846 3627 2916 εύφήμουν.

3307 2981 3461 3037 Yers.
3491 2979 3633 3036 5168

380 3094 509 3149 illos
540 3091 779 3150 instituit
808 3091 902 3162 qui
940 3090 1132 3163 putida
1170 3088 1406 3146 Nestorii
1448 3088 1640 3144 deliria
1670 3089 1956 3145 sectaban-
2063 3108 2123 3153 υι
2158 3098 2302 3168 ωψιί
2352 3096 2712 3152 observantes
2757 3102 2964 3159 essent,
3026 3093 3251 3164 Libyam
3313 3092 3628 3147 universam

385 3194 498 3238 ωτι
528 3181 645 3237 Ηοο
674 3181 840 3238 ῐηοάο
865 3196 1062 3236 “Ovem
1090 3181 1250 3236 annis
1271 3179 1502 3250 imperio
1526 3179 1752 3249 Ρθιίιυτο
1985 3177 2028 3235 C
2061 3189 2371 3260 occupavit,
2401 3197 2457 3244 et
2501 3187 2747 3242 cervices
2782 3185 3162 3249 Vandilorum,
3214 3198 3336 3253 quae
3367 3183 3635 3237 hactenus

455 3274 594 3330 Cum
617 3283 800 3330 autem
825 3283 880 3328 et
902 3273 1006 3342 ipsi
1031 3272 1278 3328 debitum
1303 3272 1954 3342 naturaapersolvendum
2056 3283 2201 3337 ﬂecti
2234 3281 2614 3352 nequiverant,
2653 3281 2882 3341 inﬂexit,
2919 3278 3168 3347 ipsismet
3218 3276 3365 3331 Afris
3407 3274 3473 3329 ad
3503 3289 3631 3328 eum

380 3372 553 3430 esset.
585 3365 654 3420 ad
704 3364 1099 3429 Iustinianum,
1133 3379 1297 3433 supra
1333 3363 1694 3432 imperatores
1741 3364 1958 3434 priores
2058 3371 2479 3435 deﬁcientibus,
2531 3377 2587 3422 et
2638 3384 2861 3439 Operam
2903 3367 3163 3422 dantibus
3211 3375 3329 3420 uta
3375 3363 3638 3418 Belisario

381 3455 755 3524 magniﬁcum,
785 3455 1073 3526 imperium
1103 3456 1386 3526 pervenit;
1421 3455 1516 3525 qui
1539 3457 1957 3525 templumillud
2059 3473 2405 3535 regerentur.
2442 3461 2714 3516 Nimirum
2764 3459 2968 3514 invicta
3000 3475 3088 3514 res
3131 3456 3472 3529 estjustitia,
3513 3471 3636 3525 qua:

380 3548 546 3619 longe
587 3548 882 3604 maximum
926 3549 1191 3606 condidit.
1247 3549 1421 3606 Natus
1461 3561 1580 3605 erat
1633 3568 1702 3607 ex
1753 3552 1957 3608 Justini
2058 3559 2216 3627 prius
2250 3555 2474 3609 infestos
2490 3561 2668 3622 potest
2693 3552 2898 3606 amicos
2927 3550 3178 3614 reddere,
3214 3564 3277 3604 ac
3300 3549 3487 3602 hostes
3510 3561 3639 3615 pera

380 3655 596 3704 sorore,
629 3641 922 3711 statimque
945 3641 1049 3697 sub
1084 3641 1300 3696 initium
1353 3644 1570 3713 imperii
1622 3645 1830 3700 bellum
1861 3646 1960 3701 ad-
2062 3645 2190 3699 inde
2211 3643 2439 3698 attrahit
2467 3650 2527 3695 ut
2559 3655 2783 3711 magnes
2808 3639 3043 3694 ferrum.
3075 3639 3394 3706 Exemplum
3422 3636 3640 3690 bonita-

382 3747 579 3787 versus
606 3732 863 3788 Vandilos
888 3744 945 3789 et
979 3749 1160 3803 regem
1201 3749 1394 3789 eorum
1418 3735 1770 3803 Gelimerem,
1798 3738 1961 3808 longe
2067 3735 2136 3788 tis
2161 3741 2218 3788 et
2242 3729 2602 3786 humanitatis
2627 3731 2745 3800 ejus
2779 3744 2909 3800 erga
2943 3727 3195 3782 subditos
3226 3727 3332 3781 hoc
3361 3741 3483 3781 esse
3515 3733 3638 3796 pot-
3720 3725 3722 3727 ’

379 3824 826 3879 crudelissimum
860 3865 876 3890 ,
928 3826 1118 3879 movit.
1173 3826 1308 3880 Nam
1352 3843 1486 3881 cum
1512 3844 1731 3899 magno,
1785 3845 1963 3899 eoque
2063 3834 2168 3879 est.
2204 3823 2434 3890 Quidam
2477 3823 2633 3877 miles
2655 3836 2810 3876 avem
2843 3820 3208 3875 domesticam
3250 3826 3524 3888 rapuerat.
3561 3817 3638 3871 Ea

382 3914 646 3980 candido,
697 3930 886 3970 amore
937 3915 1296 3970 Vandilorum
1336 3933 1516 3988 regem
1565 3910 1962 3975 Hinderichum
2067 3916 2161 3985 qui
2197 3931 2293 3985 per
2331 3916 2584 3986 injuriam
2619 3913 2884 3983 spoliatus
2910 3921 3052 3973 erat,
3093 3911 3386 3965 clamorem
3429 3909 3638 3963 tumul-

383 4007 555 4060 etiam
583 4018 747 4070 antea
778 4006 1259 4076 complecteretur,
1285 4025 1412 4064 cum
1446 4011 1734 4080 imperium
1769 4023 1966 4068 nactus
2071 4008 2311 4064 tuarium
2347 4009 2507 4062 tollit.
2555 4007 2674 4073 Quo
2710 4006 2935 4075 quidem
2973 4003 3270 4059 Belisarius
3311 4002 3500 4057 audito
3557 4001 3640 4056 fa-

384 4097 607 4161 fuisset,
648 4112 712 4151 ac
739 4098 850 4168 jam
880 4097 1080 4152 litteris
1110 4099 1316 4154 certior
1353 4100 1532 4156 factus
1563 4112 1712 4158 esset
1759 4104 1965 4174 impro—
2069 4111 2219 4156 ctum
2246 4100 2376 4154 illud
2435 4101 2664 4154 molesto
2707 4100 2830 4154 tulit
2878 4099 3104 4164 animo;
3173 4097 3401 4150 militem
3437 4093 3644 4163 rapinis

386 4189 524 4242 l-nm
549 4188 876 4243 Gelimerem
923 4188 1194 4244 seditione
1231 4199 1375 4245 mota
1400 4190 1802 4248 Hinderichum
1837 4211 1965 4250 cum
2070 4191 2315 4246 deditum
2349 4191 2719 4260 perquirendo
2764 4190 3010 4258 reperit;
3051 4189 3337 4243 ardentius
3364 4185 3640 4239 excande-

385 4297 566 4338 οχοιό
589 4297 652 4336 ac
679 4282 868 4336 liberis
913 4281 1186 4337 inclusum
1241 4285 1359 4339 loco
1387 4286 1631 4355 quodam
1666 4287 1871 4342 habere
1903 4303 1968 4344 ac
2071 4295 2231 4338 scens
2291 4297 2508 4350 poenam
2541 4295 2640 4349 pro
2677 4281 2880 4334 delicto
2925 4295 3033 4332 non
3068 4292 3266 4347 magno
3312 4285 3556 4329 atrocem
3587 4283 3644 4327 ct

389 4386 624 4440 regnum
673 4373 724 4425 ei
789 4379 963 4426 totum
1003 4371 1276 4427 ademisse
1303 4416 1318 4439 ,
1361 4375 1716 4444 perturbatus
1755 4377 1964 4446 animo,

389 4466 862 4534 vehementerque
922 4479 1051 4520 casu
1117 4465 1279 4521 amici
1337 4468 1571 4524 adverso
1633 4481 1960 4536 commotus,

387 4559 625 4613 classem
651 4555 880 4612 inﬁnitis
899 4556 1219 4612 instructam
1243 4559 1417 4628 copiis
1429 4569 1618 4614 contra
1635 4560 1964 4616 Gelimeretn

391 4648 588 4713 misit,
627 4647 790 4717 eique
839 4663 938 4704 ceu
991 4649 1123 4704 belli
1157 4650 1352 4705 ducem
1410 4652 1656 4721 praefecit
1706 4668 1962 4722 magnum

391 4740 552 4794 illum
590 4739 935 4805 Belisarium,
969 4739 1140 4809 ipsam
1169 4742 1540 4796 Romanorum
1575 4759 1835 4810 manum;
1869 4744 1964 4813 qui

391 4846 590 4886 omnes
618 4831 974 4901 imperatores
1007 4833 1402 4903 copiarumque
1429 4834 1598 4889 duces
1627 4836 1793 4888 animi
1829 4851 1965 4890 con-

391 4923 598 4976 stantia
621 4933 678 4977 et
704 4923 1136 4992 praeclarissimis
1160 4924 1407 4980 consiliis
1434 4925 1734 4996 superavit.
1757 4926 1961 4980 Belisa-

394 5016 516 5068 rius
540 5022 766 5083 accepto
789 5014 1022 5084 imperio
1047 5030 1173 5069 cum
1219 5016 1556 5082 classiarios,
1587 5017 1802 5086 pedites
1833 5016 1971 5071 levis

391 5114 452 5158 et
475 5105 658 5174 gravis
691 5117 980 5162 armatura:
1019 5107 1241 5172 milites,
1273 5117 1536 5173 cetralos,
1571 5108 1808 5177 equites,
1841 5107 1970 5162 fun-

392 5195 629 5257 ditores,
653 5195 744 5263 qui
779 5211 876 5264 pro
904 5213 969 5251 eo
994 5197 1249 5251 lubenter
1278 5212 1338 5252 se
1366 5199 1776 5267 periclitaturos
1804 5199 1960 5269 proﬁ-

389 5295 670 5346 terentur.
698 5288 1026 5359 collegisset.
1058 5287 1218 5366 simul
1244 5289 1312 5342 ab
1346 5290 1672 5361 injustarum
1707 5291 1974 5360 direptio-

395 5393 534 5434 num
554 5377 604 5431 vi
629 5393 852 5448 prorsus
873 5378 1192 5442 abstineret,
1216 5395 1518 5453 omnesque
1541 5382 1975 5440 consuefecisset

2070 4387 2290 4443 gravem
2315 4370 2368 4424 in
2395 4387 2520 4428 eum
2547 4369 2743 4424 statuit
2767 4385 2781 4432 ;
2815 4367 3018 4436 quippe
3049 4367 3312 4421 miserum
3339 4365 3394 4417 in
3421 4378 3642 4418 crucem

2071 4462 2156 4533 agi
2201 4461 2385 4533 jussit,
2432 4469 2596 4530 atque
2644 4460 2749 4514 hoc
2779 4457 3035 4528 supplicii
3073 4471 3248 4528 genus
3280 4463 3503 4525 prOpIer
3525 4454 3642 4508 ani-

2074 4569 2224 4608 mum
2257 4550 2474 4624 injuria:
2504 4551 2762 4618 cupidum
2799 4550 3034 4620 perpeti.
3069 4548 3178 4620 65
3210 4546 3471 4615 Quamvis
3495 4546 3643 4600 enim

2069 4661 2100 4700 a
2132 4654 2328 4700 natura
2351 4643 2433 4699 sic
2457 4651 2806 4712 comparatus
2831 4649 2950 4696 erat
2980 4648 3040 4694 ut
3064 4638 3480 4710 perhumaniter
3513 4652 3640 4692 cum

2069 4735 2384 4792 hominibus
2416 4743 2601 4805 ageret
2631 4732 2888 4802 dulcique
2919 4731 3078 4786 melle
3109 4730 3277 4786 verba
3307 4743 3404 4784 sua
3435 4736 3644 4797 tempe-

2071 4837 2236 4888 raret,
2271 4838 2450 4882 tamen
2487 4827 2631 4880 idem
2687 4832 2848 4879 norat
2892 4823 3240 4893 experientes
3280 4829 3338 4875 et
3366 4821 3542 4874 claros
3584 4819 3644 4873 in

2075 4929 2192 4974 arte
2223 4935 2322 4975 sua
2367 4919 2610 4973 medicos
2662 4917 2838 4971 solere
2873 4931 3269 4984 nonnunquam
3315 4928 3497 4966 amara
3535 4912 3640 4964 mi-

2070 5028 2244 5068 scere.
2311 5011 2488 5083 Atque
2535 5012 2641 5066 hoc
2701 5011 2846 5064 facto
2877 5016 3210 5064 consecutus
3237 5013 3409 5060 estut
3450 5005 3644 5073 ingens

2071 5104 2293 5175 quidam
2366 5119 2535 5174 pavor
2587 5102 2893 5157 exercitum
2957 5098 3244 5152 invaderet
3297 5093 3642 5162 militumque

2071 5197 2237 5252 corda
2283 5205 2461 5250 metus
2499 5194 2906 5261 constringeret
2939 5230 2954 5252 ,
3031 5189 3233 5259 Libyca
3289 5202 3420 5240 vero
3467 5185 3641 5245 natio,

2072 5289 2334 5343 Romanis
2368 5288 2583 5347 infesta,
2625 5284 2946 5338 Belisarium
2996 5297 3182 5336 amare
3228 5280 3525 5347 occiperet,
3581 5291 3644 5328 ac

2073 5381 2268 5434 ducem
2307 5379 2456 5432 hunc
2510 5377 2681 5432 instar
2733 5375 2964 5444 alicujus
3019 5372 3116 5427 Dei
3161 5369 3418 5424 laudibus
3472 5366 3638 5434 vulgo

1759 5519 1960 5581 Variae
2005 5516 2335 5578 lectiones.

1058 5649 1102 5678 ²²
1131 5645 1436 5714 σεϐομένοις
1467 5648 1531 5700 Λ.

1069 5719 1123 5788 ’τί
1144 5719 1498 5788 καταστήσας
1528 5717 1642 5788 RR.

477 5650 518 5681 "
559 5646 857 5718 βαρύτατον
888 5649 952 5702 Λ.

403 5721 452 5754 ³⁸
493 5719 870 5785 ἐπαναστήσας
903 5721 968 5773 Λ.

1638 5647 1685 5678 ’⁸
1715 5645 1959 5713 caupo-3;
1993 5643 2103 5704 RR,
2133 5641 2370 5712 λυπροῦς
2402 5643 2477 5696 Μ.

1751 5717 1795 5748 ’⁸
1831 5717 2219 5779 παθαινόμενος
2247 5713 2308 5765 Β.

2591 5642 2638 5691 ’τε
2661 5641 2754 5693 καὶ
2792 5639 2924 5700 πρὸς
2958 5637 3025 5691 Μ.
3121 5635 3163 5666 ’⁸
3208 5631 3494 5700 Βανδὴλων
3530 5625 3646 5700 RB.

2423 5714 2466 5742 ’³
2495 5730 2550 5762 τε
2583 5712 2742 5764 ARR.
2835 5695 2982 5760 'w'n
3018 5706 3129 5759 AR.
3171 5705 3209 5735 ⁸¹
3244 5695 3531 5771 σύμμαχ’λν
3572 5695 3641 5757 Β»

406 5790 453 5823 ⁸⁸
484 5782 850 5860 ἐξήρπασέῐί.
925 5789 968 5822 ³³
995 5787 1172 5859 δεινὴν
1202 5786 1311 5841 All.
1372 5782 1434 5820 ’³⁵
1457 5784 1560 5841 εἶδε
1587 5787 1649 5842 ll.
1730 5787 1773 5820 ³³
1805 5787 1902 5852 τὴν
1938 5786 2160 5851 καρδίαν
2183 5784 2247 5837 Il.
2326 5784 2368 5815 ³⁸
2403 5782 2526 5848 θμῖ).
