4102 6282
335 353 486 415 106)

1788 354 2149 416 TYPICUM.

3450 369 3588 434 2070

329 468 438 518 καὶ
469 462 615 515 οἴνου
644 459 720 531 τῷ
758 461 968 531 μείζονι
996 461 1275 532 διδομένου
1310 463 1536 535 ἐξαγίῳ,
1574 465 1660 520 διὰ
1705 467 1795 519 τὶν
1853 471 1907 519 ἐκ

2018 477 2200 522 autem
2232 469 2561 538 quibusdam
2600 473 2811 538 crudis,
2845 485 2901 531 et
2929 475 3199 534 fructibus
3239 479 3466 536 refectio
3498 498 3594 539 su-

327 556 441 625 ·τῆς
481 551 795 624 ἀγρυπνίας
823 553 1014 608 κόπον.

425 735 514 786 Ἐν
541 733 596 786 δὲ
624 730 701 802 τῷ
731 731 872 802 ἁγίῳ
921 733 1182 804 Σαϐὅὰτῳ
1211 735 1435 790 ἀπέστω
1485 737 1631 790 πᾶσα
1678 736 1916 806 μέριμνα

331 827 730 896 περισπασμὸν
765 825 1068 896 ἐμποιοῦσα
1103 843 1116 855 ·
1144 829 1302 897 μόνος
1355 829 1412 883 δὲ
1442 829 1770 896 διακλυσμδς
1805 831 1916 896 (47)

330 918 578 985 γινέσθω
601 917 742 971 κατὰ
773 916 832 970 τὸ
854 916 992 980 ἔθος,
1023 917 1180 988 κᾶνή
1232 918 1331 987 τῆς
1387 921 1767 989 παναχρὰντου
1827 923 1921 971 Δε-

331 1010 573 1077 σποίνης
614 1007 776 1078 ήμῶν
809 1005 1073 1061 Θεοτόκου
1106 1010 1392 1082 συνδράμῃ
1419 1010 1581 1083 ἑορτὴ
1611 1011 1702 1065 τοῦ
1740 1011 1917 1079 Εὐαγ-

332 1099 627 1169 γελισμοῦ.
661 1097 863 1152 Τοῦτον
898 1097 997 1168 μὲν
1019 1097 1081 1169 δὴ
1108 1099 1198 1152 τὸν
1227 1099 1432 1166 τρόπον
1485 1103 1518 1172 ὴ
1571 1102 1628 1154 ὲν
1664 1104 1730 1172 τῇ
1789 1101 1919 1174 ἁγίᾳ

328 1193 437 1245 καὶ
461 1187 676 1261 μεγάλῃ
702 1191 745 1242 Τ
748 1195 1130 1263 εσσαρακοστῇ
1158 1191 1338 1246 δίαιτα
1365 1193 1470 1246 τῶν
1498 1195 1716 1265 τροφῶν
1766 1194 1919 1264 ὑμῶν

329 1285 532 1354 ἐχέτω,
562 1283 660 1353 τῆς
689 1283 816 1351 περὶ
846 1282 954 1334 τῶν
986 1281 1331 1336 ἀσθενουσῶν
1357 1283 1655 1354 φροντίδος,
1685 1286 1752 1354 τῇ
1800 1285 1917 1338 δια-

331 1376 520 1445 κρίσει
541 1374 640 1443 τῆς
671 1373 1032 1444 προεστὼσης
1052 1373 1427 1443 ἀνατεθείσης·
1457 1376 1523 1428 τὰ
1537 1375 1592 1429 δὲ
1622 1377 1729 1430 τῶν
1751 1375 1920 1444 ἁγίων

354 1467 692 1520 Ἀποστόλων
729 1465 930 1519 αὐτίκα
973 1466 1038 1534 δὴ
1087 1465 1490 1536 τυπωθήσεται.

902 1555 1154 1612 ΚΕΦΑΛ.
1206 1557 1350 1613 MH'.

338 1647 482 1716 Περὶ
511 1647 618 1720 τῆς
724 1645 811 1720 ,τῇ
832 1645 950 1720 τῷν
970 1647 1155 1720 ιζγίων
1193 1649 1581 1720 Ἀποστόλων
1615 1653 1918 1720 Τεσσαρα-

413 1718 601 1798 stagni
631 1718 764 1789 (48),
804 1717 902 1771 καὶ
942 1716 1063 1770 τῶν
1104 1719 1366 1786 Χριστοῦ
1412 1720 1752 1774 Γενεθλίων
1790 1716 1918 1790 ἱρό-

413 1805 558 1856 φηςι
931 1853 933 1855 ,

409 1896 567 1950 Μετὰ
587 1896 646 1950 τὸ
673 1895 990 1967 τελεσθῆναι
1016 1896 1116 1968 τὴν
1167 1900 1346 1952 πᾶσαν
1365 1898 1684 1955 ἀκολουθίαν
1716 1903 1826 1954 τῶν
1854 1920 1915 1956 τε

325 1989 514 2058 ὡρῶν,
548 1989 642 2042 καὶ
680 1988 780 2056 τῆς
809 1988 959 2052 θείας
985 1989 1352 2060 λειτουργίας,
1382 1991 1459 2056 ὡς
1489 1992 1553 2044 τὸ
1589 1993 1916 2061 Συναξάριον

324 2078 576 2142 διέξεισι,
640 2077 875 2132 καλείτω
938 2079 1138 2150 span.
1187 2079 1436 2150 τράπεζα
1491 2080 1633 2136 κατὰ
1658 2081 1753 2135 τὸν
1798 2081 1914 2137 ἄνω

324 2172 662 2240 διαταγέντα
719 2171 890 2225 τύπον
921 2171 1156 2244 ἑϐδόμης
1188 2173 1338 2244 ὥρας
1373 2175 1758 2246 ἐνισταμένης,
1790 2178 1848 2228 ὲν

329 2264 480 2316 κατὰ
517 2262 616 2330 μὲν
642 2261 740 2332 τὴν
765 2260 1048 2332 δευτέραν,
1073 2265 1329 2334 τετράδα,
1385 2267 1480 2320 καὶ
1532 2267 1913 2336 Παρασκευὴν,

327 2353 432 2408 δύο
471 2353 747 2424 ἐδέσματα
773 2354 908 2424 ὑμῖν
949 2355 1046 2409 σὺν
1074 2355 1240 2426 ἐλαίῳ
1277 2356 1457 2426 ἐψητὰ
1496 2357 1781 2424 ὲσθιέσθω,
1816 2361 1914 2411 καὶ

331 2445 478 2512 οἶνος
509 2448 750 2503 πινέσθω
777 2447 863 2503 διὰ
883 2449 977 2502 τοῦ
1020 2449 1266 2519 μείζονος
1317 2451 1560 2520 ἑξαγίου.
1634 2451 1796 2505 Κατὰ
1857 2453 1914 2505 δὲ

330 2539 439 2602 τὰς
500 2540 708 2612 τρίτας,
769 2540 866 2596 καὶ
921 2542 1018 2604 τὰς
1066 2542 1355 2612 πέμπτας,
1395 2543 1489 2596 δύο
1524 2543 1557 2613 ἢ
1591 2543 1718 2613 τρία
1754 2544 1915 2614 ὃμοια

333 2633 629 2700 ἐδέσματα,
665 2632 847 2696 καθὼς
877 2635 910 2702 ἠ
949 2635 1268 2701 προεστῶσα
1301 2635 1535 2703 θελήσει.
1592 2637 1672 2689 Ta
1693 2636 1748 2688 δὲ
1777 2636 1916 2689 Σάδ-

336 2723 503 2786 6ατα,
537 2724 631 2775 καὶ
660 2725 758 2786 τὰς
793 2723 1099 2792 Κυριακὰς,
1131 2725 1228 2776 καὶ
1280 2723 1479 2792 ἰχθύων
1541 2725 1914 2795 μεταληπτέον

336 2814 548 2866 οἴκοθεν
575 2813 983 2884 παρεχομένων,
1007 2814 1056 2864 εί
1086 2813 1161 2883 μὴ
1183 2813 1452 2884 διάκρισις
1479 2814 1592 2882 (i9)
1635 2815 1786 2885 παρὰ
1836 2833 1917 2869 τι-

340 2921 429 2967 νος
461 2904 756 2956 στέλλοιτο.
783 2905 894 2958 Καὶ
915 2899 1056 2966 οἶνος
1101 2903 1157 2956 δὲ
1201 2906 1260 2957 ὲν
1315 2904 1560 2967 ἁπάσαις
1615 2907 1736 2967 ταῖς
1771 2908 1914 2976 ἡμέ-

343 3012 483 3066 ραις,
517 2996 544 3047 ό
571 2995 712 3064 μετὰ
756 2995 848 3048 τοῦ
882 2994 1128 3064 μείζονος
1157 2994 1312 3048 ἔσται
1341 2994 1578 3063 ὲξαγίου.
1627 2996 1788 3050 Ἀλλὰ
1820 3001 1914 3050 καὶ

338 3089 550 3150 δεῖπνος
608 3086 717 3158 [Ion
786 3087 1041 3152 δεῖπνον,
1099 3103 1404 3158 quanquam
1454 3087 1590 3142 alibi
1621 3092 1914 3159 reperiatur

2023 561 2218 616 menda
2240 573 2358 629 est;
2384 573 2440 618 et
2472 565 2657 620 vinum
2682 581 2805 620 cum
2836 569 3041 640 majore
3072 570 3300 641 hexagio
3327 573 3592 638 dandum.

2023 651 2093 705 ob
2128 653 2434 722 vigiliarum
2484 655 2745 713 laborem.

2092 747 2160 799 At
2193 746 2247 799 in
2275 755 2464 802 sancto
2499 747 2738 804 Sabbato
2768 751 2910 806 absit
2940 754 3118 809 oumis
3161 771 3293 810 cura
3349 757 3592 814 animum

2022 835 2334 891 distrahens
2363 855 2375 890 :
2405 838 2692 909 solumque
2715 841 2951 896 dilutum
2983 843 3050 897 de
3080 859 3234 900 more
3257 853 3378 912 ttat;
3407 863 3599 917 quam-

2023 927 2104 981 vis
2130 927 2492 985 immaculatze
2524 932 2764 988 Domina:
2793 943 2992 990 nostras
3014 936 3258 1006 Deiparte
3280 938 3592 994 Aununtia-

2025 1016 2188 1071 tionis
2246 1018 2447 1074 festum
2499 1022 2864 1078 concurrerit.
2919 1025 2994 1079 Ea
3040 1026 3218 1083 victus
3274 1029 3486 1084 ratione
3541 1031 3594 1084 in

2021 1117 2204 1162 sancta
2243 1120 2296 1164 et
2332 1126 2525 1182 magna
2570 1112 2992 1185 Quadragesima
3043 1120 3307 1188 utemini;
3348 1122 3594 1180 inﬁrma-

2023 1214 2144 1252 rum
2190 1216 2321 1256 cura
2361 1201 2628 1272 praefecte
2671 1206 2988 1263 discretioni
3031 1212 3290 1280 reposita.
3343 1214 3416 1270 De
3463 1231 3593 1270 san-

2023 1297 2236 1344 ctorum
2279 1294 2652 1360 apostolorum
2677 1296 3146 1370 (Quadragesima)
3188 1302 3337 1358 illico
3379 1312 3588 1361 statue-

2023 1388 2132 1434 tur.

2560 1568 2786 1627 CAPUT
2821 1573 3048 1630 XLVIII.

2023 1653 2100 1706 De
2121 1656 2260 1710 victu
2285 1657 2339 1710 in
2366 1657 2783 1741 Quadragesimft
2801 1677 3106 1741 sanctorum
3143 1672 3497 1741 apostolorum
3547 1683 3596 1728 et

2508 1728 2701 1786 Christi
2726 1732 3130 1793 Natalitiorum.

2089 1901 2383 1974 Postquam
2439 1911 2612 1960 totum
2655 1907 2896 1964 ollicium
2955 1911 3223 1970 Ilorarum
3287 1928 3343 1974 et
3398 1921 3596 1979 divina:

2020 1991 2257 2064 liturgiae
2276 1995 2650 2066 expleveritis,
2674 2010 2731 2054 ut
2756 2001 3114 2072 Synaxarium
3141 2022 3344 2077 narrat,
3361 2012 3588 2070 advocet

2019 2101 2115 2141 vos
2149 2103 2356 2152 mensa,
2386 2088 2539 2158 juxta
2580 2092 2835 2161 superius
2891 2103 3148 2152 statutam
3207 2100 3454 2167 formam,
3504 2106 3588 2160 in-

2018 2186 2197 2232 stante
2228 2179 2462 2248 septima
2509 2180 2641 2236 bora
2678 2201 2691 2237 :
2725 2183 2816 2238 ubi
2851 2187 3089 2242 secunda
3124 2190 3368 2260 quidem,
3401 2205 3596 2263 quarta

2017 2269 2153 2324 feria
2175 2280 2230 2324 et
2265 2270 2584 2336 Parasceve,
2613 2271 2723 2327 duo
2753 2275 2966 2330 fercula
3005 2292 3130 2332 eum
3157 2279 3276 2335 oleo
3304 2292 3458 2337 cocta
3498 2300 3592 2338 co-

2019 2361 2282 2421 medetis;
2315 2361 2612 2432 vinumque
2640 2363 2841 2419 bibetis
2867 2371 3046 2436 magni
3075 2369 3286 2442 hexagii
3316 2388 3592 2430 mensura.

2019 2451 2220 2504 Tertiis
2245 2467 2375 2506 vero
2399 2461 2454 2508 et
2472 2453 2681 2522 quintis
2705 2454 2877 2519 feriis,
2903 2457 3010 2510 duo
3028 2459 3110 2512 vel
3136 2460 3237 2514 tria
3261 2461 3460 2518 similia
3488 2464 3597 2518 fer-

2018 2543 2162 2606 cula,
2189 2553 2249 2596 ut
2282 2542 2537 2620 praetecta
2562 2545 2819 2600 voluerit.
2839 2547 3093 2603 Sabbatis
3113 2559 3296 2604 autem
3314 2561 3369 2605 et
3403 2553 3592 2606 Domi-

2017 2634 2157 2688 nicis
2187 2636 2366 2703 pisces
2395 2650 2614 2704 quoque
2653 2636 2852 2690 edendi
2884 2646 3015 2693 sunt
3045 2639 3241 2696 domus
3276 2645 3590 2713 sumptibus

2017 2725 2272 2794 appositi,
2304 2726 2410 2779 nisi
2447 2725 2760 2782 discretioa
2795 2728 3049 2798 quopiam
3093 2732 3363 2798 mittatur,
3409 2743 3466 2788 et
3509 2735 3597 2788 vi-

2019 2832 2150 2869 num
2193 2815 2408 2871 cunctis
2443 2816 2640 2872 diebus
2679 2832 2804 2872 cum
2846 2821 3052 2896 majore
3089 2822 3319 2893 hexagio
3347 2824 3592 2878 dabitur.

2019 2908 2123 2963 Sed
2167 2917 2223 2962 et
2279 2922 2434 2962 coma
2483 2908 2730 2977 quotidie
2778 2920 3108 2980 apponatur,
3160 2928 3357 2982 nempe
3409 2917 3589 2984 panis,

2016 3001 2164 3053 Olera
2195 2999 2390 3062 cruda,
2424 3007 2482 3054 et
2515 2999 2730 3056 fructus
2780 3000 2929 3056 illius
2964 3004 3324 3072 tempestatis,
3371 3007 3592 3060 vinum-

2017 3105 2124 3160 que
2144 3103 2399 3144 mensura
2422 3091 2645 3162 majoris
2674 3092 2909 3162 hexagii,
2930 3103 3158 3164 propter
3177 3106 3370 3150 :estum
3395 3107 3450 3153 et
3475 3099 3586 3153 sic-

337 3177 573 3250 δεῖπνος]
597 3153 656 3232 έν
688 3178 932 3242 ἁπάσαις
963 3153 1351 3250 παρατιθέσθω
1384 3178 1574 3249 ἄρτου,
1605 3153 1699 3234 καὶ
1746 3180 1901 3250 λαχόιι

2021 3153 2246 3232 citatem
2279 3153 2566 3248 temporis.
2609 3180 2664 3234 Si
2696 3153 2968 3251 qua'vero
3007 3153 3232 3238 accedat
3263 3187 3589 3243 consolatio.

339 3287 444 3322 νων
475 3269 642 3340 ὠμῶν
663 3269 757 3324 καὶ
779 3270 1032 3342 ὀπωρῶν,
1067 3269 1175 3324 τῶν
1211 3271 1351 3323 κατὰ
1384 3270 1477 3323 τὸν
1530 3271 1722 3343 καιρὸν
1770 3273 1909 3325 ἐκεῖ.

338 3376 447 3426 νον,
475 3361 568 3413 καὶ
621 3355 764 3424 οἶνος
805 3362 834 3416 ό
877 3360 969 3414 τοῦ
1022 3361 1270 3431 μείζονος
1304 3359 1541 3429 ὲξαγίου,
1571 3361 1659 3415 διὰ
1687 3363 1746 3417 τὸ
1781 3381 1913 3418 καυ-

2022 3269 2146 3326 aliis
2173 3284 2392 3338 quoque
2429 3267 2626 3324 diebus
2656 3270 2833 3340 pisces
2861 3271 3162 3328 comedetis
3190 3277 3394 3344 gratias
3423 3293 3592 3349 agen-

2020 3371 2122 3418 tes.

338 3454 504 3516 σῶδες
549 3452 644 3506 καὶ
694 3452 1015 3525 ξηραντικὸν
1057 3453 1148 3508 τοῦ
1218 3453 1434 3528 καιροῦ.
1486 3452 1583 3509 Ἂν
1612 3457 1669 3510 δέ
1726 3475 1810 3521 τις
1855 3461 1908 3530 τῃ
1953 3460 2318 3534 παράκλησις,
2356 3461 2452 3511 καὶ
2518 3458 2577 3510 ὲν
2638 3457 2802 3526 ἑτέρα
2831 3472 3016 3529 ημερᾳ
3068 3460 3440 3532 μεταληπτέον
3497 3465 3594 3520 καὶ

337 3549 458 3602 τότε
492 3548 712 3618 ἰχθύων,
747 3549 1202 3621 εὐχαριστούσας.

411 3647 516 3700 Καὶ
547 3647 580 3716 ή
605 3645 711 3698 τῶν
735 3645 904 3713 ἁγίων
927 3645 985 3699 δὲ
1015 3645 1108 3699 τοῦ
1134 3647 1376 3716 Χριστοῦ
1425 3650 1722 3705 Γενεθλίων
1781 3652 1910 3705 Teo-

340 3736 674 3806 σαρακοστὴ,
700 3736 862 3806 ὁμοία
893 3736 1046 3790 ἔσται
1079 3740 1148 3806 τῇ
1177 3737 1284 3790 τῶν
1319 3739 1491 3806 ἁγίων
1544 3741 1907 3806 ’Λποστόλων,

337 3832 394 3884 ἐν
437 3848 498 3884 τε
553 3832 674 3891 ταῖς
730 3828 989 3899 βρώσεσι,
1030 3828 1125 3882 καὶ
1161 3831 1283 3892 ταῖς
1315 3831 1506 3883 πόσεσι
1547 3849 1560 3860 '
1597 3832 1689 3886 καί
1717 3835 1750 3902 ἡ
1785 3835 1913 3884 ἁκο-

337 3918 525 3970 λουθία
557 3918 709 3970 ἔσται
735 3917 883 3968 πᾶσα
905 3916 1050 3972 κατὰ
1069 3915 1132 3967 τὸ
1163 3916 1516 3983 Συναξὰριον.
1542 3921 1675 3970 Δυσλ⁵
1703 3919 1759 3984 δὲ
1786 3919 1912 3972 τεύ-

339 4027 448 4070 τοις
483 4010 664 4076 μόνοις
697 4009 732 4078 ἡ
759 4008 818 4058 ὲν
845 4005 1016 4076 ταύτῃ
1044 4007 1110 4076 τῇ
1143 4006 1556 4078 Τεσσαροκοστῇ
1583 4011 1762 4063 δίαιτα
1815 4012 1912 4080 τῆς

338 4100 446 4150 τῶν
499 4097 671 4165 ἁγίων
707 4095 1051 4148 Ἀποστόλων
1099 4096 1496 4165 παραλλάττειν
1540 4099 1744 4168 ὀφείλει
1771 4116 1784 4129 ·
1833 4101 1911 4170 τῷ

336 4208 392 4244 τε
418 4190 565 4255 ἅπαξ
601 4188 886 4242 ἑστιᾶσθαι
928 4187 1144 4259 (ἐννὰτη
1201 4187 1310 4258 γὰρ
1340 4186 1460 4260 ὦρα
1527 4188 1625 4261 τὴν
1669 4190 1910 4244 ἑστίασιν

341 4284 468 4352 ὑμῖν
531 4280 863 4351 παραθήσει,
916 4279 1169 4349 νηστείας
1206 4279 1501 4350 ἀγομένης.
1552 4281 1796 4351 Νηστεία
1856 4283 1912 4337 δὲ

336 4377 420 4446 εἴη
478 4376 724 4436 πάντως,
767 4371 931 4425 ὁπότε
981 4371 1082 4438 τὸ,
1149 4391 1166 4423 ι
1199 4371 1331 4436 Θεὸς
1384 4372 1620 4443 Κύριος,
1657 4393 1676 4425 ι
1735 4374 1793 4426 ἐν
1833 4373 1912 4444 τῷ

2080 3643 2507 3715 Quadragesima
2540 3657 2760 3712 quoque
2787 3643 2991 3698 Christi
3033 3643 3413 3700 Natalitiorum
3436 3648 3590 3706 simi-

2015 3743 2083 3794 lis
2136 3739 2244 3792 erit
2289 3733 2730 3803 Quadragesimze
2802 3741 3118 3790 sanctorum
3176 3736 3585 3806 Apostolorum,

2011 3828 2190 3899 quoad
2216 3827 2399 3881 cibum
2421 3835 2475 3880 et
2498 3834 2711 3894 potum,
2738 3834 3022 3894 totumque
3049 3825 3287 3881 ofﬁcium
3318 3829 3410 3885 ﬁet
3428 3831 3585 3898 juxta

2011 3917 2391 3990 Syuaxarium.
2444 3914 2539 3970 IIis
2591 3915 2805 3969 duobus
2851 3915 3120 3970 duntaxat
3170 3918 3384 3975 dideret
3424 3921 3587 3992 hujus

2011 4009 2449 4079 Quadragvsimae
2486 4009 2686 4073 victus,
2709 4023 2736 4060 a
2763 4010 2910 4064 victu
2964 4007 3407 4082 Quadragesimae
3454 4033 3608 4074 sau-,

2009 4112 2222 4156 ctorum
2253 4099 2671 4168 Apostolorum;
2701 4099 2845 4169 quod
2875 4103 3043 4156 semel
3078 4106 3417 4173 comedatur,
3441 4127 3582 4168 nona

2007 4192 2154 4246 enim
2183 4192 2316 4244 hora
2353 4189 2510 4244 vobis
2533 4189 2886 4246 refectionem
2925 4205 3184 4262 apponet,
3217 4197 3347 4252 dum
3374 4200 3584 4269 jejuna-

2011 4296 2099 4338 tur
2129 4282 2429 4353 (jejunium
2459 4295 2586 4334 vero
2616 4295 2830 4351 semper
2865 4283 3196 4350 servabitur,
3227 4288 3342 4351 ubi,
3377 4309 3394 4340 ι
3435 4291 3581 4350 Deus

2011 4373 2295 4436 Dominus,
2334 4390 2353 4423 ι
2390 4371 2444 4425 in
2490 4370 2754 4424 Matutino
2802 4387 2909 4425 non
2955 4374 3218 4441 psallctur
3252 4394 3266 4430 :
3300 4378 3424 4434 aliis
3457 4380 3576 4437 die‘

336 4471 516 4542 δρθρῳ
541 4469 616 4540 μὴ
651 4468 904 4538 ψάλλοιτο
935 4482 950 4497 ·
976 4469 1034 4520 ὲν
1059 4470 1178 4532 ταῖς
1204 4467 1386 4530 ἄλλαις
1416 4467 1648 4538 ἡμέραις
1686 4467 1902 4522 δείπνου

2013 4467 2115 4520 bus
2143 4462 2357 4517 modica
2393 4475 2548 4516 omna
2573 4470 2878 4530 apponetur
2907 4461 3080 4525 vobis,
3120 4479 3186 4516 eo
3214 4468 3357 4534 quod
3407 4485 3541 4539 pran
3562 4503 3574 4514 .

338 4562 582 4632 βραχέως
631 4559 1066 4630 παρατιθεμένου
1136 4559 1264 4628 ὑμῖν
1325 4558 1412 4611 διὰ
1454 4559 1516 4612 τὸ
1561 4561 1782 4629 ἄριστον
1829 4559 1904 4628 μὴ

338 4653 476 4706 κατὰ
502 4652 598 4721 τὴν
615 4652 842 4718 ὲννάτην
867 4649 1018 4720 ὤραν
1050 4647 1317 4716 γίνεσθαι,
1365 4647 1500 4702 ἀλλὰ
1557 4650 1899 4720 ταχύτερον),

338 4744 430 4794 καὶ
467 4741 545 4810 τῷ
576 4738 717 4794 οἶνον
739 4741 978 4794 δίδοσθαι
1007 4741 1084 4810 τῷ
1120 4740 1365 4794 ἐλάττονι
1396 4741 1737 4813 κρασοδολίῳ
1752 4745 1810 4794 ὲν
1826 4742 1902 4812 τῷ

337 4833 534 4902 δείπνῳ
567 4835 624 4886 ὲν
649 4834 768 4894 ταῖς
802 4830 1063 4901 ἡμέραις,
1095 4832 1158 4886 ὲν
1204 4825 1290 4894 αῖς
1335 4831 1570 4886 δειπνεῖν
1623 4834 1902 4904 συγκεχώ-

2003 4557 2177 4619 dium,
2209 4569 2318 4608 non
2359 4553 2489 4609 hora
2523 4567 2688 4617 nona,
2713 4552 2806 4606 sed
2837 4551 3001 4606 citius
3025 4565 3302 4623 sumptum
3339 4561 3523 4631 fuerit)
3559 4583 3572 4616 :

2002 4661 2058 4704 et
2090 4646 2236 4717 quod
2267 4644 2454 4698 vinum
2492 4642 2655 4697 detur
2682 4641 2912 4696 minoris
2944 4644 3235 4698 crasobolii
3263 4662 3359 4702 seu
3388 4653 3568 4720 cyathi

2003 4750 2257 4793 mensura
2292 4733 2359 4788 ad
2401 4746 2634 4796 coenam,
2659 4730 2859 4801 quibus
2885 4731 3077 4785 diebus
3101 4746 3318 4790 coenare
3346 4753 3572 4794 conces-

2001 4846 2123 4887 sum
2147 4838 2255 4883 est.
2285 4825 2342 4881 In
2371 4826 2509 4881 festo
2546 4833 2728 4878 autem
2761 4825 3042 4895 Ingressus
3068 4826 3310 4897 Deipara:
3346 4829 3398 4883 in
3433 4829 3570 4885 San.

1592 4947 2050 5011 Montfauconii
2100 4954 2285 5007 notua.

407 5053 519 5119 (L7)
563 5050 962 5116 Διακλυσμὸς,
996 5049 1128 5117 quid
1199 5048 1290 5111 sit,
1322 5051 1408 5104 his
1452 5049 1659 5104 Triodii
1709 5051 1894 5105 verbis

337 5123 608 5176 Iudicatur
661 5122 715 5174 in
760 5119 948 5175 Oﬂicio
994 5119 1215 5188 sabbati
1274 5120 1446 5175 sancti
1483 5121 1678 5172 εΜετα
1714 5119 1891 5188 δὲτὴν

335 5193 594 5246 ἀπόλυσιν
623 5192 724 5242 οὐκ
764 5187 1099 5258 ἐξερχόμεθα
1114 5188 1212 5258 τῆς
1240 5187 1530 5258 ἐκκλησίας
1549 5231 1566 5254 ,
1590 5188 1725 5240 ἀλλὰ
1756 5187 1884 5241 καθ-

339 5263 515 5332 ήμεθα
545 5262 601 5312 ἐν
618 5262 737 5332 τοῖς
763 5257 1278 5332 τόποιςήμῶνίκαὶ
1297 5257 1671 5332 εἰσέρχεται-ὁ-
1699 5258 1892 5312 κελλα-

338 5313 513 5400 ρίτης.
545 5331 639 5383 καὶ
663 5313 1083 5400 ἐπιδίδωσι-τοὶς
1131 5313 1379 5400 ἀδελφοῖς
1416 5313 1532 5381 'é‘va
1577 5329 1890 5400 umquam;

335 5397 522 5470 ἄρτου.
547 5403 640 5470 καὶ
657 5398 760 5452 ἀνὰ
772 5398 844 5470 ἐξ
879 5398 1134 5470 ἰσχάδων,
1214 5399 1501 5470 φοινίκων,-
1521 5398 1616 5450 καὶ
1632 5399 1740 5470 ἀπὸ
1769 5397 1888 5462 ἑνὸς

341 5465 688 5538 ιρασοϐολίου
737 5469 904 5528 οἴνου,
933 5465 1088 5537 ἡμῶν
1117 5465 1182 5520 δὲ
1200 5467 1633 5538 διακλυομένων.
1663 5466 1719 5538 Id
1765 5476 1848 5520 cst
1875 5484 1888 5538 ξ

337 5536 462 5593 Post
481 5538 856 5593 dimissionem
891 5536 1000 5590 non
1051 5536 1362 5606 egredimur
1413 5552 1478 5606 ex
1509 5536 1762 5601 ecclesia,
1794 5537 1889 5590 sed

335 5623 388 5661 In
417 5608 552 5660 locis
585 5607 787 5661 nostris
820 5605 1108 5671 sedemus;
1144 5614 1198 5661 et
1237 5605 1542 5676 ingreditur
1597 5607 1888 5671 cellarites,

336 5679 533 5745 datque
553 5677 816 5730 fratribus
831 5677 1060 5745 singulis
1084 5677 1316 5730 frustum
1342 5676 1520 5744 panis,
1545 5690 1641 5729 sex
1661 5677 1888 5737 caricas,

339 5747 422 5801 vel
453 5760 549 5802 sex
580 5746 843 5817 dactylos,
881 5755 936 5802 ct
960 5760 1026 5801 ex
1051 5762 1160 5801 uno
1211 5745 1320 5800 viui
1355 5745 1660 5800 crasobolio
1733 5747 1890 5801 u-bs

1998 5065 2130 5103 vero
2160 5047 2398 5120 dilatis,
2455 5053 2580 5120 ete_._
2608 5046 2704 5120 _De
2750 5046 3071 5117 διακλυτμῷ
3115 5049 3266 5112 item,
3301 5049 3356 5103 in
3385 5050 3567 5120 typico

1997 5119 2170 5173 sancti
2195 5118 2371 5176 Saliae.
2409 5125 2465 5168 et
2491 5115 2622 5170 alibi
2655 5131 2819 5184 saepe.

2071 5187 2192 5308 ($82,
2208 5185 2634 5306 Quadragcsima
2685 5195 2999 5241 sanctorum
3056 5192 3440 5269 Apostolorum
3466 5190 3568 5245 ob-

2071 5273 2154 5308 rva
2197 5265 2320 5308 atur
2352 5269 2382 5307 a
2456 5253 2612 5307 Iebus
2665 5254 3011 5308 Peutecostes
3063 5259 3340 5308 exclusn'e
3370 5259 3436 5308 ad
3486 5259 3567 5308 fe.

1998 5253 2320 5312 servabatur
2352 5269 2382 5307 a
2415 5253 2612 5307 diebus
2665 5254 3011 5312 Peutecostes
3063 5253 3340 5312 eiciusive
3370 5259 3436 5314 ad
3486 5259 3567 5314 fe-

1997 5337 2144 5382 stum
2187 5332 2501 5393 sanctorum
2536 5324 2908 5391 apostolorum
2944 5327 3092 5381 Petri
3126 5337 3180 5381 et
3207 5327 3380 5381 Pauli.
3412 5327 3565 5393 Qua-

1995 5395 2305 5465 dragesima
2321 5391 2668 5465 veroghristi
2682 5393 3069 5465 Nataiitiorum
3086 5412 3117 5450 a
3135 5395 3346 5450 decima
3369 5391 3565 5465 quinta

1999 5461 2325 5520 Novembris
2349 5461 2415 5515 ad
2441 5461 2646 5517 Christi
2677 5463 3049 5520 Nativitatcm.
3085 5465 3346 5530 Quartam
3389 5461 3567 5521 adde-

2001 5537 2135 5590 bant
2185 5531 2406 5604 plurimi
2439 5530 2916 5602 Quadragesimam
2971 5542 3099 5588 ante
3165 5533 3561 5589 Dormitionem

2000 5605 2265 5660 Deinarae.

2069 5621 2490 5746 ἰξὸἶῖίάκρισις
2535 5675 2730 5730 eodem
2773 5673 2996 5732 omnino
3053 5687 3216 5729 sensu
3247 5682 3565 5743 usurpatur,

1997 5761 2106 5815 quo
2147 5760 2312 5813 supra
2344 5745 2714 5817 παράκλησις.
