4054 6278
507 327 542 389 ῖὶ
555 323 651 387 (ΓΙ-1

1784 322 2069 382 lIiENES
2110 321 2486 382 AUGUSTzE

3647 327 3784 392 1072

520 451 603 493 cta
627 447 940 492 sanctorum
971 435 1215 506 piscibus
1242 435 1560 498 vesecmini,
1593 433 1694 488 etsi
1730 435 1916 488 nullus
1936 434 2096 486 obtu-

2204 452 2386 504 ρηται.
2425 436 2521 488 Ἑν
2545 435 2602 488 δέ
2630 451 2692 505 γε
2744 438 2808 508 τῇ
2854 437 3015 508 ἑορτῇ
3052 437 3154 507 τῆς
3191 438 3274 502 εἰς
3321 437 3389 492 τὰ
3449 437 3619 506 ’Ἅγια
3671 444 3784 491 τῶν

505 532 685 597 Jerit;
733 530 860 586 aliis
915 545 1042 585 vero
1108 529 1302 584 diebus
1331 568 1345 592 ,
1383 526 1485 580 ubi
1545 541 1579 579 .a
1622 524 1878 595 quopiam
1925 525 2092 579 oblati

517 623 741 681 fuerint.

1080 798 1304 855 CAPUT
1339 796 1526 850 XLIX.

821 894 970 962 Quod
999 895 1136 948 clam
1168 889 1543 946 comedendum
1569 904 1672 942 non
1701 888 1788 941 sit.

580 1016 657 1070 lis
694 1028 818 1082 qua:
844 1011 912 1064 ad
939 1008 1146 1062 victum
1179 1011 1434 1074 spectant
1466 1001 1546 1056 sic
1572 999 1730 1056 vobis
1759 997 2094 1061 constitutis,

511 1111 831 1170 suademus,
881 1115 1011 1158 uta
1073 1099 1277 1154 furtivo
1320 1113 1418 1152 esu
1472 1106 1527 1150 et
1559 1105 1692 1166 potu
1744 1093 2094 1155 abstineatis,

518 1203 780 1268 illumque
838 1202 948 1248 tota
992 1193 1199 1246 virtute
1245 1187 1521 1258 tugiatiS':
1580 1184 1716 1239 illud
1770 1199 1987 1252 semper
2042 1184 2094 1236 in

517 1303 701 1348 mente
732 1298 1040 1351 versantes,
1062 1284 1208 1354 quod
1245 1285 1314 1336 ah
1351 1281 1508 1335 initio
1557 1294 1688 1333 esus
1730 1278 2099 1346 inobsequens

517 1406 617 1444 nos
642 1389 804 1442 morti
843 1383 1082 1448 subegit,
1119 1395 1331 1449 nosque
1381 1395 1408 1431 a
1463 1354 2097 1445 paradisidiabitatione

514 1480 773 1553 privavit,
800 1478 1036 1546 maligno
1065 1473 1443 1539 malorumque
1474 1477 1698 1522 auctore
1730 1467 1967 1530 diabolo,
2014 1465 2097 1534 ip-

515 1592 636 1631 sum
671 1575 988 1632 inducente,
1019 1567 1112 1636 qui
1145 1565 1214 1619 ab
1244 1565 1336 1619 illo
1387 1574 1632 1631 tempore
1665 1575 1838 1629 usque
1863 1559 1929 1612 ad
1963 1573 2101 1627 prae-

507 1684 664 1733 sens,
702 1682 809 1720 non
837 1671 1016 1718 cessat
1046 1660 1114 1715 iis
1143 1659 1235 1729 qui
1271 1656 1472 1711 bellum
1492 1665 1683 1709 contra
1717 1653 1896 1721 ipsum
1915 1665 2102 1706 susce-

517 1764 720 1833 perint,
737 1756 1180 1827 antiquissimum
1204 1753 1395 1815 telum,
1414 1750 1670 1805 furtivam
1694 1748 2100 1816 scilicetetpro.

519 1856 750 1909 hihitam
777 1850 1213 1922 degustalioncm
1249 1844 1356 1900 cibi
1381 1844 1622 1914 alicujus
1642 1841 1727 1896 vel
1748 1848 1937 1910 potus,
1965 1839 2103 1908 obji-

514 1967 663 2013 ccre,
677 1959 732 2002 et
747 1964 853 2001 non
869 1946 1044 2000 solum
1059 1944 1322 2014 ohjicere,
1343 1939 1436 1994 sed
1457 1939 1621 1993 etiam
1641 1933 1972 2006 patrocinari
1989 1933 2103 1987 l‘ur-

519 2044 642 2096 tivae
688 2037 1079 2110 degustationi,
1099 2037 1288 2090 dicens
1308 2073 1322 2100 ,
1343 2049 1465 2087 eam
1497 2047 1612 2086 rem
1643 2044 1764 2085 esse
1795 2027 2100 2083 secundum

513 2146 792 2194 naturam,
822 2143 876 2186 et
903 2129 1064 2198 culpa
1093 2142 1306 2182 vacare.
1346 2126 1455 2182 Vos
1485 2139 1615 2179 vero
1666 2123 1788 2192 ejus
1819 2121 2103 2191 cogitatio-

518 2240 616 2279 ncs
639 2242 706 2280 ne
733 2221 1014 2294 ignoretis,
1034 2221 1099 2275 ad
1132 2226 1292 2274 tinem
1321 2217 1539 2274 consilii
1571 2213 1951 2286 respicientes,
1971 2212 2101 2280 quia

513 2317 880 2390 transgressio
908 2314 1162 2384 nraecepti
1191 2322 1296 2368 est.

1131 2557 1369 2614 CAPUT
1406 2556 1465 2610 L.

1081 2651 1163 2704 De
1197 2658 1527 2720 paupertate.

584 2795 666 2855 Ut
703 2797 868 2867 igitur
896 2797 1057 2852 talem
1079 2795 1301 2865 maligni
1325 2795 1582 2863 laqueum
1626 2792 1784 2847 facile
1824 2792 2099 2848 transilia-

524 2889 592 2944 tis
614 2899 912 2944 extremam
943 2887 1102 2942 vobis
1146 2893 1525 2955 paupertatem
1575 2884 1945 2954 praecipimus,
1977 2900 2100 2954 quae

523 2981 758 3034 maxime
798 2979 1058 3048 prodesse
1090 2985 1273 3046 potest
1304 3003 1315 3030 -.
1344 2991 1508 3045 quam
1547 2985 1852 3038 servantes,
1882 2977 2000 3030 sine
2027 2977 2102 3030 la-

522 3073 656 3128 bore
697 3073 882 3128 furtivi
929 3087 1057 3126 esus
1097 3071 1179 3125 vel
1218 3081 1380 3140 potus
1413 3071 1717 3138 periculum
1762 3070 2095 3141 eﬂ‘ugeritis;

522 3163 614 3232 qui
655 3163 801 3218 enim
824 3163 961 3216 nihil
987 3162 1171 3226 habet,
1201 3160 1462 3230 quidnam
1494 3163 1836 3230 gustaverit?
1859 3161 2099 3218 Summa:

524 3257 690 3326 igitur
721 3257 1027 3324 paupertati
1059 3269 1280 3324 cperam
1342 3254 1488 3316 date,
1527 3268 1633 3307 non
1669 3263 1878 3309 tantum
1915 3255 1968 3308 in
1999 3272 2095 3325 pe-

525 3346 707 3400 cuniis
735 3361 906 3416 usque
940 3345 1005 3399 ad
1055 3345 1302 3406 obolum,
1359 3343 1453 3397 sed
1487 3353 1543 3398 et
1586 3345 1642 3398 in
1686 3343 1811 3397 cibo
1863 3355 1921 3397 et
1964 3352 2097 3412 potu

523 3455 697 3510 usque
727 3438 796 3494 ad
819 3438 1106 3492 minimum
1137 3436 1443 3507 quodlibet.
1469 3435 1588 3501 Quo
1612 3436 1759 3490 enim
1779 3435 2096 3506 huiusmodi

524 3541 772 3586 nostrum
817 3538 1152 3599 praaccptum
1199 3541 1307 3580 non
1332 3527 1589 3588 violetur,
1619 3526 1906 3580 hortamur
1957 3542 2098 3596 pra:-

519 3624 720 3679 t‘ectam
758 3631 818 3677 ut
845 3621 1081 3692 quoties,
1117 3630 1171 3675 et
1202 3620 1423 3690 quando
1457 3619 1717 3686 voluerit,
1755 3633 1852 3674 vos
1911 3620 2099 3689 perlu-

523 3728 680 3782 stret,
715 3724 770 3770 et
795 3714 932 3768 nihil
989 3715 1113 3784 plus
1147 3713 1351 3767 habere
1391 3712 1554 3778 sinat,
1587 3727 1750 3784 quam
1789 3727 1818 3766 a
1848 3711 2097 3768 coenobi-

518 3807 633 3862 tica
666 3806 854 3877 regula
883 3806 1238 3861 concedatur.

1111 4002 1347 4060 CAPUT
1401 4004 1488 4058 Li.

506 4119 678 4185 Quod
727 4135 832 4174 non
865 4119 1084 4173 debeant
1115 4119 1369 4173 moniales
1405 4119 1465 4171 ob
1498 4120 1656 4190 typici
1688 4118 1751 4171 de
1797 4119 2098 4174 crenobitico

794 4192 1032 4245 instituto
1065 4199 1348 4260 pra'cepla,
1386 4191 1564 4244 animo
1591 4191 1834 4258 deﬁcere.

595 4375 678 4431 0b
701 4373 1013 4446 hujusmodi
1045 4381 1232 4429 nostra
1257 4381 1551 4442 praecepta,
1583 4380 1640 4426 ct
1667 4369 2094 4433 admonitiones,

2205 528 2376 593 ἁγίων
2431 529 2640 581 εἰσόδου
2673 528 2785 601 (50)
2823 531 2922 600 τῆς
2953 530 3239 594 Θεοτὸκου,
3271 531 3366 584 καὶ
3419 530 3602 601 ίχθῦσι
3647 548 3783 600 τρα-

2203 619 2440 688 φήσεσθε
2473 622 2575 674 κᾶν
2602 623 2791 693 μηδεὶς
2821 625 3180 692 προσενέγκοι
3217 643 3232 656 ο
3265 624 3324 677 ὲν
3350 623 3407 677 δὲ
3439 625 3562 687 ταῖς
3595 623 3783 690 ἄλλαις

2201 713 2458 784 ἡμέραις,
2490 715 2580 766 ὅτε
2606 716 2756 787 παρά
2792 733 2933 778 τινος
2956 717 3392 788 προσενεχθεῖεν.

2781 831 3004 883 ΚΕΦΑΛ
3018 874 3032 888 .
3071 832 3204 886 MG'.

2560 922 2693 989 Περὶ
2733 922 2837 975 τοῦ
2861 923 2948 991 μὴ
3001 924 3425 993 λαθροφαγεῑν.

2271 1037 2394 1091 Τῶν
2431 1037 2530 1108 μὲν
2563 1038 2657 1091 οὖν
2682 1041 2822 1092 κατὰ
2856 1040 2955 1111 τὴν
2981 1043 3190 1112 τροφὴν
3219 1042 3393 1106 οὕτως
3423 1043 3553 1114 ὑμῖν
3603 1043 3782 1096 διατυ-

2203 1127 2517 1194 πωθέντων,
2578 1132 2671 1184 καί
2723 1133 2936 1203 ἀποχὴν
2987 1132 3257 1204 λαθραίας
3285 1134 3544 1205 βρώσεως
3587 1154 3641 1188 τε
3693 1138 3787 1188 καὶ

2201 1220 2417 1284 πόσεως
2473 1222 2848 1293 εἰσηγούμεθα
2878 1240 2891 1253 ο
2937 1226 3033 1276 καὶ
3071 1225 3304 1294 φεύγετε
3354 1225 3564 1298 ταύτην
3617 1228 3784 1296 ὁπόση

2200 1311 2432 1380 δύναμις
2467 1329 2480 1343 ο
2507 1315 2685 1367 ἐκεῖνο
2710 1314 2796 1367 διὰ
2821 1316 3021 1380 παντὸς
3067 1319 3332 1387 φέρουσαι
3359 1319 3500 1372 κατᾶ
3530 1319 3677 1384 νοῦν,
3706 1321 3787 1372 ὅτι

2203 1405 2296 1457 καὶ
2317 1407 2437 1458 κατ’
2491 1407 2668 1477 ἀρχὰς
2721 1407 2924 1478 βρῶσις
2967 1409 3116 1479 ἡμᾶς
3156 1411 3410 1481 ὐπήγαγε
3454 1411 3532 1481 τῷ
3575 1411 3787 1480 θανάτῳ

2204 1497 2506 1566 παρήκοος,
2551 1498 2646 1551 καὶ
2677 1501 2778 1566 τῆς
2801 1500 2860 1551 ὲν
2891 1499 3206 1571 παραδείσῳ
3229 1500 3515 1571 διαγωγῆς
3552 1503 3788 1554 ἀπεστέ-

2207 1603 2363 1656 ρησε,
2386 1588 2481 1640 τοῦ
2501 1588 2741 1660 πονηροῦ
2763 1589 2857 1643 καὶ
2879 1590 3191 1660 ἀρχεκάκου
3209 1591 3460 1662 δαίμονος
3482 1592 3653 1661 αὐτὴν
3675 1595 3787 1644 εἰσ-

2201 1682 2558 1749 ηγησαμένου
2593 1697 2607 1710 ·
2650 1680 2802 1745 ὅστις
2847 1681 2908 1746 ἐξ
2937 1683 3148 1736 ἐκείνου
3189 1683 3283 1736 καὶ
3329 1683 3496 1754 μέχρι
3527 1684 3624 1736 τοῦ
3669 1685 3782 1748 νῦν,

2135 1799 2176 1854 Β
2204 1771 2265 1823 ού
2296 1770 2529 1824 παύεται
2556 1773 2671 1834 τοῖς
2699 1771 2791 1826 τὸν
2826 1773 2946 1826 κατ’
2978 1774 3144 1828 αὑτοῦ
3168 1776 3406 1844 πόλεμον
3450 1775 3785 1846 ἀναδεξαμέ-

2205 1879 2340 1926 νοις,
2365 1861 2442 1924 ὼς
2467 1864 2691 1932 ἀρχαῖον
2715 1862 2880 1917 ὅπλον
2919 1867 3018 1935 τὴν
3047 1865 3313 1933 λαθραίαν
3349 1867 3440 1920 καὶ
3473 1869 3784 1937 ἀπηγορευ-

2207 1955 2378 2026 μένην
2403 1953 2592 2019 γεῦσιν
2621 1955 2830 2026 βρωτοῦ
2862 1973 3008 2020 τινος
3039 1956 3072 2027 ἢ
3114 1957 3280 2012 ποτοῦ
3325 1958 3781 2028 προϐαλλόμενος.

2205 2045 2302 2098 καὶ
2335 2045 2410 2114 μὴ
2444 2047 2603 2114 μόνον
2632 2046 3092 2118 προϐαλλόμενος,
3134 2049 3271 2103 ἀλλά
3315 2051 3410 2103 καὶ
3471 2050 3785 2121 συνηγορῶν

2203 2136 2270 2204 τῇ
2301 2133 2538 2206 λαθραία
2564 2136 2772 2205 γεύσει,
2804 2139 2899 2194 καὶ
2926 2139 3070 2192 κατὰ
3099 2138 3264 2207 φύσιν
3307 2133 3450 2194 εἶναι
3514 2140 3687 2208 λέγων
3726 2141 3784 2193 τὸ

2204 2227 2438 2295 πρᾶγμα
2489 2230 2583 2282 καὶ
2640 2231 2974 2286 ἀναιτίατον.
3035 2231 3230 2302 Ὑμεῖς
3256 2232 3313 2285 δὲ
3348 2233 3424 2304 μὴ
3481 2233 3782 2302 ἀγνοήσητε

2203 2319 2370 2373 αὑτοῦ
2419 2321 2491 2374 τὰ
2546 2322 2815 2392 νοήματα,
2847 2325 2984 2396 πρὸς
3041 2326 3103 2379 τὸ
3129 2325 3282 2390 τέλος
3330 2328 3432 2397 τῆς
3475 2326 3782 2398 συμϐουλῆς

2205 2412 2512 2482 ἁφορῶσαι,
2546 2414 2629 2468 ὅτι
2654 2432 2759 2488 παρ
2773 2417 2970 2481 ἀϐασίς
3009 2419 3160 2474 ἐστιν
3191 2419 3430 2490 ἐντολῆς.

2804 2619 3062 2673 ΚΕΦΑΛ.
3094 2618 3174 2674 Ν’.

2751 2710 2891 2780 Περὶ
2921 2713 3236 2781 ἀκτησίας.

2282 2820 2396 2874 Ἵνα
2423 2821 2553 2890 γοῦν
2588 2824 2686 2888 τὴν
2715 2823 2973 2895 τοιαύτην
3016 2825 3221 2894 παγίδα
3269 2825 3364 2879 τοῦ
3415 2827 3661 2898 Πονηροῦ
3696 2827 3783 2880 εὖ·

2203 2911 2380 2982 χερῶς
2413 2914 2805 2986 ὑπερϐαίνητε,
2841 2917 3112 2989 ἀκτησίαν
3154 2920 3389 2988 ἐσχάτην
3433 2921 3596 2990 ἡμεῖς
3657 2923 3782 2990 ὑμῖν

2201 3003 2590 3074 ἐπιτάττομεν,
2623 3005 2690 3060 τὰ
2723 3007 2958 3076 μέγιστα
3001 3009 3380 3078 συμϐαλέσθαι
3427 3011 3733 3081 δυναμένην
3762 3028 3778 3042 ο

2207 3095 2273 3165 ἢν
2308 3095 2700 3164 φυλάττουσαι,
2743 3099 2983 3169 ἀμογητὶ
3022 3100 3112 3152 τὸν
3161 3104 3260 3172 τῆς
3316 3101 3786 3173 λαθραιοφαγοπο-

2211 3186 2328 3248 σίας
2344 3186 2773 3257 διαδιδράσκοιτε
2803 3191 3044 3244 κίνδυνον
3072 3209 3085 3222 ·
3120 3194 3146 3246 6
3183 3196 3290 3265 γὰρ
3332 3194 3470 3265 ἔχων
3498 3198 3686 3266 μηδὲν,
3711 3198 3787 3248 τί·

2210 3293 2298 3338 νος
2327 3274 2393 3330 ἂν
2424 3277 2713 3347 γεύσοιτο;
2751 3283 2962 3352 Ἀκραν
2992 3289 3284 3356 τοιγαροῦν
3311 3288 3577 3356 ἁκτησίαν
3612 3290 3785 3354 ἀσκή-

2210 3384 2363 3433 σατε,
2391 3370 2491 3423 οὐκ
2525 3372 2584 3424 ὲν
2615 3373 2861 3444 χρήμασι
2892 3374 3056 3445 μόνον
3081 3378 3248 3447 μέχρι
3282 3379 3377 3430 καὶ
3407 3379 3618 3444 ὀϐολοῦ,
3653 3381 3786 3434 ἀλλὰ

2208 3463 2301 3515 καὶ
2333 3463 2392 3514 ὲν
2431 3461 2692 3534 βρώμασι
2713 3482 2772 3518 τε
2798 3467 2892 3518 καὶ
2912 3467 3120 3538 πόμασι
3157 3469 3319 3540 μέχρι
3341 3471 3436 3524 τοῦ
3476 3472 3782 3543 ἐλαχίστου.

2209 3552 2371 3607 ’Ὠστε
2403 3555 2511 3624 γὰρ
2647 3558 3082 3630 παραϐαίνεσθαι
3130 3564 3227 3632 τὴν
3264 3564 3520 3636 τοιαύτην
3569 3567 3784 3638 ἐντολὴν

2208 3646 2386 3716 ἡμῶν,
2419 3648 2514 3700 καὶ
2544 3652 2609 3719 τῇ
2651 3655 2978 3725 προεστὼσῃ
3006 3657 3396 3728 είσηγούμεθα,
3429 3661 3642 3726 ὁσάκις,
3696 3664 3786 3715 καὶ

2205 3739 2295 3791 ὅτε
2324 3738 2567 3809 βούλοιτο
2596 3742 2878 3816 διερευνᾷν
2925 3746 3090 3816 ὑμᾶς,
3123 3751 3217 3802 καὶ
3247 3751 3415 3821 μηδὲν
3449 3752 3611 3807 πλέον
3645 3755 3783 3825 ἔχειν

2207 3829 2301 3900 ὲᾷν
2330 3829 2440 3882 τῶν
2487 3833 2637 3900 παρὰ
2666 3833 2761 3887 τοῦ
2793 3837 3137 3892 κοινοϐιακοϋ
3186 3842 3411 3906 κανόνος
3472 3861 3781 3917 συγχωρουο

2211 3920 2410 3990 μένων.

2801 4042 3048 4097 ΚΕΦΑΛ.
3088 4045 3135 4098 Ν
3140 4045 3217 4102 A'.

2208 4126 2345 4194 Περὶ
2385 4128 2491 4209 τοῦ
2513 4129 2608 4209 ’μὴ
2633 4129 2772 4209 δεῖν
2801 4132 2908 4199 τὰς
2931 4138 3200 4209 μοναχά(
3229 4138 3329 4192 ἐπὶ
3378 4141 3506 4208 ταῖς
3537 4145 3642 4199 τοῦ
3687 4163 3777 4200 τυ·

2277 4202 2834 4284 πεκοᾷηύπορήκαις
2854 4204 2986 4272 περὶ
3173 4202 3558 4283 ποινοὸιακῆς
3591 4214 3780 4284 διαγω-

2276 4269 2392 4336 γῆς
2414 4269 2687 4339 ἀθυμεῖν.

2279 4385 2412 4447 Ταῖς
2438 4385 2720 4449 τοιαύταις
2746 4388 2905 4458 ἡμῶν
2952 4391 3258 4465 ὑποθήκαις
3301 4399 3396 4450 καὶ
3430 4401 3774 4471 εἰσηγήσεσιν

527 4483 625 4537 par
657 4476 742 4522 est
779 4483 876 4520 vos
915 4482 1022 4520 non
1058 4467 1236 4521 solum
1265 4465 1452 4518 animo
1480 4479 1590 4516 non
1625 4462 1884 4527 deiicere,
1917 4477 2097 4530 neque

2211 4474 2272 4527 οὐ
2303 4476 2466 4545 μόνον
2493 4477 2568 4548 μὴ
2599 4478 2834 4548 ἀθυμεῖν
2862 4482 3030 4551 ὑμᾶς,
3064 4462 3186 4555 μηδ’
3221 4487 3516 4557 ἄχθεσθαι,
3696 4492 3777 4544 καὶ

527 4559 765 4628 gravari,
793 4557 889 4613 sed
913 4559 1077 4612 etiam
1097 4557 1336 4627 gaudere
1361 4564 1418 4609 et
1439 4557 1744 4619 exsultare;
1781 4553 1929 4624 quod
1953 4555 2104 4609 omni

528 4667 662 4704 cura
718 4652 932 4713 solutae,
967 4665 1138 4704 unum
1182 4663 1322 4716 opus
1351 4647 1559 4717 absque
1617 4647 1973 4701 distractione
2007 4647 2106 4700 ha-

2206 4567 2418 4638 χαίρειν
2453 4569 2546 4622 καὶ
2584 4570 2950 4639 ἁγαλλιᾶσθαι
2975 4575 3124 4638 εἰκός
3152 4593 3166 4606 ·
3196 4579 3280 4631 ὅτι
3313 4580 3492 4652 πάσης
3523 4582 3778 4635 ἀπολελυ-

2214 4658 2373 4729 μέναι
2403 4659 2704 4730 φροντίδος,
2748 4662 2806 4714 ἓν
2834 4661 2994 4733 ἔργον
3025 4667 3438 4738 ἀπερίσπαστον
3489 4671 3641 4738 ἕξετε
3692 4671 3780 4743 τὴν

530 4742 730 4804 beatis,
764 4756 953 4795 curam
985 4741 1221 4804 scilicet,
1251 4749 1308 4794 et
1346 4739 1772 4794 sollicitudinem
1804 4738 2099 4806 spiritualis

2207 4749 2306 4817 τῆς
2333 4751 2709 4820 πνευματικῆς
2734 4755 3010 4824 σωτηρίας
3039 4759 3296 4828 φροντίδα
3323 4763 3414 4814 καὶ
3446 4762 3779 4831 ἐπιμέλειαν.

531 4833 744 4888 salutis.
779 4832 1020 4886 Mensam
1049 4833 1194 4885 enim
1224 4846 1570 4886 communem
1607 4831 1764 4884 vobis
1793 4832 2099 4899 paravimus

2208 4840 2502 4910 Τράπεζάν
2535 4859 2594 4895 τε
2623 4843 2732 4915 γὰρ
2750 4846 2936 4917 κοινὴν
2975 4849 3105 4919 ὑμῖν
3133 4850 3517 4921 ἡτοιμάσαμεν
3573 4855 3778 4915 οὐδενὸς

532 4923 682 4977 nulla
713 4938 772 4976 re
797 4923 1108 4976 necessaria
1141 4922 1500 4990 indigentem,
1529 4939 1558 4976 a
1595 4938 1724 4988 qua,
1757 4923 1910 4978 nulla
1940 4940 2104 4979 causa

533 5015 620 5069 vel
658 5021 926 5084 praetextu
983 5013 1178 5068 abesse
1229 5014 1513 5082 poteritis,
1551 5013 1706 5066 nullo
1767 5017 1934 5071 modo
1983 5032 2104 5073 eam

533 5109 941 5173 detrectantes;
982 5108 1085 5162 etsi
1122 5122 1343 5176 quoque
1378 5107 1560 5177 aliqua
1589 5109 1820 5175 diceret,
1855 5125 1912 5166 se
1941 5127 2106 5168 exer-

535 5197 816 5250 citationis
867 5198 1042 5267 gratia
1091 5213 1121 5251 a
1147 5198 1427 5252 communi
1484 5214 1674 5254 mensa
1707 5201 1851 5257 velle
1883 5202 2100 5258 abesse.

536 5294 790 5344 Attamen
826 5292 957 5346 licet
991 5291 1270 5360 praesenti,
1299 5307 1368 5345 ex
1399 5291 1629 5362 singulis
1661 5310 1782 5364 quae
1814 5312 2105 5366 apponun-

536 5387 625 5433 tur
653 5387 876 5449 gustare
905 5379 1153 5449 quidem,
1195 5379 1351 5449 juxta
1397 5395 1653 5450 magnum
1697 5383 1960 5441 Basilium
1994 5390 2106 5456 t5!)

2211 4931 2321 4985 τῶν
2345 4933 2660 5001 ἀναγκαίων
2693 4937 2880 5009 ἐπιδεῆ
2911 4955 2924 4969 ·
2955 4939 3021 5010 ἢν
3049 4940 3144 4994 καὶ
3173 4941 3322 5008 ἕξετε
3386 4947 3552 5016 μέχρι
3587 4948 3778 5007 παντὸς

2212 5027 2589 5099 ἀπαραίτητόν
2623 5047 2682 5084 τε
2709 5033 2806 5086 καὶ
2828 5035 3260 5105 ἀπροφάσιστον,
3297 5041 3422 5094 κατ’
3445 5043 3636 5096 οὐδένα
3663 5043 3779 5112 τρό-

2214 5138 2315 5174 πον
2375 5124 2546 5195 αὐτὴν
2608 5128 3066 5198 παραιτούμεναι.
3123 5133 3244 5188 Κᾶν
3283 5135 3390 5206 γὰρ
3448 5137 3517 5190 δι’
3557 5139 3780 5209 ἄσκησιν

2213 5212 2347 5284 λέγῃ
2375 5231 2459 5278 τις
2516 5215 2721 5272 ἐθέλειν
2781 5221 2881 5291 τῆς
2920 5226 3106 5294 κοινῆς
3153 5227 3435 5298 τραπέζης
3477 5232 3781 5302 ἀπολιμπά-

2214 5306 2424 5372 νεσθαι,
2450 5309 2700 5375 ἀλλ’ὲξὸν
2741 5315 2835 5368 καὶ
2861 5317 3110 5396 παρούσῃ
3138 5321 3392 5388 γενέσθαι
3435 5324 3535 5394 μὲν
3557 5327 3779 5380 ἑκάστου

2214 5397 2324 5450 τῶν
2393 5401 2868 5474 παρατιθεμένων,
2923 5409 3063 5463 κατὰ
3123 5411 3216 5465 τὸν
3264 5415 3438 5484 μέγαν
3486 5415 3780 5472 Βασίλειον.

1802 5505 2263 5572 Montfauconii
2317 5521 2505 5578 notua.

605 5599 716 5670 (50)
743 5601 842 5665 Εἰς
879 5600 951 5653 τὰ
1003 5600 1169 5669 Ἅγια
1200 5598 1317 5654 τῶν
1370 5601 1554 5670 ἁγίων
1585 5604 1848 5660 εἰσόδου.
1879 5607 2100 5662 Festum

533 5670 818 5739 ingressus
844 5671 1086 5740 Deipara:
1111 5672 1163 5723 in
1203 5671 1400 5725 Sancta
1431 5684 1766 5735 sanctorum,
1793 5684 1876 5729 est
1899 5677 2101 5734 l'cstum

523 5741 1002 5809 Prarsentationis,
1052 5743 1110 5796 in
1166 5756 1275 5810 quo
1333 5741 1564 5813 Deipara
1620 5745 1861 5814 ingressa
1907 5758 1990 5802 est
2043 5749 2098 5802 in

2214 5615 2501 5682 templum.

2209 5684 2410 5812 crs"(5:8).
2450 5687 2614 5745 Basil.
2679 5692 2816 5767 Reg.
2887 5697 3061 5758 fusius
3117 5703 3517 5776 disputatarum
3573 5707 3772 5783 ἐρωτη-
