4054 6278
287 403 431 466 1073

1729 421 2096 488 TYPlCUM.

3411 436 3553 499 107$

274 516 459 584 Ὅπερ
498 532 590 568 και
624 516 715 569 τὸν
749 517 1132 588 ὲπιγινόμενον
1178 525 1243 595 τῇ
1302 529 1527 601 νηστείᾳ
1591 533 1861 589 καταϐάλ-

1971 539 2142 608 (quod
2168 549 2226 597 et
2275 543 2591 615 superbiam
2639 559 2760 616 qua:
2791 543 2936 601 inter
2976 547 3333 618 ieiunandum
3369 551 3546 604 oritur

268 608 386 663 λειν
442 609 604 662 εἴωθε
662 609 834 677 τῦφον
859 629 875 644 ο
938 613 1014 685 μὴ
1066 615 1271 671 ἐσθίειν
1298 620 1377 686 δὲ,
1412 621 1491 686 ὡς
1518 618 1660 678 εἶναι
1691 628 1861 698 μόνην

267 700 685 771 εὐπαράδεκτον
713 702 896 757 αἰτίαν
924 707 1001 768 είς
1025 708 1312 781 ἀπόλειψιν
1328 712 1429 784 τῆς
1461 717 1647 787 κοινῆς
1676 718 1860 775 ἑστιά-

272 788 603 851 σεως,νόσον
660 793 727 864 τῇ
781 796 1103 870 προεστώσῃ
1149 799 1253 872 τῆς
1304 804 1473 875 μονῆς
1497 805 1600 860 οὐκ
1626 808 1858 877 ἀγνοου-

276 879 477 951 μένην.

840 1025 1066 1080 ΚΕΦΑΛ
1079 1065 1094 1081 .
1134 1027 1263 1086 NB'.

269 1131 413 1199 Περὶ
445 1130 561 1217 ζοῦ.
588 1132 798 1217 επιξίγακ⁵
824 1136 940 1217 τὴν
969 1137 1273 1217 διοίκησιν
1320 1147 1439 1217 τῷν
1461 1147 1861 1217 μοναζουσῶν

449 1202 568 1256 ἀπὸ
603 1204 724 1259 τῶν
738 1206 996 1264 εἰσόδων
1020 1202 1292 1281 γίνεσθαι
1320 1215 1432 1286 τῆς
1461 1202 1687 1288 ﬁeri}.

341 1333 453 1387 Kal.
470 1335 652 1405 ἀμφια
673 1336 728 1391 δὲ
760 1339 854 1392 καὶ
889 1342 1298 1414 περιϐλήματα,
1338 1348 1434 1403 καὶ
1462 1350 1855 1422 σκεπάσματα,

269 1424 368 1480 καὶ
416 1426 515 1498 τὴν
572 1428 773 1499 λοιπὴν
817 1432 1010 1501 χρείαν
1062 1436 1172 1489 ἀπὸ
1218 1438 1331 1491 τῶν
1357 1440 1760 1512 ἀφορισθεισῶν
1788 1447 1855 1516 τῇ

272 1521 410 1588 μονῇ
446 1521 731 1591 προσόδων
748 1524 997 1591 γίνεσθαι
1020 1527 1152 1598 ὑμῖν
1191 1530 1527 1602 διορίζομαι,
1576 1535 1720 1589 κατά
1764 1536 1858 1591 τὸν

269 1613 620 1682 προσήκοντα
653 1615 844 1686 καιρδν
862 1618 1309 1691 προεξωνούμενα
1340 1623 1434 1676 καὶ
1465 1625 1854 1697 ἀποτιθέμενασ

269 1705 570 1773 προσήκων
616 1708 673 1762 δὲ
725 1711 940 1780 καιρὸς,
1007 1712 1133 1767 καθ’
1162 1712 1223 1766 ὃν
1269 1716 1371 1769 οὐκ
1402 1716 1748 1773 ἐπιλείπουσι
1788 1720 1856 1775 τὰ

266 1796 497 1850 τοιαῦτα
552 1799 687 1865 εἴδη,
754 1802 892 1856 ἀλλὰ
946 1804 1042 1858 καὶ
1090 1807 1440 1878 εὑρίσκονται
1468 1809 1853 1885 δαψιλέστερα,

1964 630 2204 701 dejicere
2237 622 2401 708 solet)
2435 653 2543 693 nec
2569 647 2751 694 tamen
2782 640 3105 707 comedere;
3139 651 3201 697 ut
3239 641 3353 696 sola
3379 656 3543 697 causa

1963 728 2327 796 admittenda,
2374 729 2446 784 ad
2475 729 2840 786 deserendum
2879 746 3230 787 communem
3275 716 3542 799 mensam,

1961 821 2033 875 sit
2060 821 2289 878 morbus
2308 821 2627 878 monasterii
2656 821 2930 892 pra'fectre
2956 838 3063 880 non
3113 823 3359 897 ignotus.

2560 1036 2789 1093 CAPUT
2821 1036 2934 1093 Llf.

1961 1149 2113 1217 Quod
2143 1166 2594 1221 omnes-expensi:
2613 1148 2926 1221 manualium
2951 1163 3015 1202 ea:
3050 1146 3362 1202 monasterii
3394 1144 3536 1199 redi-

2450 1221 2589 1275 tibus
2613 1216 2741 1287 ﬁeri:
2763 1220 3009 1273 debeant.

2028 1356 2376 1417 Indumenta,
2399 1353 2654 1418 amictus,
2687 1352 2963 1409 velamina
2986 1353 3266 1424 etreliqua
3282 1367 3542 1408 necessa-

1960 1449 2061 1511 ria,
2080 1463 2146 1502 ex
2167 1447 2458 1518 assignatis
2480 1446 2823 1501 monasterio
2844 1445 3207 1515 proventibus
3234 1444 3353 1499 dari
3386 1444 3540 1499 vobis

1957 1538 2189 1599 definio;
2218 1553 2339 1607 qua:
2371 1551 2616 1605 congruo
2645 1546 2890 1604 tempore
2938 1536 3091 1605 prius
3123 1543 3407 1604 empta,et
3450 1549 3540 1588 re-

1957 1625 2174 1680 condita
2189 1640 2313 1679 esse
2331 1623 2536 1679 debent
2561 1638 2896 1695 :congruum
2917 1640 3046 1678 vero
3072 1634 3287 1692 tempus
3303 1633 3410 1685 est,
3430 1638 3543 1692 quo

1958 1718 2093 1773 tales
2107 1717 2320 1788 species
2348 1732 2458 1771 non
2492 1716 2782 1780 deti'ciunt,
2813 1717 2907 1771 sed
2929 1716 3223 1786 etcopiose
3245 1715 3540 1785 reperiun-

1958 1818 2048 1862 tur
2064 1818 2119 1863 et
2137 1807 2330 1862 viiiore
2361 1807 2539 1878 pretio
2569 1816 2854 1861 emuntur.
2884 1807 2948 1861 Et
2985 1805 3304 1860 summatim
3326 1819 3395 1858 ne
3423 1803 3538 1858 sin-

268 1886 367 1939 καὶ
419 1892 827 1959 πιπράσκονται
886 1896 1213 1967 εὑωνότερα.
1273 1902 1385 1955 Καὶ
1442 1903 1633 1967 ἁπλῶς
1678 1907 1859 1959 πᾶσαν

1964 1901 2086 1972 gula
2102 1916 2445 1967 enumerem,
2465 1916 2658 1955 omnes
2674 1900 3019 1954 necessarios
3042 1907 3260 1952 vestros
3287 1905 3543 1965 sumptus

268 1978 427 2067 ιζμῶν
478 1980 577 2053 τὴν
637 1983 945 2052 ἀναγκαίαν
994 1988 1285 2062 διοίκησιν,
1342 1995 1434 2048 ἵνα
1481 1997 1554 2067 μὴ
1607 1999 1676 2051 τὰ
1730 2001 1859 2053 καθ’

267 2065 503 2121 ἕκαστον
535 2072 962 2143 ἀπαριθμῶμαι,
997 2076 1106 2131 ἀπὸ
1139 2082 1241 2150 τῆς
1273 2082 1443 2154 μονῆς
1470 2065 1712 2152 γίνεσθαι
1737 2087 1853 2142 δια-

268 2158 562 2226 τάττομαι.
605 2164 714 2217 Καὶ
744 2165 894 2240 ἔσται
922 2167 1067 2222 οὕτω
1108 2170 1283 2226 ταῦτα
1334 2174 1603 2244 γινόμενα
1643 2194 1657 2206 ·
1714 2179 1857 2234 ὥστε

266 2248 332 2341 τὸ
350 2250 447 2341 τοῦ
479 2254 749 2309 κοινοόίου
782 2256 953 2328 ὄνομα
1003 2261 1389 2331 ἐπαληθεύειν,
1438 2264 1575 2322 ἀλλά
1623 2269 1697 2340 μὴ
1750 2290 1858 2341 χω-

267 2337 450 2394 λεύειν
482 2346 549 2414 τῇ
576 2346 670 2415 τῆς
696 2351 1146 2424 κεχαριτωμένης
1174 2353 1443 2410 Θεοτόκου
1476 2362 1635 2431 μονῇ.
1672 2362 1859 2414 Ἔσον-

267 2447 361 2525 ται
390 2434 446 2486 δὲ
487 2436 704 2502 πάντως
730 2442 827 2495 καὶ
866 2445 1188 2513 φροντισταὶ
1207 2447 1436 2515 τούτων,
1466 2451 1559 2503 καὶ
1589 2452 1858 2525 ἐπιμελη-

266 2524 364 2578 ταὶ
423 2528 578 2599 παρὰ
644 2530 747 2601 τῆς
807 2535 1235 2608 καθηγουμένης
1275 2543 1707 2613 προῖστάμεναι,
1761 2524 1859 2599 καὶ

270 2617 652 2686 φροντίζουσαι
686 2624 764 2694 μή
797 2624 959 2694 μόνον
993 2627 1060 2683 τὰ
1090 2627 1258 2682 καινὰ
1328 2630 1406 2702 μὴ
1475 2633 1865 2686 καταϐλάπτε-

272 2708 420 2774 σθαι,
477 2711 617 2766 ἀλλά
678 2715 775 2769 καὶ
830 2716 899 2771 τὰ
955 2718 1307 2791 πεπονηκότα
1376 2721 1861 2787 ιπισκευάξεσθαι.

1963 2007 1993 2047 a
2017 1990 2354 2047 monasterio
2379 1990 2500 2047 ﬁeri
2526 1989 2806 2062 praecipio.
2827 1991 2894 2046 Et
2912 1990 3027 2045 haec
3058 1990 3132 2044 ita
3150 2004 3208 2043 se
3231 1988 3541 2048 habebunt,

1962 2094 2023 2138 ut
2070 2083 2310 2139 cmnubii
2367 2099 2568 2139 nomen
2622 2097 2753 2137 vere
2800 2082 3094 2137 conveniat
3145 2081 3317 2152 gratia
3367 2080 3541 2150 plena:

1960 2175 2208 2245 Deipara:
2234 2176 2596 2237 monasterio,
2632 2183 2689 2229 et
2720 2189 2828 2228 non
2860 2173 3156 2229 claudicet.
3199 2170 3405 2224 Horum
3439 2187 3541 2223 au-

1960 2274 2070 2321 tem
2094 2266 2344 2322 sollicita:
2390 2265 2713 2331 curatriccs,
2765 2276 2821 2320 et
2844 2263 3103 2320 custodes
3140 2272 3307 2318 erunt
3357 2276 3480 2331 quae
3509 2278 3539 2314 a

1961 2352 2215 2427 praefecta
2259 2358 2655 2423 instituentur;
2703 2367 2760 2412 et
2788 2357 3087 2420 curabunt,
3113 2370 3223 2409 non
3254 2354 3454 2408 solum
3479 2358 3557 2407 ut.

1964 2465 2105 2505 nova
2132 2450 2466 2506 detrimento
2496 2465 2603 2504 nou
2633 2448 2965 2514 afﬁciantur,
3016 2448 3111 2503 sed
3138 2444 3305 2502 etiam
3340 2454 3400 2500 ut
3439 2444 3539 2498 de»

1969 2543 2097 2599 trita
2129 2542 2533 2598 instaurentur.
2573 2541 2828 2595 “ascita
2880 2541 2997 2595 fieri
3045 2538 3442 2610 disposuimus,
3480 2545 3550 2590 ut

1968 2634 2116 2689 omni
2133 2633 2297 2703 hujus
2311 2633 2434 2688 vita
2447 2648 2578 2688 cura
2595 2632 2785 2687 libera:
2796 2631 3086 2695 maneatis,
3107 2639 3546 2700 perpetuumque

1971 2739 2111 2795 opus
2140 2723 2413 2789 habeatis,
2455 2737 2557 2792 pro
2591 2722 2752 2777 vobis
2778 2721 2913 2792 ipsis
2940 2715 3003 2776 et'
3027 2734 3130 2790 pro
3155 2718 3318 2774 nobis
3358 2731 3545 2795 orare.

269 2799 457 2858 Ταῦτα
518 2805 664 2860 οὓτω
715 2808 1111 2881 διαταττόμεθα
1157 2790 1435 2883 γίνεσθαι,
1482 2816 1626 2869 ὥστε
1671 2817 1855 2888 πάσης
1892 2790 2154 2888 βιωτικῆς
2181 2790 2469 2885 φροντίδος
2527 2816 2674 2887 ὑμᾶς
2736 2790 2923 2886 μένειν
2964 2812 3415 2887 ἀπηλλαγμένας,
3445 2790 3552 2863 καὶ

266 2893 517 2968 διηνεκὲς
544 2899 706 2971 ἔργον
732 2901 899 2974 ἔχειν,
937 2906 1147 2962 ἑαυτῶν
1174 2924 1234 2963 τε
1272 2909 1368 2963 καὶ
1416 2910 1574 2981 ήμῷν
1625 2911 2055 2983 ῠπερεύχεσθαι.
2620 2942 2625 2947 ι

861 3062 1119 3117 ΚΕΦΛΛε
1146 3062 1276 3119 NI”.

269 3164 409 3236 Περὶ
434 3167 540 3222 τοῦ
558 3168 646 3239 μὴ
675 3170 1121 3259 egenorum“,
1147 3175 1197 3256 ᾗ
1214 3179 1644 3259 καταξεμεττὰς
1671 3196 1860 3250 προσ-

712 3241 998 3313 δέχεσθαι
1024 3246 1096 3301 ἐν
1122 3244 1197 3315 τῇ
1229 3246 1417 3319 μονῇ.

357 3375 777 3446 Ἐξωμονίτιδας
839 3378 899 3433 δὲ
954 3380 987 3450 ἥ
1053 3382 1458 3453 καταπεμπτὰς
1512 3382 1635 3438 οὔτε
1695 3381 1865 3450 εἶναι,

270 3471 397 3525 οὔτε
435 3469 799 3547 ὀνομάζεσθαι
821 3470 1105 3544 βούλομαι.
1139 3474 1323 3547 Ταύτῃ
1360 3492 1445 3529 τοι
1490 3476 1586 3531 καὶ
1638 3477 1858 3530 διατάτ-

271 3579 438 3655 τομαι
468 3540 788 3630 ἐξωμοῖᾶτιν
823 3540 1095 3634 μηδαμῶς
1121 3540 1547 3638 προσδέχεσθαι,
1575 3568 1677 3623 κᾶν
1704 3586 1863 3641 περι-

276 3652 476 3722 φανοῦς
503 3655 591 3724 εἰη
619 3652 812 3724 τύχης,
845 3654 947 3708 κᾶν
978 3657 1301 3727 περιουσίας
1343 3659 1603 3733 εὐποροίη
1658 3659 1864 3730 πολλῆς

274 3746 569 3800 κάντεῦθεν
601 3750 971 3819 προσαγωγὴν
998 3764 1123 3803 τινα
1163 3752 1427 3826 περιττήν
1450 3768 1510 3805 τε
1560 3753 1655 3805 καὶ
1699 3752 1861 3821 δαψι·

271 3837 362 3907 λῆ,
401 3838 774 3912 ῆπροτφέρῃ,
805 3838 838 3909 ἢ
873 3840 1305 3910 ἐπαγγέλληται,
1356 3840 1498 3911 ὑπὲρ
1568 3840 1664 3894 τοῦ
1719 3842 1864 3913 ρητά

270 3946 396 3983 τινα
428 3929 752 4000 κομίζεσθαι
786 3930 1075 4002 σιτηρέσια
1103 3947 1120 3965 ·
1161 3932 1426 4003 ἀθέτησις
1448 3932 1564 4003 ,γὰρ
1591 3933 1655 3986 τὸ
1678 3932 1861 3986 τοιοῦ-

270 4019 363 4072 τόν
384 4020 501 4073 ἐστι
529 4020 626 4089 τῆς
652 4019 931 4091 ἡμετέρας
957 4019 1055 4074 καὶ
1085 4019 1338 4091 γνώμης,
1387 4021 1486 4076 καὶ
1536 4022 1861 4088 διατάξεως.

276 4108 488 4179 Προίκα
522 4109 621 4178 μὲν
649 4109 780 4181 γὰρ,
811 4115 908 4165 καὶ
937 4109 1138 4175 δόσεως
1165 4111 1296 4167 ἄνευ
1363 4111 1681 4183 ἡστινοσοῦν
1740 4117 1860 4177 ταῖς

273 4203 375 4274 τὴν
407 4202 754 4273 κοινοϐιακὴν
775 4202 1187 4273 ἀσπαζομέναις
1214 4203 1517 4276 διαγωγὴν,
1540 4204 1639 4258 καὶ
1693 4205 1862 4275 μηδὲν

276 4295 438 4348 πλέον
459 4296 610 4365 παρᾶ
648 4293 720 4347 τὰ
774 4297 906 4364 παρ’
948 4295 1107 4366 ἡμῶν
1160 4295 1568 4367 διατεταγμένα
1623 4295 1770 4368 ἔχειν
1827 4295 1861 4366 ἢ

276 4384 579 4455 λαμϐάνειν
613 4384 1025 4455 ὲπιξητούσαις,
1050 4384 1152 4450 τὰς
1180 4386 1281 4457 τῆς
1309 4387 1483 4458 μονῆς
1537 4386 1717 4452 πύλας
1762 4389 1862 4458 ην-

2565 3065 2790 3122 CAPUT
2824 3064 2969 3120 ΜΗ.

1968 3182 2120 3248 Quod
2158 3179 2560 3240 exomonitides,
2590 3179 2703 3232 sive
2718 3186 2995 3232 extranea!
3016 3177 3295 3239 moniut'es,
3324 3185 3417 3233 aut
3460 3180 3543 3237 df-

2131 3253 2305 3306 miuw
2336 3251 2394 3305 in
2423 3249 2743 3304 monasterio
2768 3264 2874 3305 non
2909 3248 3016 3302 sint
3047 3247 3373 3317 recipiendae.

2036 3383 2452 3442 Exomonitides
2483 3393 2579 3439 aut
2608 3382 2890 3448 dimissas,
2921 3396 3024 3438 nec
3058 3398 3200 3447 esse,
3230 3399 3332 3439 nec
3360 3386 3543 3440 nomi-

1963 3479 2083 3534 nari
2143 3479 2287 3533 volo.
2349 3477 2620 3544 Quocirca
2650 3475 2936 3547 praecipio,
2987 3484 3048 3532 ut
3088 3477 3418 3532 exomonitis
3448 3494 3546 3533 seu

1961 3581 2220 3627 extranea
2288 3570 2544 3626 monialis
2616 3570 2934 3625 nullatenus
3022 3569 3342 3639 recipiatur,
3410 3570 3541 3623 licet

1964 3663 2267 3733 splendida?
2336 3663 2411 3717 sit
2464 3661 2719 3725 fortunae,
2797 3660 3050 3731 quamvis
3103 3661 3302 3732 Opibus
3356 3660 3548 3716 multis

1963 3757 2230 3821 abundet,
2265 3757 2512 3827 hincque
2532 3755 2909 3811 accessionem
2957 3756 3233 3826 ingentem
3263 3764 3319 3809 et
3352 3753 3543 3824 copio-

1964 3865 2076 3903 sam
2104 3847 2221 3902 sive
2247 3847 2532 3912 obtulerit,
2568 3846 2686 3902 sive
2721 3847 3063 3917 promiserit,
3112 3862 3311 3917 nempe
3345 3854 3544 3901 statam

1964 3940 2263 4011 quamdam
2310 3955 2585 3996 annonam
2603 3939 2823 3995 deferre
2846 3956 2876 4007 ;-
2897 3939 3031 3994 illud
3054 3954 3293 4009 namque
3338 3948 3543 3993 nostra:

1964 4028 2258 4086 sententia:
2275 4039 2333 4084 et
2350 4029 2618 4098 jussionis
2650 4028 3019 4101 transgressio
3050 4038 3159 4084 est.
3192 4028 3378 4084 Gratis
3399 4028 3549 4083 enim

1962 4130 2019 4178 ct
2076 4121 2217 4177 citra
2268 4121 2476 4177 donum
2535 4121 2908 4192 quodcunque
2974 4132 3161 4192 portas
3220 4118 3543 4174 monasterii

1964 4213 2291 4284 aperuimus
2345 4212 2419 4269 iis
2446 4229 2569 4283 quae
2622 4212 3018 4268 cmuobilicum
3065 4211 3381 4266 institutum
3432 4226 3549 4264 am-

1964 4306 2306 4375 plectuntur,
2358 4312 2417 4360 et
2452 4304 2591 4358 nihil
2623 4312 2825 4372 praeter
2848 4317 2913 4356 ea
2945 4318 3068 4372 qua:
3094 4317 3124 4356 a
3149 4301 3311 4355 nobis
3340 4309 3546 4354 statuta

1965 4407 2097 4454 sunt
2144 4397 2353 4452 habere
2403 4406 2464 4452 et
2517 4396 2777 4466 accipere
2825 4401 3102 4465 quarunt.
3181 4391 3549 4447 Donationem

275 4476 520 4545 οίξαμεν.
557 4475 716 4528 Δόσιν
736 4475 794 4528 δὲ
813 4474 907 4528 ἐπὶ
946 4476 1133 4546 ῥητοῖς
1158 4492 1272 4529 τισι
1301 4477 1618 4547 γινομένην,
1650 4481 1749 4533 καὶ
1792 4477 1861 4530 τὰ

1967 4506 2098 4546 vero
2134 4488 2466 4562 quibusdam
2513 4484 2930 4543 conditionibus
2976 4483 3199 4545 factam,
3252 4491 3311 4538 et
3341 4489 3551 4537 statuta

278 4569 411 4639 παρ’
442 4566 601 4637 ἡμῶν
659 4567 1065 4640 διατεταγμένα
1117 4570 1655 4642 παραχαράττουσαν
1703 4571 1862 4624 οὐδα-

280 4659 399 4729 μῶς
429 4657 789 4730 προσιέμεθα.

352 4751 774 4823 Καταπεμπτὴν
830 4750 890 4805 δὲ
918 4751 1021 4818 λτίς
1071 4752 1137 4806 ἂν
1184 4753 1265 4816 είς
1334 4751 1629 4824 ἐλευθέραν
1693 4755 1871 4825 μονὴν

281 4844 697 4915 παραπέμψειε,
741 4844 837 4899 καὶ
869 4844 1011 4919 μόνῃ
1037 4848 1103 4915 τῇ
1126 4847 1368 4917 κραταιᾷ
1390 4846 1539 4916 χειρὶ
1568 4846 1668 4916 τῆς
1693 4863 1865 4918 κεχα-

284 4934 592 5004 ριτωμένης
618 4933 885 4989 Θεοτόκου
913 4934 1270 4990 ἀνατεθεῖσάν
1303 4953 1386 5002 τε,
1418 4936 1516 4990 καὶ¹
1549 4937 1862 4991 πιστευθεῖ-

284 5042 411 5089 σαν,
444 5027 539 5079 καὶ
561 5026 769 5097 ταύτην
800 5026 1030 5098 ἔχουσαν
1053 5028 1379 5099 ὲκδικητήν;
1411 5027 1508 5090 Τίς
1555 5028 1602 5082 δ’
1656 5027 1724 5082 ἂν
1748 5028 1864 5083 ἐθε-

284 5119 429 5191 λήσῃ
464 5117 564 5190 τὴν
583 5119 931 5189 πανάμωμον
951 5118 1133 5190 ἑαυτῷ
1151 5119 1540 5186 ἐκπολεμῶσαι
1562 5119 1658 5173 τοῦ
1683 5121 1862 5189 Λόγου

285 5211 516 5280 Μητέρα
574 5210 850 5283 ἀνθρώπῳ
918 5212 1145 5282 φθαρτῷ
1196 5211 1599 5283 χαριζόμενος;
1656 5212 1864 5284 Μηδεὶς

282 5301 443 5355 τοῦτο
478 5302 764 5375 βουληθείη
795 5303 950 5372 ποτὲ,
985 5302 1115 5375 μηδ’
1143 5302 1318 5365 οὕτως
1346 5305 1605 5375 φρονήσοι
1652 5303 1862 5366 κακῶς.
1904 5367 1909 5371 _

284 5393 378 5463 Τῷ
403 5394 500 5462 μὲν
519 5396 626 5467 γὰρ
644 5395 1003 5467 συντηροῦντι
1022 5395 1089 5449 τὰ
1110 5395 1338 5460 δόξαντα
1391 5397 1506 5459 τοῖς
1569 5412 1869 5467 προσενεγ-

285 5485 448 5540 κοῦσι
490 5488 633 5558 Θεῷ,
690 5488 884 5559 μισθός
933 5490 1084 5543 ἐστιν
1139 5489 1205 5542 οὐ
1254 5489 1450 5560 μικρδς
1477 5489 1861 5558 ἀποκείμενος,

284 5578 403 5641 τοῖς
433 5577 648 5632 ἀθετεῖν
695 5578 751 5633 δὲ
811 5580 906 5633 καὶ
972 5580 1422 5651 παραχαράττειν
1474 5580 1863 5651 πειρωμένοις,

288 5668 509 5734 αἰώνιος
536 5671 869 5743 ἡτοίμασται
899 5672 1140 5736 κόλασις.

1965 4592 2155 4641 nostra
2177 4583 2612 4649 adulterantem,
2648 4579 2971 4635 nullatenus
3001 4575 3368 4633 admittimus.

2035 4757 2327 4815 Dimissam
2362 4765 2546 4812 autem
2581 4754 2708 4826 quis
2743 4751 3122 4810 trausmiserit
3167 4750 3235 4806 ad
3271 4758 3549 4804 monaste-

1966 4849 2106 4904 rium
2139 4849 2402 4910 iiberum,
2439 4855 2497 4904 et
2549 4846 2654 4901 soli
2687 4844 2928 4900 robusta:
2969 4842 3145 4916 gratia
3196 4843 3372 4912 plenae
3425 4842 3550 4895 Dei-

1966 4956 2112 5011 parte
2147 4941 2335 4996 manui
2370 4940 2698 5011 repositum,
2744 4946 2909 5006 atque
2953 4935 3252 4998 creditum,
3283 4944 3336 4987 et
3370 4933 3545 5001 ipsum

1966 5030 2183 5086 habens
2227 5031 2543 5087 vindicem?
2589 5028 2728 5095 Quis
2781 5027 2929 5082 enim
2967 5034 3027 5080 ut
3061 5023 3273 5079 homini
3327 5022 3546 5076 mortali

1966 5121 2330 5190 gratiticetur,
2363 5120 2610 5175 voluerit.
2640 5117 3047 5173 immaculatam
3077 5115 3174 5170 Dei
3221 5113 3450 5167 Matrem
3477 5110 3549 5164 ad

1969 5212 2174 5267 bellum
2208 5221 2403 5267 contra
2436 5227 2495 5266 se
2550 5208 2964 5279 suscipiendum
3026 5206 3314 5263 excitare?
3362 5203 3551 5259 nullus

1969 5318 2219 5374 unquam
2243 5302 2308 5356 id.
2344 5300 2605 5366 voluerit,
2644 5314 2746 5354 nec
2774 5299 2914 5355 adeo
2949 5315 3114 5370 prava
3162 5305 3347 5352 mente
3403 5310 3546 5364 pra:-

1969 5397 2116 5451 ditus
2147 5394 2337 5450 fuerit.
2371 5393 2433 5471 Ei
2468 5395 2618 5471 enim
2666 5391 2761 5462 qui
2811 5392 3117 5447 servaverit
3163 5404 3286 5459 quae
3341 5395 3545 5442 statuta

1968 5496 2099 5543 sunt
2119 5486 2188 5542 ab
2225 5485 2293 5540 iis
2322 5468 2417 5555 qui
2442 5486 2555 5539 Deo
2590 5468 2883 5554 quidpiam
2920 5480 3241 5545 obtulerint,
3280 5493 3395 5533 non
3431 5492 3551 5531 mo-

1969 5575 2090 5629 dica
2123 5588 2337 5628 merces
2361 5573 2602 5642 reposita
2633 5584 2718 5629 cst
2750 5590 2764 5627 :
2798 5573 2875 5627 illi
2912 5585 3048 5626 vero
3072 5569 3167 5640 qui
3196 5569 3309 5638 ipsa
3345 5567 3551 5621 violare

1968 5676 2024 5720 et
2053 5664 2366 5720 adulterare
2393 5663 2709 5730 teutavcrit,
2733 5671 2997 5718 aeternum
3030 5667 3281 5729 paratum
3313 5665 3397 5713 est
3423 5671 3544 5724 sup-

1972 5756 2217 5827 plicium.
