4054 6278
523 360 692 444 1075'
1781 381 2068 445 IRENES
2106 381 2478 444 AUGUST/E

1107 495 1334 552 CAPUT
1368 497 1496 552 LIV.
2118 499 2165 555 Α
2770 494 3019 550 nec“.
3049 481 3174 549 Nx.

523 582 674 667 Quod
703 586 1066 673 exocuritides,
1105 605 1197 673 seu
1243 599 1392 673 extre
1426 591 1800 671 nimicum-ium
1854 592 2088 646 detonsa

2197 592 2328 673 Περὶ
2356 591 2462 673 τοῦ
2473 590 2579 673 ,καὶ
2619 589 3075 673 ξξωμιζυριτιὸας
3102 589 3381 673 δέχεσραι
3409 586 3750 673 ἑνσρέίους,

3620 385 3751 449 1076

587 656 781 731 virtute
800 659 1052 731 prardim’,
1069 655 1414 731 admittenda:
1430 660 1536 712 sint
1555 678 1574 725 ;
1599 660 1699 713 nisi
1720 662 2086 731 imperatoria,

587 725 671 780 uel
701 727 963 794 magnatis
992 729 1290 798 cujuspiam
1318 738 1570 798 potestate
1602 747 1709 785 usa:
1740 725 1955 799 fuerint.

593 837 647 891 Si
671 853 800 892 vero
823 839 1068 908 quaedam
1093 841 1180 910 pia
1205 840 1315 895 vita
1335 852 1651 897 ornatarum
1676 842 2088 906 monacharum,

523 946 645 999 quae
688 943 754 984 ex
801 945 869 984 eo
899 932 1100 985 bonum
1142 947 1343 987 nomen
1377 933 1484 988 sibi
1528 935 1854 999 conciliarit,
1885 944 1941 989 et
1974 949 2087 988 ma-

525 1022 722 1076 nifesta
752 1022 1014 1076 virtutum
1065 1024 1290 1096 vestigia
1324 1027 1646 1088 ostenderit,
1677 1044 1771 1083 seu
1815 1027 2093 1082 desiderio

527 1114 867 1178 monasterii,
922 1116 1037 1169 sive
1085 1131 1275 1173 amore
1325 1119 1561 1174 instituti
1595 1121 1735 1190 ejus,
1791 1119 1876 1174 vel
1927 1117 2092 1173 etiam

525 1206 728 1260 allectu
759 1222 884 1276 erga
912 1223 1032 1272 nos,
1059 1209 1225 1264 ειειυί
1253 1225 1502 1265 sororum
1531 1211 1814 1281 aggregari
1835 1210 2091 1274 voluerit,

527 1311 783 1350 veremur
820 1308 875 1352 et
900 1299 1284 1356 erubescimus
1315 1302 1405 1356 tali
1441 1303 1742 1373 ingressum
1815 1300 2093 1356 claudere.

525 1389 794 1454 Quocirca
846 1392 1129 1461 jubemus,
1185 1395 1399 1464 supinis
1449 1411 1590 1460 eam,
1631 1405 1690 1449 ut
1725 1395 1947 1457 dicitur,
1981 1409 2096 1448 ma-

525 1481 690 1536 nibus
719 1484 922 1554 suscipi
957 1486 1226 1541 :maxime
1259 1487 1302 1540 si
1335 1488 1575 1552 accedat,
1608 1487 1958 1557 imperatoria
1984 1501 2094 1540 non

527 1571 817 1641 implorata
878 1581 1172 1642 potestate,
1225 1592 1402 1645 neque
1452 1579 1717 1647 magnatis
1769 1576 2094 1647 eujuspiam,

527 1672 622 1718 aut
651 1663 974 1732 patriarchae
1010 1667 1214 1722 auxilio
1253 1667 1522 1733 adhibito,
1552 1669 1703 1738 juxta
1757 1667 2098 1722 observatio-

527 1770 625 1808 nes
661 1771 782 1824 quaa
809 1756 862 1810 in
903 1759 1156 1814 asceticis
1196 1760 1503 1815 canonibus
1531 1775 1562 1815 a
1595 1760 1802 1815 sanctis
1842 1759 2100 1816 Patribus

527 1846 811 1900 declarata:
839 1857 991 1914 sunt,
1025 1849 1170 1904 circa
1200 1865 1430 1918 easquze
1452 1865 1519 1904 ex
1541 1849 1650 1904 alio
1680 1849 2013 1906 monasterio
2037 1849 2093 1903 in
2129 1833 2172 1891 Β

526 1937 676 1992 aliud
714 1941 1123 2011 transmigrant.
1153 1941 1255 2008 Qui
1285 1942 1430 1997 enim
1468 1943 1604 1999 alias
1627 1944 1888 1998 virtutem
1922 1942 2096 1996 bono-

529 2034 778 2099 randam,
825 2043 882 2090 et
911 2036 1056 2105 apud
1103 2036 1362 2092 cordatus
1413 2036 1577 2092 laude
1633 2037 1852 2105 dignam
1904 2043 2092 2092 osten-

527 2125 770 2182 dcrimus
783 2125 810 2178 ’ἓ

2262 657 2314 719 ἐι
2345 664 2426 731 μὴ
2455 657 2751 728 ,ϐασιλικῇ
2787 659 2824 728 ἢ
2852 657 3538 730 ἁρχοντικῇ⁷ίχρήσαιντο
3572 657 3749 715 δυνα.

2263 737 2452 801 ate/gr.

2267 846 2330 898 Εἰ
2357 846 2538 915 μέντοι
2588 864 2676 911 τις
2736 846 2842 900 τῶν
2903 845 3003 918 βίῳ
3055 845 3292 916 θεοφιλεῖ
3345 849 3762 918 σεμνυνομένων

2197 935 2566 1006 μοναζουσῶν,
2601 937 2694 989 καὶ
2725 936 2890 990 καλὸν
2922 937 3012 989 ἐπὶ
3033 934 3208 1006 τούτῳ
3251 939 3611 1008 κτησαμένων
3648 939 3762 990 δνο-

2198 1045 2293 1097 μα,
2328 1029 2421 1081 καὶ
2451 1031 2598 1099 σαφῆ
2622 1028 2690 1081 τὰ
2719 1030 2842 1100 ῐχνη
2867 1028 2978 1081 τῶν
3019 1029 3228 1096 ἀρετῶν
3279 1029 3761 1099 ἐπιδεικνυμένων,

2195 1119 2228 1187 ἢ
2262 1119 2410 1188 πόθῳ
2446 1119 2524 1188 τῷ
2553 1122 2692 1189 πρὸς
2715 1122 2813 1188 τὴν
2845 1118 3033 1190 μονὴν,
3076 1119 3108 1189 ἢ
3145 1119 3308 1190 ἔρωτι
3365 1120 3468 1191 τῆς
3529 1122 3590 1173 ὲν
3626 1122 3762 1190 αὐτῇ

2195 1213 2494 1284 διαγωγῆς,
2524 1214 2558 1284 ἢ
2587 1214 2680 1267 καὶ
2702 1213 2943 1266 διαθέσει
2970 1217 3034 1284 τῇ
3059 1214 3195 1282 πρὸς
3217 1216 3388 1285 ἡμᾶς,
3428 1215 3594 1284 μέρος
3636 1217 3763 1285 βουο

2196 1305 2386 1376 ληθεὶη
2429 1304 2684 1375 γενέσθαι
2730 1308 2828 1376 τῆς
2881 1305 3258 1376 ἀδελφότητος,
3299 1306 3603 1377 αἰδούμεθα
3673 1311 3764 1362 καὶ

2199 1394 2542 1466 ὲρυθριῶμεν
2601 1395 2924 1449 ἀποκλεῖσαι
2964 1399 3032 1466 τῇ
3088 1397 3318 1468 τοιαύτῃ
3376 1397 3478 1468 τὴν
3535 1398 3762 1453 εῖσοδον.

2198 1486 2383 1558 Ταύτῃ
2424 1501 2508 1539 τοι
2562 1486 2658 1540 καὶ
2701 1485 3070 1556 διοριζόμεθα,
3105 1487 3350 1550 ὑπτίαις,
3380 1486 3409 1539 ὅ
3431 1487 3494 1556 δὴ
3525 1487 3765 1555 λέγεται,

2197 1577 2401 1647 ταύτην
2425 1578 2612 1648 χερσὶν
2646 1577 3002 1648 ὑποδέχεσθαι
3037 1595 3054 1611 ⁶
3079 1580 3174 1632 καὶ
3214 1578 3417 1648 μᾶλλον
3466 1580 3515 1630 εί
3566 1581 3765 1650 προσίῃ

2203 1669 2278 1740 μὴ
2313 1669 2599 1738 βασιλικῆς
2623 1669 2873 1741 δεηθεῖσα
2904 1670 3176 1736 ἐξουσίας,
3213 1671 3289 1740 μὴ
3317 1671 3612 1740 ἀρχοντικῇ
3647 1673 3768 1722 ὲπι-

2201 1763 2396 1834 κουρία
2423 1763 2767 1833 χρησαμένη.
2799 1762 2832 1832 ἢ
2860 1763 3259 1833 πατριαρχικῇ,
3300 1762 3439 1815 κατά
3471 1760 3569 1822 τάς
3593 1779 3764 1831 παρα-

2197 1853 2456 1925 τηρήσεις
2491 1854 2675 1923 μέντοι
2705 1854 2805 1916 τὰς
2839 1855 2896 1906 ὲν
2957 1855 3070 1917 τοῖς
3106 1855 3424 1923 ἀσκητικοῖς
3453 1854 3644 1906 κανόσι
3690 1853 3764 1904 δι-

2195 1944 2568 2016 ηγορευμένας
2593 1947 2702 2008 τοῖς
2725 1945 2898 2014 ἁγίοις
2918 1945 3032 1998 Πατ
3042 1945 3190 2016 ράσι,
3209 1963 3275 1998 πε
3285 1946 3336 2014 ρὶ
3358 1944 3468 1997 τῶν
3488 1944 3547 2010 ἐξ
3581 1945 3762 2011 ἑτέρου

2198 2038 2562 2107 μοναστηρίου
2619 2037 2702 2101 είς
2759 2036 2944 2107 ἕτερον
2994 2035 3454 2107 μεταεαινουσῶν.
3495 2036 3608 2089 Καὶ
3650 2035 3762 2099 πῶς

2193 2127 2302 2198 γὰρ
2335 2129 2400 2182 ἂν
2443 2127 2618 2189 ἄλλως
2656 2126 2932 2198 δείξαιμεν
2956 2129 3039 2181 ὅτι
3073 2127 3332 2199 τιμητέον
3356 2129 3390 2198 η
3435 2128 3627 2197 ἀρετὴ,
3670 2125 3764 2182 καὶ

2195 2220 2352 2288 λόγου
2383 2221 2494 2284 τοῖς
2538 2219 2664 2274 νοῦν
2704 2219 2920 2290 ἔχουσιν
2947 2219 3131 2285 ἀξιονς

595 2326 891 2392 Caeterum,
933 2329 1081 2398 quod
1116 2327 1186 2384 de
1219 2327 1536 2399 liujusmodi
1571 2329 1841 2386 monacba
1885 2327 2093 2384 dictum

2266 2331 2414 2403 Πλὴν
2437 2331 2498 2385 τὸ
2519 2333 2648 2401 περὶ
2702 2329 2805 2394 τῆς
2852 2329 3113 2401 τοιαύτης
3159 2329 3453 2401 είρημένον
3504 2328 3757 2399 μοναχῆς,

527 2427 632 2485 est,
659 2418 728 2474 ad
771 2420 909 2474 alias
932 2434 1043 2474 non
1076 2419 1286 2475 similes
1337 2419 1394 2474 in
1418 2420 1728 2488 exemplum
1780 2419 2096 2476 nullatenus

2197 2425 2272 2489 είς
2301 2424 2401 2488 τὰς
2435 2422 2509 2495 μὴ
2528 2424 2786 2486 τοιαύτας
2818 2422 3072 2493 οὐδαμῶς
3109 2422 3508 2493 ἐλκυσθήσεται
3539 2421 3620 2484 εῖς
3643 2421 3764 2473 ὑπό-

529 2513 801 2577 trahetur,
832 2527 1012 2582 neque
1044 2512 1390 2567 occasionem
1420 2512 1574 2567 dabit
1601 2513 1920 2568 occasiones
1948 2528 2096 2582 quas-

2197 2516 2415 2584 δειγμα,
2456 2513 2581 2568 οὐδὲ
2622 2513 2785 2568 δώσει
2822 2512 3006 2584 χώραν
3046 2515 3301 2584 ἀφορμῆς
3344 2516 3458 2576 τοῖς
3513 2511 3764 2582 ζητοῦσιν

528 2604 800 2669 rentibus,
856 2613 916 2657 ut
947 2602 1289 2659 confundant
1331 2619 1395 2657 ea
1421 2619 1543 2672 quae
1594 2611 1870 2670 constant,
1922 2613 1980 2659 et
2035 2613 2096 2658 ut

2197 2605 2471 2675 ἀφορμὰς,
2489 2603 2627 2674 πρὸς
2655 2603 2717 2657 τὺ
2753 2603 2824 2658 τὰ
2845 2604 3224 2676 καθεστηκότα
3252 2606 3494 2674 συγχεῖν,
3547 2603 3644 2656 καὶ
3697 2601 3762 2654 τὰ

529 2705 918 2762 transmutent,
948 2703 1113 2764 atque
1146 2694 1200 2748 in
1230 2693 1390 2748 aliam
1409 2693 1638 2748 formam
1687 2693 1975 2749 traducant
2003 2695 2094 2750 illa

2197 2695 2378 2760 καλῶς
2416 2693 2755 2766 διωρισμένα
2795 2696 3198 2767 μεταπλάττειν
3241 2711 3300 2748 τε
3345 2695 3440 2747 καὶ
3491 2707 3764 2763 μεταμορ⁴

527 2801 649 2855 qua:
679 2795 825 2842 recte
854 2785 1154 2841 constituta
1185 2791 1334 2846 sunt,
1367 2792 1537 2853 utque
1568 2783 1634 2836 ad
1667 2782 1954 2838 deﬁnitum
1976 2799 2098 2838 sco-

527 2897 657 2949 pum
687 2896 796 2934 non
846 2878 1150 2942 colliment,
1201 2875 1296 2930 sed
1332 2873 1401 2928 ad
1445 2875 1726 2944 pr0priam
1758 2876 2093 2932 voluntatem

528 2974 619 3028 illa
657 2987 844 3028 secum
888 2972 1127 3027 trahant.

599 3065 655 3120 Si
683 3081 816 3120 vero
837 3065 1019 3134 aliqua
1071 3073 1132 3120 ut
1155 3065 1279 3121 talis
1299 3065 1633 3137 suscipiatur
1670 3061 1890 3134 qualem
1925 3075 2094 3129 supe-

2197 2792 2352 2860 φοῦν,
2383 2790 2478 2843 καὶ
2513 2791 2588 2860 μὴ
2611 2789 2746 2860 πρὶς
2767 2790 2860 2841 τὸν
2885 2787 3240 2858 διωρισμένον
3281 2784 3606 2840 ἀπευθύνειν
3642 2799 3760 2836 σκο-

2195 2883 2320 2948 πὸν,
2350 2881 2484 2938 ἀλλά
2513 2880 2795 2953 μεθέλκειν
2817 2883 2897 2944 εἰς
2927 2880 2988 2934 τὸ
3009 2879 3138 2933 ίδιον
3168 2877 3436 2950 βούλημα.

2266 3066 2383 3121 Κᾶν
2408 3065 2516 3137 γάρ
2547 3065 2622 3129 ὡς
2649 3064 2873 3134 τοιαύτη
2905 3064 3003 3134 μέν
3039 3080 3124 3126 τις
3157 3061 3548 3150 παραδεχθιίη,
3597 3061 3713 3114 οἵαν
3737 3062 3764 3112 ὁ

529 3155 648 3210 rius
703 3155 1134 3222 declaravimus,
1195 3158 1428 3228 talisque
1484 3173 1593 3212 non
1656 3170 1782 3212 esse
1813 3162 2095 3224 arguatur,

2201 3157 2356 3226 λόγος
2380 3155 2855 3227 προανεφώνησεν,
2890 3153 3170 3226 ἐλεγχθείη
3200 3154 3257 3206 δὲ
3288 3154 3363 3222 μὴ
3412 3153 3637 3220 τοιαύτη
3677 3150 3764 3203 οὗ-

531 3247 848 3319 (‘mutabiles
870 3249 1018 3304 enim
1041 3265 1232 3305 sumus
1258 3251 1493 3305 maxime
1519 3249 1787 3311 omnium,
1821 3245 2097 3314 homines)

529 3337 861 3393 ctvideatur
901 3340 956 3394 in
1003 3340 1303 3410 perniciem
1347 3339 1663 3396 monasterii
1689 3354 1832 3402 esse,
1883 3353 2098 3394 necnon

529 3448 720 3487 earum
755 3447 878 3503 quae
938 3432 994 3486 in
1020 3433 1116 3488 illo
1154 3433 1385 3502 degunt,
1419 3431 1624 3488 nedum
1658 3431 1728 3486 ad
1758 3431 2052 3486 utilitatem
2080 3447 2096 3496 ;

529 3524 722 3580 licebit
749 3522 1042 3593 praefectos,
1088 3538 1331 3595 congrua
1361 3539 1487 3578 cum
1520 3523 1828 3579 reverentia
1849 3530 1906 3578 et
1941 3537 2098 3577 man-

531 3615 824 3671 suetudine
842 3613 1228 3671 ulterioremin
1255 3615 1588 3670 monasterio
1610 3614 2096 3671 commorationem

531 3707 635 3778 ipsi
704 3705 1057 3774 interdicere,
1131 3722 1366 3778 eamque
1432 3723 1559 3764 cum
1602 3707 1950 3764 orationibus
2014 3705 2100 3762 di—

529 3798 768 3854 mittere.

1143 3913 1370 3972 CAPUT
1395 3914 1504 3972 LV.

531 4023 682 4089 Quod
729 4025 1087 4081 cembiticum
1137 4029 1435 4102 institutum
1481 4047 1754 4102 nunquam
1806 4031 2103 4086 immutari-

1205 4099 1332 4154 dum
1363 4102 1454 4155 sit.

603 4207 678 4264 Dc
707 4206 1038 4264 emnobitico
1071 4209 1330 4264 instituto
1364 4211 1709 4281 plerumque,
1759 4220 1816 4266 et
1842 4211 1896 4265 in
1923 4212 2099 4282 pluri-

531 4303 636 4357 bus
704 4303 993 4373 praesentis
1038 4304 1394 4375 syntagmatis
1442 4304 1580 4359 locis
1612 4304 1820 4359 dictum
1869 4315 1974 4370 est,
2043 4313 2124 4360 et‘

528 4409 919 4466 nnnoquoque
948 4394 1184 4460 dicetur,
1237 4395 1448 4465 paucis,
1483 4395 1665 4465 quoad
1700 4395 1819 4450 ﬁeri
1855 4396 2094 4466 poterit;

2205 3267 2271 3303 σα
2294 3248 2691 3317 (ἁλλοιούμενοι
2717 3248 2825 3315 γάρ
2848 3245 3020 3315 ὲσμεν
3073 3245 3308 3315 μάλιστα
3333 3245 3550 3298 πάντων
3596 3245 3644 3296 οῖ
3672 3244 3763 3296 ἀν-

2201 3335 2454 3406 θρωποι),
2476 3335 2569 3388 καὶ
2591 3334 2787 3404 φανείη
2833 3332 2968 3403 πρὸς
3000 3330 3202 3403 βλάϐην
3229 3331 3364 3384 οὖσα
3415 3332 3515 3400 τῆς
3573 3331 3758 3400 μονῆς.

2200 3427 2234 3498 ἢ
2268 3427 2377 3480 τῶν
2407 3428 2465 3479 ὲν
2500 3427 2664 3496 αὐτῇ,
2718 3424 2847 3493 ἀλλ’,
2873 3424 2974 3477 ούκ
2996 3423 3208 3494 ὄνησιν,
3256 3423 3473 3489 ἐξέσται
3521 3425 3588 3493 τῇ
3630 3422 3759 3476 καθο

2200 3519 2478 3594 ηγουμένῃ
2505 3518 2645 3589 μετὰ
2675 3519 2775 3587 τῆς
2807 3517 3196 3588 προσηκούσης
3217 3517 3400 3580 αἰδοῦς
3421 3525 3480 3568 τε
3513 3516 3608 3569 καὶ
3626 3517 3756 3584 ῆμε·

2203 3611 2445 3681 ρότητος,
2503 3612 2760 3664 ἀπειπεῖν
2813 3609 2951 3681 αὐτῇ
2998 3609 3099 3680 τὴν
3157 3610 3216 3662 ὲν
3268 3611 3335 3681 τῇ
3393 3611 3532 3679 μονῇ
3583 3606 3764 3660 λοιπὸν

2197 3702 2498 3775 διαγωγήν,
2533 3703 2631 3757 καὶ⁸
2667 3700 2789 3774 μετ’
2810 3701 2983 3772 εὐχῶν
3007 3699 3462 3772 ἀποπέμψασθαι.

2793 3897 3044 3952 ΚΕΦΑΛ.
3077 3897 3205 3953 NE'.

2197 4013 2337 4082 Περὶ
2366 4013 2472 4068 τοῦ
2491 4011 2578 4082 μὴ
2607 4011 3007 4082 ἀλλοιοῦσθαι
3031 4027 3178 4082 ποτε
3212 4009 3331 4080 τήν
3384 4008 3762 4078 κοινοὸιακὴν

2737 4081 3038 4152 διαγωγήν
3072 4081 3207 4150 (52).

2271 4199 2405 4271 Περί
2430 4215 2494 4267 γε
2550 4199 2657 4269 μὴν
2702 4199 2801 4268 τῆς
2836 4197 3188 4268 κοινοσιακῆς
3241 4195 3520 4266 διαγωγῆς
3551 4197 3755 4268 εἴρηται

2202 4293 2302 4365 μὲν
2331 4293 2614 4357 πολλάκις,
2658 4291 2755 4345 καὶ
2801 4289 3074 4360 πολλαχοῦ
3119 4289 3214 4342 τοῦ
3254 4291 3522 4359 παρόντος
3570 4287 3754 4342 συντά-

2199 4404 2426 4457 γματος,
2451 4385 2729 4455 εἰρήσεται
2755 4383 2811 4436 δὲ
2827 4382 2922 4436 καὶ
2939 4380 3056 4446 νῦν,
3077 4380 3152 4445 ὡς
3169 4379 3278 4434 οἷόν
3300 4398 3358 4434 τε
3376 4381 3463 4434 διὰ
3496 4381 3752 4451 βραχέων.

528 4487 674 4556 quod
704 4487 851 4541 enim
911 4487 1038 4542 volo
1070 4487 1315 4557 impense
1340 4486 1503 4551 volo;
1538 4487 1663 4540 volo
1691 4495 1875 4541 autem
1905 4501 2092 4541 emno-

2204 4481 2270 4534 Ὃ
2295 4479 2404 4549 γάρ
2427 4477 2707 4549 βούλομαι,
2736 4475 2942 4544 σφόδρα
2975 4473 3235 4544 βούλομαι
3254 4489 3270 4504 ⁶
3305 4473 3568 4542 βούλομαι
3593 4471 3755 4538 δὲτὴν

529 4578 757 4632 biticam
786 4577 1137 4647 disciplinam
1179 4586 1235 4631 et
1259 4577 1712 4632 constitutionem
1751 4578 2093 4632 immutatam

527 4680 584 4723 ct
625 4668 950 4722 invariatam
986 4668 1042 4722 in
1096 4668 1434 4726 monasterio
1481 4683 1859 4738 perseverare,
1919 4669 2096 4725 donec

527 4760 849 4813 universum
876 4759 983 4812 hoc
1009 4759 1342 4825 constiterit,
1374 4768 1428 4815 et
1449 4761 1598 4814 nulla
1632 4761 1843 4814 ratione
1873 4761 2094 4816 adulte-

530 4849 664 4913 rari,
685 4856 782 4902 aut
803 4849 1024 4915 mutari,
1054 4848 1169 4903 sive
1194 4850 1454 4917 perverti,
1471 4864 1800 4920 quacunque
1817 4865 1980 4906 causa
2009 4852 2096 4906 vel

529 4947 837 5010 praetextu;
892 4955 995 4994 nec
1017 4939 1358 5004 divitiarum,
1408 4957 1510 4996 nec
1540 4941 1877 5009 paupertatis
1899 4944 2096 5013 gratia,

529 5045 712 5101 neque
725 5031 798 5086 ob
822 5031 1190 5094 sterilitatem,
1215 5046 1395 5100 neque
1415 5031 1487 5085 ob
1504 5031 1864 5098 fertilitatem,
1891 5051 1992 5091 nec
2023 5037 2094 5091 ob

529 5137 917 5192 quamcunque
939 5122 1102 5176 aliam
1134 5122 1317 5192 specie
1342 5123 1722 5178 rationabilem
1754 5141 1973 5182 causam
2007 5129 2090 5183 vel

529 5211 908 5278 occasionem;
941 5213 1034 5267 sed
1059 5211 1443 5268 cmnobiticam
1459 5214 1596 5286 vita]
1608 5216 1892 5282 rationem,
1909 5227 1965 5273 et
1981 5219 2095 5274 dis-

529 5301 786 5372 ciplinam
813 5303 1035 5372 penitus
1057 5304 1340 5359 infractam
1374 5307 1524 5360 omni
1559 5315 1802 5377 tempore
1841 5323 2095 5379 perseve-

531 5409 674 5450 rare.
702 5395 767 5450 Et
796 5396 840 5450 si
864 5405 1012 5451 totus
1040 5397 1356 5452 monasterii
1378 5408 1679 5467 proventus
1695 5416 1761 5455 eo
1787 5400 2094 5465 dcveniret,

531 5496 590 5541 ut
623 5489 838 5544 duabus
887 5497 1099 5543 tantum
1132 5490 1472 5547 monialibus
1498 5491 1793 5557 suilicerct,
1841 5494 2096 5550 volumus

2197 4569 2550 4638 κοινοσιακὴν
2576 4568 2857 4636 διαγωγὴν
2881 4565 2977 4620 καὶ
3013 4565 3352 4620 κατάστασιν
3410 4564 3755 4634 ὲμπαραμεῖ-

2198 4681 2288 4719 ναι
2307 4665 2374 4734 τῇ
2408 4663 2541 4732 μονῇ
2579 4659 2939 4715 ἀναλλοίωτόν
2963 4675 3021 4711 τε
3049 4658 3143 4710 καὶ
3162 4658 3577 4728 ἀμετάτρεπτον
3606 4655 3755 4724 μέχρι

2197 4757 2295 4825 τῆς
2326 4753 2421 4808 τοῦ
2455 4753 2658 4814 παντὸς
2681 4750 2836 4803 τοῦδε
2865 4749 3199 4812 συστάσεως,
3222 4747 3368 4801 κατά
3410 4748 3619 4817 μηδένα
3671 4744 3752 4796 16-

2196 4865 2293 4917 γον
2309 4843 2892 4916 παραχαραττομένην,
2917 4844 2950 4914 ἢ
2979 4842 3387 4913 ἀλλοιουμένην,
3417 4840 3554 4908 μηδὲ
3581 4854 3752 4906 παρα·

2199 4937 2531 5006 κινουμένην
2564 4933 2634 4988 δι’
2655 4933 2944 5004 ἡντιναοῦν
2974 4932 3177 4996 αἰτίαν,
3224 4931 3258 5001 ἢ
3309 4929 3586 5000 πρόφασιν
3617 4942 3634 4958 ο
3686 4925 3752 4994 μὴ

2198 5033 2288 5085 διὰ
2333 5029 2582 5095 πλοῦτον,
2652 5028 2726 5098 μὴ
2778 5026 2867 5081 διὰ
2895 5025 3108 5091 πενίαν,
3143 5027 3217 5095 μὴ
3238 5025 3284 5077 δ’
3307 5023 3565 5092 ἀφορίαν,
3595 5020 3628 5088 ἢ
3673 5019 3750 5072 εύ-

2199 5123 2413 5192 φορίαν,
2448 5119 2522 5191 μὴ
2544 5121 2610 5172 δι’
2636 5119 2802 5189 ἀλλην
2825 5115 3110 5172 ὁποιανοῦν
3131 5113 3467 5183 εύλογοφανῆ
3495 5112 3688 5173 αἰτίαν,
3717 5108 3747 5176 ἡ

2193 5213 2450 5286 ἀφορμήν
2468 5226 2484 5243 ⁶
2513 5209 2646 5264 ἀλλά
2663 5209 2839 5279 πάντη
2864 5225 2924 5261 τε
2952 5209 3044 5262 καὶ
3063 5207 3279 5269 πάντως
3304 5204 3401 5274 τὴν
3415 5198 3748 5268 κοινοσιακην

2194 5303 2555 5374 φυλάττεσθαι
2587 5303 2862 5371 διαγωγὴν
2883 5299 2976 5354 καὶ
2993 5301 3328 5353 κατάστασιν
3363 5296 3528 5365 μέχρι
3561 5290 3746 5350 παντὸς

2194 5398 2653 5468 ἀπαράθραυστον
2676 5407 2691 5422 ⁸
2716 5393 2821 5448 κᾶν
2855 5393 2934 5455 εἰς
2968 5391 3062 5445 δύο
3095 5385 3442 5460 μοναζουσῶν
3474 5385 3746 5453 διάρκειαν

2194 5490 2516 5562 περιστῆναι
2569 5484 2751 5557 συμϐῇ
2805 5485 2906 5556 τὴν
2937 5484 3068 5555 ὅλην
3119 5481 3381 5555 πρόσοδον
3421 5480 3522 5551 τῆς
3567 5470 3744 5549 μονῆςρ

1785 5633 2239 5696 Montfauconii
2276 5637 2459 5693 notat.

605 5774 717 5846 {52)
753 5774 851 5832 llic
881 5786 1202 5846 repetuntur
1260 5791 1380 5845 qua:
1436 5776 1611 5844 capite
1667 5775 1910 5830 secundo
1953 5776 2097 5832 dicta
2139 5787 2288 5834 sunt.
