4054 6278
527 342 665 404 1079

1086 455 1310 510 CAPUT
1353 454 1526 509 LVI".

1154 547 1227 600 De
1257 548 1465 601 balneo.

591 641 784 696 Restat
836 651 894 695 ut
922 643 989 696 de
1027 642 1226 697 balneo
1273 652 1486 712 agatur.
1517 643 1786 698 .lubemns
1821 642 2003 712 itaque
2039 659 2071 694 ιι

517 732 663 786 bene
690 732 937 788 valentes
961 735 1240 789 monaehw
1257 734 1487 804 singulis
1510 734 1794 789 mensibus
1816 734 2094 799 laventur;

519 841 676 892 εῖδει-ω
701 841 854 888 vero,
886 827 1106 896 quoties
1128 826 1302 880 morbi
1331 827 1540 896 peritus
1561 826 1809 882 medicus
1835 827 2095 882 lotionem

521 917 712 971 utilem
745 933 866 973 esse
890 917 1091 974 dixerit
1129 936 1140 970 :
1167 918 1260 989 qui
1287 919 1452 973 etiam
1483 919 1676 973 morbo
1701 927 2096 990 congruentem

518 1008 724 1063 victum
752 1009 1038 1065 indicabit.

1117 1191 1340 1249 CAPUT
1375 1195 1514 1248 LIX.

731 1282 810 1336 De
842 1281 1177 1337 solemnitate
1200 1287 1254 1337 in
1299 1285 1624 1340 Dormitiane
1659 1286 1922 1358 Deiparaz.

595 1397 655 1450 In
701 1395 820 1464 ipsa
868 1395 1044 1475 prima
1077 1397 1419 1452 Dormitione
1452 1399 1624 1470 gratia
1655 1403 1831 1469 plenae
1857 1402 2103 1459 Dominae

525 1496 728 1542 nostrae
773 1487 1042 1556 Deiparze,
1072 1488 1305 1542 sublatis
1337 1491 1667 1555 crateribus,
1696 1496 2105 1563 suspendantur

525 1589 786 1650 argentea
831 1580 1186 1650 polycandela
1239 1582 1428 1637 multis
1465 1584 1768 1639 luminibus
1811 1587 2102 1656 instructa,

525 1681 800 1742 argenteae
843 1673 1285 1743 cltytrocandelze
1319 1683 1376 1728 et
1413 1679 1660 1746 argentei
1718 1687 2001 1746 crateres;
2049 1691 2105 1737 et

526 1764 651 1819 oleo
681 1780 804 1818 cum
838 1780 980 1834 aqua
1020 1765 1284 1820 adornata
1320 1766 1435 1822 haec
1463 1769 1648 1822 omnia
1682 1771 2077 1826 accendantur.
2136 1790 2182 1849 Β

598 1944 759 2000 Cerei
813 1962 943 2002 vero
987 1953 1412 2021 compingantur
1457 1968 1582 2008 eum
1624 1954 1952 2013 bambaeino
1992 1960 2103 2028 filo,

528 2051 624 2090 seu
650 2037 947 2108 ellyehnio.
976 2039 1029 2093 in
1056 2040 1254 2095 lamnis
1285 2046 1615 2114 templorum
1641 2057 1697 2102 et
1721 2049 2106 2107 adorationum

530 2128 830 2193 statuendi,
856 2131 950 2200 qui
985 2131 1132 2200 ipsas
1156 2132 1368 2190 lamnas
1389 2137 1673 2207 impleant.
1697 2141 1896 2212 singuli
1924 2145 2108 2214 pondo

529 2233 625 2274 sex
665 2220 976 2298 unciarnm.
1016 2223 1074 2277 In
1111 2225 1460 2282 candelabris
1495 2239 1678 2284 autem
1719 2232 2106 2290 duodenornm

527 2311 822 2374 luminum.
853 2312 1136 2368 collocatis
1169 2325 1297 2371 ante
1330 2327 1573 2374 sanctam
1613 2323 1860 2394 Deiparae
1910 2325 2104 2398 imagi-

527 2418 678 2468 nem,
701 2405 1039 2475 propositam
1073 2408 1138 2462 ad
1165 2409 1567 2477 adorationem,
1596 2418 1740 2471 cerei
1766 2420 1931 2474 unius
1955 2421 2110 2476 librae

529 2505 655 2545 eum
681 2493 961 2563 ellycltnio
991 2495 1346 2554 bambacino.
1371 2500 1428 2555 In
1459 2505 1692 2558 ecclesia
1724 2522 1874 2572 vero,
1909 2511 2110 2566 cande-

528 2581 698 2636 labris
749 2581 1106 2653 imponantur
1156 2597 1397 2657 quatuor
1450 2594 1598 2648 cerei
1649 2610 1742 2649 sex
1795 2597 2107 2666 librarum;

530 2669 586 2723 in
623 2679 859 2741 utroque
885 2676 1186 2730 venerandi
1213 2677 1403 2734 altaris
1431 2679 1624 2746 latere,
1659 2683 1769 2739 duo
1794 2701 1888 2742 sex
1915 2691 2110 2744 unciae

529 2778 675 2816 rum.
703 2763 762 2818 In
789 2768 1162 2824 monumentis
1189 2770 1506 2842 ubicunque
1550 2775 1684 2840 sint,
1711 2779 1879 2834 statui
1907 2781 2111 2836 debent

530 2856 675 2911 cerei
724 2867 963 2927 quatuor
1004 2861 1317 2928 unciarum,
1370 2864 1426 2918 in
1477 2867 1711 2938 singulis
1762 2887 1930 2938 unus,
1981 2890 2110 2931 cum

530 2945 791 3003 defuncta
830 2964 1064 3021 corpora
1101 2952 1176 3006 ibi
1208 2952 1456 3024 deposita
1488 2957 1715 3016 fuerint.
1740 2962 1893 3033 Aqua
1925 2975 2109 3021 autem

1787 347 2075 406 IRENES
2113 348 2487 409 AUGUST/E

2126 457 2172 511 Α

3648 348 3792 411 1680

2781 456 3007 508 ΚΕΦΛΛ
3019 495 3032 508 .
3073 455 3202 509 NH'.

2757 547 2894 614 Περὶ
2943 546 3229 615 λουτροῦ.

2277 639 2479 694 Λοιπὸν
2508 639 2551 692 δ’
2582 640 2646 693 ἂν
2677 639 2765 707 εἴη
2805 640 2897 692 καὶ
2929 639 3057 708 περὶ
3097 638 3324 710 λουτροῦ
3344 639 3644 697 διαλαϐεῖν.
3678 646 3790 697 Κε-

2204 736 2434 802 λεύομεν
2482 733 2579 786 οὖν
2620 731 2874 786 λούεσθαι
2915 732 3014 795 τὰς
3064 733 3420 800 ὑγιαινούσας
3449 737 3794 804 μοναζοὺσας

2206 825 2328 878 καθ’
2360 825 2592 878 ἕκαστον
2630 825 2777 894 μῆνα
2797 841 2812 855 ο
2850 825 2906 876 αἱ
2927 824 2982 876 δὲ
3017 823 3292 885 νοσοῦσαι,
3323 825 3514 888 ὁσάκις
3541 827 3608 880 ἂν
3636 830 3664 880 ὁ
3693 829 3795 898 τῆς

2206 918 2364 970 νόσου
2394 917 2723 986 διεγνὼμων
2781 915 2967 984 ἰατρὸς
3016 916 3299 987 συμφέρον
3335 916 3612 987 ὑπάρχειν.
3646 919 3794 972 εῐποι

2206 1008 2265 1061 τὸ
2301 1007 2621 1072 λούσασθαι,
2678 1008 2827 1072 ὅστις
2874 1008 2970 1061 καὶ
3025 1008 3290 1079 περὶτῆς
3340 1009 3686 1079 καταλλήλου
3725 1015 3793 1084 τῇ

2208 1101 2346 1170 νόσῳ
2375 1100 2602 1168 λαλήσει
2627 1101 2856 1171 τροφῆς.

2793 1191 3047 1245 ΚΕΦΑΛ.
3079 1191 3208 1246 ΝΘν.

2207 1281 2345 1350 Περὶ
2369 1281 2480 1350 τῆς
2494 1281 2644 1334 κατὰ
2664 1281 2775 1349 τὴν
2793 1282 3092 1350 Κοίμησιν
3109 1281 3218 1351 τῆς
3242 1285 3539 1340 Θεοτόθὶου
3556 1285 3794 1356 ἑορτῆς.

2294 1395 2380 1446 Ἐν
2409 1395 2544 1464 αὐτῇ
2578 1392 2772 1464 πρώτῃ
2815 1395 2882 1464 τῇ
2931 1393 3321 1464 κοιμήσει(55)
3361 1395 3461 1465 τῆς
3492 1414 3802 1467 κεχαριτωο

2211 1487 2382 1558 μένης
2423 1487 2723 1556 Δεσποίνης
2772 1485 2931 1556 ἡμῶν
2986 1487 3276 1550 Θεοτόκου,
3328 1487 3636 1558 αἰρομένων
3692 1489 3803 1539 τῶν

2210 1580 2530 1650 κρατήρων,
2576 1578 2986 1648 κρεμάσϐωσαν
3019 1578 3236 1648 ἀργυρᾶ
3275 1578 3654 1650 πολυκάνδηλα
3687 1579 3800 1650 (54)

2210 1669 2280 1724 τὰ
2310 1669 2653 1739 πολυφώτια,
2695 1670 2791 1722 καὶ
2826 1671 2881 1723 αἱ
2928 1672 3172 1740 ἀργυραῖ
3215 1671 3674 1742 χυτροκανδῆλαι,
3711 1674 3801 1725 καὶ

2210 1765 2258 1816 οἱ
2284 1763 2516 1834 ἀργυροῖ
2544 1763 2842 1834 κρατῆρες,
2877 1765 2973 1816 καὶ
3003 1762 3169 1832 ἐλαίῳ
3206 1763 3346 1833 μετά
3373 1762 3564 1828 ὕδατος
3596 1766 3799 1836 ἀρτυό-

2214 1873 2346 1927 μενα
2387 1855 2750 1910 ἀπτέσθωσαν
2778 1855 2978 1910 πάντα.

2282 1946 2466 2016 Κηρία
2495 1943 2551 1998 δὲ
2588 1945 2989 2016 πηγνύσθωσαν
3032 1946 3169 2015 μετὰ
3210 1945 3577 2017 βαμϐακηροῦ
3610 1948 3796 2017 νήμαο

2209 2055 2300 2100 τος
2333 2037 2470 2108 (55).
2504 2037 2560 2090 ἐν
2585 2055 2642 2090 τε
2676 2038 2797 2098 ταῖς
2831 2036 3067 2105 λάμναις
3096 2037 3211 2107 (56)
3242 2037 3352 2089 τῶν
3372 2037 3630 2106 τέμπλων
3657 2037 3798 2105 (57),

2213 2129 2306 2182 καὶ
2353 2129 2462 2182 τῶν
2492 2128 2938 2200 προσκυνήσεων,
2971 2128 3040 2181 τὰ
3084 2127 3401 2198 πληροῦντα
3444 2128 3635 2193 αὐτὰς,
3676 2145 3801 2182 στα·

2213 2223 2350 2292 Ομδν
2396 2221 2456 2286 ἐξ
2489 2221 2730 2290 οὐγγιῶν
2773 2221 3005 2274 ἕκαστον
3039 2221 3290 2276 ἕλκοντα.
3331 2220 3420 2274 Ἐν
3450 2220 3508 2273 δὲ
3552 2221 3662 2282 τοῖς
3690 2220 3798 2289 πρὸ

2212 2315 2312 2380 τῆς
2339 2314 2712 2386 προκειμένης
2749 2314 2829 2375 είς
2860 2312 3236 2384 προσκύνησιν
3267 2312 3428 2382 ἁγίας
3458 2313 3664 2375 εἰκόνος
3699 2311 3796 2380 τῆς

2211 2409 2478 2460 Θεοτόκου
2501 2406 2816 2476 ἱσταμένοις
2833 2406 3271 2475 δωδεκαφωτίοις
3291 2405 3636 2476 μανουαλίοις
3658 2403 3793 2473 (58),

2212 2502 2457 2570 lupata,
2511 2501 2652 2568 μετά
2704 2499 3069 2570 βαμϐακηροῦ
3121 2499 3385 2570 νήματος.
3439 2497 3537 2562 Εἰς
3586 2498 3643 2550 δὲ
3699 2499 3793 2567 τὴν

2211 2591 2504 2661 ἐκκλησίαν
2528 2591 2873 2645 ἱστάσθωσαν
2905 2593 2998 2645 ἐπὶ
3033 2591 3374 2662 μανουαλίων
3405 2589 3541 2660 (58')
3573 2589 3793 2658 λαμπάα

2211 2685 2300 2747 δες
2329 2683 2442 2752 (59)
2475 2681 2818 2753 ἐξαλιτραῐαι
2846 2683 3138 2754 τέσσαρες,
3170 2681 3304 2753 παρ’
3331 2682 3571 2750 ἑκάτερα
3612 2681 3670 2734 δὲ
3701 2679 3792 2733 τοῦ

2215 2776 2417 2830 σεπτοῦ
2471 2775 2863 2844 θυσιαστηρίου
2917 2773 3014 2828 δύο
3062 2773 3398 2844 ὲξαούγγιοι.
3444 2774 3531 2826 Ἐν
3580 2772 3640 2826 δὲ
3681 2773 3794 2834 τοῖς

2211 2867 2405 2936 τάφοις
2433 2868 2547 2928 τοῖς
2596 2865 2963 2936 ὁπουδήποτε,
3017 2865 3330 2934 ὀφείλουσιν
3378 2863 3660 2929 ἵστασθαι,
3693 2881 3794 2933 κη-

2217 2959 2307 3028 ρία
2330 2957 2700 3035 τετραούγγια
2731 2956 2836 3010 ἀνά
2871 2955 2951 3021 ἒν,
2986 2955 3075 3009 ὅτε
3107 2955 3310 3009 τεθῶσι
3349 2953 3580 3024 λείψανα
3600 2971 3615 2986 ο
3648 2954 3796 3026 ῥοδο-

531 3049 778 3102 rosacea,
814 3039 1021 3110 lignum
1053 3041 1228 3109 aloes,
1261 3054 1318 3100 et
1353 3046 1661 3106 suﬂimenta
1693 3061 1806 3108 tum
1842 3056 2109 3112 submini-

2217 3049 2510 3118 στάγματα
2551 3049 2629 3114 δὲ,
2686 3048 2781 3102 καὶ
2828 3047 3108 3113 ξυλαλὸαι,
3150 3049 3246 3101 καὶ
3288 3047 3617 3118 θημιάματα
3645 3045 3795 3115 ὀφείο

531 3129 879 3195 strabuntur,
914 3148 1038 3188 eum
1076 3135 1330 3204 praefecta
1369 3139 1420 3194 id
1457 3145 1720 3213 expedire
1749 3147 2106 3217 jndicaverit.

2214 3141 2369 3194 λουσι
2421 3139 2820 3211 χορηγεῖσθαι,
2877 3137 3002 3193 ὅθεν
3051 3137 3118 3192 ἂν
3181 3139 3384 3209 συνορᾷ
3433 3139 3467 3210 ἡ
3517 3137 3796 3210 ἡγουμένη

600 3313 813 3371 Dentur
863 3317 1028 3372 etiam
1074 3319 1128 3372 in
1180 3320 1286 3376 hoc
1318 3321 1463 3378 festo
1494 3324 1562 3378 ad
1605 3326 1807 3382 ostium
1845 3328 2111 3389 fratribus

529 3406 733 3462 nostris
755 3409 1111 3478 pauperibus,
1135 3427 1304 3480 panes
1325 3413 1550 3483 quidem
1579 3417 1745 3473 trium
1773 3421 2106 3491 modiorum,

529 3499 738 3552 nummi
761 3513 894 3554 vero
918 3500 1310 3557 nomismatum
1338 3518 1434 3559 seu
1459 3506 1758 3564 solidorum
1783 3526 2104 3582 asperorum

529 3603 659 3654 sex;
691 3591 812 3646 vice
845 3599 1026 3647 autem
1061 3592 1278 3650 obsonii
1309 3612 1502 3654 recens
1531 3611 1817 3669 captorum
1850 3608 2106 3677 piscium,

530 3679 597 3733 ad
639 3695 884 3736 mensam
921 3683 1162 3739 ascetice
1198 3685 1518 3757 degentium
1555 3706 1808 3749 sororum
1844 3703 2107 3768 appositi,

528 3772 690 3827 solidi
723 3775 903 3846 asperi
934 3776 1027 3847 qui
1061 3779 1197 3835 satis
1227 3780 1361 3848 sint,
1393 3782 1510 3839 sive
1540 3786 1634 3855 qui
1669 3789 2056 3858 aequivaleant.

1131 3891 1359 3950 CAPUT
1387 3895 1480 3949 LX

740 3977 820 4029 De
853 3978 1189 4036 solemnitate
1218 3985 1274 4036 in
1307 3983 1602 4041 Nativitate
1629 3989 1892 4063 Deiparce.

599 4132 660 4187 In
715 4133 1067 4192 solemnitate
1116 4147 1300 4193 autem
1357 4139 1674 4200 Nativitatis
1733 4147 2006 4218 Deiparae,
2043 4168 2110 4208 ex

528 4229 706 4284 cereis
734 4229 787 4284 in
809 4231 1158 4290 candelabris
1177 4235 1562 4292 duodenornm
1588 4239 1860 4295 luminum
1891 4245 2109 4313 positis,

2223 3232 2577 3304 ἐνδεχόμενον
2609 3228 2770 3287 εἶναι.

2292 3323 2620 3378 Διαδιδόσθω
2648 3323 2725 3387 δὲ,
2755 3322 2849 3376 καὶ
2873 3322 3016 3376 κατὰ
3044 3323 3144 3393 τὴν
3182 3321 3376 3393 ἑορτὴν
3405 3319 3612 3392 ταύτην
3637 3321 3695 3372 ἐν
3721 3319 3798 3391 τῷ

2219 3416 2429 3469 πυλῶνι
2458 3419 2570 3478 τοῖς
2607 3415 2859 3483 ἀδελφοῖς
2883 3415 3042 3486 ἡμῶν
3075 3417 3184 3478 τοῖς
3221 3416 3419 3482 πένησι
3463 3412 3654 3483 ψωμία
3685 3410 3797 3484 (60)

2222 3509 2322 3579 μὲν
2369 3507 2567 3579 μοδίων
2610 3506 2800 3577 τριῶν,
2853 3507 3100 3578 νουμμία
3149 3507 3205 3560 δὲ
3259 3507 3612 3577 νομισμάτων
3663 3521 3798 3575 τραο

2216 3600 2357 3670 χέων
2389 3599 2502 3669 (61)
2549 3598 2632 3672 ἒξ.
2666 3599 2998 3672 παρεχέσθω
3023 3599 3081 3652 δὲ
3124 3599 3218 3652 καὶ
3251 3599 3391 3669 ὑπὲρ
3418 3595 3649 3666 ὁψωνίου
3679 3613 3799 3648 νεα-

2222 3693 2330 3764 ρῶν
2365 3691 2564 3763 ἰχθύων
2589 3692 2688 3762 τῆς
2731 3691 3015 3763 τραπέζης
3045 3691 3152 3745 τῶν
3196 3689 3619 3760 ἑνασκουμένων
3647 3687 3797 3743 ἀδδλο

2219 3787 2357 3856 φῶν,
2389 3785 2704 3855 νομίσματα
2727 3785 2936 3855 τραχέα
2967 3785 3040 3838 τὰ
3062 3782 3360 3856 ἀρκοῦντα.
3751 3799 3765 3838 t

2820 3896 3072 3950 ΚΕΦΑΛ.
3119 3895 3194 3950 Ξ’.

2289 3989 2428 4056 Περὶ
2467 3985 2578 4056 τῆς
2615 3989 2767 4043 κατὰ
2804 3988 2921 4112 th:
2949 3991 3259 4070 Γέζνησιν
3290 3986 3402 4057 τῆς
3433 3991 3724 4044 Θεοτόκου

2923 4077 3127 4112 ootnc.

2923 4077 3127 4128 ορτης.

2301 4153 2392 4207 Ἐν
2415 4154 2470 4208 δὲ
2504 4157 2569 4226 τῇ
2598 4155 2759 4225 ἑορτῇ
2789 4154 2886 4222 τῆς
2909 4153 3222 4222 Γεννήσεως
3243 4155 3343 4222 τῆς
3364 4154 3630 4208 Θεοτόκου
3652 4150 3796 4220 ὀφεί-

2219 4247 2402 4301 λουσιν
2428 4248 2698 4303 ἆπτεσῦαι
2725 4247 2836 4302 ἀπὸ
2866 4245 2976 4299 τῶν
3007 4247 3313 4316 ἱσταμένων
3336 4245 3550 4317 κηρίων
3589 4246 3647 4298 ἐν
3687 4245 3794 4304 τοῖς

1784 4358 2242 4439 Montfauconii
2275 4371 2461 4427 notae.

599 4455 945 4546 (δὲὶέῖίὶίὲξῖιι
1075 4458 1621 4546 ἕρίιιήσέεξιρὲςίξυτ
1673 4462 1852 4546 Prima
1888 4463 2110 4546 ιιοτξηί-
2148 4492 2189 4546 ο

529 4527 628 4588 tio,
656 4541 765 4580 non
799 4527 945 4599 quod
1003 4528 1246 4581 secunda
1295 4528 1628 4599 celebretur.
1659 4527 1754 4584 sed
1795 4532 1941 4599 quod
1994 4532 2111 4587 haec

527 4605 675 4652 esset
738 4597 1015 4665 praecipua
1071 4606 1129 4649 et
1173 4598 1409 4653 maxima
1467 4600 1714 4653 omnium
1782 4597 2106 4658 monasterii

530 4666 968 4720 solemnitatum.

601 4735 712 4806 (54)
751 4732 1218 4811 Πολιξκάνδηνζα.
1251 4734 1459 4811 Funale
1513 4741 1702 4795 multis
1763 4741 2112 4811 lampadibus

529 4805 807 4884 ornatum,
839 4819 869 4858 e
905 4805 1150 4884 laqtteari
1217 4806 1462 4884 ecclesiae
1514 4812 1779 4884 pendens.
1819 4805 1997 4884 iCang.
2054 4815 2108 4868 in

531 4874 702 4930 Gloss.
731 4872 933 4948 Graeco.
968 4872 1087 4948 Non
1131 4872 1545 4948 candelabrum,
1598 4890 1654 4934 nt
1707 4881 1782 4934 ait
1818 4872 2106 4948 Meursius,

528 4961 660 5067 itan:
721 4943 964 5013 κάνδηλα
1011 4942 1355 5010 lampadem,
1409 4961 1521 5001 non
1583 4951 1870 5005 candelam
1935 4942 2108 5025 signi;

551 5030 631 5067 ica
667 5057 681 5067 .

551 5023 681 5069 teat.

599 5085 711 5153 (55)
743 5080 1204 5156 χυτροκανδῆλαι,
1236 5084 1517 5158 lampades
1569 5091 1744 5146 instar
1798 5093 1919 5150 olla:
1973 5109 2109 5151 con-

527 5169 698 5212 cavae,
1056 5185 1066 5194 -

601 5226 714 5307 (_56)
751 5224 1124 5307 βαμϐακηρὸν
1150 5231 1324 5307 νῆμα.
1355 5240 1443 5307 est
1458 5234 1606 5289 filum
1637 5234 1723 5288 vel
1750 5234 2106 5307 ellyeltninm,

528 5311 594 5348 ex
624 5297 905 5378 bambace,
930 5297 1318 5373 seugossipio,
1356 5305 1520 5375 vulgo
1558 5316 1733 5370 coton,
1763 5297 2108 5378 ad'eompinQ

529 5366 760 5433 gendam
791 5383 998 5423 ceram.

603 5437 714 5507 (57)
745 5438 1032 5516 Λάμνίιις.
1056 5442 1295 5516 Λᾲάμναι,
1345 5455 1477 5501 sunt
1519 5446 1756 5510 laminae,
1805 5446 1872 5500 de
1906 5447 2110 5516 quibus

527 5504 862 5585 Glossiems.
895 5504 1330 5584 σιδηροῦςόχεῦς
1386 5517 1446 5569 ὃν
1484 5517 1698 5585 λάμναν
1745 5504 2027 5583 καλοῦσιν,
2055 5517 2107 5571 id

527 5583 634 5656 est.
667 5577 907 5656 ferreum
958 5577 1341 5656 retinacu'l'um,
1375 5587 1520 5656 quod
1558 5577 1808 5642 "Iamnam
1862 5577 2106 5653 vocant;

529 5644 613 5726 ita}
663 5657 848 5726 autem
894 5650 1110 5726 lamina}
1154 5654 1220 5726 fin
1277 5644 1544 5711 circulum
1576 5658 1896 5725 composita:
1928 5644 2106 5715 erant;

529 5715 650 5771 illas
677 5720 825 5772 enim
856 5723 999 5775 cerei
1037 5725 1360 5794 implebant,
1391 5736 1450 5779 nt
1474 5728 1524 5778 in
1558 5715 1718 5780 textu'
1737 5728 1942 5782 cernis.
1973 5728 2107 5783 Vide

527 5795 826 5860 utrumque
865 5794 1146 5850 eruditiss.
1173 5796 1365 5866 Gangii
1401 5797 1749 5852 Glossart'tmt.

2291 4468 2402 4539 (58)
2439 4449 2745 4538 Ίῖἑμπλωγ.
2773 4467 3018 4538 τέμπ).ον
3054 4468 3280 4523 videtur
3326 4483 3447 4522 esse
3495 4467 3788 4534 ciborium,

2218 4553 2314 4592 seu
2337 4549 2573 4602 tegmen,
2590 4555 2654 4593 ac
2672 4539 3052 4594 umbraculum
3075 4539 3288 4602 altaris,
3310 4549 3367 4592 et
3384 4553 3552 4593 saera!
3570 4552 3787 4600 mensae,

2215 4609 2361 4681 quod
2397 4608 2541 4664 forte
2569 4625 2597 4664 a
2633 4608 3067 4681 cymbamjigura
3097 4608 3443 4681 cymbarium
3480 4609 3703 4681 dicitur.
3735 4609 3788 4662 in

2215 4679 2432 4749 Sylloge
2462 4679 2838 4749 epistolarnm,
2880 4679 3324 4749 Hiberniearum.
3372 4679 3498 4733 "me
3547 4679 3788 4732 eruditus

2212 4748 2544 4811 Cotelerins.
2581 4761 2730 4803 tomo
2773 4748 2840 4804 Ill
2876 4748 3116 4803 Monum.
3165 4748 3412 4803 Ecclesia:
3455 4749 3674 4812 σταται,
3699 4750 3784 4801 cui

2215 4829 2484 4875 consonat
2512 4835 2764 4874 summus
2797 4821 2882 4873 vir
2929 4819 3172 4888 Cangius
3203 4820 3259 4873 in
3289 4819 3565 4875 Glossario
3587 4818 3783 4873 Cra-co.

2212 4889 2348 4944 Cum
2371 4890 2539 4959 igitur
2559 4890 2694 4944 nihil
2719 4891 2927 4945 certius
2943 4890 3266 4956 habeamus,
3287 4890 3354 4944 ad
3372 4889 3625 4945 laudatos
3646 4889 3787 4942 viros

2215 4961 2573 5014 remittimus.

2286 5031 2378 5098 (58
2399 5032 2436 5094 ')
2468 5030 2810 5095 Μανουάλια,
2829 5030 3184 5096 candelabra,
3209 5031 3355 5098 quod
3390 5029 3604 5085 scilicet
3629 5042 3783 5083 manu

2213 5100 2417 5168 gestari
2447 5102 2681 5156 soleant.
2733 5103 2858 5156 Haze
2906 5117 3011 5156 vox
3042 5101 3242 5170 passim
3268 5102 3516 5157 occurrit
3539 5100 3684 5170 apud
3705 5113 3780 5152 se-

2213 5170 2426 5240 quioris
2447 5173 2545 5225 aevi
2577 5171 2821 5227 Grteeos.

2287 5241 2399 5311 (59)
2426 5242 2772 5308 Λαμπάδες.
2804 5241 2980 5310 Magni
3008 5241 3178 5305 cerei,
3212 5241 3328 5297 sive
3375 5240 3547 5296 faces.

2286 5309 2398 5373 (ϐυ)
2439 5313 2642 5380 Ψωμιά
2670 5313 2814 5382 apud
2846 5309 3066 5366 Graecos
3090 5312 3255 5365 medii
3283 5313 3406 5377 aevi,
3429 5327 3600 5381 panes
3619 5309 3783 5381 signi-

2214 5380 2399 5442 ﬁcant.
2435 5384 2577 5450 apud
2601 5380 2844 5451 nuperos
2874 5382 3078 5436 dicitur
3099 5382 3275 5450 ψωμί.

2286 5451 2398 5520 (61)
2427 5455 2702 5520 Νουμμία
2727 5453 2794 5504 δὲ
2815 5451 3201 5520 νομισμάτων
3217 5451 3502 5520 τραχέων.
3525 5451 3782 5522 Νόμισμα

2214 5523 2414 5591 τραχὺ,
2445 5537 2541 5574 seu
2568 5522 2778 5576 solidus
2797 5538 2979 5591 asper,
2999 5522 3291 5576 duodecim
3316 5523 3652 5578 milliaresiis
3673 5524 3779 5576 sive

2215 5594 2494 5662 argenteis
2522 5601 2647 5645 ante
2667 5592 3116 5646 reformationem
3142 5591 3319 5646 Alexii
3341 5593 3634 5655 Conmeni,
3655 5606 3780 5716 (‘ua-

2216 5672 2341 5714 tuor
2367 5676 2499 5715 vero
2561 5672 2687 5716 nost
2719 5664 2863 5716 illam
2908 5663 3356 5716 reformationem
3403 5664 3667 5716 :mnivale
3689 5671 3776 5716 lat.

2216 5672 2341 5714 tuor
2367 5676 2499 5715 vero
2561 5672 2687 5730 post
2719 5664 2863 5716 illam
2908 5663 3356 5717 reformationem
3403 5663 3776 5731 :eqnivalebat.

2214 5734 2458 5802 νουμμία
2491 5748 2643 5796 vero,
2667 5749 2788 5801 qua:
2821 5734 2874 5787 in
2906 5737 3156 5801 sequenti
3200 5733 3377 5801 Opere
3427 5737 3626 5801 νουμία
3653 5733 3775 5803 χάλα

2215 5820 2314 5856 κεα
2341 5811 2624 5868 vocantur,
2657 5815 2774 5858 erat
2819 5814 3038 5860 moneta
3086 5804 3334 5859 omnium
3391 5804 3772 5864 minutissuna,
