4102 6282
524 355 662 419 1087

1791 357 2080 419 IRENES
2118 357 2497 420 AUGUSTzE

3648 353 3804 417 tc’ss

517 474 733 540 sepultu
744 485 856 524 ram
877 471 958 525 sic
976 470 1092 525 fieri
1113 470 1477 540 praecipimus.
1502 472 1562 525 ln
1584 471 1844 526 exteriori
1864 472 2089 541 quidem

2216 474 2361 543 ιιδήν
2398 492 2456 527 τε
2496 473 2590 526 καὶ
2639 471 2839 542 ταφὴν,
2871 466 3016 523 οὓτω
3075 466 3477 537 διαταττόμεθα
3500 467 3807 533 γίνεσθαι·

516 563 792 617 vestibulo
826 561 1209 631 perficientur,
1260 578 1382 631 qua:
1437 576 1537 631 pro
1569 562 1830 618 defuncta
1883 573 2090 619 statuta

519 661 670 719 sunt,
695 650 1019 721 psalmodia,
1048 650 1196 715 dico,
1218 651 1506 720 omnisque
1525 652 1757 705 vestitus
1782 651 2090 711 cadaveris.

520 746 709 813 sicque
740 742 1104 798 transferetur
1133 743 1198 797 ad
1249 744 1650 798 monasterium
1683 744 1930 813 Deipara:
1972 744 2095 799 Cel-

522 838 719 899 larze.e,
759 852 882 893 cum
936 836 1139 891 lectulo
1175 850 1270 890 seu
1319 836 1523 890 feretro
1568 837 1876 906 deportata,
1916 836 2035 891 sive
2064 852 2094 889 a

525 928 821 983 Sororibus
890 929 1027 990 suis,
1070 928 1187 983 sive
1233 942 1264 982 a
1312 928 1626 982 famulabus
1673 937 1777 982 :et
1822 928 2092 982 moniales

525 1027 830 1088 sequentur
860 1017 1059 1086 ipsam,
1095 1024 1368 1086 quotquot
1394 1016 1612 1087 jubebit
1641 1016 1899 1087 praefecta
1933 1037 1945 1072 :
1985 1018 2099 1072 illic

432 1182 439 1188 .
523 1126 659 1165 vero
690 1110 745 1164 in
781 1108 1048 1178 sepulcris
1092 1107 1861 1176 monacharumdeponetur,
1893 1110 1947 1163 in
1972 1109 2094 1178 qui-

526 1203 633 1258 bus
657 1203 785 1257 solae
806 1202 1073 1256 moniales
1099 1200 1154 1255 in
1189 1201 1528 1256 monasterio
1553 1200 1950 1271 Gratia-plenae
1973 1202 2101 1257 Dei-

528 1308 674 1362 parre
715 1308 852 1346 meae
889 1291 1125 1346 aseetice
1158 1299 1441 1346 versantes
1485 1291 1706 1360 sepeliri
1761 1291 2007 1356 debent;
2037 1305 2101 1345 ac

528 1381 675 1435 nulla
699 1390 851 1435 extra
876 1397 1128 1435 sororum
1158 1381 1470 1448 catalogum
1495 1396 1602 1435 una
1631 1396 1757 1435 cum
1790 1381 1923 1450 ipsis
1946 1396 2104 1451 sepe-

528 1472 723 1534 lietur,
774 1472 907 1526 licet
943 1482 1175 1542 cognata
1210 1471 1377 1526 fuerit
1417 1472 1708 1541 praefeetze,
1742 1483 1838 1528 aut
1870 1473 2102 1529 alterius

532 1562 817 1632 cujusdam
840 1579 870 1617 e
904 1562 1259 1626 monialibus,
1290 1565 1507 1617 tametsi
1555 1564 1839 1620 familiaris
1858 1576 1915 1621 et
1949 1574 2101 1631 nota,

2191 564 2467 618 τελεῖσθαι
2502 564 2602 634 μὲν
2632 565 2689 616 ὲν
2722 564 2803 634 τῷ
2840 560 3157 631 ὲξιηάρθηκι
3187 559 3257 613 τά
3279 560 3374 611 ἐπὶ
3405 561 3470 627 τῇ
3498 557 3805 629 τεθνεώσῃ

2193 656 2580 726 νενομισμένα,
2604 656 2704 724 τήν
2734 672 2792 707 τε
2823 651 3167 723 ψαλμῳδίαν,
3216 650 3384 720 φημὶ,
3418 650 3517 703 καὶ
3568 652 3678 720 τὴν
3702 647 3811 701 τοῦ

2195 745 2452 815 λειψάνου
2485 747 2667 799 πᾶσαν
2691 745 2991 813 ἀμφίασιν·
3022 742 3121 796 καὶ
3142 741 3283 796 οὕτω
3309 740 3811 812 μετακομίζεσθαι

2196 841 2276 901 είς
2302 840 2367 893 τὸ
2405 840 2773 910 μοναστήριον
2823 837 2926 907 τῆς
2981 836 3274 903 Θεοτόκου,
3313 836 3385 888 τὰ
3406 832 3809 904 Κελλαραίας,

2199 931 2341 1002 μετά
2388 932 2487 1002 τῆς
2520 931 2712 1001 κλίνης
2767 929 3204 1000 βασταζομένην,
3259 929 3293 999 ἢ
3324 928 3477 998 παρά
3512 927 3628 979 τῶν
3664 943 3815 979 συν-

2196 1021 2444 1091 αδελφῶν
2477 1022 2669 1093 αὐτῆς,
2697 1022 2730 1093 ἢ
2755 1020 2911 1090 παρά
2943 1020 3054 1074 τῶν
3100 1018 3509 1089 ὑπουργισσῶν,
3549 1017 3815 1071 ἀκολου-

2200 1111 2407 1166 θουσῶν
2445 1112 2586 1183 αὐτῇ
2612 1112 2720 1164 τῶν
2773 1110 3048 1180 μοναχῶν,
3083 1110 3216 1173 ὅσας
3247 1108 3552 1180 προστάξει
3582 1110 3619 1178 ἡ
3651 1107 3812 1161 καθ-

2200 1204 2479 1274 ηγουμένη
2503 1217 2520 1234 ο
2558 1204 2742 1256 ἐκεῖσε
2780 1203 2839 1256 δὲ
2875 1204 2935 1256 ἐν
2969 1203 3083 1265 τοῖς
3115 1200 3224 1253 τῶν
3267 1200 3625 1269 μοναζουσῶν
3650 1200 3814 1252 ἀπο-

2200 1293 2450 1348 τίθεσθαι
2498 1294 2727 1361 τάφοις⁶
2789 1294 2846 1345 ὲν
2892 1286 2973 1355 οἷς
3019 1290 3180 1362 μόναι
3214 1292 3271 1344 αί
3332 1292 3393 1343 ὲν
3430 1292 3500 1361 τῇ
3527 1293 3670 1361 μονῇ
3702 1291 3811 1359 τῆς

2205 1384 2651 1454 κεχαριτωμένης
2681 1401 2784 1453 μου
2813 1383 3082 1436 Θεοτὸκου
3117 1381 3518 1451 ινασκοὺμεναι
3549 1384 3812 1450 μοναχαὶ

2201 1475 2478 1543 ὀφείλουσι
2510 1473 2811 1527 θάπτεσθαι
2832 1487 2850 1504 ο
2875 1474 2949 1543 μή
2991 1488 3138 1535 τινος
3166 1470 3276 1525 τῶν
3306 1470 3509 1536 ἔξωθεν
3563 1469 3665 1523 τοῦ
3695 1488 3811 1522 κα-

2203 1565 2435 1630 ταλόγου
2474 1563 2633 1633 τῆσδε
2654 1563 2756 1632 τῆς
2783 1563 3154 1632 ἀδελφότητος
3199 1562 3428 1627 ταύταις
3484 1562 3812 1615 συνθαπτο-

533 1668 603 1708 ne
631 1653 852 1723 quidem
889 1654 1047 1723 jussu
1094 1661 1338 1722 patrona!
1391 1655 1746 1721 monasterii;
1798 1671 1866 1710 ne
1916 1671 2105 1710 mona-

2216 1656 2401 1725 μένης,
2436 1653 2538 1708 κᾶν
2596 1653 2866 1724 συγγενὴς
2892 1652 2977 1723 είη
3009 1653 3111 1722 τῆς
3157 1653 3535 1722 προεστὼσης,
3582 1653 3620 1722 ἡ
3649 1669 3808 1715 τινος

535 1744 763 1799 charum
786 1746 1124 1814 sepulcrum,
1148 1746 1569 1815 xcnotaphium,
1589 1748 1704 1801 sive
1718 1758 2102 1802 extranearum

2216 1747 2374 1816 ἄλλης
2398 1745 2508 1800 τῶν
2558 1745 2831 1815 μοναχῶν,
2864 1745 2970 1798 κᾶν
3020 1744 3281 1813 συνήθης,
3339 1743 3443 1796 κᾶν
3478 1744 3797 1812 γνώριμος·

535 1837 851 1905 sepulcrum
885 1838 1104 1892 evadat.
1152 1839 1209 1893 Si
1259 1855 1368 1908 qua
1401 1841 1612 1895 veroid
1655 1840 1874 1895 eflicere
1916 1841 2103 1895 molita

2216 1804 2481 1905 οὗτε-μὴν
2533 1804 2621 1888 διὰ
2647 1804 2996 1905 προστάξεως
3043 1804 3153 1903 τῆς.
3315 1804 3803 1904 μονῆς-ἀντιλαμ-

536 1926 725 1991 fuerit,
781 1944 810 1981 a
860 1930 971 1983 Deo
1005 1929 1231 1998 quidem
1287 1931 1769 1996 eondemnabilur,
1824 1931 2106 2002 ob-typiei

2216 1928 2533 1998 Βανομένης,
2559 1927 2646 1981 ἵνα
2678 1926 2751 1997 μὴ
2782 1927 3124 1994 ξενοταιρεῖον
3147 1927 3207 1980 τὸ
3227 1928 3451 1994 ταφείον
3474 1924 3585 1978 τῶν
3622 1941 3799 1994 μονα-

538 2021 1070 2089 transgressionem;
1106 2023 1442 2093 impedictur
1476 2034 1662 2079 autem
1709 2039 1741 2081 a
1781 2024 2107 2077 monasterii

536 2120 788 2181 patrona.

608 2379 781 2436 Porro
822 2381 1194 2450 assignabitur
1224 2396 1332 2435 una
1383 2388 1633 2435 statarzea
1665 2394 1764 2450 pro
1804 2380 2109 2447 sepultura,

541 2475 851 2529 famnlabus
883 2476 1100 2529 illarum
1135 2473 1458 2527 monialium
1488 2491 1501 2527 :
1532 2473 1697 2526 altera
1732 2471 2114 2540 przefectarum

540 2567 755 2636 gratia:
786 2568 892 2620 alia
919 2581 1020 2635 pro
1064 2566 1132 2618 iis
1160 2580 1283 2633 quae
1312 2572 1441 2618 sunt
1490 2563 1670 2632 magni
1717 2563 1967 2627 habitus,
2012 2563 2115 2617 alia

539 2674 643 2728 pro
674 2660 887 2714 ezeteris
917 2656 1252 2711 monialibus
1280 2663 1337 2707 et
1386 2654 1704 2709 famulabus
1738 2669 1861 2724 quie
1905 2655 2118 2708 monia-

541 2752 622 2805 les
644 2761 774 2805 sunt
810 2759 865 2804 et
887 2750 1093 2802 virtute
1125 2747 1369 2817 praedita:
1398 2766 1412 2802 :
1445 2746 1554 2802 alia
1614 2762 1713 2817 pro
1787 2746 2121 2802 monialibus

543 2843 863 2898 monasterii
888 2841 1184 2897 Cellaraeae.

614 3023 848 3078 Sorores
880 3035 1010 3076 vero
1042 3021 1312 3076 moniales
1356 3035 1479 3091 quae
1511 3035 1637 3075 cum
1684 3017 1945 3074 defuncta
1971 3017 2125 3072 abie-

2210 2019 2320 2090 χῶν
2354 2021 2621 2087 καταστῇ.
2656 2019 2718 2070 Ei
2746 2018 2801 2071 δὲ
2831 2016 3071 2088 πειραθῇ
3100 2034 3184 2080 τις
3213 2016 3374 2070 τοῦτο
3405 2018 3658 2086 ποιῆσαι,
3680 2017 3798 2080 ἕξει

2216 2110 2319 2180 μὲν
2344 2110 2439 2165 καὶ
2470 2110 2580 2162 ἀπὸ
2608 2109 2744 2162 Θεοῦ
2778 2108 2877 2178 τὴν
2906 2109 3238 2179 κατάκρισιν
3266 2109 3354 2161 διὰ
3382 2107 3481 2176 τὴν
3502 2107 3594 2159 τοῦ
3631 2124 3800 2159 τυπι-

2213 2202 2311 2257 κοῦ
2344 2202 2660 2273 παράϐασιν
2681 2219 2694 2234 ·
2737 2202 3112 2272 κωλυθήσεται
3162 2201 3219 2256 δὲ
3254 2200 3347 2254 καὶ
3383 2200 3534 2269 παρὰ
3568 2200 3673 2269 τῆς
3699 2200 3799 2270 τῆς

2218 2296 2384 2365 μονῆς
2415 2293 2987 2365 ἀντιλαμϐανομένης.

2300 2384 2754 2456 ’Δφορισθήσεταί
2785 2401 2849 2453 γε
2880 2385 2988 2454 μὴν
3016 2383 3114 2455 μία
3148 2381 3455 2455 σταταραία
3487 2381 3601 2452 (69)
3636 2381 3801 2454 χάριν

2217 2475 2396 2545 ταφῆς
2425 2474 2533 2528 τῶν
2570 2474 2955 2546 ὑπουργισσῶν
2975 2475 3085 2527 τῶν
3122 2474 3382 2527 τοιούτων
3414 2473 3799 2542 μοναζουσῶν·

2219 2565 2382 2638 ἑτέρα
2403 2565 2546 2637 λόγῳ
2565 2564 2674 2618 τῶν
2701 2565 3186 2634 ἡγουμενευουσῶν
3206 2582 3218 2594 ·
3247 2565 3409 2635 ἑτέρα
3428 2564 3485 2617 δὲ
3509 2564 3659 2634 λόγῳ
3696 2564 3801 2618 τῶν

2223 2658 2659 2729 μεγαλοσχὴμων
2684 2676 2699 2689 ⁸
2753 2660 2919 2730 ἑτέρα
2953 2660 3097 2730 λόγῳ
3130 2661 3240 2713 τῶν
3281 2659 3488 2713 λοιπῶν
3520 2660 3801 2732 μοναχῶν,

2220 2752 2318 2805 καὶ
2355 2750 2464 2803 τῶν
2494 2751 2879 2819 ὑπουργισσῶν
2904 2753 3031 2806 ὅσαι
3055 2752 3164 2805 εἰσὶ
3197 2752 3431 2823 μοναχαὶ
3471 2752 3567 2806 καὶ
3610 2752 3804 2822 ἐνάρε-

2219 2857 2334 2895 τοιο
2369 2840 2536 2911 ἑτέρα
2590 2840 2736 2913 λόγῳ
2774 2843 2887 2897 τῶν
2936 2845 2993 2897 έν
3018 2845 3083 2917 τῇ
3116 2846 3254 2915 μονῇ
3315 2843 3422 2898 τῶν
3451 2845 3801 2919 Κελλαραίας

2225 2932 2503 3003 μοναχῶν.

2291 3022 2357 3072 Αἰ
2390 3021 2447 3074 δὲ
2476 3021 2813 3077 ἀπελθοῦσαι
2844 3023 2980 3093 μετά
3006 3028 3103 3095 τῆς
3129 3025 3539 3099 τελευτησάσης
3570 3039 3803 3104 μοναχαὶ

541 3122 687 3179 rant,
738 3128 976 3167 reversae.
1026 3113 1094 3167 ad
1144 3112 1539 3175 monasterium
1585 3125 1769 3174 suum,
1809 3125 1918 3164 non
1972 3109 2114 3163 ultra

2223 3111 2469 3180 ἀδελφαὶ,
2520 3113 2933 3184 ὑποστρέψασαι
2968 3118 3048 3180 είς
3076 3118 3138 3170 τὸ
3160 3121 3531 3191 μοναστήριον
3562 3123 3801 3191 ἑαυτῶν,

544 3208 677 3261 illuc
711 3206 1054 3271 concedant;
1091 3205 1183 3260 sed
1219 3205 1399 3269 tertia,
1419 3219 1563 3258 neua
1608 3211 1666 3258 et
1695 3200 2115 3272 quadragesima

543 3298 814 3355 defunctae.
846 3300 1128 3354 monachae
1160 3298 1468 3368 psallantur
1508 3295 1734 3365 quidem
1766 3311 1796 3349 a
1829 3294 2118 3350 sacerdote

545 3392 656 3448 illic
681 3392 984 3446 constituto
1011 3409 1026 3456 ;
1070 3391 1460 3460 persolvantur
1497 3403 1631 3444 vero
1653 3404 1684 3443 a
1711 3388 2042 3443 monialibus
2064 3388 2123 3442 in

544 3486 903 3541 monasterio.
931 3486 992 3540 In
1022 3484 1230 3539 divinis
1280 3498 1501 3552 quoque
1534 3480 1828 3537 sacrificiis
1875 3480 2122 3549 quotidie

547 3579 641 3633 flat
669 3593 856 3633 earum
892 3576 1180 3639 memoria,
1215 3590 1430 3630 necnon
1465 3574 1521 3629 in
1566 3574 1857 3639 matutino,
1893 3589 2121 3643 vesper-

548 3671 685 3735 tino,
715 3678 775 3724 et
806 3668 1084 3738 protensis
1115 3667 1464 3723 orationibus
1490 3681 1664 3736 usque
1693 3667 1761 3721 ad
1798 3665 2118 3737 Quadrage-

546 3764 706 3827 sima,
729 3770 785 3817 et
802 3762 1007 3817 oblatio
1028 3760 1317 3829 speciatim
1340 3775 1442 3829 pro
1463 3774 1792 3828 unaquaque
1817 3758 2119 3826 deferatur,

547 3851 727 3907 donec
753 3852 1182 3923 Quadragesima
1214 3851 1362 3906 illius
1390 3850 1789 3920 compleantur.
2045 3842 2047 3844 ’

624 4115 892 4172 Notandte
937 4121 1068 4170 sunt
1128 4121 1313 4169 autem
1338 4112 1693 4183 'singularum
1739 4110 2120 4166 defunctarum

550 4209 828 4266 memoria:
850 4209 919 4264 ab
948 4208 1199 4263 ecclesiae
1235 4206 1547 4277 praeposita,
1566 4213 1622 4261 et
1654 4205 1872 4259 illarum
1893 4203 2121 4258 nomina

551 4303 606 4355 in
675 4302 953 4373 diptychis
1015 4301 1405 4364 describenda,
1467 4316 1537 4356 ne
1588 4316 1780 4355 earum
1842 4300 2123 4356 memoriae

548 4395 936 4461 obliterentur,
968 4394 1062 4450 sed
1093 4396 1211 4449 sine
1243 4395 1548 4450 emissione
1575 4395 1925 4463 expleantur.
1953 4393 2121 4449 lube-

2222 3204 2417 3274 μηκέτι
2445 3204 2874 3275 ἀπερχέσθωσαν
2903 3207 3051 3259 έκεῖ’
3084 3208 3225 3261 ἀλλά
3260 3209 3328 3263 τὰ
3354 3211 3511 3281 τρίτα
3546 3212 3684 3285 (70),
3708 3215 3803 3270 καὶ

2218 3298 2286 3349 τὰ
2315 3296 2532 3360 ἔννατα,
2578 3299 2675 3352 καὶ
2711 3298 2779 3352 τὰ
2816 3301 3235 3372 τεσσαρακοστά
3285 3303 3386 3374 τῆς
3424 3305 3796 3379 ἀποιχομένης

2229 3390 2472 3459 μοναχῆς
2492 3388 2892 3460 ψαλλέσθωσαν
2920 3394 3027 3462 μὲν
3062 3393 3155 3447 καὶ
3183 3395 3339 3464 παρά
3370 3396 3468 3449 τοῦ
3498 3399 3678 3451 ἐκεῖσε
3707 3416 3801 3452 τε-

2219 3478 2497 3549 ταγμένου
2528 3480 2741 3551 ἱερέως,
2774 3481 3141 3537 τελείσθωσαν
3170 3484 3227 3536 δὲ
3256 3486 3353 3538 καὶ
3381 3487 3530 3555 παρά
3564 3488 3675 3541 τῶν
3705 3505 3802 3557 μο-

2219 3569 2498 3634 ναζουσῶν
2546 3571 2606 3627 ὲν
2646 3571 2731 3640 ετῷ
2778 3576 3152 3644 μοναστηρίῳ,
3207 3575 3303 3629 καὶ
3328 3576 3446 3628 καθ’
3473 3577 3715 3647 ἑκάστην
3738 3580 3799 3630 ἐν

2220 3667 2341 3727 ταῖς
2373 3663 2549 3727 θείαις
2576 3662 2915 3736 ἱερουργίαις
2939 3657 3098 3720 αὗται
3124 3665 3657 3737 μνημονευέσθωσαν,
3691 3669 3789 3720 καὶ

2218 3752 2298 3823 τῷ
2324 3751 2506 3824 ὄρθρῳ
2533 3753 2631 3807 καὶ
2657 3754 2735 3822 τῷ
2755 3755 3026 3827 ἑσπερινῷ
3053 3758 3182 3826 ἄχρι
3205 3758 3309 3811 τῶν
3328 3758 3784 3826 Τεσσαρακοστῶν

2221 3843 2281 3895 έν
2304 3844 2423 3906 ταῖς
2454 3842 2702 3897 ἐκτενέσι
2730 3843 2973 3914 δεήσεσι,
3024 3846 3121 3899 καὶ
3154 3846 3443 3918 προσφορά
3501 3846 3560 3899 δὲ
3605 3845 3799 3908 locuti»;

2223 3933 2366 4004 ὑπὲρ
2414 3933 2586 4003 αὐτῆς
2622 3934 3078 4005 προσκομιζέσθω
3111 3939 3275 4007 μέχρι
3325 3940 3421 4009 τῆς
3456 3937 3561 3992 τῶν
3593 3937 3803 3993 Τεσσα-

2224 4025 2508 4095 ρακοστῶν
2544 4026 2713 4094 αὐτῆς
2750 4026 2974 4097 συμπλη
2983 4026 3229 4097 ρὼσεως.

2294 4118 2643 4187 Σημειωτέον
2669 4117 2727 4171 δὲ
2764 4119 2980 4179 καὶτὰς
3007 4118 3228 4188 μνήμας
3265 4118 3505 4191 ἑκάστης
3539 4121 3647 4175 τῶν
3677 4123 3805 4191 θνη-

2224 4211 2470 4263 σκουσῶν
2507 4211 2606 4281 τὴν
2633 4211 3166 4281 ὲκκλησιάρχισσαν,
3206 4212 3302 4264 καὶ
3341 4214 3410 4266 τὰ
3444 4214 3691 4283 ὀνόματα
3713 4215 3805 4268 αὐ·

2221 4300 2332 4354 τῶν
2353 4303 2466 4363 τοῖς
2487 4300 2769 4370 διπτύχοις
2803 4301 3147 4371 ὲγγραπτέον
3175 4318 3188 4330 '
3220 4302 3307 4355 ἵνα
3340 4304 3418 4372 μὴ
3449 4304 3807 4375 ἀνεπίληστοι

2225 4387 2337 4444 εἷεν
2366 4393 2420 4443 αἱ
2446 4389 2652 4443 τούτων
2681 4391 2918 4461 μνῆμαι,
2944 4392 3037 4445 καὶ
3058 4392 3323 4445 τελῶνται
3352 4394 3802 4464 ἀπαραλείπτως.

551 4502 675 4540 mus
722 4486 907 4555 itaque
953 4484 1363 4548 sacerdotibus,
1406 4494 1468 4541 ut
1502 4484 1557 4538 in
1611 4482 1844 4553 singulis
1889 4482 2114 4551 liturgiis

2232 4485 2315 4538 Τὰ
2346 4484 2530 4553 μέντοι
2568 4482 2806 4552 δίπτυχα
2826 4483 3251 4554 προτρεπόμεθα
3276 4488 3389 4548 τοῖς
3427 4485 3638 4556 ἱερεῦσι
3670 4490 3811 4542 κατά

548 4578 806 4648 diptyeha
861 4577 1085 4640 adeant,
1123 4577 1311 4645 quoin
1360 4575 1683 4630 memoriam
1730 4583 1990 4627 revocent
2030 4587 2125 4627 eas

545 4685 670 4739 qum
704 4668 840 4722 inibi
880 4668 1169 4735 descriptae
1198 4676 1349 4732 sunt,
1377 4681 1447 4720 ne
1482 4665 1758 4737 judicium
1797 4663 1897 4733 ipsi
1939 4663 2124 4717 ferant

547 4777 741 4816 earum
785 4759 1087 4813 oblivionis
1141 4767 1197 4812 et
1247 4759 1564 4812 omissionis
1592 4775 1605 4809 :
1634 4764 1690 4811 et
1724 4764 1786 4809 ut
1819 4754 2127 4810 communis

551 4854 816 4910 memoria
840 4850 930 4904 fiat
960 4851 1204 4904 omnium
1252 4849 1669 4910 monacharum,
1692 4845 1927 4916 singulis
1957 4845 2125 4900 Para—

550 4945 729 5003 scevis
760 4959 856 4999 seu
903 4942 1057 4996 feriis
1100 4943 1271 4996 sextis
1297 4950 1419 5008 post
1451 4939 1843 4992 lncernarium.
1876 4937 1989 4990 Nisi
2025 4938 2128 4992 ali-

550 5038 698 5109 quod
725 5038 926 5092 festum
960 5033 1247 5103 impediat,
1290 5031 1526 5102 psallant
1554 5030 1822 5083 mouiales
1859 5044 2124 5086 canonem

552 5130 845 5183 funereum
896 5125 1162 5180 facientes
1196 5121 1623 5195 parastasimum
1649 5138 1661 5173 :
1692 5127 1949 5189 protensa
1987 5135 2126 5189 quo-

2232 4577 2415 4628 πᾶσαν
2450 4573 2663 4626 ἐπιέναι
2725 4572 3091 4642 λειτουργίαν,
3145 4573 3227 4637 είς
3261 4574 3572 4643 ἀνάμνησιν
3617 4577 3722 4629 τῶν
3752 4579 3809 4629 ἐν

2233 4666 2417 4728 αὐτοῖς
2463 4663 3015 4733 ἀπογεγραμμένων·
3055 4663 3142 4718 ἵνα
3199 4665 3275 4735 μὴ
3329 4667 3484 4718 αὐτοὶ
3531 4668 3595 4720 τὸ
3638 4670 3811 4738 κρῖμα

2236 4753 2544 4825 βαστάζωσι
2582 4753 2679 4821 τῆς
2718 4753 2943 4807 ἐκείνων
2996 4754 3306 4822 ἀμνηστίας
3358 4756 3451 4808 καὶ
3480 4756 3806 4826 ἐλλείψεωςο

2237 4849 2323 4901 ἵνα
2360 4847 2416 4900 δὲ
2461 4846 2557 4900 καὶ
2605 4847 2762 4914 κοινὴ
2797 4848 2987 4918 μνήμη
3029 4848 3223 4901 πασῶν
3254 4849 3473 4917 γίνηται
3496 4848 3607 4901 τῶν
3641 4866 3809 4921 μονα-

2231 4935 2460 5001 ζουσῶν,
2484 4935 2606 4988 καθ’
2631 4935 2872 5005 ἑκάστην
2906 4938 3269 5008 Παρασκευὴν
3294 4939 3433 5007 μετά
3451 4937 3512 4990 τὸ
3536 4938 3807 5007 λυχνικῦν,

2232 5030 2281 5080 εἰ
2317 5029 2391 5099 μή
2421 5046 2501 5090 τις
2532 5028 2694 5098 ἑορτὴ
2727 5027 2952 5091 κωλύει,
2983 5029 3339 5097 ψαλλέτωσαν
3365 5030 3561 5082 κανόνα
3603 5028 3811 5095 νεκρά.»⁹

2186 5148 2195 5155 ι
2233 5136 2391 5188 σιμον
2431 5121 2486 5172 αί
2518 5121 2776 5191 μοναχαὶ,
2810 5120 3061 5174 ποιοῦσαι
3092 5122 3186 5176 καὶ
3220 5121 3645 5193 παραστάσιμον
3673 5119 3810 5191 (7|)-

1795 5211 2255 5275 Montfauconii
2326 5222 2514 5276 nota).

621 5321 734 5390 (69)
771 5317 1162 5387 Στραταραὶα.
1193 5316 1319 5372 Haec
1345 5331 1452 5390 vox
1480 5313 1765 5390 rarissima
1799 5311 2124 5390 videtur.si-

551 5382 813 5464 gnificare
846 5382 1094 5445 tumbam
1118 5404 1214 5443 seu
1248 5386 1560 5456 sepulcrum
1587 5384 1778 5437 multis
1800 5382 2127 5449 corporibus

552 5462 845 5533 humandis
876 5468 1085 5533 aptum.
1205 5527 1273 5533 ___
1484 5524 1498 5533 ,
1539 5523 1552 5533 _
1686 5530 1694 5533 λ
1831 5520 1868 5533 ..
1942 5528 1953 5533 -
2029 5520 2063 5533 -.

652 5534 739 5601 το)
775 5532 845 5588 Ut
870 5521 1012 5601 apud
1049 5543 1153 5601 nos
1205 5527 1381 5582 Missae
1420 5523 1771 5601 celebrantur
1815 5521 1904 5575 die
1941 5521 2124 5601 tertia,

553 5590 808 5670 septima,
839 5590 1213 5670 et'trieesima
1264 5602 1402 5670 post_
1424 5594 1660 5670 o_bitum,
1696 5606 1839 5670 __eu_m
1884 5590 2130 5670 peculia-

553 5660 707 5727 ribus
738 5660 1117 5732 orationibus;
1152 5669 1231 5721 sic
1260 5660 1403 5736 apud
1439 5664 1657 5736 Graecos
1680 5660 1877 5736 diebus
1905 5669 2124 5736 quarta,

554 5756 719 5806 nova,
753 5749 809 5796 et
845 5728 1260 5810 quadragesima
1297 5728 1434 5810 'post
1466 5732 1677 5810 obitum
1717 5729 1986 5810 speciales
2038 5728 2125 5810 di:

552 5795 755 5867 cuntur
815 5795 1113 5868 orationes.
1173 5795 1412 5862 Consule
1463 5801 1703 5858 Goarum
1749 5795 1815 5852 in
1858 5795 2012 5853 Notis
2056 5797 2147 5881 ad_

2232 5312 2470 5437 ggicium
2524 5313 2938 5384 exsequiarum,
3003 5312 3177 5385 quod'
3213 5313 3270 5368 in
3318 5311 3658 5384 Eucltologio
3705 5311 3807 5366 ba-

2332 5399 2417 5437 ur.

2271 5391 2417 5438 Cll".

2303 5453 2414 5520 (71)
2462 5453 2951 5521 Παραστάσιμον.
2978 5454 3055 5510 Ut
3098 5451 3447 5519 παράστασις
3488 5460 3574 5506 est
3609 5467 3805 5521 reput—

2233 5523 2492 5595 sentatio,
2521 5525 2601 5595 sic
2627 5525 3052 5595 παραστάσιμον
3100 5523 3321 5595 videtur
3355 5537 3476 5577 esse
3505 5537 3803 5595 repraesen-

2236 5594 2371 5663 tatio
2402 5592 2649 5662 quaedam
2685 5591 2738 5648 in
2777 5591 3055 5663 exsequiis
3094 5592 3480 5663 defunctorum
3536 5591 3654 5662 fieri
3715 5606 3803 5644 so-

2233 5661 2351 5733 lita,
2412 5661 2574 5733 quam
2606 5677 2708 5717 nos
2740 5676 2862 5720 cum
2917 5661 3109 5718 lectica
3147 5671 3323 5733 tapete
3353 5662 3508 5733 nigro
3548 5661 3804 5730 coeperta

2234 5730 2413 5789 facere
2432 5730 2697 5789 solemus.
