4054 6278
1572 206 1624 222 Ὦ

317 331 459 406 1089

1760 345 2095 409 TYPICUM
2105 397 2119 413 .

3427 354 3566 418 1030

308 471 402 509 και
438 454 667 524 ὲκτενὴς
694 451 882 525 δέησις
931 452 1166 525 γινέσθω
1190 455 1331 529 ὑπὲρ
1353 455 1462 512 τῶν
1507 456 1887 529 προαπελθου-

2004 479 2100 534 que
2133 466 2314 522 oratio
2355 465 2575 523 dicatur
2615 482 2717 538 pro
2759 464 3021 524 omnibus
3065 480 3188 539 qua:
3217 479 3344 525 ante
3373 470 3566 530 deces-

310 547 425 602 σῶν
459 545 676 601 πασῶν.
1278 596 1283 602 ,

393 639 487 693 Ἐν
517 638 700 709 μέντοι
726 636 805 709 τῷ
829 638 1094 711 Σαϐϐάτῳ
1118 640 1217 711 τῆς
1247 641 1507 713 άπόκρεω
1536 641 1672 714 (72),
1695 643 1788 696 καὶ
1813 641 1889 713 τῷ

310 730 578 800 Σαϐϐάτῳ
603 730 705 798 τῆς
754 731 1069 800 τυροφάγου
1097 732 1232 804 (75),
1262 734 1358 787 καὶ
1384 733 1462 804 τῷ
1496 733 1761 805 Σαϐϐάτῳ
1789 734 1892 805 τῆς

310 822 714 890 Πεντηκοστῆς,
763 822 1000 890 γινέσθω
1055 825 1151 877 καὶ
1212 824 1354 894 ὑπὲρ
1390 825 1501 878 τῶν
1535 825 1890 896 μοναζουσῶν

310 912 415 966 καθ
455 910 513 964 ἓν
546 910 720 982 θνομα
742 912 856 966 τῶν
878 915 1364 984 προαπελθουσῶν,
1401 916 1521 984 μία,
1550 918 1643 970 καὶ
1675 934 1891 988 μνημο-

313 1001 658 1056 νευέσθωσαν
691 1002 787 1056 καὶ
817 1003 1009 1057 αὐταί·
1041 1004 1304 1069 ὡσαύτως
1326 1006 1422 1060 καὶ
1448 1009 1507 1061 ὲν
1535 1010 1647 1070 τοῖς
1680 1023 1894 1077 μνημο-

314 1092 500 1155 σύνοις
524 1091 786 1158 ἑκάστης,
818 1091 1057 1160 γινέσθω
1085 1096 1225 1166 ὑπὲρ
1248 1095 1419 1166 αὐτῆς
1444 1096 1760 1167 λειτουργία
1799 1099 1894 1149 καὶ

314 1184 622 1255 προσφορά.
660 1184 965 1254 Ὀφείλουσι
986 1184 1042 1237 δὲ
1073 1185 1375 1255 λαμϐάνειν
1396 1188 1452 1242 αἱ
1485 1189 1718 1259 μοναχαὶ
1746 1187 1808 1243 ἐν
1830 1204 1890 1241 τε

313 1275 392 1345 τῷ
426 1275 690 1345 Σαϐϐάτῳ
747 1275 845 1345 τῆς
899 1277 1180 1347 ἀποκρὲω,
1236 1278 1334 1331 καὶ
1372 1278 1449 1349 τῷ
1498 1280 1760 1347 Σαϐϐάτῳ
1792 1280 1893 1348 τῆς

315 1369 715 1439 Πεντηκοστῆς,
745 1369 851 1421 ἀνὰ
890 1370 1210 1439 προσφορὰν
1245 1370 1396 1439 μίαν,
1431 1371 1512 1434 είς
1545 1372 1897 1441 μνημόσυνον

313 1458 423 1512 τῶν
448 1458 653 1527 γονέων
680 1459 863 1514 αὐτῶν
892 1465 988 1514 καὶ
1016 1461 1300 1529 συγγενῶν
1319 1474 1334 1489 ⁸
1377 1463 1521 1532 μετὰ
1546 1463 1603 1515 δὲ
1636 1462 1694 1514 τὸ
1726 1478 1896 1533 προσ.

315 1550 666 1620 κομισθῆναι,
704 1551 1037 1621 συνάγεσθαι
1096 1553 1261 1607 πάλιν
1306 1555 1459 1625 παρὰ
1488 1555 1589 1624 τῆς
1615 1552 1892 1624 πυλωροῦ,

316 1643 412 1694 καὶ
431 1642 669 1697 δίδοσθαι
697 1645 759 1697 ἐν
789 1642 870 1697 τῶ
912 1643 1147 1699 πυλῶνι.

894 1757 1147 1811 ΚΕΦᾹΛ.
1178 1760 1300 1812 UA'.

1991 556 2186 610 serint.

2048 638 2235 703 Porro
2273 648 2329 704 in
2361 647 2604 704 Sabbato
2635 649 3003 720 carnisprivii,
3038 651 3093 706 in
3131 652 3373 709 Sabbato
3403 655 3562 711 lacti-

1992 738 2144 804 cinii,
2204 750 2260 795 et
2308 739 2366 795 in
2415 740 2659 796 Sabhato
2708 742 3082 809 Pcntecostes,
3137 760 3239 815 pro
3292 747 3569 804 defunctis

1992 830 2348 896 monialibus,
2375 830 2443 884 ad
2495 831 2711 902 singula
2742 833 2965 887 nomina
2991 834 3168 889 oratio
3197 850 3304 890 una
3327 836 3568 900 dicatur,

1992 929 2049 972 et
2081 920 2346 974 memoria
2372 934 2563 974 earum
2595 918 2687 974 ﬂat
2718 939 2732 975 :
2769 921 3025 977 similiter
3054 923 3107 976 in
3136 925 3569 997 uniuscujusque

1995 1014 2637 1078 commemorationibus,
2672 1016 2895 1086 liturgia
2943 1031 3044 1086 pro
3081 1017 3198 1086 ipsa
3237 1020 3567 1087 celebretur,

1995 1112 2053 1158 et
2076 1104 2168 1159 ﬁat
2194 1105 2420 1161 oblatio.
2455 1105 2716 1162 Moniales
2733 1118 2913 1163 autem
2938 1108 3176 1165 Sabbato
3195 1113 3568 1183 carnisprivii,

2001 1198 2057 1244 et
2087 1189 2330 1248 Sabbato
2354 1194 2707 1250 Pentecostes
2724 1206 2943 1252 sument
2970 1215 3132 1253 unam
3153 1201 3489 1257 oblationem
3515 1205 3570 1258 in

1997 1285 2577 1340 commemorationem
2613 1299 2905 1355 parentum
2953 1297 3010 1343 οι
3046 1304 3403 1362 εοεηθιοτυιιι
3437 1310 3571 1349 5110-

2000 1387 2160 1439 rum;
2214 1389 2335 1442 quae
2379 1384 2667 1444 postquam
2703 1377 2887 1432 oblata
2927 1377 3117 1447 fuerit,
3165 1384 3456 1454 colligetur
3502 1385 3571 1440 ab

1999 1461 2246 1529 ostiaria,
2279 1470 2335 1517 et
2364 1463 2431 1517 ad
2471 1464 2675 1518 ost-ium
2706 1466 3044 1536 erogabitur.

2567 1776 2792 1835 CAPUT
2819 1779 3007 1835 LXXI.

313 1848 453 1921 Περὶ
484 1847 782 1919 διαφόρων
811 1850 1223 1946 μνημοςρνων
1244 1851 1610 1919 ὀφειλόντων
1638 1851 1894 1919 amolior;

2004 1866 2077 1922 De
2104 1868 2266 1921 variis
2295 1872 2882 1926 commemorationibus
2926 1890 3020 1944 per
3061 1891 3262 1928 annum
3291 1878 3572 1946 faciendis.

933 1920 1262 1975 τελεῖσθαι.

386 2031 729 2100 Ἀρκούντως
751 2030 853 2102 ἤδη
878 2030 1130 2100 περὶτῶν
1156 2032 1254 2098 τῆς
1288 2005 1457 2103 μδνῆς
1488 2032 1892 2108 διαταξάμενοι,

320 2123 417 2177 νῦν
452 2125 549 2177 καὶ
585 2124 713 2193 περὶ
741 2122 852 2176 τῶν
886 2124 1309 2193 κεκοιμημένων
1340 2124 1556 2193 ιγονέων
1582 2127 1766 2198 ἡμῶν,
1802 2130 1897 2182 καὶ

316 2216 565 2285 ἀδελφῶν
594 2215 736 2269 κατὰ
766 2214 968 2285 σάρκα,
1028 2213 1123 2268 καὶ
1154 2214 1381 2282 παίδων,
1430 2219 1528 2270 καὶ
1557 2218 1665 2273 τῶν
1695 2235 1893 2291 κοιμη-

318 2307 657 2379 θησομένων,
682 2305 1052 2377 διαωποῦμεν
1080 2307 1176 2360 καὶ
1204 2307 1630 2378 διατασσόμεθα.
1668 2310 1895 2365 Πάντων

318 2399 429 2468 γάρ
454 2399 524 2452 τὰ
550 2397 871 2469 μνημόσυνα
898 2397 1010 2451 τῶν
1042 2397 1288 2452 κάτωθεν
1314 2399 1495 2470 ῥητῶς
1525 2402 1897 2471 ἀναταττομέ-

317 2501 447 2550 νων,
481 2485 622 2538 κατά
651 2485 782 2549 τοὺς
806 2486 1037 2555 καιροὺς
1064 2487 1162 2540 καὶ
1190 2486 1291 2550 τάς
1321 2488 1533 2557 ἡμέρας
1573 2489 1672 2552 τὰς
1696 2490 1898 2564 ὲγγραο

317 2577 514 2646 φείσας
559 2577 991 2647 τοιουτοτρόπως
1060 2578 1526 2649 τελεισθήσονται.
1580 2580 1897 2652 Βουλόμεθα

317 2667 566 2738 γίνεσθαι
596 2669 898 2740 παννυχίδα
924 2669 1292 2740 νεκρώσιμον,
1323 2669 1464 2740 μετὰ
1487 2670 1586 2744 τῆς
1614 2690 1899 2745 παραστα-

321 2758 504 2828 σίμου,
528 2758 624 2812 καὶ
659 2760 948 2829 φωταψίαν
979 2762 1040 2814 ιν
1078 2763 1145 2833 τῇ
1171 2760 1463 2834 ,ἐκκλησίᾳ
1500 2763 1598 2832 τῆς
1633 2764 1899 2833 συνήθους

318 2851 712 2922 δαψιλεστὲραν
732 2869 747 2884 ·
786 2853 1167 2924 προσάγεσθαι
1193 2871 1253 2907 τε
1288 2857 1385 2908 καὶ
1413 2857 1471 2908 ὲν
1491 2857 1561 2926 τῇ
1586 2855 1900 2928 λειτουργίᾳ

321 2945 642 3014 προσφορὰν
682 2944 824 3016 ὑπὲρ
857 2946 954 3000 τοῦ
1000 2946 1381 3019 κοιμηθέντας,
1412 2949 1508 3002 καὶ
1539 2950 1745 3003 κόλυσα
1784 2950 1899 3020 (τι)

321 3035 592 3102 γίνεσθαι,
623 3036 721 3090 καὶ¹
758 3037 1205 3108 μνημονεύεσθαι
1234 3039 1396 3093 αὑτὸν
1418 3040 1476 3093 ὲν
1503 3043 1623 3104 ταῖς
1654 3042 1900 3095 ἐκτενέσι

2067 2043 2361 2114 Postquam
2375 2059 2466 2101 res
2482 2045 2800 2100 monasterii
2814 2060 2874 2100 su
2882 2044 3146 2100 liicienter
3166 2044 3571 2116 disposuimus;

1994 2135 2106 2206 jam
2163 2135 2234 2190 de
2281 2135 2350 2190 iis
2399 2136 2495 2205 qui
2555 2136 2902 2191 dormierunt
2961 2137 3287 2208 parentibus
3344 2139 3574 2205 nostris,

1999 2221 2265 2278 fratribus
2298 2225 2605 2279 secundum
2636 2239 2886 2293 carnem,
2911 2233 2968 2280 et
2994 2224 3144 2291 ﬁliis,
3177 2241 3393 2282 necnon
3415 2226 3483 2282 de
3504 2227 3575 2283 iis

1999 2315 2093 2385 qui
2128 2314 2426 2381 dormient,
2462 2316 2756 2372 statuimus
2779 2326 2837 2372 et
2863 2314 3207 2373 ordinamus.
3231 2317 3577 2374 Commemo-

2001 2407 2244 2464 rationes
2299 2410 2448 2462 enim
2512 2409 2760 2464 omnium
2816 2409 2884 2464 de
2917 2409 3123 2478 quibus
3158 2409 3377 2465 diserte
3432 2410 3576 2465 infra

2001 2499 2408 2569 praecipiemus,
2438 2501 2782 2569 temporibus
2816 2509 2873 2555 et
2902 2501 3101 2556 diebus
3140 2501 3437 2570 descriptis
3470 2503 3577 2557 hoc

2001 2593 2165 2648 modo
2223 2593 2634 2663 persolventur.
2688 2593 2956 2647 Volumus
3006 2602 3066 2647 ut
3131 2593 3226 2647 ﬁat
3270 2593 3577 2663 pannychis

2000 2685 2228 2741 funerea
2259 2700 2384 2739 cum
2426 2681 2811 2754 parastasimo,
2845 2696 2903 2739 et
2932 2684 3205 2739 luminare
3248 2685 3305 2738 in
3346 2685 3579 2740 ecclesia

2001 2778 2336 2833 accendatur
2398 2778 2562 2832 solito
2606 2776 2921 2847 copiosius;
2952 2771 3038 2833 'et
3090 2785 3152 2831 ut
3190 2776 3472 2831 deferatur
3521 2778 3579 2832 in

2002 2869 2224 2938 liturgia
2274 2869 2481 2924 oblatio
2511 2884 2614 2938 pro
2645 2868 2931 2932 defuncto,
2963 2869 3267 2938 colybaque
3312 2868 3443 2923 ﬁant
3473 2885 3488 2923 :
3518 2880 3579 2924 ut

2002 2960 2272 3014 memoria
2320 2975 2540 3030 quoque
2562 2962 2684 3030 ejus
2716 2960 2809 3014 ﬁat
2837 2960 2892 3014 in
2912 2962 3192 3030 protensis
3228 2961 3580 3018 orationibus

2006 3052 2060 3106 in
2125 3051 2474 3122 pannychide
2527 3067 2624 3106 seu
2673 3051 2983 3122 pervigilio,
3051 3052 3108 3106 in
3165 3052 3461 3117 matutino,
3521 3054 3579 3108 in

320 3125 541 3213 δεήσεσι
569 3127 714 3180 κατά
740 3142 800 3178 τε
829 3129 928 3197 τὴν
958 3128 1288 3197 παννυχίδα,
1324 3131 1420 3183 καὶ
1446 3129 1508 3183 τὸ
1549 3129 1771 3201 ὄρθρον,
1803 3131 1898 3183 καὶ

2005 3140 2249 3213 liturgia,
2280 3150 2334 3196 et
2378 3141 2434 3195 in
2483 3141 2845 3210 vespertino;
2875 3147 3046 3209 utque
3081 3140 3414 3195 monialibus
3465 3154 3579 3195 non

318 3212 422 3283 τὴν
455 3213 823 3286 λειτουργίαν,
875 3218 970 3272 καὶ
1017 3218 1080 3270 τὸ
1109 3217 1419 3286 ἑσπερινὸν,
1451 3218 1547 3272 καὶ
1575 3222 1696 3281 ταῖς
1737 3236 1903 3289 μονα-

322 3306 447 3374 χαῖς
490 3304 571 3372 δὲ,
612 3304 687 3377 μὴ
726 3306 826 3377 τὴν
880 3305 1088 3376 συνήθη
1140 3305 1544 3379 παρατίθεσθαι
1596 3307 1899 3380 τράπεζαν,

322 3396 441 3449 ἀλλ’
473 3397 780 3467 ὀψωνίζειν,
838 3400 932 3452 καὶ
988 3398 1325 3467 διαιτᾶσθαι,
1376 3399 1522 3454 καθά
1550 3402 1644 3453 καὶ
1690 3401 1750 3454 ἐν
1780 3403 1902 3464 ταῖς

321 3490 686 3554 Δεσποτικαῖς
719 3491 938 3561 ἑορταῖς
964 3491 1442 3562 προετυπὼσαμεν
1475 3492 1744 3561 γίνεσθαι,
1776 3490 1903 3549 καθ’

325 3576 440 3636 οἷον
469 3581 536 3635 ἂν
565 3581 705 3654 τύχῃ
742 3583 935 3653 καιρὸν
964 3584 998 3653 ἠ
1028 3583 1124 3635 τοῦ
1152 3583 1585 3654 τελευτήσαντος
1614 3588 1831 3658 μνήμη.

394 3673 541 3744 Πλὴν
587 3674 638 3726 εί
683 3675 782 3743 μὲν
837 3674 896 3726 ἓν
943 3674 1164 3744 τετράδι
1202 3674 1309 3728 τῶν
1354 3674 1560 3730 λοιπῶν
1588 3674 1902 3752 ήμερῶν,ἥ

324 3764 657 3834 Παρασκευῇ
687 3759 988 3833 συνδράμοι
1019 3763 1081 3816 τὸ
1121 3763 1489 3833 μνημόσυνον,
1545 3764 1906 3838 ὀστρακοδέρσ-

327 3871 451 3922 μοις
483 3855 577 3908 καὶ
619 3854 805 3924 μόνοις
834 3854 1277 3922 ὲστιαθήσονται,
1310 3854 1442 3908 ἄνευ
1478 3855 1589 3910 τῶν
1621 3858 1907 3929 μνημοσύ-

326 3954 435 4000 νων
463 3946 557 4000 τοῦ
584 3947 878 4018 κρατίστου
902 3946 998 4002 καὶ
1018 3947 1177 4016 ἁγίου
1202 3963 1305 4018 μου
1336 3947 1624 4019 βασιλέως.
1670 3949 1762 4004 Ἐν
1791 3951 1901 4021 γὰρ

326 4038 436 4101 τοῖς
472 4039 838 4110 μνημοσύνοις
865 4039 1080 4106 τούτου,
1114 4039 1220 4094 κᾶν
1276 4041 1337 4093 ὲν
1386 4041 1606 4111 τετράδι
1670 4042 1902 4112 συνδρά-

331 4146 484 4201 μοιεν
520 4132 618 4185 καὶ
670 4131 1026 4203 Παρασκευῇ,
1062 4133 1157 4186 καὶ
1207 4118 1392 4203 ἰχθύες
1439 4132 1906 4206 ὀψωνισθήσονται

328 4223 628 4292 φιλοτίμως
646 4226 769 4286 ταῖς
801 4226 1062 4293 μοναχαῖς
1112 4224 1193 4287 εἰς
1220 4224 1464 4276 ἑστίασιν
1486 4240 1503 4258 ο
1551 4224 1657 4296 χρὴ
1683 4226 1791 4297 γὰρ
1815 4228 1907 4282 τὸν

327 4313 607 4385 ἐξαίρετον
627 4316 686 4368 ἐν
707 4314 1039 4386 ἀνθρώποις,
1057 4315 1151 4369 καὶ
1170 4316 1232 4369 τὸ
1262 4315 1608 4385 μνημόσυνον
1631 4319 1908 4390 ἐξαίρετον

330 4404 735 4476 ἀποφέρεσθαι.
801 4404 889 4456 Ἑν
918 4403 976 4456 δὲ
1025 4405 1142 4467 ταῖς
1175 4401 1347 4465 λιταῖς
1379 4403 1619 4467 ἁπάσαις
1647 4405 1904 4474 ἡμέραις,

2000 3235 2158 3290 solita
2179 3241 2485 3304 apponatur
2514 3247 2724 3295 mensa,
2752 3231 2846 3286 sed
2874 3232 3067 3286 eodem
3092 3229 3328 3285 obsonio
3353 3231 3579 3285 etvictu

2002 3334 2234 3382 utantur
2292 3341 2404 3396 quo
2438 3325 2492 3380 in
2534 3324 2752 3380 Domini
2782 3323 2938 3378 festis
2967 3322 3047 3378 uti
3099 3338 3263 3393 supra
3291 3324 3576 3394 jussimus,

2003 3434 2226 3490 quoquo
2266 3427 2515 3490 tempore
2551 3415 2798 3473 defuncti
2832 3414 3098 3473 memoria
3129 3421 3402 3471 occurrat.

2072 3666 2368 3728 Caeterum,
2404 3663 2449 3718 si
2486 3663 2709 3733 quidem
2747 3661 2880 3718 feria
2909 3669 3104 3733 quarta
3130 3661 3216 3716 vcl
3259 3661 3577 3728 Parasceve,

2003 3767 2060 3815 et
2092 3773 2201 3813 non
2228 3757 2350 3811 aliis
2381 3755 2595 3818 diebus,
2623 3754 2931 3810 occurrerit
2955 3752 3423 3814 commemoratio.
3454 3767 3584 3807 cond

2004 3847 2201 3920 chyliis
2239 3846 2373 3902 so-lis
2402 3844 2744 3907 reficientur,
2775 3844 3021 3913 exceptis
3043 3841 3580 3897 commemorationi-

2004 3939 2110 3995 bus
2158 3934 2596 4011 praestantissimi
2642 3945 2699 3991 et
2732 3935 2909 3992 sancti
2944 3933 3300 4005 imperatoris
3330 3931 3472 3997 mei;
3524 3931 3581 3987 in

2005 4033 2126 4103 ejus
2201 4031 2349 4085 enim
2411 4027 3062 4090 commemorationibus,
3115 4025 3218 4081 etsi
3279 4025 3337 4079 in
3388 4023 3580 4079 feriam

2006 4133 2255 4195 quartam
2299 4131 2356 4178 et
2387 4123 2724 4177 Parasceven
2774 4119 3095 4185 inciderint,
3134 4118 3314 4189 pisces
3362 4129 3583 4186 quoque

2006 4215 2338 4271 monialibus
2381 4214 2445 4268 ad
2482 4213 2838 4267 refectionem
2875 4210 3164 4279 magniﬁce
3193 4209 3249 4262 in
3290 4207 3581 4262 obsonium

2007 4306 2505 4377 suppeditabantur
2542 4320 2556 4355 :
2601 4317 2700 4377 par
2727 4311 2812 4358 est
2854 4302 3004 4357 enim
3034 4300 3128 4367 qui
3162 4307 3386 4368 praestat
3432 4299 3579 4352 inter

2011 4375 2285 4460 homines,
2326 4375 2761 4467 prastantiorem
2812 4390 3391 4447 commemorationem
3437 4389 3584 4443 obti-

332 4499 427 4550 καὶ
577 4501 688 4559 τοῖς
724 4495 835 4549 τῶν
860 4495 1066 4550 λοιπῶν
1123 4461 1404 4565 συγγενῶν
1436 4461 1900 4569 ήμῶν-μνημοσᾷ

2012 4506 2166 4546 nere.
2208 4488 2477 4545 Omnibus
2526 4502 2661 4544 vero
2701 4484 3015 4541 litaniarum
3062 4482 3279 4546 diebus,
3311 4492 3478 4536 etiam
3527 4481 3584 4534 in

329 4605 445 4651 νοις
483 4587 1003 4660 ἰχθυοφαγήσουσιν.

403 4765 469 4818 Et
495 4765 554 4818 δὲ
586 4764 645 4818 ἓν
691 4782 806 4819 τισι
855 4765 966 4819 τῶν
1012 4765 1112 4834 τῆς
1153 4763 1395 4834 μεγάλης
1448 4762 1906 4832 Τεσσαρακοστῆς

334 4856 559 4926 ἡμερῶν
596 4855 940 4926 μνημόσυνόν
961 4871 1104 4917 τινος
1136 4856 1530 4923 ἀπαντήσειεν,
1578 4856 1638 4908 ὲν
1670 4855 1807 4924 μόνῃ
1837 4855 1904 4924 τῇ

337 4946 549 5018 ἑσπέρᾳ
577 4949 674 5019 τῆς
698 4947 1063 5018 Παρασκευῆς
1089 4946 1305 5016 ἐκείνης
1341 4947 1441 5017 τῆς
1463 4946 1759 5016 ἑϐδομάδος
1785 4945 1908 4998 καθ’

338 5040 406 5108 ἧν
432 5041 626 5109 φθάσοι
651 5041 713 5092 τὸ
740 5039 1105 5110 μνημόσυνον,
1135 5039 1168 5107 ἠ
1192 5039 1456 5107 παννυχὶς
1497 5037 1909 5108 ἐπιτελεσθήσε-

338 5148 451 5199 ται,
482 5134 581 5187 καὶ
609 5134 687 5204 τῷ
724 5135 928 5186 ἐπιόντι
964 5131 1226 5196 Σαϐϐάτῳ
1254 5132 1309 5183 αἱ
1345 5131 1575 5201 μοναχαὶ
1613 5132 1682 5184 δι’
1712 5132 1909 5202 ὀστρα-

2011 4591 2332 4639 cazterorum
2365 4572 2606 4635 amnium
2627 4578 2942 4633 nostrorum
2967 4571 3584 4630 commemorationibus

2011 4675 2191 4743 pisces
2225 4671 2541 4727 comedent.

2085 4765 2143 4820 Si
2183 4772 2365 4818 autem
2399 4761 2728 4832 quibusdam
2760 4773 2970 4830 magna:
2998 4756 3436 4827 Quadragesima‘:
3462 4757 3585 4814 die-

2014 4857 2139 4921 bus,
2186 4854 2493 4927 cuiuspiam
2544 4851 2989 4907 commemoratio
3018 4860 3289 4913 occurrat,
3342 4850 3456 4904 sola
3493 4865 3586 4904 νεα

2014 4962 2174 5016 spera
2196 4947 2521 5001 Parasceves
2540 4941 2902 4999 hebdomadis
2923 4941 2978 4994 in
3010 4956 3173 5009 quam
3204 4940 3412 4995 incidet
3435 4955 3586 4994 com-

2018 5038 2367 5101 memoratio,
2415 5037 2511 5090 (iet
2544 5035 2913 5105 pervigilium,
2954 5042 3010 5086 et
3042 5033 3292 5102 sequenti
3346 5031 3585 5084 Sabbato

2019 5129 2287 5185 moniales
2333 5127 2637 5198 conchyliis
2688 5124 3119 5180 consolationem
3169 5121 3461 5190 accipient.
3527 5120 3583 5173 Si

1599 5219 2055 5284 Momfauconii
2128 5229 2316 5280 noue.

439 5327 526 5397 72)
569 5324 886 5397 Ἀπόκρεῳ.
956 5319 1256 5397 Sabbatum
1321 5323 1420 5388 τῆς
1477 5321 1788 5397 syrmata,
1829 5330 1915 5397 est

346 5390 647 5451 Sabhatum
676 5390 800 5463 poSt
826 5392 1162 5463 Dominicam
1216 5391 1658 5463 Septuagesimaz.
1692 5390 1913 5463 Hebdo-

345 5467 507 5522 mada
546 5460 781 5532 namque
803 5461 1226 5532 Septuagesimse
1255 5470 1480 5532 vocatur
1507 5460 1604 5529 τῆς
1627 5462 1910 5532 άπάκρεω,

345 5529 891 5608 quiaiin_ea__carnis'
935 5544 1088 5608 usus.
1123 5530 1453 5608 terminatur
1480 5530 1640 5608 _apud
1670 5529 1910 5608 (iuncos.

423 5604 857 5680 (7__.’>)§abbatum
886 5599 1223 5680 τυροιράγου,
1258 5609 1341 5680 esnt
1366 5599 1665 5680 Sabbatutn
1697 5601 1909 5680 hebdo-

350 5668 526 5730 madis
544 5673 924 5744 Sexagesima,
951 5668 1004 5723 in
1023 5684 1127 5739 qua
1152 5669 1280 5725 licet
1296 5668 1500 5725 Graecis
1521 5671 1659 5724 lacte
1679 5678 1736 5725 et
1753 5683 1914 5725 caseo

350 5757 518 5801 γεεει.
1086 5783 1089 5785 >

2093 5321 2203 5389 (⁵14)
2237 5318 2493 5389 Κόλυόα.
2524 5316 2579 5369 in
2617 5315 2822 5389 Triodo
2845 5312 2955 5389 _ad_
2990 5312 3287 5389 Sabbatum
3347 5314 3583 5383 primum

2017 5384 2475 5458 Quadragesimm,
2499 5396 2766 5458 vocantur
2800 5384 2999 5458 eam;
3036 5385 3199 5458 σῖτος,
3243 5384 3580 5458 frumentum

2018 5450 2265 5516 coctum:
2295 5456 2510 5510 Goarus
2563 5471 2690 5520 vero
2714 5456 2767 5508 in
2821 5450 2977 5508 Notis
3003 5452 3070 5505 ad
3116 5454 3403 5520 exsequias
3431 5450 3583 5504 Cra:-

2020 5544 2235 5593 corum,
2263 5526 2439 5579 fusius
2477 5529 2754 5594 explicans
2794 5524 2943 5594 quid“
2963 5521 3093 5575 illud
3122 5521 3213 5594 sit,
3236 5523 3315 5594 ait
3342 5534 3463 5575 esse
3501 5523 3582 5578 ei:

2021 5599 2152 5654 bum
2182 5590 2364 5665 variis,
2377 5590 2648 5665 frugibus,
2668 5590 3033 5665 leguminibus
3057 5597 3112 5665 et
3135 5590 3584 5665 fructibuscom-

2022 5669 2289 5738 positum.
2324 5656 3112 5737 Vide'quoque'eruditissimi
3147 5660 3336 5731 Cangii
3368 5660 3582 5717 Glossa-

2019 5741 2156 5793 rium
2196 5738 2456 5815 Crwcurtt.
