4102 6282
545 305 682 372 1031
1816 301 2104 361 IRENES

2225 297 2526 360 IGUSTJ‘Z
3663 297 3822 361 1092

531 423 657 492 quis
680 432 812 473 vero
837 413 1017 486 pisces
1044 413 1179 484 ipsis
1204 413 1474 480 attulerit,
1503 413 1572 469 iis
1608 411 1948 469 reﬁcientur.
1979 413 2114 469 Aliis

2225 413 2502 481 κοδὲρμων
2550 407 3093 480 παρακληθήσονται.
3159 406 3222 462 ΕΞ
3267 407 3323 460 δέ
3357 425 3440 471 τις
3481 411 3581 464 καὶ
3620 412 3824 482 ἰχθύας

531 512 748 568 duabus
769 506 1217 577 Quadragesimis
1251 505 1487 560 liberum
1524 513 1609 558 est
1637 505 1978 574 quibuslibet
1998 505 2117 560 die-

2225 503 2343 572 ῆκοι
2401 503 2648 573 κομίζων
2705 501 2918 563 αὑταῖς,
2971 501 3068 553 καὶ
3126 499 3332 553 τούτων
3358 501 3822 572 ἑστιαθήσονται.

533 605 637 659 bus
671 598 1226 657 commcmoratioues
1254 596 1457 651 facere.
1493 596 1946 651 Distributionem
1974 612 2115 666 quo-

533 711 641 766 que
675 695 737 748 ad
768 693 969 747 ostium
997 693 1083 745 die
1115 691 1204 744 illa
1234 690 1347 743 ﬁeri
1380 690 1654 753 volumus,
1697 697 1860 761 prout
1887 689 1954 743 ad
1985 690 2115 744 sin-

534 789 786 860 gulorum
813 786 1028 841 dierum
1060 798 1259 838 nomen
1299 782 1660 836 indicabitur.

607 1050 765 1103 Fiant
793 1044 1352 1100 commcmorationes
1389 1042 1830 1113 praestantissimi
1861 1045 1968 1099 mei
2010 1045 2115 1098 im-

535 1142 808 1213 peratoris
855 1138 1041 1193 domni
1070 1135 1245 1191 Alexii
1278 1135 1568 1200 Conmeni,
1603 1152 1707 1206 qua
1739 1137 1828 1190 die
1869 1137 2073 1192 obierit
2100 1154 2114 1191 :

535 1236 979 1300 accendaturque
1021 1231 1294 1284 luminare
1343 1228 1651 1298 copiosum,
1688 1237 1744 1284 ct
1787 1228 2119 1283 monialibus

536 1326 798 1381 discretio
831 1324 1128 1376 tribuatur.
1164 1321 1377 1374 Dcntur
1410 1327 1596 1373 autem
1626 1320 1694 1372 ad
1717 1321 1918 1374 ostium
1951 1335 2120 1389 panes

535 1420 724 1472 decem
766 1416 1098 1476 modiorum,
1132 1411 1246 1464 vini
1291 1420 1463 1464 metra
1503 1421 1648 1474 octo,
1681 1422 1736 1464 et
1766 1410 1975 1464 nummi
2012 1426 2116 1463 nu-

537 1511 854 1563 mismatum
890 1519 1214 1574 asperorum
1267 1502 1582 1556 duodecim.
1627 1501 2119 1556 Commemoratio—

537 1616 636 1654 nes
663 1613 792 1652 vero
823 1612 993 1658 meas,
1028 1610 1134 1664 qua
1167 1595 1256 1648 die
1291 1608 1321 1648 e
1359 1608 1593 1662 corpore
1622 1594 1951 1662 migravero,
1985 1593 2120 1645 tales

537 1692 653 1744 ﬁeri
697 1691 820 1742 volo
882 1689 1074 1757 quales
1123 1686 1559 1756 praestantissimi
1609 1686 1715 1739 mei
1769 1684 2118 1754 imperatoris

538 1783 673 1836 citra
703 1782 1025 1834 discrimen.

610 1873 767 1928 Fiant
793 1871 1344 1926 commemoratioucs
1373 1868 1556 1923 dilecti
1587 1867 1683 1923 ﬁlii
1711 1883 1844 1922 mea:
1867 1867 2123 1938 majesta—

544 1967 636 2029 tis,
674 1961 1132 2032 Porpliyrogeniti
1179 1969 1234 2012 et
1267 1958 1618 2029 imperatoris
1648 1957 1835 2012 donmi
1873 1958 2124 2022 Joannis,
2168 1993 2186 2008 ρ

539 2072 646 2127 qua
692 2056 782 2109 die
832 2052 1034 2107 obicrit
1075 2070 1088 2106 :
1133 2051 1334 2120 ﬁatque
1389 2050 1661 2103 luminare
1715 2048 2020 2118 copiosum,
2069 2055 2126 2102 et

540 2149 804 2203 discretio
837 2146 1189 2202 monialibus.
1223 2147 1430 2198 Dcutur
1456 2159 1586 2198 vero
1614 2143 1679 2197 ad
1711 2151 1923 2212 portam
1957 2155 2128 2211 panes

541 2239 853 2293 modiorum
899 2238 1164 2307 quinque,
1207 2243 1262 2290 ct
1301 2235 1509 2288 nummi
1543 2233 1936 2287 uunu'smatum
1965 2247 2127 2303 aspe-

543 2347 879 2387 τοιυηιεοχ.

612 2511 774 2566 Fiant
823 2507 1378 2565 commemorationcs
1417 2506 1633 2562 dilecta:
1681 2522 1857 2561 nurus
1909 2507 2125 2577 imperii

544 2603 650 2656 mei
706 2611 762 2655 et
791 2601 1028 2654 dominze
1064 2600 1281 2653 domnae
1327 2599 1513 2653 lrenes
1559 2599 1810 2669 conjugis
1839 2601 1979 2668 ejus,
2021 2615 2128 2668 qua

544 2693 634 2746 die
666 2691 867 2744 obierit
901 2708 913 2742 :
943 2689 1146 2759 ﬁatque
1175 2690 1418 2759 amplum
1458 2690 1751 2754 luminare,
1783 2702 1839 2745 et
1864 2689 2130 2747 discretio

547 2784 894 2838 monialibus.
939 2782 1147 2836 Dentur
1177 2797 1308 2836 vero
1343 2781 1409 2836 ad
1447 2792 1661 2853 portam
1714 2798 1882 2852 panes
1914 2783 2130 2837 modio-

550 2891 670 2931 rum
705 2875 972 2946 quinque,
1019 2883 1074 2930 et
1113 2875 1324 2928 nummi
1357 2875 1753 2929 numismatum
1805 2890 2128 2946 asperorum

545 2981 661 3025 Sex.

616 3151 778 3209 Fiant
807 3150 1358 3207 commcmorationes
1385 3147 1568 3204 dilecti
1595 3149 1690 3203 ﬁlii
1719 3163 1852 3204 mea:
1880 3153 2133 3220 majesta-

550 3245 621 3298 tis
665 3244 1113 3315 Porphyrogeniti
1167 3253 1221 3296 et
1255 3242 1727 3298 Sebastocratorls
1777 3241 1964 3312 domni
2018 3243 2132 3296 An-

548 3339 778 3406 dronici,
803 3353 910 3410 qua
941 3338 1030 3391 die
1062 3337 1287 3399 obierit,
1329 3335 1523 3390 eodem
1555 3334 1737 3389 modo.

624 3516 778 3571 Fiant
809 3511 1364 3569 commemorationes
1387 3510 1574 3565 dilecti
1600 3509 1789 3580 generi
1826 3509 2133 3580 majestatis

550 3624 681 3665 mea:
715 3607 898 3662 domui
928 3603 1226 3674 Nioephori
1254 3602 1508 3671 Caesaris,
1540 3617 1649 3672 qua
1683 3601 1773 3658 die
1807 3601 2032 3665 obierit,
2057 3602 2134 3657 si-

547 3702 663 3757 mili
692 3700 877 3754 modo.

617 3793 777 3847 Fiant
809 3789 1368 3847 commemorationes
1403 3789 1590 3844 dilecti
1631 3787 1730 3843 ﬁlii
1765 3787 1985 3859 imperii
2021 3789 2129 3844 mei

547 3887 734 3940 do'nni
767 3884 979 3947 lsaacii,
1024 3882 1478 3954 l'orphyrogcniti
1522 3893 1579 3938 ct
1618 3881 1873 3950 Caesaris,
1907 3897 2016 3954 qua
2042 3882 2132 3938 die

549 3974 775 4038 obierit,
812 3974 1008 4028 eodem
1040 3974 1224 4030 modo.

619 4177 777 4233 Fiant
815 4175 1377 4232 commemorationes
1417 4176 1604 4233 dilecti
1639 4177 1827 4248 generi
1869 4178 2130 4250 majes:a-

549 4275 620 4328 tis
656 4288 790 4328 mea:
820 4273 1009 4327 domui
1037 4272 1335 4342 Nicephori
1377 4273 2018 4346 panhypersebasti,'qua
2039 4272 2129 4328 die

547 4365 848 4436 emigrarit,
881 4365 1076 4421 eodem
1116 4365 1301 4421 modo.

617 4549 776 4603 Fiant
829 4545 1382 4603 commemorationes
1428 4546 1617 4601 dilecti
1667 4546 1853 4617 generi
1905 4546 2122 4616 imperii

548 4645 654 4696 mei
689 4639 1002 4710 pansebasti
1036 4639 1305 4710 liypertati
1333 4638 1448 4692 sive
1477 4638 1721 4708 supremi
1755 4639 1943 4693 domui
1978 4637 2123 4693 Con-

548 4732 798 4794 stantini,
835 4747 942 4798 qua
976 4729 1066 4784 die
1107 4729 1480 4798 emigraverit,
1528 4730 1741 4800 reliqua
1785 4729 2009 4800 quidem
2032 4745 2128 4785 eo-

549 4827 674 4881 dem
701 4822 893 4886 modo;
927 4836 1094 4890 panes
1113 4837 1244 4876 vero
1270 4821 1582 4876 modiorum
1603 4823 1788 4890 trium,
1808 4823 2129 4893 nummique

550 4916 944 4972 numismatum
973 4929 1294 4981 asperorum
1327 4913 1516 4968 trium.

2217 593 2339 646 Τῶν
2374 593 2554 647 ἄλλων
2580 592 2674 646 δύο
2703 590 3177 660 Τεσσαρακοστῶν
3201 591 3390 645 ἄνετον
3441 595 3632 648 πᾶσαν
3663 598 3821 666 ἡμέ-

2219 703 2318 756 ραν
2340 687 2577 756 ἐχουσῶν
2611 686 2693 750 είς
2715 685 2775 738 τὸ
2818 687 2999 737 ποιεῖν
3024 683 3095 734 τὰ
3120 683 3462 752 μνημόσυνα.
3497 688 3609 740 Καὶ
3634 691 3742 760 τὴν
3769 694 3830 744 ἰν

2216 777 2423 830 πυλῶνι
2449 777 2507 830 δὲ
2536 778 2794 841 διάδοσιν,
2828 775 2972 829 κατᾶ
2999 774 3100 844 τὴν
3131 773 3346 843 ἡμέραν
3381 777 3602 846 ἐκείνην
3625 780 3828 848 βουλό-

2127 932 2130 936 _
2220 867 2360 937 μεθα
2392 868 2661 936 γίνεσθαι.
2694 867 2838 922 καθα
2869 869 2927 920 ὲν
2957 868 3024 935 τῇ
3059 864 3300 936 ἑκάστης
3335 869 3609 942 ὀνομασία
3638 872 3829 943 δήλω-

2218 961 2474 1030 θήσεται.

2291 1051 2672 1106 Τελείσθωσαν
2709 1053 2776 1106 τὰ
2833 1055 3156 1124 μνημόσυνα
3214 1053 3311 1108 τοῦ
3368 1052 3674 1125 κρατίστω
3709 1070 3827 1123 μου

2222 1142 2487 1212 βασιλέως
2518 1141 2688 1212 χιιροῦ
2730 1143 2966 1210 Ἀλεξίου
2988 1143 3086 1197 τοῦ
3129 1145 3444 1215 Κομνηνοῦ,
3467 1144 3592 1198 καθ’
3621 1147 3692 1216 ἣν
3754 1146 3828 1199 ἄν

2220 1235 2433 1304 ἡμέραν
2463 1233 2778 1304 ἐκδημήσῃ,
2804 1237 2897 1288 καὶ
2923 1236 3161 1303 γινέσθω
3187 1239 3221 1307 ἠ
3263 1236 3520 1306 φωταψία
3552 1236 3828 1307 δαψιλὴς,

2221 1328 2317 1378 καὶ
2350 1327 2430 1385 είς
2465 1327 2564 1386 τὰς
2599 1327 2842 1396 μοναχὰς
2875 1327 3174 1398 διάκρισις.
3208 1329 3449 1383 Διδόσθω
3494 1329 3554 1382 δὲ
3605 1329 3708 1382 καὶ
3765 1333 3828 1382 ὲν

2222 1417 2300 1487 τῷ
2327 1417 2535 1470 πυλῶνι
2578 1416 2769 1487 ψωμία
2817 1419 2950 1472 δέκα
2991 1422 3213 1489 μοδίων,
3242 1420 3388 1474 οἴνου
3423 1421 3604 1492 μέτρα
3645 1421 3826 1484 ὀκτὼ,

2223 1512 2317 1565 καὶ
2344 1510 2585 1580 νουμμία
2617 1512 2970 1582 νομισμάτων
3024 1515 3272 1583 τραχέων
3316 1513 3552 1568 δώδεκα.
3608 1515 3731 1566 Καὶ
3758 1515 3834 1566 τὰ

2224 1604 2333 1672 ἐμὰ
2398 1604 2454 1656 δὲ
2501 1606 2844 1674 μνημόσυνα,
2907 1606 3032 1659 καθ’
3063 1607 3134 1676 ἣν
3168 1607 3234 1660 ἂν
3271 1609 3489 1678 ἡμέραν
3517 1607 3833 1677 ἑκᾶημήαω

2223 1695 2318 1748 τοῦ
2353 1694 2627 1765 σώματος,
2653 1696 2881 1752 τοιαῦτα
2928 1698 3196 1768 βούλομαι
3247 1699 3520 1766 γίνεσθαι,
3571 1696 3664 1751 οἷα
3721 1701 3830 1752 καὶ

2157 1779 2196 1832 Β
2227 1785 2320 1840 τοῦ
2355 1788 2650 1857 κρατίστου
2692 1803 2793 1858 μου
2824 1789 3090 1860 βασιλέως
3121 1791 3587 1860 ἀπαραλλάκτως.

2296 1881 2676 1936 Τελείσθωσαν
2704 1884 2772 1936 τὰ
2805 1884 3128 1954 μνημόσυνα
3163 1883 3259 1937 τοῦ
3285 1887 3664 1957 περιποθήτου
3697 1886 3826 1939 υἱοῦ

2225 1973 2324 2039 τῆς
2363 1971 2783 2044 βασιλείαςμοιΐ
2815 1974 2909 2027 τοῦ
2959 1975 3486 2046 Πορφυρογεννήτου
3517 1978 3614 2030 καὶ
3665 1977 3830 2047 βασι-

2225 2064 2362 2127 λέως
2396 2065 2506 2135 (75)
2543 2065 2713 2136 κυροῦ
2761 2067 3036 2133 Ἰωάννου,
3071 2068 3195 2122 καθ’
3247 2069 3313 2140 ῆν
3361 2070 3429 2123 ἂν
3468 2069 3694 2142 ἡμέραν
3723 2073 3824 2124 ἐκ·

2227 2156 2472 2232 δημήσῃ,
2499 2161 2591 2212 καὶ
2625 2159 2860 2229 γινέσθω
2921 2162 2954 2231 ἡ
2994 2162 3255 2232 φωταψία
3301 2162 3553 2234 δαψιλὴς,
3578 2165 3679 2217 καὶ
3704 2164 3829 2219 διὰο

2228 2263 2409 2314 κρισις
2440 2251 2521 2311 είς
2551 2249 2650 2312 τὰς
2683 2250 2927 2320 μοναχάς
2949 2265 2965 2282 ⁸
3011 2251 3238 2305 διδόσθω
3281 2253 3339 2305 δὲ
3374 2255 3470 2307 καὶ
3502 2257 3563 2306 ὲν
3593 2255 3678 2326 τῷ
3715 2273 3824 2308 πυ-

2228 2335 2359 2387 λῶνι
2381 2336 2572 2408 ψωμία
2609 2338 2808 2408 μοδίων
2839 2339 3030 2406 πέντε,
3055 2343 3152 2394 καὶ
3179 2341 3425 2412 νουμμία
3457 2345 3825 2416 νομισμάτων

2229 2429 2478 2498 τραχέων
2509 2431 2589 2494 ἓξ.

2302 2520 2681 2573 Τελείσθωοαν
2703 2521 2768 2574 τὰ
2792 2523 3114 2593 μνημόσυνα
3141 2525 3241 2594 τῆς
3275 2527 3652 2598 περιποθήτου
3682 2531 3823 2601 νύμ-

2231 2629 2338 2682 φης
2372 2613 2471 2682 τῆς
2507 2613 2789 2684 βασιλείας
2834 2632 2932 2684 μου
2962 2618 3058 2669 καὶ
3092 2616 3381 2688 δεσποίνης
3433 2624 3614 2691 κ.·ρᾶς
3653 2623 3826 2693 Εἱρή.

2233 2721 2328 2775 νῃς
2361 2705 2470 2775 (76)
2529 2705 2631 2774 τῆς
2692 2707 2926 2774 συζύγου
2988 2709 3177 2775 αὐτοῦ,
3214 2709 3341 2764 καθ’
3388 2712 3455 2782 ήν
3499 2713 3569 2766 ἂν
3608 2715 3824 2784 ήμέραν

2233 2797 2521 2874 ὲκδημὴσῃ
2546 2817 2561 2832 ο
2599 2800 2693 2852 καὶ
2729 2802 2964 2869 γινέσθω
2997 2804 3253 2872 φωταψία
3283 2804 3538 2876 δαψιλὴς,
3582 2809 3680 2860 καὶ
3707 2808 3825 2861 διὰ-

2234 2909 2416 2961 κρισις
2446 2894 2525 2956 εἰς
2553 2893 2648 2955 τὰς
2675 2893 2920 2964 μοναχάς
2946 2909 2962 2924 ⁶
3003 2895 3233 2948 διδόσθω
3279 2896 3338 2949 δὲ
3369 2897 3465 2948 καὶ
3495 2900 3556 2950 ἐν
3611 2899 3697 2968 τῷ
3726 2917 3825 2951 πυ-

2235 2983 2369 3037 λῶνι
2392 2984 2584 3053 ψωμία
2612 2985 2810 3054 μοδῖων
2848 2987 3035 3052 πέντε,
3066 2987 3159 3039 καὶ
3194 2989 3440 3058 νουμμία
3467 2995 3825 3060 νομισμάτων

2161 3116 2201 3172 c
2236 3095 2258 3126 ι
2272 3079 2482 3147 ραχέων
2521 3077 2602 3144 ἒξ.

2307 3170 2686 3223 Τελείσθωσαν
2713 3171 2782 3224 τὰ
2813 3171 3138 3242 μνημόσυνα
3168 3172 3262 3226 τοῦ
3293 3176 3671 3245 περιποθήτου
3704 3176 3824 3230 υίοῦ

2233 3257 2332 3328 τῆς
2359 3259 2634 3328 βασιλείας
2676 3279 2778 3329 μου
2810 3262 3462 3334 τοῦΠορφυρογεννήτου
3511 3271 3609 3319 καὶ
3656 3269 3823 3320 σεσα-

2229 3355 2602 3422 στοκρὰτορος
2647 3353 2761 3424 (Ti)
2831 3354 2999 3424 κυροῦ
3057 3355 3428 3426 Ἀνδρονίκου,
3479 3357 3601 3411 καθ’
3656 3358 3728 3428 ῆν
3757 3358 3824 3412 ἂν

2234 3441 2452 3512 ἡμέραν
2482 3443 2796 3514 ἐκδημήσῃ,
2826 3445 3049 3513 ὁμοίως.

2307 3533 2686 3587 Τελείσθωσαν
2743 3537 2812 3588 τὰ
2875 3537 3201 3606 μνημόσυνα
3274 3538 3371 3592 τοῦ
3442 3541 3819 3611 περιποθήτου

2233 3623 2485 3695 γαμϐροῦ
2541 3626 2641 3696 τῆς
2675 3625 2956 3696 βασιλείας
2995 3644 3098 3696 μου
3131 3629 3304 3698 κυροΰ
3355 3630 3669 3698 Νικηφόρον
3696 3631 3818 3699 (78)

2234 3715 2330 3770 τοῦ
2363 3718 2662 3784 Καίσαρος,
2689 3718 2811 3772 καθ’
2833 3721 2898 3789 ἣν
2916 3719 2982 3772 ἂν
3011 3722 3228 3791 ἡμέραν
3251 3720 3548 3790 ἐκδημήοῃ,
3567 3721 3800 3788 ὁμοίως.

2305 3807 2683 3862 Τελείσθωσαν
2714 3809 2782 3862 τὰ
2817 3812 3142 3880 μνημόσυνα
3179 3811 3272 3865 τοῦ
3297 3811 3650 3882 περιποθήτω
3677 3809 3804 3864 υἱοῦ

2233 3898 2332 3968 τῆς
2362 3898 2642 3968 βασιλείας
2675 3917 2777 3969 μου
2805 3901 2973 3972 κυροῦ
3011 3903 3284 3956 ἰσααιιίου
3331 3903 3438 3973 (79)
3471 3901 3561 3955 τοῦ
3592 3903 3820 3972 [loyce-

2235 3992 2565 4062 ρογεννήτου
2597 3994 2688 4045 καὶ
2720 3993 3025 4064 Καίσαρος,
3053 3995 3176 4049 καθ’
3211 3997 3279 4066 ἦν
3311 3994 3382 4048 ἂν
3416 3995 3821 4066 ήμέρανίκδῃ-

2236 4086 2410 4155 μήσῃ,
2431 4084 2655 4154 ὁμοίως.

2306 4177 2682 4232 Τελεῐσθωσαν
2704 4181 2772 4233 τὰ
2805 4181 3128 4251 μνημόσυνα
3161 4182 3254 4236 τοῦ
3279 4181 3653 4253 περιποθήτου
3677 4199 3825 4251 γαμ-

2234 4270 2367 4341 ϐροῦ
2392 4273 2491 4343 τῆς
2523 4272 2804 4342 βασιλείας
2846 4292 2950 4344 μου
3003 4274 3174 4345 κυροῦ
3223 4276 3548 4346 Νικηφόρου
3580 4275 3692 4346 (80)
3729 4275 3825 4329 τοῦ

2234 4362 2784 4432 πανυπερσεϐάστου,
2833 4362 2957 4416 καθ’
3003 4364 3070 4434 ἣν
3121 4363 3192 4417 ἂν
3242 4365 3464 4434 ἡμέραν
3511 4364 3823 4436 ἐκδημήσῃ.

2156 4456 2207 4518 ι)
2236 4453 2458 4522 ὁμοίως.

2305 4545 2684 4598 Τελείσθωσαν
2711 4547 2777 4598 τὰ
2813 4547 3131 4616 μνημόσυνα
3162 4547 3258 4602 τοῦ
3282 4549 3659 4621 περιποθήτου
3681 4567 3828 4618 γαμ-

2232 4637 2364 4709 ϐροῦ
2388 4638 2483 4707 τῆς
2507 4637 2788 4708 βασιλείας
2825 4657 2928 4708 μου
2957 4641 3049 4692 τοῦ
3094 4642 3476 4696 πανσεὸάστου
3513 4641 3826 4709 ὑπερτάταν

2232 4730 2400 4800 κυροῦ
2433 4730 2844 4784 Κωνσταντίνου
2879 4732 3014 4800 (81),
3053 4732 3172 4785 καθ’
3207 4735 3277 4802 ἢν
3314 4732 3382 4785 ἂν
3419 4732 3641 4802 ἡμέραν
3664 4730 3827 4798 sua“.

2236 4823 2408 4894 μήσῃ,
2442 4823 2512 4876 τὰ
2566 4821 2666 4892 μὲν
2699 4823 2865 4877 λοιπὰ
2901 4826 3105 4894 ὁμοίως
3129 4843 3145 4858 ο
3170 4825 3234 4879 τὸ
3285 4826 3344 4880 δὲ
3372 4826 3589 4896 ψωμίον
3620 4825 3828 4895 μοδίων

2233 4915 2426 4986 τριῶν,
2449 4917 2545 4968 καὶ
2576 4916 2826 4987 νουμμία
2863 4917 3114 4989 τραχέων
3137 4921 3491 4990 νομισμάτων
3523 4919 3720 4988 τριῶν.

1814 5007 2273 5072 Montfauconii
2306 5019 2494 5072 nota-3.

623 5115 736 5184 (73$)
768 5113 1096 5182 Βασιλέως.
1143 5115 1263 5170 Una
1319 5112 1531 5170 scilicet
1582 5129 1705 5173 cum
1755 5123 1910 5184 patre
1955 5114 2129 5186 impe-

548 5187 742 5240 rantis.

621 5258 730 5324 (76)
765 5255 1074 5326 llaaclrene
1110 5255 1405 5326 llungaria:
1439 5259 1584 5326 regis
1624 5258 1735 5313 ﬁlia
1769 5266 1908 5320 erat,
1936 5255 2127 5326 dequa

545 5337 603 5383 et
641 5326 707 5381 de
736 5335 845 5381 tota
902 5325 1106 5380 fainilia
1134 5325 1308 5380 AleXii
1342 5328 1461 5383 fuse
1490 5325 1846 5384 doctissimus
1872 5328 1957 5380 vir
1981 5325 2128 5381 Gan-

546 5399 884 5471 giuquuem
911 5397 1265 5471 consulelib.
1303 5397 1574 5471 Dcfamil.
1601 5399 1825 5471 Byzant.

620 5469 731 5538 (77)
771 5468 1354 5536 Σεϐιιστοκράτορος.
1384 5468 1532 5522 Nova
1563 5467 1802 5539 dignitas
1835 5469 1904 5522 ab
1928 5467 2122 5524 Alexio

545 5537 829 5592 Conmcno
857 5539 1107 5592 instituta
1133 5556 1147 5603 ;
1177 5540 1224 5591 is
1253 5550 1374 5595 erat
1431 5554 1530 5592 ceu
1565 5537 1846 5596 secundus
1877 5541 2121 5608 impera-

547 5616 671 5672 tor;
705 5608 800 5661 sed
865 5608 920 5659 in
972 5609 1168 5663 harum
1215 5609 1541 5680 dignitatum
1588 5609 2125 5680 ordine,quamplu-

545 5682 698 5748 rimae
753 5685 942 5748 postea
996 5679 1328 5734 mutationes
1386 5681 1626 5736 subiere.
1681 5681 1816 5737 Vide
1853 5679 2122 5746 Alexiud.,

543 5747 841 5816 ‘Lodinuiu,
873 5748 1263 5821 Bulengcrum,
1298 5763 1403 5806 etc.

2307 5116 2420 5183 (78)
2446 5115 2790 5184 Nicepliorus
2809 5115 3078 5185 Bryenius
3097 5115 3266 5170 Anna:
3287 5115 3582 5169 Comuenae
3593 5113 3822 5183 coniux,

2234 5185 2608 5254 Ctesar;qua:
2667 5185 2928 5255 dignitas,
2985 5187 3055 5239 ab
3086 5187 3420 5255 imperatore
3464 5186 3624 5239 tertia
3678 5193 3823 5236 erat.

2235 5255 2486 5312 Alexiad.
2519 5257 2613 5310 lib.
2646 5273 2724 5310 ιιι.

2237 5395 2269 5450 d
2309 5327 2420 5394 (79)
2451 5325 2535 5380 Ab
2561 5326 2768 5382 lsaacio
2807 5325 3204 5396 Trapezuntini
3233 5324 3509 5397 principes
3552 5323 3826 5394 originem

2280 5411 2464 5450 uxere.

2280 5411 2464 5450 UXCTC.

2304 5468 2420 5535 (80)
2454 5465 2804 5536 Nicephorus
2821 5466 3099 5533 Catacalo,
3132 5468 3331 5538 coniux
3355 5466 3559 5531 Mariae,
3577 5463 3830 5538 Porphy-

2233 5537 2525 5610 rogenitm,
2560 5535 3101 5610 panhypersebastus
3125 5557 3138 5592 :
3164 5535 3287 5608 qua:
3312 5538 3574 5608 dignitas,
3601 5535 3824 5597 eadem,

2234 5624 2353 5679 qua_
2373 5606 2582 5679 Caesar.
2621 5606 2752 5663 sede
2781 5609 3078 5679 gaudebat.

2308 5677 2420 5744 (81)
2451 5675 2850 5733 Constantinus
2899 5679 2989 5733 liic
3036 5679 3280 5744 Angelus
3306 5675 3828 5746 cognominabatur,

2234 5755 2424 5803 eteral
2454 5751 2653 5819 conjux
2688 5750 2994 5815 Theodoru:
3033 5748 3542 5820 l’orpliyrogeuitaa.
