4102 6282
563 319 704 380 1652i
1827 299 2117 362 IllENES
2161 289 2533 358 AUGUSTIE
3687 273 3864 336 1096

558 439 874 487 nnsmatum
911 441 1231 498 asperorum
1269 439 1382 478 sex.
1420 422 1649 494 Fiatque
1689 420 1934 491 amplum
1975 415 2139 472 lumi-

2268 412 2385 464 πίου·
2446 407 2542 460 καὶ
2596 399 2822 456 διδόσθω
2870 399 2928 451 ἐν
2985 394 3061 463 τῷ
3112 391 3317 448 πυλῶνι
3378 390 3576 460 ψωμία
3625 389 3870 458 μοδεων

561 479 874 487 ““’““”“””⁷““”““
913 479 1028 498 ⁷”*ῐ’
1050 479 1059 481 “
1559 479 1576 494 ι
1781 479 1798 491 ι

561 539 716 588 nare,
750 532 806 578 et
842 521 1104 576 discretio
1140 517 1496 572 monialibus.

2268 505 2426 567 πέντε,
2461 497 2557 552 καὶ
2587 495 2825 565 νουμμία
2858 487 3212 559 νομισμάτων
3244 483 3495 554 τραχέων
3546 479 3634 544 ἓξ.
3674 479 3868 532 Γινέ-

2243 597 2355 650 σθω
2393 594 2500 648 ικαὶ
2534 587 2790 660 φωταψία
2845 583 3100 652 δαψιλὴς,
3157 581 3252 633 καὶ
3282 577 3562 646 διάκρισις
3609 573 3700 635 εἰς
3751 571 3868 631 τὰς

2247 687 2509 761 μοναχάς.

2314 757 2465 847 Μηνὶ
2509 771 2804 844 Νοεμϐρίῳ
2835 767 2943 831 καί,
2982 765 3344 820 τελείσθωσαν
3391 761 3461 814 τὰ
3503 757 3874 831 μνημόσυνα

2243 871 2342 940 τῆς
2390 865 2730 937 ήγιασμένης
2787 858 3117 930 αὺθεντρίας
3149 856 3245 910 καὶ
3297 853 3504 926 μητρὸς
3532 852 3638 919 τῆς
3685 849 3874 918 βασι-

2245 962 2394 1024 λείας
2429 976 2528 1028 μου
2559 961 2735 1026 κυράς
2761 953 3005 1022 Μαρίας,
3035 951 3135 1018 τῆς
3170 948 3259 1002 διὰ
3288 946 3384 1000 τοῦ
3417 945 3579 1012 ἁγίου
3612 945 3724 995 καὶ
3757 942 3876 1007 ἀγ-

2247 1051 2466 1120 γελικοῦ
2522 1048 2757 1120 μεγάλου
2812 1045 3090 1117 σχήματος
3124 1037 3627 1112 μετονομασθείσης
3658 1034 3872 1105 κυρᾶς

2246 1145 2440 1213 Ξένης,
2463 1140 2688 1211 ὁμοίως.

2320 1212 2466 1303 Μηνὶ
2506 1231 2706 1300 Ἰουλίῳ
2753 1225 2842 1297 ιβ’,
2868 1223 3231 1280 τελείσθωσαν
3273 1220 3341 1274 τὰ
3379 1215 3718 1290 μνημόσυνα
3759 1212 3868 1266 τοῦ

2255 1327 2555 1399 μακαρίτου
2589 1321 2759 1392 κυροῢ
2806 1319 3059 1374 Ἰωάννου
3088 1317 3183 1368 καὶ
3235 1310 3612 1382 περιποθήτου
3645 1306 3872 1360 πενθε-

2255 1419 2350 1490 ροῦ
2376 1419 2473 1488 τῆς
2506 1413 2783 1485 βασιλείας
2815 1427 2940 1482 μου,
2970 1407 3194 1479 ὁμοίως.

2324 1511 2472 1581 Μηνὶ
2501 1505 2800 1577 Νοεμϐρίῳ
2857 1500 2928 1567 α’,
2971 1498 3336 1553 τελείσθωσαν
3386 1494 3458 1547 τὰ
3509 1491 3870 1564 μνημόσυνα

2253 1605 2353 1674 τῆς
2409 1600 2752 1673 ήγιασμένης
2813 1612 2916 1666 μου
2949 1592 3258 1661 δεσποίνης,
3288 1586 3689 1658 καὶρπενθερᾱς
3735 1583 3868 1656 (91)

2257 1697 2356 1764 τῆς
2384 1693 2659 1764 βασιλείας
2693 1708 2818 1761 μου,
2845 1687 3066 1759 ὁμοίως.

2331 1789 2478 1857 Μηνὶ
2517 1782 2836 1853 Ἰανουαρίῳ
2887 1781 2954 1845 θ’,
3003 1775 3372 1831 τελείσθωσαν
3405 1772 3474 1825 τὰ
3509 1768 3864 1840 μνημόσυνα

2259 1879 2350 1934 τοῦ
2379 1876 2750 1948 περιποθήτου
2783 1871 3121 1939 αύταδέλφου
3156 1872 3254 1939 τῆς
3275 1865 3552 1936 βασιλείας
3585 1879 3722 1937 μου,
3752 1859 3862 1912 καὶ

2258 1970 2746 2042 πρωτοστράτορος
2777 1963 2888 2037 (92)
2920 1961 3089 2032 κυροῦ
3115 1961 3336 2030 Μιχαὴλ
3359 1956 3454 2010 τοῦ
3485 1953 3674 2008 Δούκα
3699 1969 3712 1983 ·
3753 1952 3860 2004 καὶ

2256 2063 2492 2134 γινέσθω
2523 2059 2776 2131 φωταψία
2813 2055 3062 2126 δαψιλὴς,
3093 2054 3190 2108 καὶ
3211 2052 3482 2122 διάκρισις
3503 2050 3582 2111 είς
3602 2046 3709 2109 τάς
3744 2062 3857 2116 μορ

2259 2157 2448 2225 ναχάς.

635 793 818 846 hlens’e
881 785 1178 841 Novembri
1234 785 1293 837 2i
1325 822 1342 846 ,
1406 781 1539 834 [iant
1593 777 2141 834 commcmorationes

565 882 914 939 sanctiﬁcata:
962 876 1290 932 autbcntrize
1341 884 1398 928 et
1427 873 1619 927 matris
1664 871 1962 940 majestatis
2007 884 2142 924 mea:

565 977 780 1029 domum
810 971 1011 1034 Mariae,
1053 969 1146 1037 qui
1189 982 1284 1036 per
1310 975 1564 1019 sanctum
1599 973 1654 1018 et
1692 963 1995 1031 angelicum
2024 975 2144 1012 ma-

565 1082 732 1137 gnum
762 1065 1009 1118 habitum
1035 1061 1415 1131 cognominata
1445 1066 1528 1112 est
1551 1057 1749 1112 domna
1774 1055 1949 1120 Xene,
1975 1053 2144 1108 simili

566 1158 751 1211 modo.

639 1249 824 1302 Mense
862 1245 1008 1299 Julio
1061 1244 1145 1306 12,
1198 1241 1330 1296 ﬁant
1381 1239 1934 1295 commcmorationes
1975 1238 2150 1291 beatas

570 1339 848 1394 memoriae
871 1337 1058 1390 domni
1089 1334 1340 1397 Joannis,
1377 1343 1432 1387 et
1471 1333 1656 1387 dilecti
1701 1334 1873 1388 soceri
1909 1333 2149 1400 impera-

574 1431 726 1484 toria:
755 1445 889 1483 mete
924 1427 1250 1497 maiestatis.
1287 1425 1451 1479 simili
1484 1425 1671 1479 modo.

640 1523 823 1576 Mense
863 1517 1156 1574 Novembri
1192 1517 1241 1582 1,
1275 1515 1406 1569 ﬁant
1445 1515 1997 1570 commemorationes
2027 1529 2154 1569 san-

571 1615 826 1668 ctiﬁcata:
859 1609 1095 1664 domina:
1131 1623 1284 1671 meas,
1317 1614 1374 1660 et
1424 1621 1616 1661 socrus
1647 1605 1953 1676 maiestatis
1996 1619 2152 1669 mea,

617 1708 695 1760 ari
731 1704 916 1758 modo.

617 1725 695 1760 21⁸1
731 1725 916 1758 111000.

577 1725 612 1778 p
647 1798 831 1851 Mense
854 1793 1117 1849 Januario
1146 1791 1346 1856 9,ﬁant
1375 1789 1934 1844 commemorationes
1963 1788 2152 1843 dilecti
2187 1767 2230 1822 Β

577 1892 760 1947 fratris
785 1887 1089 1960 majestatis
1123 1901 1278 1946 meae.
1310 1896 1365 1939 et
1399 1884 1814 1953 protostratoris
1839 1881 2025 1936 domni
2055 1881 2156 1934 Μί-

579 1984 785 2037 chaelis
817 1983 1026 2045 Ducas;
1054 1979 1252 2047 ﬁatque
1280 1976 1520 2046 amplum
1547 1976 1838 2040 luminare,
1869 1985 1926 2030 et
1947 1974 2157 2028 discre-

583 2075 659 2130 tio
703 2071 1053 2128 monialibus.

653 2249 837 2302 Mense
885 2245 1183 2301 Februario
1206 2243 1296 2309 ‘20,
1333 2242 1465 2296 ﬁant
1499 2240 2046 2296 commemorationes
2074 2239 2156 2294 di-

581 2335 735 2388 lecta:
769 2334 976 2388 sororis
1003 2333 1304 2402 maiestatis
1334 2346 1490 2394 meae,
1513 2330 1810 2384 admodum
1834 2330 2157 2384 venerandae

582 2434 639 2477 ct
662 2423 996 2477 honoranda:
1027 2422 1243 2475 domnae
1273 2421 1598 2483 Tltcodoraa,
1625 2438 1748 2490 qua:
1775 2438 1873 2491 per
1905 2431 2154 2476 sanctum

583 2524 638 2570 et
667 2517 972 2584 angelicum
1030 2529 1284 2583 magnum
1345 2513 1594 2566 habitum
1645 2514 2025 2582 cognominata
2073 2523 2157 2568 est

584 2607 784 2659 domna
813 2605 995 2669 lrenc;
1026 2614 1081 2658 et
1119 2605 1212 2656 ﬁat
1249 2605 1523 2658 similiter.

659 2695 821 2750 Fiant
872 2699 1426 2750 commemorationes
1475 2696 1658 2751 dilecti
1700 2694 1888 2750 fratris
1941 2695 2158 2766 imperii

587 2788 713 2852 mei,
748 2787 1056 2856 pansebasti
1101 2788 1302 2843 sebasti
1349 2787 1536 2842 domni
1562 2788 1791 2842 Joannis
1825 2789 2026 2852 Ducas,
2059 2790 2160 2858 qui

587 2895 688 2948 per
727 2888 975 2933 sanctum
1013 2887 1068 2933 et
1114 2879 1421 2948 angelicum
1467 2894 1723 2947 magnum
1759 2879 2008 2934 habitum
2067 2896 2161 2934 co-

589 2972 940 3040 gnominatus
966 2977 1052 3024 est
1081 2969 1318 3024 domnus
1348 2969 1640 3038 Antonius,
1677 2987 1784 3041 qua
1809 2970 1899 3026 die
1923 2970 2159 3036 obierit;

588 3071 644 3115 et
687 3061 776 3113 liat
815 3060 1091 3115 similiter.

664 3235 821 3288 Fiant
853 3236 1409 3292 commcmorationes
1444 3235 1657 3292 dilecta:
1683 3233 1889 3290 sororis
1917 3235 2166 3307 majesta-

593 3325 663 3376 tis
688 3338 842 3388 mete,
859 3326 1196 3393 pansebastae
1216 3328 1448 3382 sebasta:
1471 3327 1683 3380 domnae
1698 3328 1864 3379 Annm
1896 3327 2164 3389 Ducaznaa,

590 3431 696 3486 qua
728 3416 815 3468 die
843 3417 909 3469 ad
935 3417 1224 3470 Dominum
1255 3417 1611 3485 emigraverit
1635 3433 1649 3480 ;
1674 3424 1730 3468 et
1762 3415 1856 3469 liat
1882 3416 2164 3470 similiter.

665 3506 801 3561 Cum
833 3508 928 3563 lilii
968 3509 1142 3561 nostri
1170 3508 1237 3561 ad
1268 3508 1558 3562 Dominum
1592 3507 1924 3576 migrabunt,
1969 3507 2166 3563 inscri-

593 3595 793 3648 bentur
828 3597 882 3648 in
931 3596 1204 3666 diptycbis
1243 3613 1434 3652 eorum
1470 3597 1562 3666 qui
1594 3598 1745 3666 prius
1775 3598 2078 3661 decessere,
2115 3608 2170 3654 ct

593 3685 838 3737 onmium
883 3687 1440 3739 commcmoraliones
1472 3686 1874 3754 persolventur,
1918 3696 1976 3740 ut
2006 3702 2171 3756 supe-

597 3777 712 3829 rius
762 3776 968 3829 dictum
1015 3785 1116 3832 est.
1148 3776 1307 3843 Quod
1356 3778 1400 3831 si
1435 3777 1662 3832 fortasse
1715 3777 1934 3846 quidam
1977 3792 2168 3831 eorum

596 3866 712 3919 sive
748 3867 964 3920 mobilia
993 3869 1240 3936 quaedam
1285 3869 1464 3938 magni
1495 3869 1680 3936 pretii,
1708 3871 1822 3924 sive
1866 3869 2170 3924 immobilia

601 3959 936 4011 monasterio
967 3959 1429 4022 consecraverint,
1462 3960 2010 4016 commcmorationes
2045 3960 2169 4014 illo-

599 4062 720 4099 rum
756 4048 872 4100 lieri
899 4049 1126 4115 debent,
1161 4059 1218 4103 ut
1252 4049 1353 4118 ipsi
1385 4050 1698 4105 statuerint.

1127 4300 1370 4368 [CAPUT
1412 4299 1624 4368 LXXII.

601 4394 677 4448 De
709 4392 969 4464 lavipedio
1007 4394 1145 4463 quod
1184 4396 1237 4447 in
1265 4402 1453 4447 sancta
1497 4400 1545 4445 et
1575 4408 1771 4462 magna
1824 4390 1959 4460 feria
1989 4390 2172 4460 quinta

1228 4464 1346 4530 ﬁeri
1369 4464 1532 4518 debet.

667 4575 728 4628 ln
781 4585 970 4630 sancta
1027 4586 1081 4629 et
1128 4592 1322 4645 magna
1363 4575 1500 4629 feria
1552 4574 1742 4643 quinta
1788 4573 1920 4626 lotio
1975 4570 2174 4639 pedum

607 4666 727 4719 ﬁeri
782 4668 946 4721 debet
977 4683 1004 4719 a
1043 4667 1500 4721 reverendissima
1543 4666 1818 4736 praelecta,
1847 4663 1902 4716 in
1931 4662 2177 4717 ecclesia:

602 4754 899 4825 vestibulo,
937 4761 1029 4813 ubi
1087 4768 1533 4826 reprzcsentatum
1567 4767 1652 4812 est
1706 4755 2004 4811 Salvatoris
2039 4756 2174 4808 lavi-

604 4851 848 4920 pcdium,
873 4867 998 4904 cum
1037 4848 1214 4902 oﬂicio
1239 4850 1384 4916 quod
1415 4849 1468 4902 in
1509 4847 1809 4918 Synaxario
1838 4847 2173 4914 continetur,

601 4953 657 4996 ct
686 4941 986 4994 secundum
1018 4940 1248 4992 formam
1285 4942 1337 4991 in
1372 4955 1438 4993 eo
1466 4939 1819 5006 descriptam.

673 5033 868 5087 Divina
900 5047 1120 5101 quoque
1157 5029 1484 5082 illuminatio
1534 5029 1584 5081 in
1625 5030 1761 5081 festo
1800 5029 1919 5098 ejus
1970 5029 2176 5099 ubique

605 5136 878 5180 terrarum
932 5123 1231 5187 celebrato,
1279 5122 1332 5175 in
1390 5120 1584 5174 eodem
1632 5136 1852 5174 rursum
1905 5123 2176 5176 vestibulo

606 5217 718 5281 ﬁet,
765 5215 817 5267 in
853 5231 962 5284 quo
998 5218 1171 5283 posita
1223 5225 1305 5267 est
1337 5213 1539 5283 phiala,
1570 5213 1737 5266 amcis
1783 5213 2175 5283 polycandelis,

606 5308 717 5361 sive
753 5306 1151 5375 multiplicibus
1183 5304 1529 5374 lampadibus
1555 5303 1609 5356 in
1634 5318 1697 5357 ea
1724 5304 2024 5372 suspensis,
2055 5319 2175 5372 quae

2327 2247 2474 2316 Μηνὶ
2499 2240 2847 2314 Φεϐρουαρίῳ
2887 2239 2960 2303 κ’,
3005 2237 3366 2292 τελείσθωσαν
3395 2235 3464 2288 τὰ
3499 2234 3845 2304 μνημόσυνα

2257 2339 2355 2406 τῆς
2383 2334 2750 2404 περιποθήτου
2778 2329 3118 2400 αύταδὲλφης
3147 2329 3246 2398 τῆς
3280 2327 3560 2396 βασιλείας
3591 2343 3726 2394 μου,
3745 2326 3844 2393 τῆς

2261 2427 2482 2484 πανεντί
2489 2445 2588 2498 μου
2613 2427 2708 2480 καὶ
2729 2424 2891 2476 παντί
2899 2440 3000 2493 μου
3019 2439 3085 2476 xu
3095 2424 3192 2492 ρᾶς
3210 2419 3499 2489 Θεοδὼρας
3514 2419 3615 2487 τῆς
3642 2419 3736 2471 διὰ
3751 2417 3845 2470 τοῦ

2258 2525 2416 2593 ἁγίου
2453 2524 2547 2576 καὶ
2581 2519 2882 2589 ἁγγελικοῠ
2934 2519 3172 2588 μεγάλου
3225 2517 3502 2587 σχήματος
3535 2531 3846 2584 μετονομαο

2262 2615 2487 2684 σθείσης
2504 2615 2675 2684 κυρᾶς
2711 2612 2949 2683 Εἰρήνης
2975 2627 2989 2641 ·
3019 2611 3112 2663 καὶ
3153 2608 3388 2676 γινέσθω
3425 2607 3660 2676 ὁμοίως.

2331 2704 2706 2760 Τελείσθωσαν
2727 2703 2794 2756 τὰ
2825 2701 3151 2771 μνημόσυνα
3173 2698 3268 2751 τοῦ
3293 2697 3671 2768 περιποθήτου
3715 2699 3844 2752 αὑτ-

2263 2799 2492 2867 αδὲλφου
2514 2797 2612 2864 τῆς
2634 2795 2909 2865 βασιλείας
2936 2809 3036 2863 μου
3055 2791 3148 2845 τοῦ
3171 2791 3546 2844 πανσεϐάστου
3575 2791 3842 2842 σεϐαστοῦ

2264 2891 2435 2962 κυροῦ
2479 2891 2724 2943 Ἰωάννου
2775 2886 2870 2940 τοῦ
2897 2885 3098 2951 Δούκα,
3151 2883 3245 2937 τού
3281 2884 3371 2937 διὰ
3417 2883 3512 2935 τοῦ
3554 2883 3720 2951 ἁγίου
3755 2887 3846 2935 καὶ

2266 2982 2559 3052 ἀγγελικοῦ
2580 2980 2818 3050 μεγάλου
2843 2981 3122 3048 σχήματος
3147 2975 3646 3046 μετονομασθέντος
3672 2975 3842 3044 κυροῦ

2193 3095 2236 3151 ς
2282 3073 2594 3138 Ἀντωνίου,
2623 3072 2746 3127 καθ’
2775 3073 2841 3140 ἥν
2870 3073 2936 3124 ἂν
2965 3069 3179 3141 ἡμέραν
3202 3068 3496 3138 ὲκδημήσῃ
3516 3082 3532 3096 ·
3559 3067 3655 3118 καὶ
3696 3068 3846 3136 γινέ-

2270 3169 2382 3223 σθω
2412 3167 2635 3238 ὁμοίως.

2339 3259 2713 3313 Τελείσθωσαν
2735 3257 2806 3311 τὰ
2837 3253 3159 3328 μνημέσυνα
3181 3253 3282 3323 τῆς
3315 3251 3687 3323 περιποθήτου
3721 3253 3850 3305 αὐτο

2272 3353 2508 3422 αδέλφης
2531 3351 2630 3420 τῆς
2664 3349 2940 3420 βασιλείας
2970 3363 3093 3418 μου,
3131 3347 3229 3416 τῆς
3266 3345 3642 3398 πανςεὸάστου
3674 3345 3810 3397 σεσα
3833 3377 3845 3381 ‹

2273 3442 2403 3512 στῆς
2432 3442 2605 3512 κυρᾶς
2642 3442 2845 3508 Ἀννης
2876 3439 2971 3507 τῆς
3003 3437 3326 3506 Δουκαίνης,
3364 3436 3487 3488 καθ’
3514 3437 3582 3507 ἢν
3611 3436 3676 3488 ἂν
3709 3437 3847 3504 ήμέ-

2275 3552 2374 3606 ραν
2394 3535 2678 3604 ὲκδημήσῃ
2709 3530 2844 3600 πρὸς
2878 3530 3080 3602 Κύριον
3100 3545 3114 3559 °
3154 3531 3248 3582 καὶ
3287 3530 3520 3596 γινέσθω
3543 3529 3772 3597 ὁμοίως.

2341 3629 2405 3679 Ut
2438 3625 2623 3688 παῖδες
2659 3623 2839 3694 ήμῶν,
2869 3624 2958 3675 ὅτε
3001 3621 3139 3692 πρὸς
3181 3621 3380 3690 Κύριον
3411 3620 3844 3688 ἐκδημήσουσιν,

2273 3721 2714 3790 ὲγγραφήσονται
2769 3721 2825 3770 ὲν
2852 3719 2965 3780 τοῖς
2997 3716 3106 3768 τῶν
3163 3710 3597 3783 προαπελθέντων
3635 3709 3842 3760 6mm}-

2272 3830 2409 3883 χοις,
2439 3811 2534 3863 καὶ
2560 3811 2627 3864 τὰ
2654 3811 2976 3880 μνημόσυνα
3015 3807 3236 3860 πάντων
3269 3804 3470 3856 ἔσονται
3500 3800 3834 3869 τελούμενα,

2275 3901 2461 3964 καθὼς
2488 3901 2748 3969 ἀνωτέρω
2774 3899 3118 3969 προείρηται.
3143 3898 3204 3950 Et
3231 3897 3274 3949 δ’
3307 3894 3433 3956 ἴσως
3465 3893 3605 3956 τινες
3654 3892 3848 3945 αὺτῶν

2275 3993 2369 4047 καὶ
2392 3990 2759 4061 άφιερὼσουσι
2785 3993 2849 4060 τῇ
2885 3993 3019 4059 μονῇ
3048 3990 3081 4058 ἢ
3112 3990 3309 4058 κινητὰ
3344 3986 3618 4051 ἀξιόλογα,
3658 3985 3691 4053 ἢ
3725 3985 3852 4036 ἀκί-

2276 4101 2434 4153 νητα,
2463 4081 2738 4150 ὀφείλουσι
2758 4081 3029 4133 τελεῖσθαι
3048 4080 3142 4132 καὶ
3166 4080 3236 4130 τὰ
3260 4079 3466 4132 τούτων
3499 4077 3848 4148 μνημόσυνα,

2281 4177 2423 4231 κατὰ
2451 4177 2551 4247 τὴν
2584 4176 2810 4229 ἐκείνων
2837 4172 3100 4237 διάταξιν.

2877 4287 3125 4340 ΚΕΦΔΔ.
3164 4285 3284 4340 OB'.

2281 4387 2419 4455 Περὶ
2451 4383 2556 4439 τοῦ
2597 4384 2934 4454 μέλλοντος
2981 4380 3251 4448 γίνεσθαι
3301 4375 3596 4444 νιπτῆρος
3617 4373 3690 4443 τῇ
3719 4373 3854 4442 ἁγίᾳ

2208 4441 2252 4494 υ
2755 4450 2854 4494 νηὶ
2889 4449 3119 4494 ιιρηιάλιη
3155 4449 3416 4494 πέμπτη.

2755 4450 2854 4504 καὶ
2885 4449 3119 4520 μεγάλῃ
3155 4449 3416 4516 πέμπτῃ.

2351 4569 2430 4638 Τῇ
2467 4565 2652 4636 μέντοι
2682 4563 2816 4635 ἁγίᾳ.
2845 4562 2936 4615 καὶ
2960 4561 3176 4631 μεγάλῃ
3209 4558 3441 4628 πέμπτῃ
3467 4555 3679 4623 ὀφείλει
3708 4555 3852 4620 γίνε-

2282 4661 2406 4713 σθαι
2440 4660 2588 4728 παρὰ
2627 4657 2728 4726 τῆς
2766 4654 3106 4724 τιμιωτάτης
3152 4649 3571 4716 καθηγουμένης
3600 4649 3630 4699 ὁ
3655 4646 3856 4712 νιπτὴρ

2279 4755 2338 4805 ὲν
2364 4749 2440 4820 τῷ
2473 4751 2569 4816 τῆς
2600 4746 2897 4816 ἐκκλησίας
2928 4744 3168 4813 προνάῳ,
3211 4741 3341 4792 ἔνθα
3372 4743 3672 4791 είκόνισται
3704 4740 3801 4788 καὶ
3828 4739 3855 4786 ὁ

2281 4842 2375 4896 τοῦ
2407 4841 2655 4908 Σωτῆρος
2703 4837 2904 4906 νιπτὴρ
2957 4835 3098 4888 κατὰ
3151 4833 3247 4902 τὴν
3278 4827 3757 4899 ἐμπεριεχομένην
3787 4827 3860 4895 τῷ

2283 4932 2598 5002 Συναξαρίῳ
2628 4928 2969 4990 ἀκολουθίαν,
3000 4926 3092 4978 καὶ
3119 4925 3210 4976 τὸν
3241 4925 3297 4976 ὲν
3319 4921 3470 4989 αύτῴ
3494 4919 3690 4972 τύπον.

2359 5026 2468 5078 Καὶ
2491 5024 2552 5075 τὸ
2583 5021 2724 5073 θεῖον
2773 5020 2829 5072 δὲ
2883 5018 3137 5086 φώτισμα
3193 5015 3332 5066 κατὰ
3377 5015 3475 5080 τὴν
3513 5010 3860 5074 παγκὸσμιον

2284 5118 2476 5170 τούτου
2518 5116 2732 5185 ἑορτὴν,
2764 5115 2821 5165 ὲν
2857 5112 2934 5180 τῷ
2966 5109 3116 5178 αὐτῷ
3151 5104 3304 5168 αὖθις
3359 5104 3558 5174 ἇρθηκι
3589 5101 3746 5153 ἔσται
3775 5115 3860 5149 τε-

2285 5211 2568 5281 λούμενον,
2611 5211 2668 5259 ὲν
2722 5200 2765 5272 ᾧ
2809 5206 2902 5258 xal
2932 5207 2966 5273 ὴ
3013 5204 3180 5271 φιάλη
3231 5201 3468 5261 ἵσταται,
3499 5197 3607 5283 των
3640 5193 3858 5263 χαλκῶν

2284 5298 2704 5367 πολυκανδήλων
2729 5298 2786 5348 ἐν
2817 5295 2951 5364 αὐτῇ
2986 5290 3372 5361 κρεμαμένων,
3403 5289 3494 5339 καὶ
3531 5282 3630 5352 τὴν
3662 5282 3862 5349 ἄναψιν

1867 5416 2330 5476 Montfauconii
2397 5426 2582 5476 notae.

681 5522 791 5591 (9i)
825 5521 951 5576 Haec
981 5530 1100 5576 erat
1137 5522 1291 5573 Anna
1325 5519 1639 5591 Dalassena,
1670 5517 1918 5571 Ducena:
1963 5514 2186 5568 familiae

609 5589 1000 5646 inlenSissima.
1033 5592 1281 5644 Alexiad.
1326 5589 1424 5643 lib.
1459 5605 1538 5640 ιιι.

683 5665 795 5730 (9'2)
825 5661 1381 5726 ΙΙρωτοστράτορος.
1449 5659 1789 5730 Slra_torum_
1828 5663 1950 5706 erat
1985 5667 2194 5730 equum

610 5725 788 5789 freno'
825 5725 1035 5798 tenere,
1086 5725 1141 5786 et
1195 5725 1593 5786 censcendcnti
1650 5725 1998 5796 magistratui
2035 5739 2195 5793 Opem

2297 5515 2465 5568 ferre.
2506 5514 2712 5567 [lorum
2753 5511 3011 5579 princeps
3064 5512 3212 5579 στειῐὲ
3240 5501 3702 5579 πρω-τοστράτωρ,
3765 5494 3859 5574 qui

2293 5589 2459 5638 ctiam
2511 5569 2790 5637 exercitus
2831 5569 3036 5648 plur-tes
3086 5569 3310 5630 duxisse
3361 5569 3579 5642 legitur.
3612 5569 3775 5623 Goar.
3807 5571 3860 5618 in

2295 5655 2452 5711 Notis
2485 5657 2553 5708 ad
2579 5652 2872 5708 Codinum.
