4054 6278
500 414 646 478 ἲθθθ

1772 415 2057 477 IRENES
2095 416 2248 478 AUG
2262 417 2476 477 US'l‘lE

3604 424 3743 489 1100

500 532 596 586 sed
633 531 846 586 etiamsi
887 529 1065 600 exigui
1102 531 1262 584 unius
1283 529 1408 585 vitri
1431 532 1646 602 jactura
1676 532 1788 599 fiat,
1811 534 2061 589 deficient--

2176 533 2310 587 ἀλλά
2336 533 2438 586 κᾶν
2467 534 2595 603 ἄχρι
2632 534 2748 598 ἐνὸς
2773 535 2959 588 ὑαλξου
2984 538 3014 606 ἠ
3063 538 3288 606 μείωσις
3319 541 3564 608 γένηται,
3616 560 3729 614 παρ

497 621 570 676 tis
623 621 778 676 locus
833 637 931 690 per
989 621 1137 675 aliud
1190 623 1375 677 statim
1418 623 1715 692 repleatur.
1774 625 2066 681 llestaura-

434 756 435 759 η
500 713 703 768 tionem
753 727 884 767 vero
935 723 1202 768 tectorum
1265 713 1506 768 universi
1566 717 1886 772 monasterii
1942 732 2068 772 cum

497 805 646 858 omni
675 803 1046 860 sollicitudine
1083 804 1200 859 fieri
1233 814 1434 860 statuo.

1025 919 1249 975 CAPUT
1305 920 1535 977 LXXIV.

496 1011 645 1075 Quod
711 1011 1090 1064 monasterium
1149 1019 1488 1064 externorum
1548 1012 1708 1066 oculis
1763 1012 2067 1066 nullatenus

1057 1091 1237 1150 patere
1291 1081 1496 1135 debeat.
1941 1113 1948 1118 -

563 1172 618 1228 .d
647 1187 757 1227 non
786 1171 1018 1225 minoris
1046 1171 1308 1226 momenti
1337 1187 1501 1240 quam
1552 1172 1826 1241 quidlibet
1867 1189 1932 1227 ex
1971 1189 2066 1227 su-

493 1280 590 1334 pra
627 1262 948 1317 memoratis
975 1263 1248 1332 maiestati
1273 1278 1406 1317 meae
1436 1263 1616 1317 visum
1650 1272 1754 1329 est,
1790 1264 1900 1319 imo
1927 1265 2068 1318 inter

490 1356 725 1409 maxime
758 1354 1094 1417 necessaria,
1126 1362 1181 1407 et
1209 1368 1316 1407 non
1353 1354 1568 1408 modica
1599 1355 1986 1408 observatione
2014 1363 2068 1410 et

492 1462 624 1500 cura
666 1444 916 1516 dignum.
959 1443 1414 1514 Quandoquidem
1443 1447 1590 1499 enim
1624 1445 1849 1498 omnino
1884 1458 1939 1501 et
1967 1461 2070 1499 un-

490 1538 655 1607 dique
686 1538 1019 1606 inaspcctam
1045 1550 1262 1589 omnem
1287 1536 1608 1590 monialium
1642 1535 2065 1601 habitationem,

492 1630 562 1683 ab
593 1629 826 1698 imperio
865 1644 988 1682 meo
1037 1644 1137 1698 pro
1184 1628 1466 1684 exercitiis
1502 1644 1688 1682 earum
1715 1631 2065 1699 assignatam,

491 1720 935 1786 omnitempore,
967 1719 1080 1774 Deo
1113 1719 1352 1787 favente,
1381 1721 1695 1776 conservari
1751 1722 1877 1776 volo
1921 1721 2066 1792 (nam

491 1813 620 1866 licet
657 1820 805 1866 recte
856 1809 1164 1882 intelligere
1214 1813 1418 1866 volenti
1463 1830 1526 1866 ex
1573 1814 1684 1884 jam
1733 1815 2067 1884 scriptorum

2173 623 2336 687 ευθὺς
2363 623 2453 676 τὸν
2481 622 2575 676 τοῦ
2599 623 2880 694 λείψαντος
2895 629 3057 680 τόπον
3075 630 3421 701 ἀναπληροῦν
3443 631 3509 684 δι’
3540 634 3747 704 ἑτέρου,

2172 713 2270 784 τὴν
2292 714 2350 767 δέ
2382 731 2445 780 γε
2468 716 2892 787 ἀνακεράμωσιν
2921 719 3013 770 τοῦ
3040 719 3163 771 ὅλου
3202 722 3592 793 μοναστηρίου,
3611 729 3748 794 μετά

2173 803 2354 876 πάσης
2388 805 2708 874 ἐπιμελείας
2740 807 2984 875 γίνεσθαι
3022 810 3355 882 διορίζομαι.

2770 920 3018 976 ΚΕΦΑΛ.
3052 919 3170 976 οΔ’.

2241 1009 2381 1078 Περὶ
2416 1010 2521 1064 τοῦ
2544 1012 2992 1148 ἀκατόπτευτονᾶ
3015 1013 3319 1083 διαμένειν
3347 1017 3543 1086 πάντη
3573 1017 3684 1085 τὴν

2833 1100 2976 1148 μον)
2997 1101 3054 1140 ν.

2833 1100 3054 1151 μονην.

2245 1169 2356 1224 Καὶ
2411 1170 2569 1224 τοῦτο
2625 1173 2807 1241 μέντοι
2851 1173 2961 1226 τῶν
3005 1174 3554 1246 προδιηγορευμένων
3603 1177 3751 1240 τινος

2169 1261 2271 1315 οὐκ
2305 1261 2527 1316 ἔλαττον
2565 1265 2630 1336 τῇ
2682 1264 2928 1334 βασιλείᾳ
2979 1283 3079 1333 μου
3123 1265 3340 1330 ἔδοξεν,
3379 1267 3516 1320 ἀλλά
3552 1267 3662 1320 τῶν
3700 1271 3754 1329 ἐς

2170 1353 2238 1406 τὰ
2271 1353 2507 1424 μάλιστα
2535 1355 2868 1422 ἀναγκαίων,
2901 1354 2996 1408 καὶ
3025 1357 3084 1408 ού
3118 1357 3215 1426 τῆς
3239 1357 3506 1427 τυχούσης
3533 1359 3755 1410 ὲπισκέε

2169 1445 2316 1514 ψεως
2345 1448 2438 1498 καὶ
2467 1447 2745 1516 φροντίδος
2777 1443 2947 1511 ἄξιον.
2972 1447 3192 1518 Ἐπειδὴ
3223 1448 3331 1518 γὰρ
3364 1451 3537 1519 πάντη
3569 1467 3626 1502 τε
3661 1454 3754 1503 καὶ

2172 1537 2513 1608 πανταχόθεν
2556 1539 2963 1592 ἀκατόπτευτον
3002 1538 3063 1591 τὸ
3114 1541 3222 1593 τῶν
3275 1541 3620 1610 μοναζουσῶν
3661 1543 3753 1594 ὲν-

2169 1628 2424 1698 διαίτημα
2453 1628 2600 1682 ἅπαν
2631 1630 2688 1681 τὸ
2723 1633 2785 1700 τῇ
2818 1631 3049 1702 ἀσκήσει
3083 1631 3264 1684 αὐτῶν
3291 1633 3442 1703 παρά
3475 1635 3570 1705 τῆς
3598 1634 3756 1702 βασις

2170 1718 2322 1780 λείας
2363 1737 2462 1790 μου
2510 1720 2914 1791 ἀφωρισμένον,
2960 1723 3333 1794 διατηρεῖσθαι
3369 1724 3629 1795 βούλομαι
3657 1727 3758 1778 σὺν

2170 1810 2290 1881 Θεῷ
2317 1812 2398 1872 εἰς
2423 1813 2514 1863 τὸν
2542 1811 2757 1864 ἅπαντα
2786 1812 2976 1882 χρόνον
2999 1830 3012 1843 ·
3043 1817 3090 1866 εί
3118 1815 3223 1886 γὰρ
3250 1817 3344 1867 καὶ
3375 1817 3758 1871 ἀποδέδεικται

490 1911 749 1958 contextu
782 1910 838 1957 et
867 1903 918 1955 vi
948 1901 1384 1956 demonstratum
1411 1903 1503 1969 sit,
1529 1919 1556 1957 a
1583 1905 1863 1974 proposito
1903 1905 2061 1973 maje-

2178 1901 2257 1970 τῷ
2283 1900 2591 1972 βουλομένῳ
2631 1905 2769 1955 νοεῖν
2801 1901 2996 1972 ὀρθῶς,
3029 1905 3136 1957 ἀπδ
3168 1906 3265 1973 τῆς
3290 1905 3398 1959 τῶν
3430 1908 3756 1977 γραφέντων

491 1994 648 2050 statis
679 1977 814 2049 mea:
833 1993 989 2049 valde
1013 1995 1315 2050 abhorrere
1337 2005 1394 2050 et
1413 1996 1653 2052 alienum
1682 2011 1824 2061 esse,
1859 2005 1919 2051 ut
1947 1996 2072 2066 qui-

491 2087 616 2140 dam
660 2086 717 2140 in
772 2086 926 2141 illum
972 2087 1391 2157 introspiciendi
1418 2089 1574 2143 locus
1607 2088 1674 2144 de
1706 2103 1850 2142 novo
1879 2087 2068 2150 detur;

489 2179 678 2247 putavi
716 2185 897 2232 tamen
951 2178 1095 2234 hanc
1148 2180 1203 2232 in
1251 2180 1342 2234 illo
1377 2179 1789 2236 innovationem
1816 2195 2071 2250 expresse

489 2279 546 2324 et
578 2269 864 2339 speciatim
902 2270 1303 2340 prohibendam
1339 2272 1483 2340 esse)
1513 2289 1528 2339 ;
1566 2271 1690 2327 ideo
1721 2282 1870 2328 vetat
1899 2272 2070 2342 impeo

489 2362 692 2416 ratoria
726 2376 846 2417 mea
879 2363 1160 2433 majestas,
1197 2371 1253 2418 et
1285 2365 1513 2419 omnino
1540 2365 1817 2434 prohibet,
1837 2379 1936 2435 per
1966 2364 2071 2418 hoc

491 2468 676 2508 meum
706 2453 772 2508 de
795 2452 887 2508 illa
919 2469 976 2508 re
1017 2453 1324 2520 decretum,
1378 2471 1447 2510 ne
1493 2457 1893 2525 qualiscunque
1939 2469 2070 2524 pro-

491 2557 716 2617 spectus
765 2549 820 2602 in
877 2547 1082 2616 aliquid
1144 2549 1286 2603 intra
1342 2548 1609 2602 ambitum
1661 2546 2067 2602 conversationi

488 2639 886 2695 monacharum
929 2639 1268 2710 assignatum
1305 2652 1545 2706 unquam
1587 2635 1703 2701 ﬁat,
1749 2636 1834 2690 vel
1879 2635 1935 2689 in
1969 2651 2067 2689 au-

487 2735 597 2788 lam
647 2747 834 2786 earum
884 2732 999 2786 sive
1043 2731 1390 2796 interiorem,
1439 2730 1553 2784 sive
1585 2729 1939 2792 exteriorem,
1973 2737 2066 2783 aut

487 2834 543 2888 in
575 2831 789 2893 septum
824 2841 836 2878 :
873 2823 1263 2891 undecunque,
1300 2821 1414 2875 sive
1448 2837 1515 2875 ex
1551 2820 1851 2890 despoticis
1888 2820 2061 2875 domi-

487 2918 611 2980 bus,
649 2918 765 2972 sive
802 2930 871 2971 ex
905 2916 1061 2981 aliis;
1094 2915 1211 2970 sive
1259 2931 1327 2969 ex
1363 2914 1628 2969 exterinri
1677 2929 1867 2968 carum
1917 2915 2062 2980 aula,

487 3011 602 3064 sive
646 3025 712 3065 ex
763 3008 1051 3074 interiori;
1091 3023 1186 3062 seu
1235 3024 1300 3060 ex
1341 3008 1616 3062 sententia
1653 3008 1959 3078 cujuspiam
1999 3023 2064 3062 ex

487 3103 808 3158 monasterii
872 3101 1144 3172 patronis,
1200 3117 1296 3156 seu
1353 3101 1464 3155 alio
1520 3101 1719 3170 quovis
1768 3101 1954 3155 modo.
1995 3100 2065 3154 Et

484 3208 767 3263 nunquam
803 3193 856 3246 in
907 3207 1121 3247 summa
1175 3193 1432 3260 cuiquam
1477 3190 1690 3255 licebit,
1733 3205 2058 3259 quacunque

484 3284 553 3338 de
581 3298 771 3348 causa,
804 3282 933 3338 licet
963 3298 1028 3337 ea
1080 3283 1322 3353 legitima
1354 3281 1498 3335 forte
1545 3279 1661 3334 visa
1719 3279 1907 3345 fuerit,
1936 3295 2060 3348 pro-

485 3386 734 3447 spectum
780 3376 1098 3446 quempiam
1132 3374 1189 3428 in
1233 3371 1632 3427 monasterium
1668 3371 1736 3425 de
1768 3386 1910 3424 novo
1941 3370 2060 3425 etii-

483 3485 632 3533 eere,
660 3469 776 3522 sive
797 3482 897 3538 per
917 3465 1192 3536 quoddam
1223 3463 1509 3528 solarium,
1529 3471 1627 3517 aut
1655 3463 2057 3530 summitatem;

487 3563 602 3615 sive
633 3577 730 3631 per
769 3560 996 3631 januam
1043 3557 1131 3612 vel
1167 3554 1424 3611 ostiolum
1479 3554 1562 3609 vel
1611 3553 1930 3619 fenestram,
1965 3565 2061 3610 aut

484 3655 760 3708 modicum
793 3651 1028 3720 quodvis
1060 3649 1328 3703 foramen.

557 3831 664 3887 Sed
689 3841 746 3886 ct
771 3831 816 3885 si
842 3828 976 3901 quid
1012 3825 1326 3898 hujusmodi
1359 3823 1630 3896 quispiam
1663 3838 1828 3879 ausus
1869 3823 2057 3890 fuerit,

485 3921 539 3976 id
569 3921 698 3975 licet
727 3934 795 3974 ex
838 3919 1139 3988 improviso
1183 3916 1385 3970 factum
1427 3915 1518 3974 sit,
1575 3928 1696 3984 quae
1751 3923 1882 3970 tunc
1925 3926 2062 3969 tem-

476 4014 639 4085 poris
674 4021 907 4082 patrona
942 4010 1050 4065 erit
1097 4009 1439 4075 monasterii,
1465 4023 1588 4063 cum
1616 4008 1854 4078 primum
1884 4023 2058 4065 nocu-

487 4111 734 4158 mentum
764 4117 831 4156 ex
873 4101 978 4155 hoc
1030 4115 1315 4170 emergens
1360 4098 1526 4164 norit,
1556 4101 1688 4155 licet
1724 4100 1858 4155 illud
1892 4100 2057 4155 mini-

489 4211 638 4250 mum
693 4193 880 4259 fuerit,
913 4191 1194 4247 tenebitur
1235 4191 1375 4246 citra
1406 4191 1570 4246 ullam
1603 4191 2056 4248 deliberationem

483 4299 538 4343 et
571 4285 944 4343 conditionem
995 4284 1129 4339 illud
1173 4285 1384 4340 tollere.
1419 4283 1579 4349 Nam,
1622 4291 1680 4339 ut
1716 4283 2054 4339 declaratum

483 4389 589 4446 est,
618 4380 874 4451 majestas
899 4392 1020 4432 mea
1042 4392 1231 4432 curam
1261 4391 1479 4448 gerens,
1499 4383 1560 4430 ut
1580 4376 1902 4430 monialium
1927 4373 2060 4430 Gra-

485 4473 770 4543 tia-plenae
829 4471 925 4526 Dei
973 4471 1128 4526 Matri
1187 4479 1630 4525 consecratarum
1687 4469 2054 4530 conversatio,

2177 1991 2275 2062 ἥδη
2314 1992 2658 2063 περιλήψεως
2709 1995 2802 2047 καὶ
2845 1995 3160 2065 δυνάμεως·
3208 1997 3282 2060 ὡς
3320 1999 3380 2050 τὸ
3410 2001 3756 2070 καινισθῆναι

2175 2087 2503 2138 κατοπτεέαν
2574 2089 2629 2138 ὲν
2677 2089 2850 2157 τούτῳ
2899 2090 3023 2140 τινὰ
3095 2089 3204 2141 τῶν
3248 2090 3561 2160 ἀϐουλήτων
3612 2094 3756 2146 πάνυ

2176 2178 2269 2230 καὶ
2297 2178 2802 2248 ἀποτετραμμένων
2843 2181 2958 2232 ἐστὶ
2998 2181 3074 2250 τῷ
3107 2183 3295 2251 σκοπῷ
3339 2182 3440 2252 τῆς
3480 2182 3759 2253 βασιλείας

2179 2286 2279 2338 μου
2307 2285 2320 2299 ·
2357 2270 2492 2322 ἀλλὰ
2521 2271 2612 2323 καὶ
2651 2271 2828 2341 ῥητῶς
2861 2289 2919 2324 τε
2953 2273 3044 2325 καὶ
3080 2273 3389 2336 ἰδιαζόντως
3413 2274 3520 2327 δεῖν
3544 2275 3756 2346 ᾠήθην,

2174 2358 2271 2426 τῆς
2319 2358 2575 2429 τοιαύτης
2635 2361 2721 2412 ἐπ’
2775 2359 2923 2430 αὐτῷ
2977 2362 3331 2430 καινοτομίας
3384 2364 3758 2436 ἀπαγόρευσιν

2173 2447 2400 2502 θέσθαι·
2438 2451 2737 2521 ἀποτρέπει
2784 2453 3072 2524 τοιγαροῦν
3117 2455 3151 2524 ἡ
3206 2454 3452 2524 βασιλεία
3509 2474 3610 2526 μου
3662 2460 3756 2510 καί

2172 2541 2434 2595 ἀποσοϐεῖ
2466 2543 2546 2605 είς
2593 2543 2654 2596 τὸ
2689 2545 2947 2609 παντελὲς
2980 2546 3067 2598 διὰ
3105 2547 3308 2617 ταύτης
3348 2565 3451 2617 μου
3487 2550 3587 2619 τῆς
3626 2552 3755 2621 περὶ

2170 2632 2333 2686 αὐτοῦ
2367 2634 2739 2704 ἐπισκήψεως,
2769 2637 2828 2688 τὸ
2859 2638 3245 2708 ὀποιανδήτινα
3303 2639 3502 2710 ἄποψιν
3532 2643 3670 2711 πρός
3706 2661 3757 2694 τι

2174 2723 2282 2776 τῶν
2314 2723 2462 2788 ἐντὸς
2494 2725 2592 2794 τῆς
2625 2726 3111 2799 ἀπονενεμημένης
3151 2732 3217 2801 τῇ
3263 2731 3370 2783 τῶν
3404 2731 3757 2801 μοναζουσῶν

2172 2815 2415 2885 διαγωγῇ
2446 2818 2707 2887 περιοχῆς
2733 2818 2985 2886 γενέσθαι
3019 2821 3195 2890 χρόνῳ
3235 2821 3385 2886 ποτὲ,
3423 2823 3454 2892 ἢ
3487 2825 3624 2892 πρὶς
3654 2825 3755 2894 τὴν

2176 2906 2350 2976 αὐλὴν
2397 2907 2596 2969 αὐτῶν,
2634 2908 2742 2961 εἴτε
2792 2909 2892 2977 τὴν
2943 2910 3112 2972 ἐντὸς,
3168 2912 3278 2964 εἴτε
3329 2914 3426 2982 τὴν
3467 2914 3751 2986 ἐξωθεν,ῆ

2177 2997 2312 3066 πρὶς
2340 2997 2452 3063 δκτὸν
2514 2999 2833 3067 περίϐολον,
2893 2999 3247 3071 ὀθενδήποτε,
3316 3003 3426 3055 εἴτε
3491 3005 3598 3056 τῶν
3653 3009 3746 3058 Δε-

2168 3087 2439 3139 σποτικῶν
2481 3090 2832 3158 οἰκημάτων,
2886 3091 2998 3143 είτε
3039 3092 3148 3145 τῶν
3206 3093 3426 3160 ἄλλων,
3475 3098 3588 3149 εἴτε
3649 3100 3751 3167 τῆς

2164 3175 2320 3238 ἐκτὸς
2345 3177 2515 3246 αὐλῆς
2543 3181 2770 3245 τούτων,
2805 3181 2911 3234 εἴτε
2945 3183 3041 3253 τῆς
3073 3185 3381 3256 ὲνδοτέρας,
3418 3187 3528 3240 εἴτε
3557 3189 3751 3261 γνώμῃ

2163 3267 2272 3320 τῶν
2293 3269 2389 3337 τῆς
2421 3271 2589 3341 μονῆς
2613 3271 3172 3342 ἀντιλαμϐανομένων
3196 3278 3362 3344 τινὸς,
3393 3280 3504 3335 εἴτε
3536 3282 3627 3334 καὶ
3652 3284 3746 3334 ἄλο

2161 3357 2270 3423 λως
2303 3377 2418 3424 πως
2444 3377 2460 3392 ·
2493 3363 2585 3414 καὶ
2613 3363 2866 3418 οὐδέποτε
2889 3365 3024 3429 ὅλως
3062 3367 3276 3432 ἐξέσται
3305 3371 3414 3424 τινὶ
3444 3373 3572 3425 καθῖ
3601 3377 3749 3442 ἠντι-

2163 3451 2325 3504 ναοῦν
2364 3454 2565 3519 αἰτίαν,
2596 3456 2700 3510 κᾶν
2730 3457 3098 3530 εὐλογοφανής
3128 3479 3245 3524 πως
3272 3462 3411 3534 αῦτη
3437 3465 3588 3536 δοκῇ,
3616 3467 3748 3520 ἄτιο-

2161 3543 2254 3612 ψίν
2287 3561 2406 3597 τινα
2451 3547 2586 3617 πρὸς
2622 3549 2687 3601 τὰ
2725 3548 2817 3602 τοῦ
2859 3553 3225 3623 μοναστηρίου
3271 3556 3554 3622 καινίζειν,
3599 3558 3746 3628 ἢδιὲ

2163 3636 2387 3704 ἡλιακοῦ
2435 3655 2582 3702 τινος
2626 3641 2722 3693 καὶ
2774 3640 3103 3713 ὑψώματος,
3159 3645 3192 3716 ἥ
3245 3645 3333 3700 διὰ
3381 3647 3586 3718 θύρας,
3635 3651 3741 3703 εἴτε

2162 3725 2524 3796 παραθυρίου,
2557 3728 2669 3782 εἴτε
2701 3729 2937 3801 θυρίδος,
2980 3733 3090 3785 είτε
3137 3736 3368 3806 μετρίας
3399 3738 3546 3802 τινὸς
3576 3739 3736 3807 ὀπῆς.

2244 3816 2402 3871 Ἀλλά
2433 3819 2534 3872 κᾶν
2577 3837 2630 3872 τι
2661 3821 2906 3893 τολμηθῇ
2953 3825 3198 3878 τοιοῦτον
3246 3829 3395 3898 παρά
3435 3847 3602 3894 τινος,
3635 3834 3738 3885 εἴτε

2161 3909 2257 3960 καὶ
2299 3909 2356 3974 ἐξ
2392 3910 2702 3978 ἀπροόπτου
2745 3913 2991 3984 γένηται,
3019 3916 3296 3986 παρευθὺς
3333 3918 3468 3988 πρὸς
3497 3922 3738 3992 ἀνάγκης

2159 4001 2225 4071 τῇ
2273 4001 2574 4071 τηνικαῦτα
2621 4005 2724 4074 τῆς
2783 4006 2951 4075 μονῆς
3003 4009 3516 4084 ἀντιλαμϐανομένῃ
3562 4013 3732 4077 ἔσται,

2161 4092 2276 4162 ἅμα
2311 4093 2371 4145 τὸ
2413 4094 2513 4165 τὴν
2555 4094 2613 4160 ἐξ
2661 4096 2826 4150 αὑτοῦ
2860 4097 3063 4169 βλάϐην
3101 4101 3522 4172 διαγνωσθῆναι,
3554 4108 3602 4158 εἰ
3643 4106 3735 4159 καὶ

2161 4187 2416 4257 ἐλαχίστη
2455 4186 2593 4259 αῦτη
2653 4189 2799 4254 ἐστὶ,
2846 4189 3014 4260 χωρίς
3064 4207 3207 4255 τινος
3257 4192 3596 4262 διασκέψεως
3644 4195 3734 4246 καὶ

2161 4277 2472 4343 ὑποθέσεως
2541 4280 2700 4334 τοῦτο
2757 4284 3081 4352 περιαιρεῖν.
3144 4284 3575 4338 Ἀκατόπτευτον
3631 4287 3732 4355 γὰρ

2159 4371 2524 4432 παντάπασιν.
2559 4370 2634 4434 ὡς
2662 4371 2978 4443 δεδήλωται,
3026 4375 3301 4444 προσώπῳ
3341 4377 3502 4428 παντὶ
3530 4376 3629 4447 τὴν
3654 4379 3731 4430 ἐν·

2159 4461 2250 4525 τὸς
2285 4461 2378 4514 τοῦ
2411 4465 2613 4518 οίκείου
2656 4465 2908 4534 σεμνείου
2951 4465 3225 4537 διαγωγὴν
3257 4467 3364 4522 τῶν
3403 4470 3471 4538 τῇ
3503 4469 3728 4537 Κεχαρι-

484 4563 627 4617 intra
683 4563 970 4632 pr0prium
1021 4561 1442 4624 monasterium,
1494 4562 1715 4630 penitus
1769 4561 2048 4631 inaspecta

2166 4552 2384 4625 τωμένῃ
2430 4572 2532 4623 μου
2567 4555 2875 4626 Θεομήτορι
2921 4556 3360 4624 ἀνατεθειμένων
3391 4559 3727 4627 μοναζουσὼν

483 4654 744 4708 omnibus
769 4654 1023 4722 personis
1053 4661 1293 4717 maneat,
1326 4652 1404 4706 sic
1442 4651 1576 4706 illud
1605 4653 1723 4723 lege
1750 4653 1946 4708 sancit.
2017 4683 2023 4688 -

563 4840 668 4894 Sed
717 4853 896 4907 neque
931 4838 1086 4906 juxta
1132 4833 1488 4888 dirimentem
1535 4847 1756 4886 murum
1787 4834 2060 4891 enehore.

485 4947 614 5003 gum
649 4929 942 4986 exterioris
990 4927 1127 4980 aulae
1187 4934 1243 4978 et
1290 4923 1612 4978 monasterii
1660 4925 1921 4992 ambitus,
1966 4937 2062 4983 aut

485 5040 654 5094 supra
687 5021 943 5078 eumdem
978 5019 1174 5072 domos
1220 5014 1498 5070 aediﬁcare
1523 5014 1735 5082 licebit,
1759 5027 1883 5088 post
1925 5035 2060 5076 meae

483 5111 790 5182 majestatis
819 5110 888 5163 ab
919 5109 1022 5162 hac
1051 5107 1158 5160 vita
1187 5105 1724 5176 transmigrationein
1746 5149 1759 5172 ,
1791 5124 1888 5164 uec
1908 5110 2056 5166 aliud

483 5202 766 5271 quidpiam
790 5199 858 5254 de
888 5214 1030 5253 novo
1073 5209 1398 5253 construere
1435 5214 1448 5251 :
1491 5198 1740 5268 quinimo
1785 5200 1838 5255 id
1886 5218 2055 5271 pror-

484 5309 579 5348 sus
612 5291 841 5346 vetitum
872 5297 977 5355 est,
1009 5298 1200 5359 utpote
1255 5289 1472 5344 volente
1508 5305 1628 5344 mea
1664 5293 1968 5360 majestate,
1997 5305 2057 5348 ut

484 5385 628 5438 idem
677 5398 870 5436 murus
917 5382 1020 5437 sub
1066 5381 1258 5436 eadem
1310 5381 1486 5435 forma
1522 5394 1864 5451 perseveret,
1905 5395 1960 5439 et
1999 5387 2052 5440 in

484 5489 595 5543 quo
627 5483 771 5528 statu
810 5482 1067 5542 repertus
1110 5470 1296 5536 fuerit,
1326 5485 1433 5539 qua
1491 5471 1582 5524 die
1639 5470 1705 5524 ad
1747 5473 1916 5541 Deum
1965 5474 2054 5527 illa

481 5564 968 5634 migrarit;'utque
1008 5563 1214 5617 nullam
1255 5576 1492 5632 unquam
1533 5562 1912 5625 mutationem,
1939 5566 2053 5621 sive

481 5672 579 5727 per
629 5655 1099 5724 additamentum,
1151 5655 1266 5710 sive
1313 5669 1408 5723 per
1456 5652 1899 5708 imminutionem
1955 5655 2054 5708 ad-

478 5749 680 5802 mittat.

2162 4644 2436 4714 διαμένειν
2479 4648 2512 4715 ἡ
2543 4646 2793 4716 βασιλεία
2840 4665 2940 4716 μου
2976 4649 3460 4720 προμηθευομένη,
3501 4652 3642 4705 οὕτω
3666 4651 3727 4704 τὰ

2164 4736 2293 4805 περὶ
2323 4737 2512 4790 τούτου
2547 4739 3033 4807 κατασφαλίζεται.

2245 4827 2384 4879 Ἀλλ’
2411 4828 2520 4881 οὐδ’
2550 4831 2642 4882 ἐπὶ
2671 4831 2748 4899 τῷ
2779 4831 3026 4902 διαιρέτῃ
3055 4832 3340 4900 ἑγχορήγῳ
3368 4830 3534 4902 τοίχῳ
3559 4832 3650 4900 τῆς
3675 4847 3726 4882 τε

2163 4917 2267 4981 ἔξω
2301 4920 2493 4988 αὐλῆς,
2527 4923 2620 4973 καὶ
2649 4922 2741 4974 τοῦ
2772 4921 2870 4992 τῆς
2913 4923 3078 4991 μονῆς
3121 4923 3427 4992 περιϐολίου
3460 4924 3725 4994 οἰκήματά

2160 5026 2304 5074 τινα,
2344 5011 2376 5082 ἢ
2414 5013 2910 5085 προσκολληθῆναι,
2959 5016 2992 5085 ἢ
3037 5014 3554 5085 ἑποικοδομηθῆναι,
3595 5017 3724 5083 μετὰ

2157 5103 2258 5172 τὴν
2294 5103 2392 5174 τῆς
2444 5105 2718 5174 βασιλείας
2763 5123 2865 5174 μου
2909 5109 2970 5160 ἐκ
3000 5107 3092 5159 τοῦ
3128 5106 3388 5176 παρόντος
3420 5107 3536 5174 βίευ
3571 5107 3725 5174 μετά-

2162 5212 2370 5260 στασιν,
2402 5195 2432 5266 ἢ
2457 5196 2583 5250 ἀὶλο
2611 5214 2662 5250 τι
2689 5197 3083 5267 νεουργηθῆναι
3112 5198 3173 5250 τὸ
3197 5197 3402 5249 οίονοῦν
3423 5200 3726 5267 ἐκκεχωρη-

2162 5287 2321 5355 μένον
2355 5287 2565 5359 [evici]
2595 5288 2781 5341 ἔσται’
2820 5290 3132 5342 παντάπασι
3165 5287 3219 5340 δὲ
3256 5288 3458 5357 μᾶλλον
3489 5286 3720 5341 κεκωλυ-

2160 5378 2341 5448 μένον,
2374 5379 2447 5439 ὡς
2473 5381 2567 5430 καὶ
2600 5380 2688 5432 τὸν
2722 5379 2962 5431 τοιοῦτον
2995 5382 3172 5448 τοῖχον
3198 5380 3291 5432 ἐπὶ
3324 5379 3416 5432 τοῦ
3452 5382 3718 5450 σχήματος

2155 5469 2247 5519 τοῦ
2289 5469 2453 5520 αὑτοῦ
2489 5468 2765 5536 διαμένειν
2808 5470 2907 5539 τῆς
2938 5468 3212 5538 βασιλείας
3247 5486 3347 5538 μου
3380 5469 3718 5539 βουλομένηί,

2157 5564 2248 5611 καὶ
2279 5561 2370 5612 ἐπὶ
2400 5560 2496 5628 τῆς
2538 5561 2710 5628 αὐτῆς
2757 5562 3164 5624 καταστάσεως,
3195 5561 3262 5631 ἢν
3289 5561 3353 5614 ἂν
3385 5561 3630 5630 εὑρεθείη
3661 5562 3719 5626 τῇ

2154 5656 2338 5722 ἡμέρᾳ
2377 5653 2476 5720 τῆς
2515 5652 2652 5719 πρὸς
2695 5653 2824 5704 Θεὸν
2873 5653 3043 5722 αὐτῆς
3096 5653 3384 5722 ἐκδημίας,
3427 5653 3585 5721 ἔχων,
3635 5655 3718 5702 καὶ

2157 5747 2282 5815 μηδ’
2343 5745 2628 5798 ὁποιανοῦν
2692 5743 2976 5797 ἀλλοίωσιν
3026 5747 3319 5814 ὁτεδήπιιτε
3369 5745 3645 5810 δέξασθαι,
3688 5743 3715 5811 ἦ

2154 5842 2294 5892 κατὰ
2335 5835 2740 5910 προσθήκην,ἢ
2778 5837 2916 5889 κατά
2954 5836 3161 5904 ὕφεσιν.
