4054 6278
335 403 464 470 1101
1775 401 1936 474 TYPl

2000 400 2135 462 ΗΜ.
3464 393 3596 459 11θὲ

910 521 1162 575 ΚΕΦΑΛ.
1197 519 1318 574 ΟΕ’.
1946 524 1989 576 Α

1946 524 1989 576 Α
2570 510 2794 568 CAPUT
2837 508 3045 566 LXXV.

329 625 466 701 Περί
501 625 604 701 τοῦ
615 625 774 701 μηδὲ
795 627 1036 701 ψιίλῖτας
1061 627 1498 701 συγκαλεῐσθαι
1522 627 1592 680 ἐν
1617 625 1687 694 τῇ
1707 627 1905 701 ἑορτῇ,

2012 619 2164 701 Quod
2197 635 2361 700 neque
2404 616 2947 701 psaltrenndvocamli.
2965 618 3071 670 sint
3118 615 3188 668 ad
3232 615 3592 701 αιὶᾲυαῃιβοτ

425 695 564 753 ἀλλ’
599 687 823 750 (itidem?
855 687 1027 752 εἶναι’
1043 700 1138 753 καί
1155 687 1408 765 ’τούτοις
1440 699 1552 765 τὴν
1586 687 1803 766 mimi.

2083 687 2431 750 lemnitatem.
2456 689 2543 742 sed
2570 687 2675 743 illis
2700 702 2902 758 quoque
2930 687 3253 739 inaccessum
3281 701 3388 739 esse
3410 687 3593 742 debeat

2082 761 2486 813 monasterium.

414 865 664 938 Ἀνδράσι
691 865 749 920 δέ
783 867 882 939 τὴν
916 869 1053 939 πρὸς
1100 868 1159 920 τὸ
1201 871 1449 938 σεμνεῖον
1483 865 1640 921 τοῦτο
1669 867 1908 920 εἰσέλευ-

2083 864 2219 920 Cum
2246 863 2397 918 viros
2430 862 2679 933 ingressu
2718 877 2772 914 tn
2805 862 2908 914 hoc
2942 861 3364 927 monasterium,
3395 873 3452 918 ut
3479 863 3590 934 jam

286 960 290 964 ’
331 975 446 1019 σιν.
487 957 564 1019 ὡς
612 955 716 1028 ἤδη
764 957 1099 1028 δεδήλωται,
1143 957 1412 1020 παντοίως
1452 956 1874 1026 ἀπαγορεύουσα

2011 951 2348 1007 declaratum
2381 959 2485 1011 est,
2515 950 2742 1004 omnino
2773 949 3097 1018 prohibeam
3123 967 3138 1016 ;
3178 967 3357 1022 neque
3388 953 3591 1022 psaltas

323 1049 449 1104 οὐδὲ
479 1049 692 1118 ψάλτας
720 1049 779 1100 ἐν
818 1050 1002 1120 ἡμέρᾳ
1043 1049 1204 1121 τυχὸν
1247 1050 1460 1120 ἑορτῆς,
1488 1049 1599 1103 εἴτε
1630 1048 1910 1119 μνημοσύ-

2013 1043 2068 1097 iu
2099 1043 2190 1098 die
2222 1041 2530 1112 cujuspiam
2569 1041 2956 1106 solemnitatis,
2982 1051 3079 1096 aut
3106 1045 3591 1100 commemoratio-

327 1157 433 1194 νων
485 1139 832 1211 εἰσέρχεσθαι
867 1140 1003 1206 ὅλως
1053 1140 1336 1211 βούλομαι,
1389 1142 1446 1194 ἐν
1489 1144 1554 1212 τῇ
1605 1141 1726 1194 κατ’
1776 1141 1909 1193 αὐτὸ

2015 1151 2167 1198 num,
2205 1134 2419 1204 ingredi
2450 1135 2728 1188 ullatenus
2753 1135 2876 1189 volo
2902 1135 2956 1188 in
2991 1136 3282 1191 ecclesiam
3311 1148 3587 1193 monaste-

325 1233 598 1304 ἐκκλησίᾳ
633 1231 765 1286 ποτέ
790 1249 804 1264 ·
837 1233 954 1286 ἀλλ’
993 1233 1166 1296 αὑτὰς
1211 1231 1306 1286 καὶ
1334 1231 1456 1286 τότε
1484 1234 1773 1304 τυγχάνειν
1809 1233 1908 1295 τὰς

2015 1227 2103 1279 rii.
2138 1225 2244 1280 Sed
2287 1237 2420 1281 tunc
2469 1226 2634 1280 etiam
2673 1226 2802 1295 ipsze
2837 1227 3105 1283 moniales
3137 1228 3268 1283 solae
3300 1227 3413 1284 sint
3461 1245 3590 1284 cau-

325 1323 664 1394 μοναζούσας
684 1325 852 1395 μόνας
880 1324 1180 1395 ὑμνῳδοὺς,
1216 1325 1353 1393 μετὰ
1380 1327 1474 1380 καὶ
1504 1326 1611 1379 τῶν
1640 1327 1907 1396 τεταγμέ-

2015 1312 2262 1376 tatrices,
2301 1331 2408 1368 una
2441 1330 2565 1369 cum
2598 1314 2705 1384 piis
2736 1314 3122 1372 sacerdotibus
3156 1317 3212 1372 in
3254 1322 3590 1376 monaSIerio

326 1433 431 1470 νων
461 1419 522 1470 ἐν
553 1418 620 1487 τῇ
656 1418 791 1493 μιονῇ
823 1416 1066 1470 εὖλαόὦν
1097 1418 1313 1488 ἱερέων.
2012 1405 2254 1459 διπῐυίίδ·
3225 1473 3228 1475 .

393 1509 504 1562 Καὶ
531 1509 594 1562 τὸ
621 1508 1016 1562 ἐπταπάπαδον
1050 1509 1163 1579 (94)
1190 1509 1248 1563 δὲ
1284 1510 1345 1562 τὸ
1383 1510 1522 1564 κατὰ
1544 1511 1604 1562 τὸ
1633 1510 1910 1564 Σάϐϐατον

2087 1497 2533 1568 Heptapapadum
2574 1511 2757 1554 autem
2804 1500 3044 1555 Sabbato
3074 1503 3386 1558 Palmarum
3418 1507 3586 1560 semel

324 1599 420 1669 τῆς
441 1599 748 1670 Βαῖοφόρου
771 1599 918 1666 ἅπαξ
937 1599 1030 1652 τοῦ
1059 1601 1308 1654 ἐνιαυτοῦ
1331 1601 1522 1664 εἰωθὸς
1539 1602 1832 1667 τελεῖσθαι,
1853 1606 1910 1656 ἐν

2014 1589 2068 1644 in
2099 1607 2243 1644 anno
2279 1590 2394 1645 ﬁeri
2450 1592 2693 1657 solitum,
2742 1595 2793 1646 in
2841 1593 3076 1648 ecclesia
3106 1596 3433 1661 coemeterii,
3473 1598 3587 1652 sive

330 1694 390 1762 τῇ
424 1691 566 1744 κατὰ
594 1691 656 1744 τὸ
697 1693 1061 1763 κοιμητήριον
1097 1693 1385 1764 ἐκκλησίᾳ,
1408 1694 1586 1747 είτουν
1619 1695 1677 1747 ἐν
1703 1694 1781 1766 τῷ
1811 1713 1907 1749 τα-

2013 1680 2066 1736 in
2101 1682 2222 1736 loco
2253 1682 2551 1752 sepulturae
2582 1683 2698 1737 ﬁeri
2730 1693 2951 1752 statuo;
2992 1694 3049 1741 et
3091 1701 3159 1742 eo
3198 1687 3312 1742 illic
3341 1689 3583 1758 expleto.

327 1783 465 1852 φείῳ
505 1782 809 1854 διορίζομαι
850 1783 1099 1850 γίνεσθαι
1125 1800 1140 1815 ο
1182 1787 1276 1838 καὶ
1309 1786 1500 1840 τούτου
1542 1789 1723 1842 ἐκεῖσε
1758 1788 1908 1842 τελε-

2015 1791 2182 1828 unum
2221 1789 2252 1830 e
2287 1785 2495 1846 septem
2541 1776 2924 1833 sacerdotibus
2957 1779 3184 1834 introire
3227 1779 3280 1834 in
3315 1791 3589 1841 monaste-

328 1877 772 1948 σιουργουμένου.
805 1877 905 1932 ἕνα
930 1878 1041 1932 τῶν
1087 1879 1230 1933 ἑπτὰ
1275 1880 1468 1952 ίερέων
1500 1881 1726 1936 εἰσιέναι
1757 1885 1814 1937 ἐν
1839 1887 1906 1956 τῇ

2013 1867 2271 1932 rium;et
2327 1869 2421 1922 ubi
2457 1870 2762 1924 oralionem
2820 1870 2874 1924 in
2927 1872 3188 1926 unctione
3242 1873 3414 1926 sancti
3480 1873 3583 1927 olei

327 1971 490 2038 μονῇ,
522 1969 616 2022 καὶ
640 1969 740 2037 τὴν
776 1970 868 2022 ἐπὶ
894 1972 958 2041 τῇ
1008 1969 1103 2023 τοῦ
1137 1971 1297 2040 άγίου
1326 1972 1507 2026 ἐλαίου
1537 1975 1714 2044 χρίσει
1742 1977 1908 2047 εὐχὴν

2013 1960 2346 2014 monialibus
2379 1959 2601 2022 dixerit,
2644 1977 2707 2015 ac
2740 1961 2833 2014 illo
2877 1963 3098 2017 easdem
3132 1965 3369 2030 unxcrit,
3401 1965 3583 2019 statiu-

330 2060 590 2114 ποιοῦντα
621 2063 740 2122 ταῖς
773 2062 1157 2130 μοναζούσαις,
1196 2065 1299 2117 κάν
1329 2065 1506 2137 τούτῳ
1535 2067 1737 2133 ταύτας
1764 2069 1909 2123 άλεί-
2009 2049 2218 2120 egredi-

325 2169 518 2220 φοντα,
559 2155 902 2223 παραχρῆμα
928 2153 1158 2220 ἐξιέναι.

397 2241 509 2295 Kal.
541 2245 660 2305 ταῖς
693 2242 869 2306 λιταῖς
900 2243 958 2296 δὲ
997 2245 1119 2306 ταῖς
1155 2245 1213 2296 ἐν
1244 2247 1310 2316 τῇ
1348 2248 1481 2318 μονῇ
1520 2247 1662 2301 κατὰ
1688 2248 1782 2317 τὴν
1813 2249 1908 2302 ἐκ-

2083 2231 2139 2286 In
2174 2231 2624 2302 processionibus
2653 2249 2784 2288 vero
2817 2249 2937 2304 quae
2963 2235 3117 2304 juxta
3149 2236 3582 2294 ecclesiasticam

326 2332 723 2403 κλησιαστικην
757 2335 1056 2405 παράδοσιν
1098 2335 1445 2405 ὀφειλούσαις
1477 2337 1726 2406 γίνεσθαι
1757 2342 1910 2410 παρὰ

2012 2323 2366 2378 traditionem
2397 2325 2450 2378 in
2487 2325 2825 2380 monasterio
2859 2326 2975 2380 fieri
3015 2327 3221 2384 debent
3262 2345 3293 2384 a
3326 2330 3584 2385 moniali-

324 2425 437 2478 τῶν
479 2426 848 2495 μοναζουσῶν,
879 2427 940 2481 ού
975 2428 1164 2498 μακρά
1191 2445 1274 2492 τις
1307 2427 1463 2483 ἔσται
1494 2430 1762 2502 περίοδος,
1792 2431 1906 2485 ἀλλ’

2011 2416 2137 2478 bus,
2177 2433 2286 2471 non
2333 2418 2529 2488 longus
2567 2419 2678 2473 erit
2713 2417 3010 2485 circuitus;
3044 2423 3140 2476 sed
3174 2437 3206 2477 a
3253 2424 3455 2493 templo
3490 2439 3575 2494 pet

324 2519 436 2571 ἀπὸ
469 2519 563 2572 τοῦ
595 2519 722 2573 ναοῦ
750 2519 840 2583 διὰ
863 2520 958 2574 τοῦ
999 2523 1258 2592 προνάου,
1286 2523 1380 2576 καὶ
1409 2525 1510 2594 τῆς
1538 2526 1746 2579 ἐκεῖθεν
1771 2526 1908 2596 πρὸς
2009 2511 2344 2565 νεεῑίδυίυῖη
2378 2512 2700 2580 Ρτοεθδθηιν
2733 2521 2789 2566 ει
2826 2528 2924 2581 Per
2962 2513 3128 2578 Viam:
3162 2530 3268 2584 qua
3317 2515 3445 2571 ίηάθ
3473 2517 3585 2571 im"

321 2610 386 2662 τὸ
409 2609 537 2680 ἐξῆς
561 2610 834 2682 φερούσης
856 2611 985 2683 ἄχρι
1015 2614 1114 2684 τῆς
1145 2616 1456 2685 κοιμήσεως
1485 2616 1584 2686 τῆς
1613 2617 1909 2689 ύπεραμώ-

2010 2603 2076 2656 ad
2129 2602 2524 2658 Dormitionem
2577 2603 2938 2660 immaculata
2984 2606 3229 2662 Domina;
3273 2616 3478 2664 nostra:
3530 2619 3586 2664 et

325 2717 432 2768 μου
476 2699 634 2770 ἡμῶν
664 2701 963 2773 Δεσποίνης
999 2703 1091 2756 καὶ
1128 2704 1473 2776 Θεομήτορος
1512 2705 1907 2761 ἀπελεύσονται

2013 2694 2107 2750 Dei
2134 2695 2341 2759 Matris,
2361 2705 2514 2750 extra
2538 2711 2830 2751 commune
2847 2712 3036 2751 earum
3059 2698 3376 2755 cubiculum
3401 2700 3582 2762 sitam;

318 2791 426 2860 τῆς
454 2792 610 2856 ἐκτὸς
637 2793 734 2846 τοῦ
774 2794 958 2848 κοινοῦ
1004 2795 1358 2849 κοιτωνίσκου
1397 2795 1598 2860 αὐτῶν,
1641 2797 1782 2867 μετὰ
1813 2800 1908 2853 καὶ

2011 2801 2121 2840 una
2154 2802 2280 2840 cum
2325 2785 2710 2840 sacerdotibus
2751 2789 3073 2842 monasterii
3119 2799 3370 2845 sanctum
3418 2807 3586 2848 evan-

319 2881 434 2933 τῶν
460 2882 560 2952 τῆς
585 2885 754 2953 μονῆς
787 2884 996 2954 ἱερέων,
1019 2885 1078 2938 τὸ
1113 2884 1268 2952 ἅγιον
1293 2885 1627 2954 Εὗαγγέλιον
1650 2891 1907 2960 ἐπιφερο-

2009 2878 2212 2947 gelium
2245 2893 2369 2932 cum
2415 2879 2729 2932 veneranda
2759 2894 2925 2934 cruce
2971 2879 3283 2936 ferentibus
3320 2900 3332 2935 :
3379 2891 3435 2937 et
3471 2883 3585 2937 illic

325 2971 529 3040 μένων,
560 2975 658 3026 σὺν
676 2973 753 3043 τῷ
779 2974 943 3045 τιμίῳ
975 2974 1213 3046 σταυρῷ,
1239 2977 1464 3028 κάκεῖσε
1493 2975 1720 3040 ταύταις
1753 2979 1904 3050 λήξει

2011 2969 2080 3024 ab
2128 2969 2390 3025 ulteriore
2423 2983 2684 3038 processu
2718 2969 3037 3036 cessabunt,
3066 2980 3123 3025 et
3156 2986 3281 3026 cum
3326 2973 3585 3028 sacerdos

283 3067 286 3069 “
325 3064 362 3134 ή
396 3064 620 3133 πρόοδος
647 3065 750 3135 τῆς
779 3066 917 3137 πρὸς
951 3067 1020 3120 τὰ
1065 3067 1252 3138 πρόσω
1279 3069 1474 3138 φορᾶς,
1499 3068 1594 3122 τοῦ
1622 3087 1682 3123 τε
1715 3071 1884 3142 ίερέω‹

2012 3060 2216 3115 ibidem
2266 3069 2582 3130 protensam
2638 3061 2949 3115 orationem
3004 3061 3228 3129 dixerit,
3279 3063 3464 3120 denuo
3515 3065 3580 3121 ad

323 3155 561 3210 ἐνταῦθα
589 3157 687 3229 τὴν
735 3159 931 3229 ἐκτενῆ
967 3159 1294 3231 ποιουμένου
1336 3161 1520 3232 εὐχὴν,
1567 3163 1906 3234 ἐπαναστρέο
2011 3151 2278 3222 templum
2323 3158 2695 3206 revertemur-

320 3241 518 3311 ψουσιν
556 3241 712 3310 αὖθις
740 3247 880 3317 πρὸς
909 3249 1000 3301 τὸν
1036 3249 1183 3304 ναόν.

411 3334 498 3387 Ἐν
536 3337 722 3404 μέντοι
773 3341 840 3409 τῇ
879 3339 980 3408 τῆς
1031 3341 1200 3411 μονῆς
1252 3343 1386 3414 ἁγίᾳ
1431 3344 1601 3415 ταύτῃ
1639 3346 1906 3416 ἐκκλησίᾳ

2080 3335 2252 3391 Porro
2284 3335 2340 3389 in
2372 3335 2476 3390 hac
2501 3332 2818 3390 monasterii
2848 3343 3035 3390 sancta
3065 3335 3296 3392 ecclesia
3329 3337 3406 3402 (id
3435 3339 3580 3394 enim

323 3425 717 3496 (προστεθῆναι
747 3429 854 3502 γὰρ
886 3431 978 3484 καὶ
1004 3431 1162 3486 τοῦτο
1187 3433 1298 3487 δεῖν
1325 3452 1415 3504 μοι
1449 3437 1647 3506 ἐφάνη,
1679 3438 1755 3502 ὡς
1787 3438 1906 3491 δέον

2008 3423 2322 3480 addendum
2351 3422 2526 3478 visum
2565 3432 2652 3479 est
2687 3423 2844 3489 mihi,
2880 3438 3006 3478 cum
3052 3423 3246 3480 deceat
3285 3425 3420 3482 illud
3454 3443 3585 3499 pro-

319 3517 732 3588 ἀποτραπῆναι,
761 3523 810 3573 εἰ
836 3521 928 3575 καί
957 3540 1058 3577 που
1087 3524 1216 3588 ἴσως
1243 3527 1382 3579 τισὶν
1403 3526 1463 3580 ού
1493 3526 1641 3580 δοκεῖ
1665 3528 1905 3599 ἀποτρό-

2011 3516 2217 3581 hibere,
2247 3515 2376 3570 licet
2396 3515 2634 3570 fortasse
2665 3513 2988 3584 quibusdam
3015 3514 3146 3571 illud
3179 3515 3579 3586 prohibendum

325 3612 534 3676 παιον),
593 3613 908 3686 ἐργοχείρου
945 3616 1092 3678 τινὸς
1134 3617 1369 3684 ἐργασία
1425 3617 1498 3688 μὴ
1538 3620 1903 3688 προϐαινέτω.

2008 3622 2120 3662 non
2187 3607 2495 3676 videatur),
2529 3605 2744 3661 nullum
2797 3621 2937 3677 opus
3005 3623 3268 3664 manuum
3319 3625 3580 3667 exercea-

317 3702 433 3754 εῖτε
459 3702 518 3755 ἐν
546 3703 817 3773 ύμνῳδίας
849 3707 1047 3778 καιρῷ,
1075 3708 1185 3760 εῖτε
1215 3709 1273 3761 ἐν
1299 3707 1625 3776 ἀναγνώσει,
1653 3710 1762 3763 εἴτε
1798 3711 1904 3780 μὴν

2009 3709 2122 3767 tur,
2174 3699 2292 3755 sive
2335 3707 2534 3756 cantus
2578 3708 2860 3770 tempore,
2903 3715 3002 3758 seu
3057 3701 3200 3755 inter
3252 3700 3579 3772 legendum,

319 3789 512 3845 ἄλλοτέ
544 3809 672 3846 ποτε
685 3832 698 3844 .

2008 3790 2124 3844 sive
2155 3789 2259 3842 alia
2302 3787 2508 3858 quavis
2532 3788 2688 3843 hora.

605 3967 608 3970 ,
897 3912 1146 3968 amas.
1184 3913 1321 3980 oq'.

2535 3917 2763 3975 CAPUT
2815 3918 3047 3976 LXXVI.

321 4000 468 4080 napi
503 4001 610 4056 τοῦ
635 3999 764 4086 χώς
793 4019 855 4086 τε
880 4005 977 4082 θεαί
1009 4004 1130 4086 ποῦ
1157 4004 1252 4084 (ξεῖ
1276 4003 1606 4086 ράπΙτεσθᾳι
1640 4007 1748 4085 τᾲς
1783 4008 1904 4086 duo

2009 4013 2281 4080 Quomodo
2323 4021 2371 4067 et
2409 4013 2626 4086 ubinam
2666 4011 2978 4086 sepeliendn:
3017 4015 3120 4086 sint
3151 4011 3280 4086 ﬁlice
3309 4022 3360 4068 et
3403 4026 3579 4086 neptes

395 4071 516 4158 τῷν
539 4071 769 4158 παίδων
797 4071 966 4153 ἡμιῖζν
990 4075 1086 4127 καί
1115 4073 1233 4158 τῷν
1263 4076 1526 4158 ἐγγόνων
1552 4076 1622 4158 ἐΙν
1642 4071 1902 4158 τῆμονῇ

2013 4071 2050 4080 Ψ
2078 4093 2296 4158 nostrae.
2322 4098 2440 4158 qua;
2475 4071 2882 4158 inmortaswrio
2919 4083 3132 4152 sepeliri
3151 4071 3369 4158 'volent,
3395 4094 3444 4140 et
3469 4071 3581 4158 ἦκα

399 4100 515 4124 «.qu
539 4100 768 4125 utut/uir
797 4100 965 4142 ημων
990 4100 1086 4127 παι
1115 4100 1233 4128 των
1263 4100 1526 4143 δγγυνων
1552 4100 1622 4128 εν
1642 4100 1716 4144 τι(
1741 4100 1902 4146 ﬂora

393 4141 1059 4222 alpov;térac_ta59ﬁrat,
1104 4145 1200 4197 καί
1229 4143 1355 4211 πῶς
1389 4144 1460 4198 τὰ
1493 4147 1719 4200 τούτων
1749 4148 1903 4216 γίνε-

1888 4100 1902 4146 ι
2078 4100 2296 4146 nosrrw.
2358 4100 2440 4137 uae
2475 4100 2530 4134 ιη
2561 4100 2882 4136 monasterto
2919 4100 3132 4152 sepetm
3173 4100 3369 4151 vatem,
3395 4100 3444 4140 et
3473 4104 3489 4158 ς

1888 4178 1903 4188 -
2078 4155 2284 4207 ratione
2313 4100 2432 4222 geri
2469 4152 2693 4205 debeant
2724 4168 2910 4206 earum
2949 4157 3489 4210 commemoratione.

393 4214 535 4265 σθαι
562 4213 948 4281 μνημόσυνα.

400 4326 467 4379 Εῐ
490 4343 618 4380 ποτε
651 4327 708 4380 δὲ
758 4327 867 4397 ἄρα
905 4346 988 4392 τις
1032 4329 1139 4393 τῶν
1185 4329 1497 4400 θυγατέρων
1530 4331 1710 4400 ήμῶν,
1743 4332 1774 4404 ἢ
1809 4335 1902 4386 καὶ
1936 4397 1974 4404 _

2075 4326 2131 4381 Si
2161 4341 2266 4396 qua
2297 4341 2329 4380 e
2368 4323 2587 4378 ﬁliabus
2616 4323 2840 4388 nostris,
2865 4323 2953 4379 vel
2987 4324 3222 4380 nuribus
3246 4327 3361 4380 sive
3401 4329 3581 4399 nepti-

322 4418 430 4470 τῶν
456 4420 707 4488 νυμφῶν,
738 4423 847 4474 εἴτε
875 4421 968 4474 καὶ
995 4421 1103 4474 τῶν
1132 4397 1401 4490 ἐγγόνων.⁷
1426 4417 1514 4486 αἶς
1544 4397 1584 4492 ἡ-
1608 4424 1710 4495 τῆς
1735 4397 1903 4497 μονῆς

1980 4423 1981 4432 ‘
2009 4418 2136 4485 hus,
2162 4415 2365 4487 quibus
2391 4413 2715 4469 monasterii
2743 4413 3017 4484 inspectio
3042 4414 3304 4470 attributa
3335 4416 3426 4481 sit,
3455 4397 3581 4474 nec.

323 4509 549 4577 ἑφορεία
607 4510 1113 4574 άνατέθειται,καὶ
1173 4515 1205 4582 ὴ
1267 4513 1376 4567 τῶν
1429 4513 1901 4589 πολυτελεστέρων

2007 4524 2120 4562 non
2145 4507 2620 4578 sumptuosiorum
2650 4507 2848 4562 aedium
2873 4523 3025 4572 usus,
3043 4508 3097 4562 in
3115 4508 3222 4564 hoc
3241 4515 3578 4568 monasterio

322 4600 642 4669 οἰκημάτων
668 4601 885 4670 χρῆσις,
931 4604 989 4655 ἐν
1024 4601 1198 4675 ταύτῃ
1242 4605 1309 4674 τῇ
1357 4605 1491 4674 μονῇ
1527 4605 1800 4676 αῑρετίσαι
1838 4605 1900 4657 τὸ

2003 4600 2231 4671 sepeliri
2283 4615 2526 4669 unquam
2575 4600 2804 4671 elegerit
2849 4601 3050 4670 (neque
3094 4602 3240 4656 enim
3278 4603 3577 4660 absurdum

322 4693 564 4762 ταφῆναι
601 4693 724 4765 (οὐκ
761 4693 989 4757 ἀπεικὸς
1020 4693 1126 4763 γάρ
1169 4693 1290 4746 οὐδέ
1336 4694 1466 4765 περὶ
1493 4693 1684 4748 τούτου
1717 4695 1902 4749 διαλα-

2008 4691 2176 4746 fuerit
2203 4689 2272 4746 de
2315 4689 2427 4745 illis
2459 4691 2670 4761 agere),
2706 4691 2752 4747 si
2795 4693 3102 4748 monastieo
3129 4693 3352 4764 quidem
3386 4696 3577 4754 habitu

323 4783 462 4854 θεῖν)
489 4797 502 4812 ’
551 4786 611 4837 τδ
655 4786 941 4855 μοναδικὸν
995 4785 1096 4856 μέν
1146 4787 1650 4856 μεταμφιασαμένη
1711 4787 1899 4858 σχῆμα

2009 4781 2162 4838 indui
2194 4782 2455 4848 voluerit,
2490 4782 2544 4836 id
2575 4797 2744 4852 penes
2780 4783 2930 4838 illam
2955 4785 3062 4839 erit
3092 4784 3248 4854 (alias
3276 4801 3431 4852 vero,
3459 4795 3576 4842 nul.

327 4877 542 4940 ἐξέσται
583 4876 740 4930 τοῦτο
773 4877 946 4948 αὐτῇ·
982 4877 1156 4942 ἄλλως
1189 4877 1246 4932 δέ
1289 4878 1560 4949 οὐδαμῶς,
1599 4880 1692 4933 καὶ
1735 4881 1900 4934 τόπον

2008 4873 2281 4945 latenus);
2321 4881 2378 4929 et
2403 4875 2582 4929 locum
2637 4873 2862 4930 habebit
2894 4875 2951 4931 in
2993 4877 3254 4933 exteriori
3303 4880 3580 4935 vestibulo

324 4965 468 5032 ἕξειν
499 4969 554 5020 ὲν
586 4967 664 5039 τῷ
695 4969 1022 5038 ἐξωάρθηκι.
1060 4969 1141 5032 είς
1177 4967 1275 5039 τὴν
1325 4968 1616 5024 κατάθεσιν
1647 4968 1742 5023 τοῦ
1771 4967 1898 5024 ίδίου

2008 4965 2077 5020 ad
2119 4965 2403 5022 cadaveris
2452 4964 2536 5022 sui
2585 4965 3026 5037 depositionem,
3069 4983 3344 5038 suumque
3391 4972 3577 5041 sepul-

324 5056 601 5126 λειψάνου,
636 5058 728 5112 τὸν
768 5060 967 5112 οἰκεῖον
998 5058 1168 5128 τάφον
1219 5057 1363 5113 κατὰ
1414 5059 1474 5113 τὸ
1522 5059 1715 5114 δοκοῦν
1763 5060 1903 5131 αὐτῇ

1301 5057 1363 5112 ιὰ
1414 5059 1474 5113 τὸ
1522 5059 1715 5114 δοκοῦν
1763 5060 1903 5131 αὐτῇ
2003 5072 2182 5122 crum,
2218 5067 2279 5112 ut
2309 5058 2560 5126 libuerit,
2597 5068 2902 5114 construct.

324 5150 648 5221 ποιουμένη.

395 5239 477 5294 Τὰ
508 5243 829 5312 μνημόσυνα
858 5241 914 5296 δέ
957 5243 1066 5295 τῶν
1096 5242 1268 5307 οὕτως
1299 5244 1356 5297 ἐν
1382 5242 1554 5315 ταύτῃ
1588 5242 1902 5314 ταφησομέ-

2073 5242 2644 5298 Commemoratioues
2677 5258 2809 5298 vero
2855 5261 3046 5300 earum
3092 5263 3218 5319 quae
3251 5251 3330 5305 sic
3376 5251 3431 5306 in
3485 5251 3579 5306 illo

321 5346 451 5394 νων,
484 5333 578 5385 καὶ
603 5335 657 5387 αῖ
682 5334 739 5386 ἐν
766 5337 878 5398 τοῖς
904 5333 1096 5402 τάφοις
1119 5333 1303 5388 αὐτῶν
1331 5333 1630 5404 φωταψίαι,
1661 5333 1771 5386 τῶν
1803 5334 1904 5403 μὲν

1999 5333 2362 5404 sepelientur,
2400 5341 2456 5387 et
2498 5331 2795 5388 luminaria
2844 5336 3138 5392 inearum
3192 5342 3479 5410 sepulcris.
3529 5343 3574 5396 si

329 5420 621 5492 μηδοτιοῦν
661 5425 719 5478 ἐν
769 5427 836 5496 τῇ
893 5428 1027 5494 μονῇ
1086 5425 1518 5495 αίρετισαμένων
1570 5425 1900 5496 ἀφιερῶσαι,

1999 5425 2223 5496 quidem
2248 5423 2388 5479 nihil
2414 5427 2754 5481 monasterio
2779 5443 3106 5485 consecrare
3130 5433 3573 5493 voluerint,lleut

1564 5565 2026 5631 Montfauconii
2077 5572 2238 5630 nota

399 5682 510 5757 ’(94)
541 5683 1029 5757 ’ῌπταπᾴσιαδονς
1047 5683 1294 5739 Officium
1314 5686 1488 5740 sancti
1510 5685 1617 5757 olei
1644 5702 1672 5742 a
1687 5695 1896 5756 septem

2006 5693 2236 5741 vocatur
2287 5685 2566 5757 εὐκέλαιον
2591 5702 2661 5757 eo
2716 5686 2862 5757 quod
2916 5686 3226 5757 oratioolei
3258 5691 3571 5746 unctionem

322 5755 706 5809 sacerdotibus
730 5754 1144 5826 celebrandum,
1175 5770 1309 5810 voce
1337 5756 1642 5826 composita
1665 5757 1735 5810 ab
1751 5754 1898 5811 ἐπτὰ
2007 5754 2552 5826 εειηρθτεοιτῆίειιιτ.
2575 5754 2788 5812 Goarus
2805 5757 2858 5811 in
2878 5757 3036 5812 Notis
3048 5756 3116 5811 ad
3130 5755 3379 5814 OlIicium
3399 5761 3572 5817 sancti

319 5832 542 5897 septem,
595 5833 651 5880 et
703 5824 912 5891 παπὰς,
967 5825 1255 5895 presbyter
1307 5825 1535 5880 :oleum
1593 5827 1893 5883 veroillud
2002 5824 2376 5882 oleiIEuchol.
