4102 6282
392 315 530 380 11θὸ

1841 323 2201 389 TYPICUM‘.

3452 330 3478 339 "
3507 327 3649 391 Ποῦ

388 433 667 505 ὑπεραγίᾳ
722 452 823 505 μου
860 435 1108 508 Θεοτόκῳ
1161 441 1228 508 τῇ
1268 439 1707 510 κεχαριτωμένη.
1756 442 1851 493 καὶ
1898 441 1963 509 τῇ

2073 456 2213 511 ραι-ευ
2243 442 2416 513 gratia
2455 443 2626 513 plena:
2648 452 2893 513 accepta,
2918 459 3041 513 qua:
3066 451 3260 498 vestra:
3286 459 3507 515 quoque
3539 448 3650 500 uti-

383 525 625 598 ώφελείᾳ
653 527 807 596 ὑμῶν
837 529 936 582 οὑκ
985 531 1140 598 ὀλίγα
1166 531 1570 585 λυσιτελοῦντα.
1633 533 1792 602 Ὑμῖν
1822 532 1878 585 δὲ
1906 534 1964 585 τὸ

385 618 515 685 ἑξῆς
551 618 777 688 μελήσει
809 621 1043 688 φυλάξαι
1088 624 1528 694 ἁπαράθραυστά
1557 642 1615 677 τε
1640 627 1733 678 καὶ
1765 626 1965 695 ἀπερι-

386 711 585 779 ποίητα
639 710 798 781 μέχρι
836 714 1070 776 παντός·
1122 715 1267 784 λέγω
1321 717 1383 783 δὴ
1424 717 1483 769 τὸ
1539 718 1966 787 ἀπαραλείπτως

387 803 485 874 τὴν
514 805 914 873 παραδοθεῖσαν
945 806 1074 876 ὑμῖν
1120 808 1438 861 ἀκολουθίαν
1486 810 1727 864 ἐκτελεῖν
1767 813 1827 864 ὲν
1858 812 1965 864 πά-

389 908 509 954 σαις
542 894 660 956 ταῖς
692 894 940 959 συνάξεσι
968 912 979 924 ·
1017 895 1079 947 τὸ
1117 897 1408 965 φυλάττειν
1458 900 1643 952 πίστιν
1680 902 1772 953 καὶ
1800 901 1966 971 τιμὴν

385 986 484 1054 τὴν
517 986 865 1053 ἁρμόζουσαν
885 991 1002 1051 ταῖς
1029 988 1405 1058 προεστώσαις
1432 991 1586 1057 ὑμῶν
1607 1009 1625 1023 ν
1646 994 1704 1045 τὸ
1727 993 1965 1063 ἀλλήλας

385 1078 633 1146 ἀγαπᾷν,
663 1081 755 1130 καὶ
784 1080 1107 1144 σπουδάζειν
1150 1084 1388 1154 ἑκάστην
1436 1085 1673 1157 ἑκάστης
1707 1089 1964 1157 προέχεν

386 1170 445 1221 ὲν
492 1170 927 1242 μετριοφροσὺνῃ
949 1188 961 1201 ⁸
1001 1177 1298 1243 συμπονεῖν
1324 1176 1380 1229 δὲ
1404 1177 1586 1240 πάσας
1618 1177 1872 1250 ἀλλήλαις
1906 1182 1964 1231 ἐν

385 1261 556 1313 πᾶσιν
585 1261 660 1324 ὼς
694 1261 813 1325 ἐνὸς
842 1262 975 1333 μέλη
1007 1264 1281 1334 σώματος,
1318 1270 1413 1320 καὶ
1444 1269 1514 1320 τὰ
1541 1268 1784 1340 ἀλλήλων
1830 1272 1963 1324 ἁνα-

388 1350 631 1420 πληροῦν
676 1352 1062 1422 ὑστερήματα·
1111 1356 1184 1427 μὴ
1237 1357 1372 1428 πρὸς
1410 1356 1560 1428 ἕρεις
1605 1361 1821 1430 ὁρμᾷν,
1887 1362 1962 1430 μὴ

387 1443 525 1512 πρὸς
556 1443 736 1511 φιλίας
790 1444 1079 1513 ἀπρεπεῖς,
1115 1449 1206 1500 καὶ
1256 1451 1682 1517 παρασυνάξεις,
1725 1454 1817 1504 καὶ
1849 1452 1963 1522 σχί-

387 1551 606 1605 σματαο
666 1537 968 1606 ἀπέχεσθαι
1024 1540 1525 1612 πρωτοκαθεδρίας,
1584 1545 1679 1597 καὶ
1720 1544 1828 1597 τῶν
1874 1562 1965 1597 κο-

390 1625 602 1693 σμικῶν
660 1631 1047 1697 προτιμήσεων
1100 1645 1112 1659 ·
1148 1630 1285 1700 πρὸς
1336 1631 1394 1683 ἓν
1438 1632 1494 1684 δὲ
1531 1634 1693 1702 μόνον
1738 1634 1870 1705 ὁρᾷν
1906 1635 1965 1688 τὸ

385 1715 660 1784 ὲναρέτως
692 1714 792 1786 ζῇν
824 1718 1066 1787 δηλονότι
1104 1722 1196 1774 καὶ
1226 1721 1629 1787 πολιτεύεσθαι,
1668 1728 1761 1780 καὶ
1795 1729 1962 1797 μηδὲν

385 1808 534 1873 ἄλλο,
564 1809 613 1861 εἰ
658 1808 907 1873 δυνατὸν,
941 1812 1222 1875 ἀναπνεῖν,
1271 1814 1303 1884 ἢ
1338 1815 1495 1883 λόγον
1532 1821 1817 1888 σωτήριον,
1872 1823 1962 1873 καὶ

387 1899 494 1951 πᾶν
527 1898 589 1951 τὺ
622 1900 704 1962 είς
726 1901 1019 1972 οἰκοδομὴν
1046 1905 1312 1974 τυγχάνον
1336 1906 1513 1976 ψυχῆς
1545 1908 1638 1962 καὶ
1672 1909 1963 1977 ὠφέλειαν

384 1991 522 2061 πρὸς
551 1992 762 2055 τούτοις
792 1992 1057 2064 ἐξορίζειν
1086 1997 1179 2063 ἀφ’
1220 1998 1376 2066 ὑμῶν
1409 1999 1630 2053 πάντων
1654 2002 1759 2055 τῶν
1781 2003 1968 2057 κακῶν

385 2088 486 2154 τὴν
516 2086 720 2157 πηγὴν,
750 2088 849 2158 τὴν
887 2089 1325 2160 φιλοχρηματίαν
1372 2093 1537 2160 λέγω,
1573 2096 1666 2147 καὶ
1695 2097 1755 2149 τὸ
1790 2114 1967 2167 παρα-

387 2177 694 2246 κερδαίνειν
718 2179 827 2231 ἀπὸ
858 2180 956 2249 τῆς
981 2182 1174 2250 μονῆς,
1206 2183 1238 2253 ἢ
1283 2184 1473 2254 ἑτέρου
1509 2185 1603 2238 τοῦ
1638 2188 1968 2258 οἱουδήτινος

386 2267 615 2334 τρόπου,
650 2269 743 2319 καὶ
763 2269 1079 2322 ἁποτιθέναι
1108 2274 1199 2324 καὶ
1222 2271 1580 2345 θησαυρίζειν
1606 2277 1733 2347 ἄχρι
1757 2279 1965 2331 καὶτοῦ

387 2364 660 2429 τυχόντος,
698 2362 756 2413 ἐν
783 2354 826 2429 ᾧ
866 2361 940 2432 μὴ
980 2363 1277 2433 ηὑῖόκησεν
1311 2366 1343 2435 ἠ
1380 2368 1724 2437 προεστῶσα,
1759 2371 1896 2439 μήτε
1939 2373 1969 2424 ὁ

386 2451 561 2514 δοθεὶς
607 2453 735 2522 ὑμῖν
780 2453 972 2507 Κανῶν
1003 2456 1405 2528 συνεχώρησεν.
1457 2459 1532 2511 Οὑ
1566 2460 1672 2529 μὴν
1703 2460 1820 2513 ἀλλ’
1859 2462 1968 2514 οὐδ’

388 2540 448 2605 ἐξ
475 2543 756 2613 ἀμελείας,
790 2545 824 2616 ἧ
878 2563 1024 2609 τινος
1054 2547 1245 2619 ἑτέρας
1292 2554 1753 2621 καταφρονήσεως
1786 2554 1882 2624 ὲᾷν
1913 2570 1967 2606 τι

389 2635 496 2686 τῶν
531 2635 629 2704 τῆς
669 2637 835 2706 μονῆς
864 2639 1338 2711 παραπόλλυσθαι.
1375 2639 1521 2694 Ἷσον
1544 2644 1651 2712 γὰρ
1678 2645 1771 2696 καὶ
1808 2644 1969 2699 τοῦτο

390 2725 468 2794 τῷ
494 2728 766 2797 προτέρῳ,
820 2731 924 2782 κᾶν
982 2748 1033 2783 τι
1065 2730 1344 2802 διαφέρειν
1380 2734 1534 2805 δοκῇ,
1583 2740 1677 2789 καὶ
1716 2740 1809 2807 τῆς
1844 2739 1968 2810 ἴσης

394 2819 587 2887 ὲνοχῆς
618 2820 770 2887 παρὰ
795 2821 874 2889 τῷ
901 2821 1019 2890 Θεῷ
1047 2824 1304 2892 πρόξενον
1331 2841 1346 2855 ’
1372 2826 1471 2895 τὴν
1503 2829 1815 2899 παρρησίαν
1871 2834 1968 2905 ὅση

390 2908 619 2981 δύναμις
650 2913 968 2975 ἐκκοπτέον,
992 2915 1082 2965 καὶ
1119 2913 1205 2967 ἵνα
1235 2917 1472 2970 συνελὼν
1504 2920 1660 2985 εἴπω,
1699 2923 1807 2975 πᾶν
1838 2924 1866 2977 ὅ
1894 2928 1969 2998 μὴ

392 3002 477 3073 εῖη
505 3004 641 3073 πρὸς
683 3005 959 3073 σωτηρίαν
987 3005 1216 3076 ὁδηγοῦν
1249 3008 1590 3065 ἐκδιωκτέον.

462 3186 553 3257 Μὴ
578 3182 692 3254 οὖν,
730 3181 775 3240 ὦ
804 3187 1130 3258 τιμιώταταί
1170 3208 1273 3260 μου
1307 3194 1560 3264 μητέρες,
1600 3198 1868 3270 μηδαμῶς
1898 3206 1967 3261 τὰ

393 3278 698 3348 βλάπτοντα
726 3281 1178 3351 προτιμήσωμεν,
1203 3283 1270 3337 τὰ
1304 3285 1360 3339 δὲ
1393 3285 1639 3349 σώζοντα
1681 3295 1965 3365 παραδρά-

395 3386 605 3438 μωμεν.
635 3368 768 3421 Οὐδὲ
806 3368 913 3438 γάρ
937 3387 988 3421 τι
1021 3369 1128 3423 τῶν
1159 3373 1574 3442 παραδοθέντων
1607 3378 1735 3447 ὑμῖν
1765 3381 1963 3437 ἀδύνα-

389 3479 503 3522 τον,
548 3460 1077 3531 ἢδυσκατόρθωτον.
1132 3463 1192 3516 Εἰ
1248 3463 1302 3517 δὲ
1339 3466 1431 3519 καί
1478 3484 1530 3520 τι
1582 3469 1788 3526 τούτων
1836 3475 1965 3544 ἴσως

388 3551 630 3606 τοιοῦτον
662 3552 956 3622 νομίζοιτο,
983 3554 1099 3607 ἀλλ’
1123 3556 1544 3627 ἀγωνισώμεθα,
1577 3563 1695 3618 ἀλλ’
1735 3567 1965 3637 ὑπομεε.

389 3659 587 3711 νωμεν,
620 3641 754 3696 ἀλλά
778 3645 1229 3716 καρτερησωμεν,
1255 3647 1507 3720 φέρωμεν
1536 3657 1818 3723 γενναίως,
1845 3659 1963 3731 βια-

389 3734 610 3805 σώμεθα
653 3737 848 3807 μικρὸν
880 3738 1100 3800 ἑαυτάς.
1133 3738 1206 3790 Οὑ
1243 3742 1349 3811 γὰρ
1387 3744 1626 3810 ἀνέσεως
1669 3750 1834 3806 ἕνεκα
1869 3755 1967 3808 καὶ

386 3829 596 3897 τρυφῆέ
647 3831 738 3883 τὸν
769 3828 972 3896 κόσμον
1018 3829 1337 3884 κατελίπετε
1361 3873 1377 3898 ,
1429 3836 1565 3890 ἀλλά
1599 3842 1835 3909 σπουδῆς
1870 3847 1964 3899 καὶ

386 3920 618 3985 ἀγῶνος,
653 3918 712 3969 τὸ
758 3917 901 3970 κατὰ
933 3918 1187 3989 δύναμιν,
1223 3922 1359 3991 πρὸς
1416 3926 1476 3978 τὸ
1527 3933 1708 3999 τυχεῖν
1751 3933 1859 3986 τῶν
1904 3939 1963 3990 ὲν

388 4009 744 4076 ἐπαγγελίαις
772 4009 1011 4076 ἀγαθῶν.
1033 4012 1354 4082 Βιασώμεθα
1397 4017 1489 4070 οὖν
1519 4020 1737 4086 ἑαυτὰς,
1766 4023 1965 4093 βιασώ-

391 4101 548 4169 μεθα.
595 4118 613 4151 ι
648 4099 848 4170 Βιαστὴ
884 4118 902 4151 ι
933 4102 1042 4173 γάρ
1085 4122 1101 4153 ι
1128 4104 1276 4158 ἐστιν
1308 4108 1340 4176 η
1371 4108 1618 4177 βασιλεία
1653 4112 1760 4166 τῶν
1796 4117 1963 4186 οὐρα-

389 4192 515 4253 νῶν,
552 4192 648 4245 καὶ
677 4192 891 4262 βιασταὶ
936 4195 1277 4265 ἁρπάζουσιν
1309 4202 1502 4271 αὑτήν.
1542 4222 1561 4255 ι
1606 4205 1793 4270 Οὐδεὶς
1822 4210 1961 4279 ἀμε-

386 4283 494 4338 λῶν
514 4285 708 4349 ἔστησε
737 4288 996 4355 τρόπαιον
1019 4303 1034 4317 ⁸
1064 4289 1241 4353 οὑδεὶς
1263 4292 1558 4348 ὑπνώττων
1582 4298 1676 4352 καὶ
1706 4300 1963 4370 ὀνειρώτ-

387 4394 493 4431 των
547 4378 637 4429 τὸν
690 4377 883 4430 ἑαυτοῦ
935 4378 1194 4451 πολέμιον
1256 4384 1629 4454 ἐτροπώσατο.
1706 4389 1960 4447 Ἐκείνων

2068 533 2208 588 litati
2237 549 2344 589 non
2380 550 2571 605 parum
2613 538 2921 590 conferant.
2956 535 3208 590 Vestrum
3241 536 3347 589 erit
3384 538 3647 607 deinceps

2067 639 2130 678 ea
2178 641 2398 695 semper
2444 627 2697 690 infracta,
2739 637 2795 682 et
2827 628 2978 682 ttullo
3028 627 3404 682 additamento
3449 629 3647 684 atl‘eeta

2068 720 2349 776 custodire
2377 738 2391 778 :
2417 721 2541 777 dico
2570 731 2755 777 autem
2785 723 3044 777 traditum
3075 723 3228 777 vobis
3252 720 3494 777 ofﬁcium
3525 723 3647 776 sine

2069 813 2368 868 omissione
2399 815 2453 868 in
2486 814 2744 885 onmibus
2783 815 3151 870 conventibus
3186 815 3498 885 persolvere
3530 832 3543 867 :
3581 814 3645 866 ii-

2070 904 2194 958 dem
2246 914 2302 958 et
2349 905 2615 961 honorem
2661 883 2941 976 praefectis
2995 907 3196 961 vestris
3247 916 3645 977 congruentem

2068 1011 2291 1051 servare
2313 1013 2328 1062 ;
2352 1012 2452 1051 vos
2484 997 2718 1052 invicem
2756 1014 2963 1060 amare,
2991 1009 3045 1053 ct
3075 999 3299 1054 studere
3327 1006 3389 1053 ut
3419 998 3646 1069 singulm

2066 1084 2301 1155 singulis
2331 1086 2603 1141 modestia
2642 1089 2912 1143 antecatis
2947 1105 2960 1141 :
2994 1088 3150 1158 quasi
3196 1088 3361 1143 unius
3400 1087 3647 1157 corporis

2067 1176 2316 1231 membra
2348 1177 2403 1231 in
2447 1178 2707 1233 omnibus
2758 1194 2953 1235 omnes
3004 1181 3271 1234 auxilium
3309 1193 3501 1237 mutuo
3544 1181 3647 1234 im-

2067 1269 2332 1338 pendere,
2382 1279 2439 1325 et
2482 1271 2603 1325 alia:
2650 1270 2883 1325 aliarum
2934 1271 3187 1327 delectus
3230 1274 3533 1344 supplere:
3578 1271 3644 1325 ad

2065 1361 2268 1430 iurgia,
2316 1362 2384 1416 ad
2435 1361 2760 1418 indecentes
2814 1365 3105 1428 amicitias,
3159 1366 3223 1419 ad
3275 1367 3647 1422 clandestinos

2067 1462 2396 1518 conventus,
2427 1462 2485 1509 et
2529 1455 2595 1508 ad
2639 1455 2867 1510 dissidia
2921 1471 3266 1526 nequaquam
3303 1457 3643 1527 procedere:

2068 1545 2345 1600 abstinere
2374 1561 2403 1599 a
2437 1546 2622 1601 studio
2658 1546 2860 1614 prioris
2888 1560 3204 1610 consessus,
3229 1558 3283 1600 et
3307 1563 3338 1603 a
3367 1546 3646 1602 saeculari-

2070 1639 2172 1694 bus
2213 1639 2620 1710 prarogativis;
2662 1650 2720 1694 et
2766 1639 2833 1694 ad
2884 1655 3054 1694 unum
3105 1640 3399 1710 respicere,
3449 1655 3646 1710 nempe

2070 1740 2132 1785 ut
2182 1732 2238 1785 in
2275 1733 2480 1787 virtute
2520 1732 2689 1787 vitam
2745 1733 3080 1805 transigatis,
3123 1740 3178 1788 et
3211 1732 3353 1787 nihil
3384 1731 3554 1795 aliud,
3598 1732 3645 1787 si

2072 1824 2189 1879 ﬁeri
2229 1833 2452 1894 potest,
2488 1823 2775 1894 respiretis
2822 1840 2986 1893 quam
3038 1824 3264 1879 verbum
3298 1824 3561 1886 salutare.
3590 1834 3648 1880 et

2071 1917 2445 1988 quodcunque
2485 1917 2555 1972 ad
2581 1916 2776 1972 animae
2812 1915 3232 1972 aedificationem
3265 1925 3321 1971 et
3350 1914 3647 1972 utilitatem

2070 2009 2352 2064 conducit.
2375 2008 2457 2063 Ad
2483 2009 2602 2063 haec
2631 2009 3001 2063 exterminare
3024 2023 3054 2061 a
3078 2007 3236 2062 vobis
3261 2007 3507 2063 omnium
3539 2021 3650 2061 ma-

2070 2103 2251 2157 lorum
2287 2102 2521 2166 fontem,
2557 2101 2807 2171 pecuniae
2855 2101 3213 2170 cupiditatem
3247 2099 3391 2165 dico,
3427 2108 3484 2154 et
3526 2114 3649 2155 sor-

2073 2192 2264 2248 didum
2296 2194 2541 2257 lucrum,
2587 2208 2618 2248 e
2658 2192 2978 2247 monasterii
3012 2192 3202 2259 rebus,
3240 2200 3336 2246 aut
3364 2192 3473 2245 alio
3508 2206 3649 2261 quo-

2072 2285 2156 2339 vis
2189 2284 2354 2339 modo
2390 2284 2635 2347 factum;
2689 2299 2792 2340 nec
2824 2284 3122 2354 quidquam
3161 2282 3517 2354 quantumvis
3550 2283 3650 2338 mi-

2070 2378 2283 2431 nimum
2325 2377 2631 2431 recondere
2676 2385 2731 2430 et
2766 2376 3164 2440 thesaurizare,
3196 2375 3341 2445 quod
3378 2374 3650 2446 praelecta:

2071 2483 2185 2522 non
2211 2469 2457 2531 libuerit,
2479 2478 2536 2522 et
2567 2467 2771 2539 Regula
2795 2468 2955 2523 vobis
2988 2467 3185 2522 tradita
3214 2482 3324 2521 non
3353 2482 3647 2523 concesse-

2073 2559 2175 2626 rit;
2228 2560 2324 2614 sed
2373 2575 2475 2614 nec
2523 2560 2738 2614 incuria
2766 2569 2861 2615 aut
2887 2561 2995 2615 alio
3025 2562 3283 2631 quopiam
3320 2569 3645 2631 contemptu

2071 2651 2258 2706 sinere
2305 2650 2514 2721 aliquid
2551 2652 3210 2722 monasteriLdeperire;
3251 2655 3460 2723 :equalc
3498 2654 3649 2710 enim

2073 2742 2180 2798 hoc
2208 2750 2294 2797 est
2316 2741 2411 2796 illo
2437 2741 2639 2810 priori;
2667 2758 2732 2797 ac
2760 2742 2890 2797 licet
2916 2742 2970 2797 in
2999 2743 3186 2813 aliquo
3214 2743 3437 2800 differre
3466 2744 3650 2800 videa-

2076 2846 2182 2900 tur,
2223 2835 2340 2906 pari
2377 2844 2558 2890 tamen
2599 2850 2740 2890 noxa
2768 2835 2913 2905 apud
2949 2836 3118 2890 Deum
3151 2837 3486 2907 obstringit:
3516 2851 3652 2892 con-

2076 2929 2302 2986 ﬁdentia
2335 2938 2603 2998 quantum
2654 2928 2775 2983 ﬁeri
2822 2937 3006 2999 potest
3041 2929 3281 2984 arcenda
3327 2940 3430 2994 est,
3467 2940 3541 2993 et,
3597 2939 3651 2986 ut

2073 3020 2386 3074 summatim
2424 3019 2623 3084 dicam,
2657 3019 2927 3089 quidquid
2959 3019 3026 3074 ad
3059 3020 3288 3075 salutem
3324 3036 3434 3075 non
3474 3020 3644 3083 ducit.

2073 3110 2495 3166 eﬁnnnandunh

2144 3202 2472 3259 Nullatenus
2523 3203 2713 3274 igitur,
2748 3202 3188 3259 honoratissimae
3234 3215 3440 3261 matres
3490 3220 3645 3269 meae,

2073 3308 2196 3364 quae
2238 3301 2443 3348 nocent
2488 3293 2666 3365 pluris
2710 3283 2999 3359 faciamus,
3033 3304 3089 3350 et
3128 3311 3250 3367 qua:
3293 3297 3360 3351 ad
3411 3299 3646 3354 salutem

2072 3385 2366 3442 conferunt
2392 3386 2900 3455 prmtermittamus.
2928 3388 3079 3444 Nihil
3122 3389 3270 3443 enim
3299 3404 3491 3444 eorum
3525 3407 3648 3460 qua:

2071 3479 2231 3535 vobis
2273 3478 2471 3535 tradita
2513 3486 2645 3533 sunt
2677 3479 3017 3550 impossibile
3057 3489 3142 3536 est
3170 3490 3265 3536 aut
3298 3481 3366 3536 ad
3412 3497 3648 3537 exsecuc

2072 3573 2278 3628 tionem
2310 3554 2581 3637 arduumi
2614 3571 2658 3627 si
2693 3571 2828 3642 quid
2875 3587 3008 3628 vero
3057 3573 3279 3629 illorum
3331 3574 3647 3645 bujusmodi

2069 3663 2212 3719 forte
2245 3672 2557 3732 reputelur,
2591 3675 2648 3718 at
2672 3663 3042 3731 decertemus,
3074 3674 3130 3721 at
3163 3667 3553 3730 sustineamus,
3589 3678 3647 3721 at

2070 3769 2513 3824 perseveremus,
2554 3754 2800 3813 feramus
2830 3773 3118 3828 generose,
3164 3760 3449 3830 paululum
3487 3761 3646 3815 nobis

2073 3847 2208 3918 ipsis
2241 3847 2353 3902 vim
2408 3848 2731 3906 inferamus.
2788 3850 2909 3906 Non
2942 3853 3091 3907 enim
3144 3854 3504 3909 relaxationis
3551 3863 3646 3909 aut

2070 3940 2375 4008 voluptatis
2390 3956 2554 3997 causa
2586 3942 2852 3998 mundum
2880 3944 3205 4013 reliquistis,
3224 3946 3318 4001 sed
3348 3945 3645 4018 diligentia:

2071 4039 2128 4086 et
2164 4034 2481 4088 certaminis
2521 4049 2622 4103 pro
2655 4036 2889 4098 viribus,
2924 4045 2984 4091 ut
3015 4038 3286 4107 promissa
3317 4038 3460 4093 bona
3490 4053 3643 4095 asse—

2072 4123 2343 4192 quamini.
2362 4125 2483 4180 Vim
2510 4126 2678 4196 igitur
2707 4128 2868 4184 nobis
2892 4130 3216 4197 inferamus,
3234 4131 3370 4195 vim,
3397 4133 3638 4201 inquam,

2070 4214 2393 4271 inferamus.
2441 4236 2459 4269 ι
2507 4219 2753 4288 Regnum
2797 4222 2945 4276 enim
2971 4223 3240 4278 caelorum
3274 4225 3384 4277 vim
3413 4224 3641 4291 patitur,

2069 4317 2125 4362 et
2154 4306 2383 4362 violenti
2414 4309 2641 4379 rapiunt
2671 4312 2808 4366 illud
2833 4314 2899 4367 ’³.
2936 4331 2955 4364 ι
2984 4313 3178 4368 Nullus
3214 4314 3495 4384 negligens
3530 4322 3643 4369 tro-

2068 4397 2286 4467 pbaeum
2307 4400 2520 4454 erexit:
2545 4416 2707 4455 nemo
2732 4401 3014 4457 dormiens
3034 4413 3090 4458 et
3117 4404 3399 4459 somnians
3427 4404 3639 4461 hostem

386 4470 522 4521 εἰσὶν
551 4471 619 4536 οῖ⁸
649 4470 902 4539 στέφανοι
937 4470 1029 4525 καὶ
1063 4472 1129 4526 τὰ
1160 4476 1421 4545 τρόπαια,
1458 4479 1568 4531 τῶν
1617 4483 1956 4552 κοπιώντων,

2069 4504 2228 4544 suum
2260 4489 2592 4562 proﬂigavit.
2646 4493 2877 4548 Corona:
2920 4503 2978 4548 et
3028 4504 3229 4565 tropaaa
3269 4486 3638 4552 laborantium

385 4559 493 4611 τῶν
548 4558 985 4630 ἀγωνιζομένων,
1034 4564 1143 4616 τῶν
1199 4566 1582 4635 ὑπομενόντων
1631 4573 1699 4625 τὰ
1742 4575 1807 4628 ἐκ
1854 4578 1964 4631 τῶν

387 4650 614 4719 ἀγώνων
664 4655 976 4724 πονήματα.
1015 4675 1031 4706 ι
1072 4657 1171 4711 Διά
1214 4660 1426 4713 πολλῶν
1461 4661 1713 4732 θλίψεων,
1743 4686 1763 4718 ι
1799 4670 1964 4738 φησὶν

386 4741 414 4791 ὁ
449 4741 672 4810 Κύριος,
733 4762 750 4793 ι
803 4743 883 4795 δεῖ
913 4746 1059 4814 ἡμᾶς
1107 4747 1372 4801 εἰσελθεῖν
1421 4751 1500 4824 είς
1544 4753 1644 4822 τὴν
1687 4755 1963 4824 βασιλείαν

385 4832 495 4886 τῶν
546 4834 810 4905 οὐρανῶν.
849 4855 869 4888 ι
936 4837 1129 4891 Τοίνυν
1186 4820 1491 4906 παρακαλῶ
1553 4846 1735 4911 πάσας
1793 4849 1957 4918 ὑμᾶς,

389 4925 555 4989 ἀξίως
585 4926 888 4998 πορεύθητε
923 4929 1024 4997 τῆς
1074 4930 1319 5002 κλήσεως
1360 4934 1533 5005 ὑμῶν.
1561 4940 1960 5010 Παραστήσατε

386 5020 452 5072 τά
482 5019 706 5089 σώματα
731 5022 883 5091 ὑμῶν
908 5022 1038 5091 am
1076 5024 1154 5093 τῷ
1178 5027 1367 5097 Κυρίῳ
1384 5045 1399 5060 ·
1424 5030 1676 5097 ἀγαπᾶτε
1704 5032 1957 5100 ἀλλήλας.

2065 4592 2216 4647 sunt,
2249 4585 2604 4649 certantium,
2635 4596 2693 4640 et
2714 4585 3112 4642 sustinentium
3138 4588 3357 4643 labores
3381 4590 3639 4644 certami~

2066 4690 2224 4729 num.
2277 4694 2295 4727 ι
2349 4675 2454 4731 Per
2500 4678 2703 4732 multas
2758 4679 3177 4746 tribulationes,
3217 4681 3292 4737 ait
3350 4682 3637 4743 Dominus.

2064 4776 2285 4837 oportet
2314 4784 2417 4824 nos
2444 4769 2737 4847 intrarejn
2762 4786 2988 4842 regnum
3014 4775 3278 4830 caelorum
3303 4775 3368 4829 ³⁸.
3400 4793 3417 4826 ι
3451 4774 3640 4844 itaque

2068 4874 2167 4915 vos
2211 4875 2405 4915 omnes
2439 4861 2724 4927 adhortor,
2766 4882 2785 4914 ι
2824 4876 2882 4918 ιιι
2929 4864 3092 4936 digne
3128 4866 3424 4922 ambuletis
3477 4882 3640 4922 voea-

2069 4951 2218 5007 tione
2248 4962 2432 5008 vestra
2456 4954 2525 5008 ³¹.
2562 4973 2581 5006 ι
2627 4954 2897 5012 Exhibete
2931 4972 3164 5027 corpora
3214 4967 3395 5014 vestra
3449 4969 3637 5015 sancta

2068 5043 2340 5099 Domino:
2380 5063 2398 5095 ι
2439 5045 2585 5100 Bene
2628 5047 2839 5101 currite
2888 5050 3231 5119 pr0positum
3272 5048 3429 5104 vobis
3461 5058 3642 5102 certa-

392 5130 409 5160 ι
428 5111 618 5174 Καλῶς
646 5114 867 5184 τρέχετε
895 5116 985 5169 τὸν
1002 5120 1362 5188 προκείμενον
1390 5121 1516 5192 ὑμῖν
1550 5124 1759 5191 ἀγῶνα.
1785 5144 1801 5175 ι
1825 5126 1964 5178 Ὅσα

2069 5150 2189 5189 men
2221 5137 2286 5191 “.
2330 5156 2349 5187 ι
2377 5137 2732 5209 Quaecunque
2764 5141 2930 5204 bona,
2964 5158 3305 5212 qumcunque
3337 5143 3449 5196 Deo
3479 5156 3639 5197 acce-

386 5205 547 5266 καλά,
578 5205 679 5259 ὅσα
735 5207 978 5279 θεοφιλῆ,
1011 5210 1185 5265 ταῦτα
1234 5211 1552 5279 λογίζεσθευ
1603 5215 1639 5269 δι
1691 5218 1964 5287 ἠκούσατε

2069 5235 2174 5297 pta,
2202 5227 2319 5284 haec
2349 5231 2589 5300 cogitate
2614 5252 2626 5286 :
2657 5249 2778 5302 quae
2797 5234 3087 5290 audivistis
3111 5247 3169 5291 et
3197 5235 3492 5297 didicistis,
3523 5234 3640 5288 haec

386 5295 481 5377 καὶ
511 5294 766 5365 ἐμάθετε,
799 5298 971 5351 ταῦτα
1020 5303 1195 5354 ποιεῖν
1232 5303 1306 5374 μὴ
1336 5304 1671 5375 ἀπόσχησθε,
1727 5309 1963 5379 μητέρες

2069 5321 2288 5389 exsequi
2311 5337 2381 5375 ne
2409 5323 2661 5378 cessetis.
2680 5335 2882 5380 sanctae
2913 5336 3135 5391 matres,
3173 5347 3190 5378 ι
3231 5335 3447 5395 tempus
3469 5325 3638 5379 breve

382 5388 560 5453 ἅγιαι,
615 5387 644 5439 ὁ
695 5389 887 5459 καιρὸς
932 5392 1363 5462 συνεσταλμένος
1407 5397 1545 5461 ἐστὶ,
1591 5399 1962 5468 μνημονεύετε

383 5479 493 5530 τῶν
524 5477 713 5548 ψυχῶν
741 5480 769 5532 ὑ
777 5480 916 5551 μῶν.

468 5567 627 5623 Ἀλλά
656 5569 765 5642 γὰρ
818 5572 1174 5631 ἐπιλαθέσθαι
1226 5575 1381 5633 ἔοικα
1427 5579 1671 5651 ἐμαυτῆς
1726 5584 1952 5639 τοιαῦτα

452 5755 497 5786 ⁵⁸
533 5751 727 5809 Matth.
755 5771 832 5826 xl,
865 5757 951 5813 ιε.
1034 5760 1078 5793 ³⁸
1110 5760 1235 5817 Act.
1275 5779 1389 5832 xw,
1413 5764 1502 5821 Ἦ.

1582 5766 1622 5800 ³³
1656 5768 1858 5841 Ephcs.
1894 5786 1968 5836 tv,
2004 5772 2054 5825 l.

2060 5417 2146 5465 est
2168 5409 2239 5477 ³³,
2277 5431 2295 5463 ι
2327 5422 2657 5468 mementote
2681 5416 2988 5470 animarum
3024 5426 3353 5471 vestrarum.

2134 5587 2240 5643 Sed
2283 5588 2454 5645 oblita
2526 5591 2631 5647 mei
2671 5581 2844 5662 ipsius
2872 5592 3082 5654 videor,
3145 5607 3266 5664 quas
3296 5606 3392 5647 vos
3450 5589 3640 5646 isthmc

2131 5774 2175 5805 ³³
2208 5772 2376 5828 llebr.
2413 5790 2509 5841 xu,
2544 5775 2595 5830 1.
2677 5774 2720 5806 ³³
2754 5774 2773 5827 l
2812 5772 2940 5830 Cor.
2972 5788 3077 5839 vn,
3106 5773 3195 5827 29.
