4102 6282
404 303 425 365 1
445 303 538 367 10‘)

1845 291 2201 359 TYPICUM.

3514 281 3655 349 1110

395 414 627 467 ἐλπίδων
657 430 779 485 μου,
818 411 950 484 πρὸς
972 410 1070 475 τὰς
1103 409 1354 474 αἰωνίους
1388 408 1592 481 μετέϐη
1627 407 1854 478 σκηνὰς,
1879 406 1972 460 καὶ

2091 400 2361 471 sperabam
2391 410 2569 470 rapta,
2598 401 2664 454 ad
2689 408 2893 454 aeterna
2922 397 3277 453 tabernacula
3302 394 3657 465 transmigra.

391 503 464 577 ἦν
494 509 790 574 ἀναγκαῖον
837 506 894 559 τδ
917 503 1254 576 διορίσασθαι
1285 503 1385 571 τὴν
1432 501 1708 569 βασιλείαν
1738 517 1839 568 μου
1874 499 1968 552 καὶ

395 601 494 654 ἐπὶ
523 600 733 662 τούτοις
758 597 818 652 τὸ
843 596 1033 652 δοκοῦν
1059 597 1198 668 αὐτῇ
1218 613 1231 626 ’
1263 594 1424 660 τοῦτο
1454 594 1518 666 δὴ
1550 594 1645 648 καὶ
1681 592 1839 656 ποιῶ,
1877 590 1971 645 καὶ

394 692 726 762 διορίζομαι,
762 691 849 744 ἵνα
882 691 1020 760 μετά
1066 689 1163 760 τὴν
1187 689 1327 760 ἐμὴν
1361 687 1454 741 τοῦ
1486 687 1611 757 τῇδε
1638 684 1753 755 βίου
1810 685 1974 754 μετά-

404 803 615 848 στασιν,
643 784 849 856 κατέχῃ
883 783 976 837 καὶ
1003 782 1235 853 νέμηται
1262 783 1295 852 ή
1318 780 1669 845 ποθεινοτάτη
1710 795 1809 848 μου
1844 794 1975 847 πορι-

402 874 805 946 φυρογέννητος
830 872 922 926 καὶ
957 872 1306 941 Καισάρισσα
1352 869 1495 941 κυρά
1526 869 1691 922 Ἀννα
1717 869 1875 938 ἄχρις
1907 866 1973 920 ἂν

400 969 470 1038 ζῇ
501 967 642 1021 κατά
663 967 723 1020 τὸ
750 965 1044 1029 ἀκώλυτον,
1070 964 1133 1016 οὐ
1167 962 1328 1033 μόνον
1357 963 1422 1016 τά
1452 962 1626 1015 πάντα
1658 959 1843 1014 κελλία
1875 959 1974 1012 αὑ-

403 1060 526 1130 τῆς,
562 1061 619 1112 ὲν
642 1056 723 1122 οἷς
748 1058 842 1112 καὶ
873 1057 1054 1127 ζώσης
1079 1054 1214 1127 ἐμοῦ
1242 1057 1340 1127 τὴν
1371 1052 1684 1126 καταμονὴν
1715 1054 1971 1115 ἐποιεῖτο,

402 1148 541 1202 ἀλλὰ
564 1148 627 1218 δὴ
661 1148 754 1202 καὶ
776 1147 952 1201 πάντα
977 1147 1045 1200 τὰ
1073 1146 1131 1198 ἐν
1160 1148 1227 1217 τῇ
1267 1144 1699 1217 Κεχαριτωμένῃ
1743 1143 1978 1213 οἰκήμα-

404 1256 496 1302 τα,
525 1240 625 1293 ὅσα
657 1235 899 1307 δηλονότι
943 1236 1023 1299 είς
1054 1234 1247 1306 χρῆσιν
1279 1235 1526 1305 ὑπῆρχον
1568 1233 1667 1303 τῆς
1698 1230 1976 1302 βασιλείας

408 1348 534 1401 μου,
567 1330 661 1383 καὶ
699 1329 803 1383 τῶν
831 1329 1037 1384 παίδων
1064 1328 1292 1382 καὶτῶν
1322 1326 1648 1399 ὑποχειρίων
1688 1326 1846 1396 ήμῶν
1887 1326 1979 1379 ἀν-

402 1422 546 1491 δρῶν
589 1439 648 1476 τε
697 1422 791 1476 καὶ
835 1421 1132 1490 γυναικῶν,
1167 1422 1266 1475 σὺν
1300 1423 1367 1491 τῇ
1420 1416 1525 1486 ἔξω
1553 1418 1709 1489 αὐλῇ,
1760 1420 1825 1490 τῇ
1856 1419 1974 1471 κατ’

404 1512 621 1566 εὐθεῖαν
654 1512 879 1584 κειμένῃ
920 1512 1017 1582 τῆς
1065 1513 1215 1574 ἐντὸς
1244 1512 1415 1581 αὐλῆς
1454 1511 1562 1566 τῶν
1597 1509 1980 1565 πολυτελεστέ-

405 1621 517 1681 ρων
549 1603 881 1672 οἰκημάτων.
913 1603 1045 1673 Περὶ
1076 1604 1185 1675 γὰρ
1214 1586 1313 1673 τῆς
1339 1604 1508 1673 ἄλλης
1543 1602 1712 1672 αὐλῆς
1738 1602 1772 1673 ἢ
1803 1602 1981 1669 ἀμπε-

405 1694 514 1750 λών
535 1712 665 1750 ποτε
692 1696 1108 1766 χρηματίζουσα
1136 1700 1214 1760 είς
1236 1695 1405 1768 αὐλήν
1439 1693 1811 1768 μετημείφθη,
1847 1710 1982 1765 κρα-

2074 493 2166 556 rit,
2200 500 2257 546 et
2290 507 2514 547 necesse
2547 490 2734 555 fuerit,
2765 500 2825 546 ιιι
2852 489 3145 560 imperium
3196 502 3376 542 meum
3430 487 3500 542 de
3544 486 3654 540 illis

2074 599 2292 656 quoque
2326 593 2611 646 statueret.
2636 585 2780 654 quod
2813 583 2918 638 sibi
2944 581 3123 637 visum
3149 589 3294 638 esset
3327 596 3341 632 :
3380 577 3433 633 id
3452 576 3650 635 eﬂicio.

2073 686 2129 730 et
2151 683 2331 730 statuo
2352 685 2409 730 ut
2436 683 2558 745 post
2599 690 2777 729 meum
2818 690 2884 728 ex
2913 674 3017 728 hac
3046 670 3157 728 vita
3206 671 3534 733 discessum,
3563 667 3652 722 di~

2075 767 2369 823 lectissima
2403 782 2518 821 mea
2551 767 3012 839 porphyrogenita
3037 775 3093 821 et
3122 763 3420 820 Caesarissa
3447 761 3651 817 domna

2076 858 2253 927 Anna,
2280 859 2434 913 nullo
2495 857 2752 913 obstante
2812 858 2903 912 illa
2951 856 3200 912 obtineat
3263 863 3319 909 et
3379 852 3659 924 possideat

2076 951 2252 1007 donec
2283 951 2505 1019 vixerit,
2554 963 2673 1006 non
2714 951 2890 1006 solum
2940 966 3135 1005 omnes
3191 949 3358 1004 cellas
3399 962 3551 1010 suas,
3602 945 3661 999 in

2076 1045 2299 1115 quibus,
2334 1059 2420 1099 me
2451 1058 2671 1114 quoque
2704 1043 2946 1110 vivente,
3005 1042 3329 1105 habitabat,
3367 1038 3462 1095 sed
3493 1039 3657 1094 etiam

2075 1133 2258 1188 omnia
2293 1147 2414 1203 quas
2438 1132 2493 1186 in
2523 1131 2990 1187 Kecharitomene
3023 1146 3120 1186 seu
3152 1128 3534 1199 Gratia-plena
3565 1141 3661 1180 ex-

2077 1234 2224 1281 stant
2253 1224 2554 1287 domicilia,
2610 1239 2955 1295 quaecunque
3011 1223 3273 1279 videlicet
3327 1219 3449 1276 usui
3503 1218 3661 1273 fuere

2079 1317 2347 1388 majestati
2377 1331 2533 1382 meae,
2568 1313 2828 1385 ﬁliisque,
2854 1324 2912 1370 et
2966 1314 3141 1370 servis
3167 1312 3393 1378 nostris,
3419 1309 3552 1365 viris
3606 1317 3664 1364 et

2080 1407 2431 1473 mulieribus,
2471 1421 2598 1463 cum
2634 1406 2914 1461 exteriore
2946 1405 3091 1466 aula,
3150 1419 3274 1475 quae
3326 1404 3432 1458 sita
3499 1409 3586 1455 est
3630 1416 3662 1454 e

2080 1500 2303 1568 regione
2329 1497 2615 1553 interioris
2632 1497 2769 1552 aula:
2789 1496 3259 1565 sumptuosiorum
3278 1493 3498 1548 aedium.
3524 1492 3664 1546 Nam

2080 1589 2227 1660 quod
2265 1589 2332 1645 ad
2362 1588 2523 1643 aliam
2567 1588 2771 1654 aulam,
2806 1602 2928 1657 qua:
2957 1601 3082 1641 cum
3110 1586 3240 1640 olim
3266 1585 3425 1639 vinea
3448 1583 3662 1647 fuisset,

2084 1684 2139 1755 in
2169 1683 2349 1738 aulam
2380 1688 2590 1736 mutata
2621 1687 2725 1742 est,
2778 1677 3056 1733 obtinebit
3092 1675 3238 1747 quod
3274 1674 3472 1746 quovis
3524 1683 3666 1728 tem-

405 1783 560 1852 τήσει
589 1784 622 1854 ἡ
653 1783 781 1855 περὶ
807 1782 975 1851 αὐτῆς
1002 1786 1134 1854 παρ’
1151 1784 1292 1860 ,ἐμοῦ
1316 1766 1655 1856 γενησομένη
1686 1785 1977 1855 ὁτεδήποτε

2091 1790 2215 1846 pore
2240 1773 2506 1843 scriptum
2538 1772 2685 1826 circa
2712 1769 2861 1824 illam
2885 1771 3169 1825 decretum
3197 1766 3357 1822 edam
3381 1783 3395 1820 :
3424 1778 3527 1820 nec
3548 1770 3661 1817 nOn

404 1872 683 1945 ἔγγραφος
708 1874 1024 1947 πρόσταξις.
1058 1877 1179 1930 Ἔτι
1205 1894 1268 1946 γε
1291 1877 1398 1948 μὴν
1431 1880 1527 1932 καὶ
1545 1881 1645 1949 τὴν
1678 1877 1978 1948 ἐκκλησίαν

405 1963 501 2017 τοῦ
528 1964 686 2032 ἁγίου
720 1965 1056 2036 Δημητρίου,
1100 1966 1196 2019 σὺν
1244 1969 1354 2028 τοῖς
1406 1966 1529 2020 δυσὶ⁸
1563 1966 1833 2036 λουτροῖς,
1884 1966 1981 2021 καὶ

405 2058 471 2127 τῇ
499 2056 659 2127 τρίτῃ
689 2056 873 2128 μερίδι
911 2057 1004 2110 τοῦ
1044 2058 1407 2137 (εἰσαγομένου
1445 2058 1503 2112 ὲν
1529 2060 1642 2123 τοῖς
1670 2059 1770 2130 τῆς
1808 2059 1979 2130 μονῆς

410 2145 608 2217 βρυτοῦ
631 2146 845 2213 ὓδατος,
867 2132 1049 2214 καθὼς
1071 2132 1313 2220 δηλονότι
1334 2150 1462 2219 παρ’
1481 2149 1614 2221 ἐμοῦ
1638 2150 1980 2220 κατέχονται,

410 2235 705 2306 ὀφείλουσα
733 2239 915 2293 πᾶσαν
951 2237 1096 2309 ἔχειν
1123 2238 1309 2293 ἄδειαν
1346 2238 1445 2293 καὶ
1488 2240 1552 2293 ὲκ
1597 2239 1790 2309 καινῆς
1819 2239 1982 2311 ἕτερα

407 2327 684 2397 οἰκήματα
718 2328 1054 2400 ἀνεγείρειν,
1101 2325 1188 2383 οἵα
1217 2329 1488 2400 βούλεται,
1531 2331 1624 2384 καὶ
1660 2330 1727 2384 τά
1752 2331 1881 2384 ὄντα
1912 2332 1982 2385 τά

408 2433 469 2472 τε
511 2419 816 2473 δεσποτικὰ
844 2422 939 2474 καὶ
966 2420 1033 2474 τά
1069 2420 1205 2475 ἄλλα
1234 2420 1479 2474 ἀλλοιοῦν
1514 2421 1590 2484 ὡς
1638 2420 1705 2475 ἂν
1738 2420 1981 2490 αἱρῆται,

410 2507 509 2561 καὶ⁸
536 2512 850 2579 μεταποιεῖν
875 2513 956 2574 είς
983 2509 1012 2563 δ
1040 2510 1186 2565 θέλει
1216 2511 1436 2582 σχῆμω
1469 2512 1627 2565 τοῦτο
1675 2512 1834 2582 μόνον
1881 2529 1985 2566 πα-

413 2597 854 2669 ραφυλάττουσα,
885 2600 946 2653 τὸ
978 2601 1131 2669 μήτε,
1160 2600 1328 2670 βάρος
1359 2602 1477 2655 νέον
1506 2601 1822 2674 οἱονδήποτε
1864 2603 1985 2655 ὲπι-

408 2688 588 2743 θεῖναι
610 2689 689 2760 τῷ
718 2690 966 2761 διαιρέτῃ
991 2691 1155 2760 τοίχῳ
1176 2692 1504 2762 ἀμφοτέρων
1526 2692 1634 2745 τῶν
1670 2693 1866 2762 μονῶν,
1891 2692 1986 2746 τοῦ

414 2795 474 2830 τε
504 2778 889 2850 Φιλανθρὼπου
939 2780 1165 2851 δηλαδὴ,
1210 2781 1306 2834 καὶ
1358 2781 1459 2851 τῆς
1505 2782 1988 2853 Κεχαριτωμένης,

418 2870 560 2941 μήτε
590 2869 697 2942 μὴν
722 2872 1048 2926 κατοπτείαν
1072 2872 1216 2943 ἔχειν
1243 2872 1362 2925 κατ’
1393 2873 1591 2927 αὐτῶν.
1878 2898 1881 2899 ν

487 2950 643 3014 Μετὰ
672 2961 729 3015 δὲ
780 2961 1110 3033 παρέλευσιν
1152 2963 1341 3034 αὐτῆς,
1378 2963 1467 3016 ἵνα
1508 2963 1605 3035 ἔχῃ
1652 2964 1753 3033 τὴν
1797 2964 1992 3035 χρῆσιν

424 3051 519 3104 καὶ
573 3053 809 3124 κατοχὴν
837 3054 932 3107 καὶ
958 3054 1139 3125 νομὴν.
1175 3054 1282 3107 τῶν
1321 3053 1829 3123 ἀναγεγραμμένων
1860 3055 1995 3108 πάν-

414 3160 528 3197 των
577 3144 849 3214 ἀκινήτων
886 3146 984 3198 καὶ
1020 3144 1227 3213 λοιπῶν
1275 3144 1523 3209 δικαίων,
1564 3146 1596 3215 ή
1634 3146 1992 3217 ποθεινοτάτη

426 3253 529 3307 μου
584 3236 784 3307 ὲγγόνη
823 3237 967 3307 κυρά
1018 3238 1288 3309 Εἰρήνηή
1343 3235 1635 3302 Δυύκαινα,
1673 3237 1707 3306 ή
1746 3237 1995 3308 θυγάτηρ

420 3327 522 3397 τῆς
556 3328 730 3398 κυρᾶς
780 3328 1001 3397 Ἀννης,
1045 3328 1184 3382 κατά
1212 3329 1272 3382 τὸ
1322 3328 1666 3384 ἀδιάστικτον
1701 3329 1792 3381 καὶ
1825 3330 1994 3382 ἀνυπ-

421 3422 707 3493 εξαίρετον
726 3438 742 3454 ⁸
777 3422 941 3493 μόνον
985 3422 1353 3493 καταλυθῆναι
1382 3422 1705 3493 ὀφειλόντων
1739 3422 1875 3493 μετά
1897 3422 1996 3492 τὴν

420 3515 517 3567 τοῦ
546 3515 672 3586 τῇδε
704 3514 823 3587 βίου
855 3515 1193 3584 μετάστασιν
1222 3516 1319 3586 τῆς
1352 3514 1866 3587 πορφυρογεννήτου
1902 3532 1997 3567 κυ-

425 3608 525 3675 ρᾶς
557 3608 777 3679 Ἀννης,
810 3608 918 3661 τῶν
972 3607 1397 3681 ἀπῃωρημένων
1426 3608 1746 3677 οίκημάτων
1796 3605 1997 3671 ἔξωθεν

420 3698 514 3752 τοῦ
546 3699 819 3771 διαιρετου
871 3698 1076 3767 τοίχου,
1118 3698 1214 3751 καὶ
1262 3696 1682 3753 ἀποϐλεπόντων
1717 3698 1854 3767 πρὸς
1904 3699 1997 3751 τὸν

421 3790 600 3859 κῆπον
627 3790 724 3861 τῆς
754 3788 847 3842 τοῦ
890 3787 1281 3858 Φιλανθρὼπου
1316 3788 1502 3858 μονῆς,
1534 3790 1590 3840 ὲν
1624 3782 1705 3851 οἷς
1754 3788 1996 3858 δηλονότι

425 3883 670 3949 σήμερον
709 3878 1007 3948 καταμένει
1061 3878 1096 3947 ἡ
1135 3877 1435 3947 δηλωθεῖσα
1457 3877 1992 3948 πορφυρογέννητος,

418 3969 728 4037 ὀφείλοντος
776 3968 872 4021 τοῦ
926 3967 1171 4021 τοιούτου
1221 3968 1402 4038 τοίχου
1456 3967 1739 4037 ὑψωθῆναι
1789 3968 1884 4021 καὶ
1917 3967 1997 4021 ἔτι

426 4060 622 4129 πήχεις
651 4058 764 4113 δύο.
807 4057 963 4113 Μετά
988 4058 1043 4112 δὲ
1099 4058 1358 4126 τελευτὴν
1385 4057 1486 4128 τῆς
1517 4060 1690 4128 κυρᾶς
1735 4059 1995 4130 Εἰρήνης,

423 4153 473 4204 si
506 4150 605 4219 μὲν
644 4150 739 4204 ἐπὶ
765 4150 998 4222 διαθήκῃ
1025 4150 1253 4222 τελευτᾷ
1301 4152 1335 4220 ή
1369 4152 1551 4222 μήτηρ
1589 4150 1756 4219 αὐτῆς
1791 4151 1824 4221 ή
1866 4167 2000 4220 πορ-

427 4241 849 4313 φυρογέννητος,
870 4240 958 4294 ἴνα
978 4240 1328 4314 παραπέμπει
1343 4240 1588 4295 ταῦτάτε
1608 4241 1678 4295 τά
1699 4242 1996 4297 δεσποτικά

423 4333 722 4404 οἰκήματα,
778 4332 872 4384 καὶ
903 4331 1085 4396 λοιπά,
1130 4332 1212 4395 εἰς
1240 4326 1351 4386 οἷον
1381 4331 1447 4386 ἂν
1476 4332 1685 4403 αίροϊτο
1720 4331 1832 4385 τῶν
1869 4333 1996 4385 παί-

2079 1867 2374 1925 ecclesiam
2417 1863 2605 1921 Sancti
2648 1862 2932 1926 Demetrii,
2987 1874 3111 1917 eum
3158 1859 3374 1915 duobus
3429 1856 3665 1921 balneis,

2078 1970 2136 2016 et
2165 1959 2330 2015 tertia
2383 1965 2541 2028 parte
2570 1943 2928 2010 scaturientia
2985 1968 3162 2024 aquae,
3225 1966 3346 2022 quae
3377 1951 3443 2005 ad
3472 1964 3666 2004 mona-

2079 2047 2308 2102 sterium
2370 2047 2673 2112 derivatur,
2742 2045 3203 2117 quemadmodum
3255 2043 3528 2099 sciliceta
3578 2056 3667 2096 me

2081 2145 2473 2208 occupantur;
2506 2145 2558 2194 et
2602 2152 2772 2209 penes
2817 2152 2938 2193 eam
2990 2137 3216 2191 omnino
3244 2136 3355 2190 erit
3408 2134 3543 2189 alias
3596 2132 3668 2188 de

2080 2242 2224 2282 novo
2263 2228 2457 2284 domos
2519 2229 2783 2292 excitare,
2816 2227 3093 2298 quaslibet
3146 2226 3403 2291 voluerit,
3461 2235 3519 2281 et
3570 2237 3667 2280 eas

2083 2333 2205 2388 qua:
2232 2319 2345 2390 jam
2373 2327 2594 2375 exstant
2616 2335 2740 2376 cum
2762 2319 3096 2390 despoticas,
3131 2329 3244 2375 tum
3277 2320 3434 2385 alias,
3464 2321 3668 2376 immu-

2084 2418 2201 2464 tare
2238 2419 2301 2464 ut
2328 2410 2576 2475 libuerit,
2620 2411 2754 2466 etin
2796 2427 2956 2481 quam
2994 2411 3236 2466 voluerit
3276 2411 3506 2466 formam
3549 2419 3666 2465 tra-

2083 2501 2288 2557 ducere
2328 2520 2341 2556 :
2377 2503 2429 2557 id
2456 2503 2635 2558 solum
2669 2507 2990 2567 observans,
3033 2514 3088 2558 ut
3135 2519 3334 2557 novam
3361 2518 3667 2573 quamcun-

2085 2607 2193 2660 que
2222 2592 2419 2653 molem
2452 2606 2559 2645 non
2592 2591 2837 2660 imponat
2873 2592 3154 2646 dirimenti
3188 2607 3346 2645 muro
3373 2592 3664 2646 amborum

2087 2683 2568 2749 monasteriorum,
2594 2698 2792 2753 nempe
2819 2683 3198 2754 Philanthropi
3227 2700 3322 2738 seu
3344 2683 3666 2747 Salvatoris,

2087 2782 2145 2830 et
2182 2773 2666 2830 Kecbaritomenes
2690 2789 2788 2830 seu
2816 2774 3004 2830 Gratia
3042 2775 3236 2845 plemr,
3274 2791 3452 2834 ncuue
3477 2776 3663 2832 locum

2088 2865 2288 2921 habeat
2330 2883 2439 2937 quo
2470 2866 2559 2922 illa
2594 2867 2790 2938 inspici
2817 2876 3045 2938 queant.

2162 2959 2294 3015 Post
2320 2958 2534 3014 obitum
2566 2975 2700 3014 vero
2735 2960 2876 3032 ejus,
2918 2974 3103 3025 usum,
3155 2962 3556 3030 possessionem
3612 2972 3671 3019 et

2096 3049 2564 3120 dispensationem
2589 3050 2993 3121 descriptorum
3012 3051 3257 3105 omnium
3278 3051 3668 3117 immobilium,

2096 3142 2547 3211 reliquorumque
2606 3142 2790 3212 jurum
2824 3141 3068 3197 obtineat
3128 3141 3487 3199 dilectissima
3551 3161 3671 3200 mea

2098 3234 2301 3304 neptis,
2331 3234 2533 3289 domna
2559 3234 2718 3297 lrgne
2757 3235 3014 3300 Ducaena,
3070 3233 3180 3290 fllia
3235 3234 3450 3293 domnae
3481 3238 3669 3299 Annae.

2098 3325 2234 3381 citra
2271 3325 2434 3381 ullam
2464 3325 2880 3381 distinctionem
2934 3336 2991 3381 et
3014 3329 3432 3397 exceptionem;
3463 3345 3527 3386 ea
3553 3331 3672 3402 lege

2099 3425 2303 3480 tamen,
2336 3425 2398 3471 ut
2442 3424 2568 3486 post
2624 3416 3046 3473 translationem
3068 3433 3137 3473 ex
3160 3418 3264 3475 hac
3290 3419 3400 3475 vita
3424 3420 3670 3492 porphy-

2098 3508 2358 3579 rogenitae
2388 3508 2604 3563 domnae
2659 3511 2849 3575 Anme,
2907 3510 3203 3567 diruantur
3234 3512 3502 3569 sublimes
3531 3513 3676 3569 aedes

2096 3609 2248 3655 extra
2270 3615 2487 3654 murum
2510 3600 2863 3655 dirimentem
2901 3600 3041 3666 sita),
3109 3611 3165 3656 et
3196 3602 3263 3657 ad
3293 3602 3514 3657 hortum
3547 3618 3669 3657 mo-

2098 3690 2322 3745 nasterii
2352 3688 2731 3760 Pbilanthmpi
2772 3691 3153 3762 respicientes,
3185 3693 3241 3747 in
3270 3693 3474 3764 quibus
3510 3693 3677 3748 nimi-

2099 3795 2221 3833 rum
2282 3778 2448 3835 hodie
2507 3780 2721 3835 habitat
2779 3782 3005 3851 praefata
3056 3784 3532 3856 porphyrogenita,
3580 3785 3674 3855 qui

2099 3885 2286 3926 murus
2310 3871 2522 3927 duobus
2539 3873 2721 3929 adhuc
2746 3873 2951 3930 cubitis
2980 3875 3282 3930 attolletur.
3309 3876 3438 3931 Post
3463 3875 3675 3931 obitum

2100 3970 2281 4017 autem
2337 3962 2551 4019 domnae
2602 3965 2824 4029 lrencs,
2859 3965 2904 4021 si
2963 3966 3187 4037 quidem
3250 3975 3451 4025 testato
3501 3977 3678 4025 mater

2099 4055 2219 4125 ejus
2248 4056 2716 4128 porphyrogenita
2778 4067 3012 4115 mortem
3053 4059 3279 4128 obierit,
3340 4061 3679 4117 transmittat

2102 4148 2247 4216 ipsas
2287 4150 2595 4221 despoticas
2632 4153 2825 4211 domos
2858 4165 2914 4210 et
2948 4166 3144 4213 caetera
3192 4158 3260 4212 ad
3290 4172 3678 4228 quemcunque

2101 4238 2339 4294 voluerit
2364 4256 2395 4296 e
2451 4241 2600 4307 filiis,
2636 4247 2948 4313 nepotibus,
2986 4258 3082 4302 aut
3113 4248 3509 4318 pronepotibus
3536 4247 3674 4303 suis.

2101 4331 2218 4386 sive
2248 4333 2532 4387 masculini
2592 4334 2708 4389 sive
2758 4336 3010 4391 feminini
3051 4353 3233 4393 sexus.
3283 4338 3340 4393 Si
3372 4354 3504 4394 vero
3551 4349 3679 4395 ante

423 4429 531 4479 δων
560 4424 753 4495 αὐτῆς,
782 4424 814 4494 ἢ
847 4424 1105 4493 ἐγγόνων,
1135 4423 1169 4495 ἢ
1199 4424 1545 4496 προεγγόνων
1566 4440 1581 4456 ο
1610 4425 1721 4477 εἴτε
1744 4424 1989 4496 ἄρρενος,

2102 4423 2361 4479 domnam
2394 4424 2607 4479 Irenem
2630 4435 2803 4501 mater
2828 4429 2947 4498 ejus
2974 4429 3232 4498 praesenti
3259 4429 3369 4486 vita
3396 4429 3676 4504 fungatur,

426 4517 537 4569 εἴτε
557 4515 747 4585 θήλεος
777 4513 964 4581 γένους
1000 4514 1165 4568 ἐστίν.
1190 4515 1254 4568 Εἰ
1291 4515 1346 4569 δὲ
1377 4514 1482 4586 πρὸ
1517 4513 1619 4584 τῆς
1642 4516 1812 4584 κυρᾶς
1832 4515 1996 4585 Εἰρή-

428 4625 528 4679 νης
569 4609 604 4678 ή
635 4608 819 4679 μήτηρ
863 4608 1033 4678 αὐτῆς
1069 4608 1161 4662 τὸν
1188 4607 1316 4679 τῇδε
1348 4608 1641 4662 καταλύσει
1666 4608 1799 4679 βίον,
1842 4608 1875 4679 ἢ
1905 4609 2000 4662 καὶ

429 4699 658 4771 ὕστερον
710 4698 808 4769 μὲν
835 4698 1073 4767 ἐκείνης,
1125 4698 1201 4769 μή
1247 4699 1499 4768 διάθηται
1534 4699 1591 4752 δὲ
1641 4699 1772 4770 περὶ
1804 4699 1997 4754 τούτου

427 4789 745 4861 (ἀδιάφορον
770 4788 942 4861 γάρ)⁶
985 4791 1106 4843 τότε
1154 4790 1215 4842 τὸ
1242 4790 1450 4844 δίκαιον
1500 4791 1597 4857 τῆς
1642 4794 1879 4862 κατοχῆς
1905 4793 2000 4845 καὶ

429 4880 605 4951 νομῆς
635 4879 744 4934 τῶν
771 4880 1283 4952 ἀναγεγραμμένων
1320 4881 1637 4952 οἰκημάτων
1674 4880 1770 4935 καὶ
1798 4883 2000 4936 λοιπῶν

433 4972 845 5045 περιιλεύσεται
874 4973 955 5037 είς
995 4973 1085 5025 τὸν
1113 4971 1194 5044 τῷ
1232 4969 1415 5045 ’χρόνῳ
1467 4977 1798 5045 προήκοντα.
1838 4975 1870 5044 ἢ
1901 4976 2000 5046 τὴν

433 5065 781 5136 προήκουσαν
800 5060 911 5119 τῶν
960 5064 1188 5129 παίδων,
1221 5066 1254 5136 ἢ
1287 5066 1549 5135 ἐγγόνων,
1581 5066 1614 5138 ἢ
1649 5070 2000 5138 προεγγόνων

429 5154 529 5223 τῆς
551 5154 1061 5225 πορφυρογεννήτου
1084 5155 1258 5225 κυρᾶς
1288 5155 1488 5225 Ἀννης
1521 5156 1660 5225 μετὰ
1687 5155 2002 5221 διαστίξεως

435 5246 619 5316 μέντοι
654 5244 910 5316 τοιαύτης
933 5259 948 5276 ⁸
1011 5243 1151 5299 ὥστε
1190 5248 1238 5298 εἰ
1299 5246 1398 5315 μὲν
1441 5245 1502 5297 τὸ
1534 5245 1845 5314 πρόσωπον,
1870 5240 1915 5315 ᾧ
1942 5248 2003 5300 τὸ

430 5335 675 5391 τοιοῦτον
707 5335 938 5406 ἁρμόσει
986 5334 1193 5389 δίκαιον
1216 5335 1311 5387 ἐπὶ
1340 5334 1575 5406 διαθήκῃ
1606 5335 1700 5388 τοῦ
1735 5334 1849 5406 βίου
1875 5335 2001 5389 τού-

430 5445 527 5482 του
555 5427 892 5499 μεθίσταται,
917 5424 1063 5497 ἔχειν
1091 5425 1279 5481 ἄδειαν
1306 5426 1702 5498 παραπέμπειν
1728 5425 1902 5481 ταῦτα
1923 5431 2002 5493 εις

432 5516 545 5574 οἷον
577 5521 642 5574 ἂν
669 5517 913 5589 βούλοιτο
941 5517 1048 5585 τῷν
1077 5519 1136 5584 ea
1162 5517 1743 5596 abroﬁxnaﬁpﬁvwv
1774 5519 1999 5585 παίδων,

433 5609 694 5679 ἐγγόνων,
724 5607 818 5661 καὶ
841 5606 1062 5678 ἑφεξῆς.
1088 5609 1150 5661 Ei
1189 5608 1247 5662 δὲ
1274 5607 1307 5680 ἢ
1351 5609 1476 5672 τοὺς
1501 5610 1909 5681 καταγομένους
1943 5610 2001 5677 ἐξ

430 5700 600 5756 αὐτοῦ
648 5701 747 5756 οὐκ
806 5700 940 5772 ἔχοι,
971 5700 1004 5772 ἦ
1040 5701 1114 5772 μή
1170 5701 1299 5773 περὶ
1332 5700 1521 5755 τούτου
1550 5699 1822 5773 διάθηται,
1855 5719 2027 5791 τηνιχ

2102 4515 2190 4570 vel
2219 4525 2344 4586 post
2374 4517 2519 4571 illam
2547 4517 2793 4587 quidem,
2822 4519 2963 4573 nihil
3014 4528 3191 4575 tamen
3225 4521 3295 4577 de
3335 4521 3428 4576 illo
3486 4530 3680 4578 testata

2103 4603 2452 4675 (indiﬁ‘erens
2471 4606 2618 4661 enim
2642 4606 2771 4677 est),
2796 4617 2929 4663 tunc
2949 4609 3041 4679 jus
3070 4609 3434 4679 possessionis
3460 4618 3517 4666 et
3547 4606 3680 4667 usus

2102 4695 2507 4766 descriptarum
2533 4697 2758 4763 aedium,
2797 4709 2854 4754 et
2913 4700 3278 4770 reliquorum,
3317 4700 3574 4757 deveniet
3605 4706 3676 4757 ad

2101 4793 2262 4840 aetate
2289 4787 2637 4857 grandiorem
2667 4787 2911 4859 cujusvis
2938 4801 3151 4842 sexuse
3180 4788 3329 4854 ﬁliis,
3355 4790 3676 4861 nepotibus.

2102 4885 2199 4931 aut
2224 4876 2622 4946 pronepotibus
2675 4877 3160 4948 porphyrogenitte
3217 4877 3435 4934 domnae
3459 4880 3673 4946 Anna;

2102 4983 2228 5025 cum
2266 4969 2577 5041 hujusmodi
2637 4978 2818 5025 tamen
2849 4970 3227 5032 distinctione,
3258 4977 3320 5025 ut
3349 4972 3393 5026 si
3452 4972 3677 5041 quidem

2105 5074 2338 5129 persona
2366 5060 2454 5114 cui
2479 5060 2586 5114 tale
2614 5060 2706 5131 jus
2753 5072 3033 5131 cornpetet
3060 5071 3262 5116 testato
3296 5062 3398 5117 hac
3425 5064 3539 5118 vita
3570 5065 3676 5118 mi-

2104 5149 2301 5220 grarit,
2338 5165 2507 5220 penes
2536 5165 2657 5205 eam
2696 5151 2769 5205 sit
2796 5151 2886 5205 illa
2939 5152 3313 5207 transmittere
3363 5153 3428 5208 ad
3475 5168 3673 5223 quem-

2104 5256 2322 5311 cunque
2347 5241 2582 5297 voluerit
2627 5257 2696 5297 ex
2726 5241 2976 5297 oriundis
2997 5258 3027 5298 a
3060 5259 3120 5299 se
3172 5244 3320 5311 ﬁliis,
3378 5245 3674 5314 nepotibus

2107 5343 2164 5390 et
2185 5335 2562 5404 sequentibus.
2621 5334 2677 5390 Si
2705 5345 2887 5391 autem
2912 5338 2998 5393 vel
3043 5338 3292 5393 oriundis
3351 5347 3553 5403 careat,
3587 5341 3674 5394 vel

2108 5428 2178 5482 de
2210 5426 2306 5482 illo
2335 5434 2527 5481 testata
2591 5441 2703 5481 non
2758 5427 2950 5494 fuerit,
3014 5437 3144 5482 tunc
3189 5440 3553 5485 memoratum
3581 5434 3673 5500 jus

2107 5528 2359 5574 recurret
2407 5517 2473 5572 ad
2530 5528 2689 5573 aetate
2721 5519 3070 5590 grandiorem
3130 5518 3371 5589 cujusvis
3412 5535 3578 5577 sexus
3606 5538 3674 5575 ex

2106 5607 2418 5664 oriundisa
2469 5609 2934 5681 porphyrogen’ta
3000 5608 3198 5663 domna
3251 5612 3428 5666 Anna.
3467 5610 3534 5665 Et
3583 5612 3673 5666 illa

2107 5700 2386 5758 distinctio
2439 5716 2659 5781 semper
2710 5703 2902 5765 valeat,
2954 5702 3192 5770 quandiu
3248 5712 3605 5760 ormndorum
3643 5722 3677 5761 e
