4054 6278
530 264 660 328 1111

1840 262 2123 352 manus
2164 297 2542 361 AUGUST/E

3648 310 3704 374 fi
3721 312 3789 375 1‘2

422 390 427 395 '
520 379 667 435 linea
725 382 964 452 praefata
1017 388 1497 463 porphyregenitm
1531 396 1799 466 quispiam
1828 408 2070 468 superstc

2171 441 2179 467 ι
2212 411 2389 463 καῦτα
2420 406 2583 467 πάλιν
2614 415 2842 486 δραμεῖν
2874 419 2932 472 τὸ
2962 422 3333 490 μνημονενθὲν
3380 423 3591 478 δίκαιον
3644 430 3785 498 πρὸς

519 476 714 534 fuerit.

2211 504 2301 556 τὸν
2327 504 2404 573 τῷ
2435 506 2614 577 χρόνῳ
2651 511 2981 580 προήκοντα,
3014 513 3046 583 ῆ
3072 512 3167 584 τὴν
3195 516 3548 584 προήκουσαν
3573 519 3637 570 ἐκ
3673 521 3782 573 τῶν

519 575 631 629 ἀπὸ
665 577 766 648 τῆς
819 596 1337 658 πορφυρογεννητου
1390 595 1563 661 κυρᾶς
1617 597 1844 669 ’Ᾱννης-
1899 601 1995 653 καὶ
2040 600 2139 671 τὴν
2177 599 2438 672 τοιαύτην
2491 602 2757 669 διάστιξιν
2810 606 2952 660 οὕτω
2996 609 3159 679 μέχρι
3192 611 3392 674 παντὸς
3464 614 3780 680 προϐαίνειν

516 673 679 745 ἄχρις
705 677 773 732 ἂν
802 679 836 748 ἡ
863 678 971 732 τῶν
1005 682 1116 735 ἀπὸ
1142 686 1241 756 τῆς
1268 690 1457 757 σειρᾶς
1486 692 1583 762 τῆς
1599 695 1939 767 δηλωθείσης
1968 699 2481 766 πορφυρογεννήτου
2523 698 2775 770 διάρκεια
2808 673 3203 773 περισῶζηται.

589 769 704 826 Nec
729 771 795 825 ad
817 772 968 829 solos
989 773 1151 839 ﬁlios,
1179 787 1275 833 aut
1333 793 1583 850 nepotes,
1623 799 1720 843 aut
1770 799 2102 860 pronepotes

513 876 647 917 suos
682 865 897 937 talejus
929 883 1030 937 per
1066 878 1458 929 testamentum
1494 882 1828 937 transmittet
1856 885 2095 955 porphy-

512 955 784 1024 rogenita,
820 968 881 1014 ut
913 976 1078 1031 supra
1101 962 1311 1019 dictum
1357 978 1466 1032 est,
1518 972 1617 1026 sed
1651 982 1706 1027 et
1732 973 1800 1027 ad
1864 992 2028 1030 unam
2063 994 2094 1032 e

509 1047 747 1103 nuribus
777 1050 914 1117 suis,
953 1052 1173 1109 illorum
1194 1057 1490 1128 cujuslibet
1521 1077 1767 1129 uxorem,
1792 1082 2094 1135 quamcun‘

510 1152 619 1205 que
648 1139 925 1206 voluerit;
960 1159 1085 1213 qua:
1112 1146 1202 1200 illa
1247 1148 1414 1204 simili
1475 1154 1639 1209 modo
1672 1156 1996 1224 possidebit.
2048 1161 2093 1214 si

510 1225 735 1293 quidem
772 1230 838 1283 ad
897 1234 1171 1291 secundas
1218 1240 1447 1308 nuptias
1506 1259 1618 1298 non
1667 1249 2010 1316 respexerit:
2044 1251 2090 1305 si

507 1317 656 1373 enim
711 1321 777 1375 ad
816 1323 935 1378 illas
996 1328 1309 1398 declinarit,
1352 1333 1671 1405 bujusmodi
1719 1339 1841 1410 jure
1901 1343 2086 1398 statim

502 1411 743 1478 excidet,
772 1424 828 1468 et
862 1417 993 1472 illud
1029 1435 1255 1489 prorsus
1301 1425 1627 1484 devolvetur
1676 1432 1743 1487 ad
1777 1435 2088 1507 porphyre-

502 1504 705 1571 gcnita:
726 1506 928 1563 lineam
962 1530 975 1565 :
1003 1514 1148 1582 quod
1167 1514 1375 1586 absque
1402 1520 1510 1574 ullo
1530 1521 1851 1579 discrimine
1872 1504 2084 1582 servari

503 1612 726 1666 qunque
766 1601 931 1660 debet
960 1621 1086 1675 erga
1120 1608 1255 1664 alias
1287 1626 1479 1668 omnes
1502 1630 1697 1683 nurus,
1747 1619 1953 1687 quibus
1976 1623 2084 1677 tale

3782 683 3807 757 ξ

2271 790 2384 843 Οὐκ
2429 793 2508 852 εἰς
2556 794 2753 862 μόνους
2794 795 2849 847 δὲ
2901 798 3026 859 τοὺς
3078 797 3297 861 παῖξας,
3358 799 3388 869 ἤ
3442 802 3699 869 ἐγγόνους
3740 806 3771 873 ἦ

2196 885 2561 950 προεγγόνους
2617 885 2786 956 αὐτῆς
2830 888 3194 960 παραπέμψει
3253 892 3361 945 ἀπὸ
3410 891 3678 963 διαθήκης
3714 897 3775 949 τὸ

2191 975 2435 1027 τοιοῦτον
2451 975 2710 1048 δίκαιονὴ
2736 980 3273 1050 πορφυρογέννητος,
3294 981 3369 1045 ὼς
3396 970 3601 1035 ἂνωθὲν
3627 986 3776 1055 εἴρη-

2191 1082 2304 1127 ται,
2334 1066 2469 1119 ἀλλὰ
2502 1069 2599 1120 καὶ
2628 1070 2709 1132 εἰς
2734 1070 2862 1139 μίαν
2885 1071 2997 1124 τῶν
3030 1073 3123 1124 ἐπί
3154 1089 3261 1126 τινι
3297 1073 3505 1128 τούτων
3540 1077 3771 1145 νυμφῶν

2190 1157 2378 1226 αὐτῆς,
2409 1158 2474 1227 ἣν
2508 1158 2574 1211 ἂν
2606 1160 2849 1230 βούλοιτο
2873 1179 2885 1191 ⁸
2915 1163 3009 1217 καὶ
3049 1162 3270 1231 καθέξει
3299 1164 3392 1218 καί
3424 1166 3562 1232 αὕτη
3600 1167 3770 1222 ταῦτα

2192 1249 2474 1315 ὡσαύτως,
2509 1254 2668 1324 εἰπερ
2717 1255 2793 1324 μὴ
2845 1258 2982 1325 πρὸς
3023 1256 3213 1327 ἓτερον
3244 1258 3424 1328 γάμον
3449 1260 3667 1312 ansam-
3717 1262 3770 1313 εἰ

2192 1342 2301 1411 γὰρ
2338 1343 2469 1412 πρὸς
2509 1342 2697 1401 τοῦτον
2738 1345 3043 1413 ἀποκλίνοι,
3105 1348 3268 1411 εὗθὺς
3309 1351 3628 1403 ἐκπεσεῖται
3673 1351 3769 1403 τοῦ

2188 1433 2433 1485 τοιούτου
2456 1434 2687 1499 δικαίου,
2721 1436 3212 1507 περιελευσομένου
3258 1438 3476 1500 πάντως
3503 1440 3641 1510 πρὸς
3669 1441 3769 1512 τὴν

2187 1525 2251 1578 ἐκ
2268 1527 2367 1594 τῆς
2393 1530 2906 1599 πορφυρογεννήτου
2936 1532 3125 1602 σειράν
3144 1547 3157 1562 ο
3187 1530 3378 1604 ὥσπερ
3390 1532 3594 1600 ὀφείλει
3619 1534 3772 1601 γίνε-

2160 1616 2311 1669 σθαι
2339 1620 2775 1689 ἀπαραλλάκτως
2825 1623 2921 1674 καὶ
2955 1622 3178 1675 ἐπὶτῶν
3211 1622 3388 1676 ἄλλων
3416 1623 3607 1678 πασῶν
3631 1641 3773 1695 νυμ-

495 1688 592 1757 jus
630 1704 908 1764 competet
953 1712 1019 1753 ex
1048 1704 1468 1760 transmissione
1521 1710 1827 1779 cujuspiam
1887 1728 2070 1769 eorum

2185 1709 2301 1778 φῶν
2340 1705 2426 1773 αἶς
2457 1688 2519 1763 τὸ
2573 1711 2816 1765 τοιοῦτον
2864 1714 3098 1783 ἁρμόσοι
3148 1714 3383 1778 δίκαιον,
3435 1715 3545 1767 ἀπὸ
3580 1688 3730 1785 παρα

502 1781 599 1850 qui
622 1782 710 1838 illa
739 1788 1106 1856 possederint,
1139 1804 1378 1866 utsupra
1411 1799 1618 1855 dictum
1648 1813 1751 1857 est.
1790 1805 1907 1859 Non
1931 1807 2079 1862 enim

499 1872 604 1927 soli
644 1878 1146 1953 porphyrogenitaz,
1204 1888 1298 1942 sed
1368 1892 1534 1946 etiam
1567 1894 1818 1952 oriundis
1839 1899 1908 1953 ab
1964 1900 2079 1969 ipsa

493 1963 689 2021 licebit
710 1969 842 2025 illud
866 1989 966 2042 per
989 1982 1377 2035 testamentum
1404 1986 1803 2053 transmittere,
1825 1989 1870 2043 si
1897 1963 2082 2045 vol-ue.

499 2060 633 2127 rint,
657 2062 725 2116 ad
757 2065 996 2135 aliquam
1034 2084 1064 2124 e
1090 2072 1327 2129 nuribus
1349 2075 1486 2144 suis,
1515 2093 1748 2134 uxorem
1780 2084 2081 2155 cujuslibet

496 2149 567 2204 ab
600 2150 689 2205 illa
712 2154 956 2210 oriundi.
990 2159 1159 2231 quue
1195 2164 1250 2217 in
1282 2162 1534 2222 confesso
1561 2184 1685 2226 esse
1710 2149 1896 2239 debet,
1931 2176 2076 2245 quod

497 2246 715 2298 tametsi
749 2247 817 2301 de
849 2250 966 2304 solo
989 2254 1293 2311 masculino
1308 2272 1508 2326 genere
1526 2262 1813 2330 speciatim
1844 2269 2080 2323 mentio.

490 2349 616 2390 nem
660 2337 913 2408 facimus,
953 2359 1060 2400 una
1090 2355 1270 2403 tamen
1306 2348 1633 2410 femininum
1658 2354 2073 2428 intelligendum

416 2422 437 2439 “
491 2438 598 2489 cst,
625 2441 681 2485 et
719 2435 876 2502 quasi
912 2452 1231 2507 expressum
1259 2447 1654 2514 reputandnm,
1708 2461 1977 2520 quantum
2004 2452 2073 2508 ad

490 2530 656 2591 caput
682 2523 750 2578 de
775 2525 884 2580 illis
911 2528 1145 2585 aedibus.

560 2699 618 2754 Si
646 2716 776 2758 vero
803 2704 972 2776 (quod
999 2708 1166 2783 absit)
1194 2717 1450 2786 cognatio
1472 2718 1544 2775 ita
1567 2721 1809 2789 deﬁciat,
1840 2734 1901 2780 ut
1920 2727 2071 2783 nulla

485 2807 553 2848 ex
588 2792 734 2851 linea
770 2800 1250 2876 porphyrogenitaa
1272 2806 1490 2867 domnae
1565 2816 1736 2872 Anna:
1787 2830 2071 2890 superstes

487 2886 558 2940 sit
590 2903 605 2952 ;
655 2891 843 2946 sancio
875 2901 935 2947 ut
965 2903 1080 2950 tum
1129 2899 1213 2955 hae
1238 2900 1438 2959 domus
1465 2905 1521 2960 in
1552 2886 1876 2977 potestatem
1912 2912 2069 2969 femi-

485 2978 575 3033 nei
607 2979 838 3051 hujusce
890 2991 1211 3046 monasterii
1246 2993 1600 3067 redigantur,
1664 3005 2068 3076 exteriorisque
2093 3040 2139 3103 Ε

486 3071 623 3103 σιηιηιι
655 3073 847 3103 Ann..-
879 3077 931 3103 ε..
962 3081 1311 3103 --μαι-ηρηη
1454 3099 1464 3103 -
1552 3100 1559 3103 Α

484 3071 623 3127 aula:
653 3073 850 3132 domus
879 3077 934 3133 in
957 3081 1323 3143 conductitias
1349 3099 1654 3159 mutentur,
1678 3109 1914 3165 quarum
1937 3115 2068 3170 pro-

483 3177 653 3221 ventu
686 3167 906 3226 fruetur
954 3181 1375 3248 monasterium;
1422 3184 1702 3243 interioris
1747 3204 1881 3245 vero
1930 3192 2069 3247 aulae

484 3255 684 3315 domus
710 3261 778 3317 de
812 3264 996 3322 medio
1028 3270 1313 3338 tollantur,
1346 3290 1580 3344 quarum
1623 3281 1852 3335 materia
1880 3292 2067 3338 utetur

484 3364 583 3418 pro
614 3350 790 3410 lubito
829 3372 844 3410 :
875 3358 1053 3414 solum
1085 3372 1271 3417 autem
1306 3365 1361 3419 in
1391 3379 1544 3437 septa
1605 3379 1661 3424 ct
1720 3385 2066 3441 quaestuosos

484 3441 675 3498 hortos
719 3458 1026 3517 convertet,
1080 3469 1340 3523 quorum,
1397 3472 1500 3513 nec
1552 3474 1663 3514 non
1714 3462 2060 3531 balneorum,

484 3535 756 3596 reditibus
790 3542 1051 3599 omnibus
1077 3549 1472 3603 monasterium
1500 3550 1735 3609 fruetur.

542 3666 570 3687 κ

550 3816 654 3884 Qui
681 3818 848 3890 igitur
870 3820 1123 3891 quolibet
1154 3831 1401 3894 tempore
1433 3827 1831 3888 habitationem
1871 3846 1925 3891 et
1958 3837 2059 3892 do-

478 3909 746 3966 micilium
775 3913 830 3968 in
854 3913 1095 3983 praefatis
1142 3915 1402 3975 domibus
1445 3920 1749 3990 habebunt,
1805 3928 2060 4000 religiose

479 4001 535 4056 in
565 4001 697 4071 ipsis
722 4002 944 4074 degant,
974 4007 1293 4079 nullamque
1317 4013 1542 4070 omnino
1558 4016 1827 4087 jacturam
1864 4037 2058 4078 mona-

475 4095 650 4149 sterio
686 4093 1079 4171 Gratia-plenae
1141 4099 1399 4160 inferent.
1453 4105 1521 4162 At
1575 4124 1744 4179 penes
1772 4112 1896 4167 illos
1952 4116 2061 4171 erit

474 4183 749 4242 aediﬁcare
799 4187 893 4243 ubi
925 4190 1220 4258 voluerint,
1253 4194 1394 4251 intra
1458 4198 1726 4254 ambitum
1763 4217 2058 4261 concessa-

476 4292 598 4331 rum
624 4277 729 4334 sibi
771 4277 1089 4352 domorum,
1115 4294 1172 4340 et
1202 4286 1283 4342 sic
1311 4289 1589 4356 attollere,
1627 4301 1686 4348 ut
1708 4294 1845 4350 nihil
1873 4303 2055 4351 tamen

2187 1802 2409 1873 πομπῆς
2450 1820 2595 1866 τινος
2643 1807 2752 1858 τῶν
2803 1804 2963 1858 τοῦτο
2999 1807 3383 1876 κτησαμένων,
3432 1805 3508 1868 ὡς
3554 1806 3764 1859 ἄνωθεν

2184 1896 2421 1966 εἴρηται.
2458 1896 2533 1950 Οὐ
2566 1897 2673 1968 γὰρ
2699 1896 2837 1967 μόνῃ
2868 1899 2933 1966 τῇ
2964 1898 3483 1968 πορφυρογεννήτῳ,
3507 1896 3643 1949 ἀλλὰ
3667 1898 3763 1948 καὶ

2182 1991 2293 2051 τοῖς
2328 1988 2386 2055 ἐξ
2425 1988 2596 2059 αὐτῆς
2648 1989 3045 2058 καταγομένοις
3094 1987 3310 2054 ἐξέσται
3365 1989 3763 2059 παραπέμπειν

2181 2078 2339 2133 τοῦτο
2363 2080 2470 2134 ἀπὸ
2511 2080 2798 2152 διαθήκης,
2832 2082 2881 2133 εί
2916 2079 3215 2152 βούλοιντο,
3256 2082 3337 2144 εἰς
3372 2081 3503 2150 μίαν
3532 2079 3638 2133 τῶν
3665 2080 3761 2131 ἐπὶ

2180 2173 2294 2234 τοῖς
2322 2170 2382 2236 ἐξ
2425 2171 2595 2240 αὐτῆς
2630 2171 2857 2242 νυμφῶν
2892 2172 3108 2225 αὐτῶν·
3160 2172 3372 2225 ἐκείνου
3411 2171 3521 2225 τῶν
3570 2169 3763 2240 ὁμολο-

2180 2264 2463 2333 γουμένων
2498 2258 2640 2317 εἰναι
2688 2264 3032 2333 ὀφείλοντος,
3081 2264 3156 2328 ὡς
3206 2264 3259 2317 εἰ
3307 2264 3402 2317 καὶ
3441 2262 3759 2334 ἰδικώτερον

2177 2357 2270 2411 τοῦ
2304 2358 2532 2429 ἄῤῥενος
2564 2357 2754 2426 γένους
2787 2355 3201 2428 μνημονεύομεν
3252 2357 3440 2427 μόνου,
3479 2355 3637 2409 Ἀλλᾶ
3659 2358 3755 2408 καὶ

2175 2447 2236 2500 τὸ
2259 2447 2394 2518 θῆλυ
2430 2448 2768 2501 συννοεῖσθαι
2801 2448 2977 2519 τούτῳ
3002 2448 3231 2517 ὀφείλει,
3256 2447 3351 2501 καὶ
3396 2445 3473 2509 ὡς
3506 2446 3599 2499 καί
3621 2445 3753 2500 αὐτὸ

2174 2540 2589 2611 ὲκφωνούμενον
2624 2540 2958 2607 λογίζεσθαι,
2990 2542 3114 2594 ὅσον
3143 2541 3235 2593 ἐπὶ
3265 2538 3343 2609 τῷ
3373 2539 3503 2611 περὶ
3534 2537 3643 2592 τῶν
3678 2539 3756 2591 οἰ-

2174 2633 2441 2704 κημάτων
2480 2633 2685 2687 τούτων
2720 2632 3021 2704 κεφαλαίῳ.
3558 2635 3577 2652 ⁸

2244 2726 2308 2780 Εἰ
2352 2725 2397 2779 δ’
2433 2729 2593 2797 (ὅπερ
2634 2725 2967 2798 ἀπεύχομαι)
3016 2728 3052 2797 ή
3119 2727 3409 2796 συγγένεια
3461 2724 3751 2794 ἐπιλείψει,

2171 2821 2248 2884 ὡς
2280 2820 2548 2892 μηδεμίαν
2576 2822 2640 2873 ὲκ
2677 2821 2776 2890 τῆς
2804 2820 2899 2874 τοῦ
2933 2819 3127 2890 γένους
3158 2820 3261 2891 τῆς
3300 2818 3751 2891 πορφυρογεννήο

2170 2929 2264 2965 του
2292 2913 2465 2983 κυρᾶς
2514 2910 2711 2982 ΙἈννης
2754 2913 2943 2982 σειρᾶς
2979 2909 3401 2981 περισὼξεσθαι,
3445 2908 3750 2979 τηνικαῦτα

2171 3003 2482 3075 διορίζομαι
2514 3002 2584 3057 τὰ
2636 3002 2861 3058 τοιαῦτα
2906 3005 3182 3074 οἰκήματα
3214 3006 3294 3067 εἰς
3348 3002 3446 3075 τὴν
3498 3003 3749 3067 ἐξουσὲαν

2171 3100 2272 3170 τῆς
2309 3101 2628 3165 γυναικείας
2660 3098 2866 3170 ταύτης
2913 3102 3082 3171 μονῆς
3114 3097 3587 3154 ἀποκαθίστασθαι
3612 3115 3626 3129 ο
3655 3100 3748 3151 καὶ

2171 3193 2242 3247 τὰ
2285 3193 2385 3264 μὲν
2410 3196 2508 3262 τῆς
2533 3193 2639 3257 ἔξω
2661 3194 2828 3263 αὐλῆς
2861 3194 3140 3265 οἰκήματα
3171 3192 3746 3263 μετασχηματίζεσθαι

2169 3286 2249 3348 εἰς
2290 3285 2556 3350 ὲνοικικά,
2593 3285 2686 3338 καὶ
2729 3283 2829 3354 τὴν
2860 3287 3122 3354 πρόσοδον
3166 3285 3372 3339 τούτων
3401 3283 3743 3353 καρποῦσθαι

2167 3377 2267 3446 τὴν
2298 3378 2501 3445 μονήν⁶
2536 3379 2607 3430 τὰ
2652 3378 2709 3431 δὲ
2747 3377 2850 3448 τῆς
2894 3378 3003 3432 ἔσω
3041 3380 3209 3450 αὐλῆς
3240 3376 3511 3445 περιελεῖν
3550 3378 3644 3429 καὶ
3676 3378 3740 3445 τῇ

2170 3468 2271 3537 μὲν
2316 3467 2423 3540 ὕλῃ
2464 3469 2797 3540 χρήσασθαι,
2836 3468 3020 3532 καθὼς
3053 3472 3189 3542 αὐτῇ
3235 3469 3499 3543 βουλητόν
3523 3485 3537 3500 ⁸
3578 3468 3654 3538 τῷ
3682 3468 3737 3520 δὲ

2164 3557 2375 3628 ἐδάφει,
2407 3562 2495 3624 είς
2525 3560 2813 3632 περιϐόλιά
2848 3579 2907 3615 τε
2959 3563 3054 3615 καὶ
3108 3562 3473 3633 παραδείσους
3520 3563 3739 3631 ἐπικερο

2164 3652 2299 3716 δεῖς,
2333 3644 2410 3706 ὧν
2448 3651 2547 3713 τὰς
2581 3653 2878 3723 προσόδους
2904 3654 3123 3718 ἁπάσας
3154 3656 3188 3725 ἡ
3216 3655 3353 3725 μονὴ
3385 3652 3738 3725 καρπώσεται

2167 3747 2308 3815 μετὰ
2333 3745 2426 3798 καὶ
2452 3744 2563 3799 τῶν
2591 3745 2854 3817 λουτρῶν.

2236 3842 2300 3894 Ol
2335 3842 2518 3908 μέντοι
2545 3842 2643 3913 τὴν
2671 3844 2843 3913 νομήν
2874 3860 2934 3896 τε
2973 3845 3063 3898 καὶ
3092 3844 3305 3913 οἴκησιν
3342 3842 3485 3896 κατὰ
3515 3842 3734 3912 καιροὺς

2164 3933 2311 4003 ἔχειν
2340 3935 2645 4003 ὀφείλοντες
2672 3938 2732 3989 ἐν
2778 3937 2892 3999 τοῖς
2926 3937 3248 4006 δηλωθεῖσιν
3290 3937 3607 4007 οἰκήμασιν,
3642 3935 3732 3987 εὖ·
3782 3992 3791 3995 ι

2163 4026 2345 4090 λαδῶς
2397 4029 2456 4079 ὲν
2493 4027 2678 4091 αὐτοῖς
2718 4028 2980 4094 διάξουσι,
3021 4030 3116 4082 καὶ
3145 4029 3455 4100 περικοπὴν
3502 4044 3622 4081 τινα
3667 4028 3730 4096 τῇ

2166 4123 2301 4191 μονῇ
2349 4121 2449 4190 τῆς
2482 4122 2946 4192 Κεχαριτωμένης
2980 4122 3043 4176 τὸ
3090 4123 3307 4193 σύνολον
3357 4122 3459 4174 οὐκ
3507 4120 3730 4187 ἐπάξου-

2163 4228 2270 4265 σιν.
2303 4211 2526 4279 ’Έξουσι
2567 4213 2624 4266 δὲ
2670 4215 2756 4267 ἐπ’
2795 4214 2978 4278 ἀδείας
3027 4213 3233 4278 κτίζειν
3279 4214 3409 4266 ἔνθα
3453 4214 3729 4278 βούλονται

2162 4303 2316 4367 ἐντὸς
2340 4307 2438 4376 τῆς
2475 4308 2738 4377 περιοχῆς
2767 4309 2876 4360 τῶν
2907 4308 3335 4379 ὲκχωρηθέντων
3360 4307 3545 4370 αὐτοῖς
3574 4310 3722 4373 οἰκη-

469 4370 660 4428 videre
694 4385 901 4440 queant
927 4376 1071 4434 intra
1097 4384 1495 4439 monasterium
1522 4386 1792 4454 virorum,
1821 4392 1906 4446 vel
1934 4406 2054 4446 mu—

2171 4395 2352 4463 μάτων
2375 4414 2386 4428 ·
2422 4397 2517 4452 καὶ
2549 4398 2803 4453 τοσοῦτον
2848 4397 3039 4468 ὑψοῦν,
3080 4399 3219 4453 ὥστε
3265 4398 3338 4468 μὴ
3372 4397 3721 4454 κατοπτεύειν

467 4461 687 4520 licrum.
718 4464 826 4523 Sed
848 4485 1030 4539 neque
1058 4487 1156 4541 per
1181 4473 1473 4530 circuitum
1493 4492 1662 4548 supra
1703 4495 1893 4537 muros
1920 4482 2055 4536 diri-

470 4566 708 4623 mentes,
774 4569 874 4615 aut
928 4562 1206 4619 domicilia
1279 4572 1602 4625 monasterii
1664 4588 2055 4644 quamcunque

469 4649 696 4706 domum
728 4653 1119 4719 reclinabunt;
1152 4659 1252 4714 sed
1285 4660 1458 4718 libera
1485 4663 1712 4719 omnino
1769 4677 1955 4734 erunt,
1993 4679 2055 4724 ut

464 4760 495 4798 a
528 4742 690 4798 nobis
724 4759 1003 4803 exstructa
1054 4760 1205 4805 sunt.
1247 4751 1292 4806 A
1320 4755 1471 4808 nulla
1506 4772 1639 4811 vero
1693 4774 2049 4826 personarum

462 4834 666 4903 quibus
689 4835 1038 4905 praal‘atarum
1084 4840 1373 4897 domorum
1405 4850 1683 4914 possessio
1703 4856 1759 4902 et
1787 4849 2054 4907 habitatio

463 4925 740 4997 assignata
786 4937 892 4991 est,
930 4946 1065 4987 usus
1099 4948 1289 4989 earum
1323 4941 1605 4993 extraneis
1634 4938 1889 5008 personis
1940 4962 2045 5001 un-

463 5033 633 5086 quam
668 5019 1029 5087 concedetur,
1060 5024 1177 5080 sive
1217 5026 1561 5095 venditione,
1599 5031 1717 5086 sive
1767 5037 2042 5103 mercede,

461 5120 559 5163 aut
611 5112 1073 5180 commutatione,
1126 5127 1218 5171 aut
1247 5117 1417 5183 dono,
1472 5123 1559 5177 vel
1592 5123 1918 5196 Itypotheca,
1950 5139 2047 5186 aut

461 5202 938 5272 oppigneratione,
981 5224 1077 5265 seu
1140 5210 1249 5267 alio
1277 5213 1475 5281 quovis
1524 5217 1707 5272 modo.
1731 5218 1835 5275 Sed
1865 5238 2043 5293 neque

460 5295 687 5352 omnino
730 5302 1104 5370 permittetur,
1132 5313 1193 5359 ut
1217 5307 1310 5375 qui
1341 5307 1554 5378 talejus
1575 5312 1837 5380 possidet,
1870 5316 2039 5370 alium

2154 4502 2206 4538 τι
2238 4486 2347 4539 τῶν
2382 4489 2440 4541 ὲν
2463 4491 2528 4561 τῇ
2559 4488 2777 4561 ἀνδρῴᾳ
2810 4493 2968 4562 μονῇ,
2998 4492 3105 4544 εἴτε
3142 4495 3207 4562 τῇ
3239 4491 3546 4564 γυναικείᾳ.
3590 4489 3723 4545 Ἀλλ’

2154 4578 2276 4632 οὐδὲ
2304 4580 2539 4649 γύροθεν
2585 4582 2694 4636 τῶν
2739 4583 2927 4655 ἀργῶν
2959 4584 3156 4655 τοίχων
3198 4583 3276 4652 (‘2)
3327 4585 3426 4654 τῆς
3473 4583 3716 4654 μονῆςνῆ

2152 4671 2262 4725 τῶν
2311 4674 2630 4744 οἰκημάτων
2675 4676 3148 4748 ἐπακουμδίσουσί
3201 4694 3254 4731 τι
3309 4678 3553 4747 οἰκημα-
3612 4674 3718 4729 ἀλλ’

2152 4763 2415 4836 ιλεύθερα
2468 4767 2643 4838 πάντη
2699 4767 2936 4830 ἔσονται.
2969 4768 3153 4831 καθὼς
3203 4771 3337 4842 παρ’
3365 4771 3523 4841 ἡμῶν
3571 4769 3717 4840 γεγὸ-

2150 4874 2292 4911 νασι.
2332 4857 2515 4920 Ξένοις
2558 4859 2615 4911 δὲ
2664 4859 2980 4929 προσώποις
3021 4862 3053 4931 ἢ
3097 4863 3164 4915 δι’
3202 4859 3712 4935 ἀπεμπο).ησεως,ῆ

2156 4950 2495 5020 μισθώσεως,
2530 4952 2562 5022 ἢ
2610 4952 2974 5021 ἁνταλλαγῆς,
3010 4954 3041 5024 ἢ
3077 4954 3306 5025 δωρεᾶς,
3340 4956 3373 5028 ἢ
3422 4954 3711 5024 ὑποθήκης,

2151 5044 2184 5113 ἦ
2231 5043 2514 5114 ὲνεχύρου,
2543 5045 2575 5115 ἦ
2625 5045 2812 5116 ἐτέρου
2846 5046 3159 5117 οἰουδήποτε
3195 5048 3424 5116 τρόπου,
3466 5047 3595 5116 παρ’
3627 5045 3713 5097 οὑ-

2148 5133 2300 5196 δενὸς
2327 5133 2437 5187 τῶν
2468 5134 2778 5205 προσώπων
2806 5135 2913 5189 τῶν
2941 5136 3268 5206 ὁρισθέντων
3317 5135 3464 5207 ἔχειν
3493 5135 3589 5207 τὴν
3612 5132 3711 5185 τῶν

2151 5227 2640 5296 μνημονευθέντων
2661 5229 2979 5298 οἰκημάτων
3018 5228 3276 5300 κατοχὴν,
3313 5228 3409 5283 καὶ
3429 5229 3620 5298 νομὴν,
3677 5224 3707 5289 ἠ

2144 5319 2353 5372 τούτων
2386 5320 2584 5391 χρῆσις
2609 5322 2966 5390 ὁπωσδήποτε
3000 5322 3449 5392 ἰκχωρηθήσεται
3471 5313 3673 5393 [ὲγχλ]
3693 5331 3705 5343 ·

461 5389 516 5442 in
558 5390 696 5461 ipsis
752 5395 1131 5453 habitaturum
1191 5399 1525 5465 introducat,
1575 5419 1700 5458 cum
1751 5404 1868 5475 ipse
1900 5408 2040 5464 forte

2171 5412 2261 5465 ιλλ’
2312 5389 2431 5467 οὐδὲ
2482 5389 2667 5476 άπλῶς
2717 5389 2983 5468 ἐνοικίσαι
3033 5389 3163 5467 τινα
3203 5389 3394 5484 ἕτερον
3434 5389 3492 5467 ἐν
3536 5389 3709 5470 αύτοίς

1690 5524 2150 5590 Montfauconii
2220 5539 2401 5592 notae

534 5630 609 5726 ρ)
656 5633 908 5726 Ἄρχων..
952 5628 1196 5726 ὶοςχωνλ
1263 5638 1445 5695 Muros
1497 5642 1791 5698 dirimendi
1852 5644 2029 5700 solum

2177 5667 2233 5706 sa
2292 5662 2603 5710 exstructos
2660 5661 2821 5710 vocat
2866 5653 3091 5725 ἀργοὺς,
3147 5670 3243 5712 seu
3285 5655 3514 5721 otiosos,
3563 5651 3698 5726 quod

458 5704 666 5761 nullam
698 5704 911 5762 mdiﬁcii
942 5704 1137 5765 mnlcm
1173 5710 1369 5768 ferant.
