4102 6282
334 300 473 366 1H3

1768 325 2123 394 TYPlCUM.

3432 347 3573 411 tm

328 420 817 491 σντχωρηθήσεται
845 424 874 478 ὁ
919 424 980 477 τδ
1008 425 1249 480 τοιοῦτον
1285 432 1627 503 κτησάμενος
1667 435 1896 500 δίκαιον,

2002 443 2132 500 alibi
2162 449 2437 518 propriam
2464 454 2857 510 rccreationem
2891 456 3128 526 habeat;
3167 459 3280 516 hzcc
3303 461 3449 516 enim
3477 480 3575 533 pe-

324 513 467 583 Ξχων
516 516 647 576 ἴσως
675 515 908 586 ἀλλαχοῦ
950 518 1049 586 τὴν
1093 522 1303 575 οἰκείαν
1343 524 1687 579 ἀνάπαυσιν·
1726 528 1898 583 ταῦτα

324 608 435 677 γὰρ
470 607 748 672 παντελῶς
773 610 1120 681 ἀπειργομεν,

398 699 462 751 Ei
502 698 560 750 δέ
598 715 728 752 ποτε
772 700 822 763 (ὃ
852 702 926 771 μὴ
961 703 1192 769 γένοιτο)
1228 705 1288 758 τὸ
1332 707 1632 776 πρόσωπον
1662 712 1722 765 τὺ
1774 715 1896 768 καθ’

325 789 630 860 οἱονδήτινα
664 791 859 860 καιρὸν
902 793 998 864 τὴν
1049 798 1244 866 χρῆσιν
1273 797 1396 868 ἔχον
1432 802 1542 853 τῶν
1579 804 1896 874 οἰκημάτων

324 881 426 948 τῆς
472 881 640 950 μονῆς
688 883 1119 953 (ἐπαναληπτέον
1164 890 1273 959 γὰρ
1319 892 1410 943 καὶ
1447 889 1604 957 αὖθις
1645 896 1734 948 τὸν
1768 898 1896 967 περὶ

323 973 506 1027 αὐτῶν
531 971 730 1041 λόγον),
761 976 915 1046 ὲνοχῇ
952 994 1055 1030 τινι
1082 979 1465 1052 καθυποεληθῇ
1498 983 1827 1055 δημοσιακῇ.
1862 989 1892 1056 ἢ

327 1065 596 1135 ἰδιωτικῇ.
620 1065 680 1129 ἐξ
701 1066 1031 1136 οεουδήτινος
1053 1069 1278 1139 τρόπου,
1303 1078 1619 1145 χρηματικῇ
1642 1077 1674 1146 ἢ
1699 1079 1894 1147 ἐγκλη-

330 1159 619 1229 ματικῇ,ἢ
655 1161 750 1212 καὶ
779 1160 1106 1215 καθοσιώσει
1145 1163 1520 1232 ὑποπεσεῖται,
1554 1170 1614 1220 οὐ
1648 1169 1895 1237 βούλεται

322 1252 355 1321 ἡ
385 1250 630 1321 βασιλεία
659 1269 762 1319 μου
786 1253 1216 1323 ὲνοχοποιεῖσθαι
1244 1258 1315 1310 τὰ
1342 1259 1563 1313 τοιαῦτα
1595 1255 1894 1332 οἰκήματα,

322 1339 483 1409 ῆτὴν
519 1339 702 1393 αὐτῶν
731 1340 949 1411 χρῆσιν,
997 1342 1134 1396 ἀλλὰ
1183 1343 1368 1413 μένειν
1410 1346 1667 1412 ἑλεύθερα
1715 1351 1896 1420 πάσης

320 1433 532 1502 ὲνοχῆς.
560 1432 668 1486 Καὶ
695 1433 745 1485 εξ
775 1434 873 1503 μὲν
897 1437 1212 1507 χρηματική
1233 1437 1315 1501 τις
1332 1440 1528 1509 ἐστινὴ
1555 1440 1729 1511 ὲνοχὴ,
1760 1458 1864 1494 κατ
1883 1472 1894 1481 -

321 1524 466 1595 ἐχειν
526 1524 695 1577 ταῦτα
747 1526 843 1577 καὶ
901 1525 1163 1595 νέμεσθαι
1229 1524 1386 1590 αὖθις
1432 1530 1564 1583 αὐτὸ
1615 1533 1790 1584 ἐκεῖνο
1832 1532 1895 1584 τὸ

294 1615 636 1684 ,πρόσωπον,
672 1617 731 1669 τὸ
760 1616 857 1686 τὴν
890 1617 1085 1687 χρῆσιν
1125 1617 1249 1687 ἔχον
1285 1618 1524 1673 τούτων’
1554 1621 1657 1676 κᾶν
1685 1625 1717 1692 ὴ
1760 1622 1890 1694 ἄλλη

321 1712 470 1763 πᾶσα
522 1709 809 1778 περιουσία
853 1709 1045 1764 τούτου
1086 1714 1199 1774 τοῖς
1228 1713 1532 1783 χρεώσταις
1576 1716 1705 1777 τσως
1752 1718 1893 1770 κατὰ

320 1802 521 1871 νόμους
577 1801 885 1854 ὑπόκειται.
921 1800 1067 1870 Αὕτη
1098 1802 1207 1872 γὰρ
1237 1805 1271 1875 ἡ
1319 1805 1514 1874 χρῆσις
1554 1807 1646 1859 καὶ
1688 1810 1888 1877 κατοχὴ
1925 1798 1965 1854 Β

318 1893 428 1945 τῶν
458 1892 713 1945 τοιούτων
741 1892 1077 1962 οἰκημάτων.
1107 1895 1201 1948 καὶ
1234 1896 1343 1948 τῶν
1375 1897 1469 1949 ὑπ’
1506 1897 1643 1951 αὐτὰ
1674 1901 1891 1952 πάντων

319 1983 638 2053 ὑπερτερεῖν
667 1980 944 2051 ὀφείλουσι
990 1983 1171 2050 πάσης
1208 1987 1557 2055 χρηματικῆς
1586 1989 1793 2057 ἐνοχῆς.
1819 1989 1892 2048 ὡς

318 2066 743 2138 τοιουτοτρόπως
771 2075 1249 2145 παραπεμπούσης
1283 2077 1455 2131 ταῦτα
1493 2079 1593 2147 τῆς
1618 2080 1892 2148 βασιλείας

323 2182 424 2235 μου
458 2165 593 2232 πρὸς
640 2165 769 2227 τοὺς
833 2165 1127 2233 μέλλοντας
1175 2166 1349 2221 ταῦτα
1406 2168 1678 2240 κατέχειν.
1724 2172 1786 2224 Εἰ
1836 2172 1892 2223 δὲ

318 2256 696 2326 ἐγκληματική
737 2258 957 2329 ἐστινὴ
1017 2257 1241 2328 εὐθύνη,
1299 2258 1330 2330 ἢ
1391 2260 1746 2325 καθοσέωσις,
1798 2263 1894 2314 καὶ

321 2345 609 2398 ἑκπίπτειν
645 2344 827 2413 μέλλοι
857 2346 954 2415 τῆς
996 2347 1255 2419 τοιαύτης
1303 2352 1573 2419 χρήσεως,
1604 2349 1692 2404 ἵνα
1721 2352 1889 2403 ἐπαν-

318 2436 546 2506 ἐρχηται
584 2432 837 2503 αὓτη“εῑς
883 2437 945 2490 τὸ
980 2437 1316 2507 καλούμενον
1350 2438 1471 2508 μετ’
1501 2441 1632 2493 αὐτὸ
1681 2443 1894 2509 πρόσω-

320 2546 439 2589 πον,
461 2530 601 2582 κατὰ
621 2530 722 2599 τὴν
745 2530 1000 2601 ἀνωτέρω
1022 2530 1284 2598 διάστιξιν
1303 2534 1394 2585 καὶ
1418 2534 1697 2604 διαίρεσιν.
1742 2536 1890 2587 Ἐπι-

316 2621 585 2675 λιπόντωιν
637 2621 693 2674 δὲ
741 2622 850 2673 τῶν
906 2625 1215 2691 προσώπων
1245 2623 1399 2688 ἴσως,
1444 2624 1893 2680 ὲπανεὶεύσονται

320 2715 456 2785 πρὸς
487 2715 585 2785 τὴν
618 2715 908 2769 δεσπότιδα
940 2716 1130 2784 μονήν.

388 2806 506 2859 Κᾶν
555 2822 687 2858 ποτε
741 2806 1073 2876 ῐσως(ὅπερ
1117 2806 1378 2877 ἀπέστω)
1431 2807 1778 2874 πυρίκαυστα
1826 2808 1896 2864 τὰ

318 2898 544 2953 τοιαῦτα
578 2899 854 2968 οἰκήματα
878 2897 1168 2964 γένωνται,
1198 2899 1261 2950 ἐκ
1288 2898 1508 2968 μέρους,
1531 2899 1564 2968 ἦ
1592 2899 1648 2964 ἐξ
1674 2899 1897 2972 ὁλοκλή-

321 3009 440 3063 ρου,
475 2991 535 3043 ού
569 2989 818 3060 βούλεται
849 2990 881 3057 ἡ
913 2987 1164 3056 βασιλεία
1199 3004 1299 3057 μου
1323 2988 1602 3058 σχολάζειν
1631 2988 1731 3059 τὴν
1762 2989 1897 3060 χρῆ-

1998 543 2148 597 uitus
2180 545 2557 612 prohibemus.

2067 726 2122 781 Si
2159 742 2288 781 vero
2339 729 2504 799 (quod
2554 730 2718 801 absit)
2760 746 2989 801 persona
3035 748 3156 801 qua:
3207 733 3401 802 quovis
3433 744 3569 788 tem-

1996 816 2130 886 pore
2191 820 2481 874 domorum
2541 824 2857 877 monasterii
2923 839 3019 877 usu
3081 825 3320 893 potietur
3369 825 3573 885 (sermo

1995 911 2143 963 enim
2174 912 2240 966 de
2295 912 2402 965 illis
2434 913 2617 965 denuo
2652 915 3017 968 resumendus
3063 916 3193 980 est),
3245 914 3567 986 obligatiotli

1996 1002 2234 1071 cuipiam
2267 1003 2616 1074 subjiciatur,
2652 1006 2884 1072 publieae
2915 1015 3011 1059 aut
3034 1009 3281 1074 prlvatm,
3307 1004 3570 1074 quuali-

1995 1094 2087 1143 bet
2115 1092 2344 1151 ratione,
2383 1092 2733 1160 pecuniarize,
2763 1102 2858 1147 aut
2890 1094 3184 1157 criminali,
3213 1094 3297 1147 vel
3324 1094 3366 1146 si
3402 1095 3570 1147 etiam

1996 1182 2396 1237 condemnatus
2453 1183 2621 1239 fuerit
2652 1201 2665 1237 :
2702 1200 2811 1238 non
2872 1186 2988 1238 vult
3020 1185 3310 1254 imperium
3362 1200 3566 1245 meum.

1998 1282 2057 1325 ut
2083 1273 2393 1343 hujusmodi
2431 1274 2629 1330 domus
2660 1287 2755 1329 aut
2780 1292 2969 1329 carum
2995 1292 3126 1332 usus
3175 1277 3569 1345 obligatioucm

1996 1363 2359 1426 contrahant;
2389 1363 2484 1418 sed
2517 1358 2778 1419 maneant
2800 1366 2949 1418 omni
2979 1366 3315 1435 obligatione
3355 1366 3567 1420 libera}.

1996 1453 2129 1507 Etsi
2162 1454 2380 1518 quidem
2414 1455 2733 1523 pecuniaria
2775 1456 2944 1510 fuerit
3005 1456 3291 1526 obligatio,
3336 1473 3569 1526 persmta

1995 1560 2117 1613 qua:
2143 1545 2362 1599 illarum
2387 1560 2487 1599 usu
2539 1546 2769 1615 potitur,
2806 1548 2952 1616 ipsas
2982 1563 3183 1602 rursus
3215 1547 3464 1601 obtineat
3513 1555 3574 1599 et

1995 1636 2275 1705 possideat
2300 1654 2313 1690 :
2349 1638 2477 1692 licet
2511 1639 2730 1693 residua
2756 1640 2876 1710 ejus
2910 1640 3090 1694 omnis
3115 1638 3422 1693 substantia
3447 1652 3569 1692 cre-

1996 1728 2275 1803 ditoribus
2333 1729 2640 1784 secundum
2696 1731 2847 1801 leges
2881 1732 3023 1785 forte
3074 1731 3377 1801 subjaecat.
3432 1730 3575 1787 Usus

1995 1818 2142 1873 enim
2182 1829 2239 1873 et
2271 1822 2543 1889 possessio
2564 1821 2838 1890 ejusmodi
2891 1822 3206 1886 domorum,
3236 1835 3292 1875 et
3324 1819 3572 1873 omnium

1995 1927 2116 1980 qua:
2151 1911 2216 1964 ad
2246 1911 2362 1981 ipsa
2414 1921 2661 1982 spectant
2694 1913 2990 1981 przevalere
3038 1911 3202 1966 debet
3231 1911 3378 1964 omni
3410 1925 3576 1978 pecu-

1995 2005 2183 2058 niaria:
2213 1992 2533 2072 oblightioni
2561 2022 2577 2069 ;
2607 2005 2895 2073 imperiunm
2921 2005 3122 2075 quippe
3156 2020 3336 2058 meum
3368 2019 3430 2057 ca
3455 2003 3573 2071 lege

1996 2094 2118 2148 illas
2156 2094 2481 2148 transmittit
2510 2094 2577 2149 iis
2618 2095 2716 2164 qui
2767 2096 2989 2150 easdem
3060 2092 3369 2165 posscssuri
3420 2104 3571 2147 sunt.

1995 2185 2051 2239 Si
2078 2197 2260 2241 autem
2285 2166 2588 2242 criminalis
2616 2188 2687 2242 sit
2717 2190 3016 2254 accusatio,
3054 2187 3138 2241 vel
3161 2184 3569 2246 condemnatio,

1994 2288 2049 2331 ct
2117 2279 2433 2350 lmjusmodi
2476 2295 2578 2332 usu
2665 2279 2923 2335 excidere
2984 2280 3204 2346 debeat,
3263 2288 3573 2332 revertatur

1996 2367 2111 2436 ipse
2136 2384 2268 2422 usus
2291 2368 2357 2422 ad
2395 2383 2707 2438 personam,
2732 2369 2819 2423 cui
2852 2378 2974 2439 post
3000 2369 3151 2424 illum
3191 2369 3240 2422 is
3287 2365 3569 2435 competit,

1989 2461 2143 2531 juxta
2205 2462 2544 2527 superiorem
2608 2460 3016 2514 distinctionem
3097 2467 3154 2514 et
3219 2458 3619 2512 divisionem.’

1995 2549 2049 2605 Si
2075 2550 2213 2605 forte
2239 2549 2496 2603 deficiant
2527 2564 2795 2619 personae,
2837 2550 2903 2604 ad
2937 2548 3241 2613 dominum,
3280 2562 3474 2615 nempe
3503 2545 3575 2610 ad

1996 2639 2414 2704 monasterium,
2448 2649 2822 2695 revertentur.

2066 2828 2123 2884 Si
2149 2843 2280 2882 vero
2304 2826 2501 2881 domus
2523 2827 2627 2881 illae
2650 2825 2815 2896 (quod
2841 2823 3006 2891 absit)
3031 2823 3286 2881 incendio
3331 2838 3571 2892 unquam

1996 2918 2298 2989 depereant
2326 2934 2392 2972 ex
2429 2925 2580 2987 parte
2612 2917 2695 2971 vel
2729 2932 2795 2970 ex
2828 2925 2965 2980 toto,
2993 2931 3103 2970 non
3124 2915 3240 2969 vult
3271 2915 3571 2983 imperato-

2000 3011 2077 3064 ria
2109 3026 2227 3065 mea
2263 3008 2542 3076 majestas,
2579 3019 2638 3061 ut
2667 3017 2847 3062 cesset
2872 3006 2962 3062 ille
2995 3022 3148 3070 usus,
3180 3013 3367 3074 utpote
3393 3004 3573 3058 domi-

323 3100 427 3145 σιν,
462 3081 535 3144 ὡς
563 3082 672 3134 τῶν
718 3080 1055 3150 οἰκημάτων,
1103 3081 1160 3132 ἐν
1203 3074 1284 3143 οἷς
1328 3080 1614 3151 θεωρεῖται
1646 3083 1678 3148 ἡ
1715 3081 1896 3134 κατοί-

2000 3101 2103 3157 bus
2135 3101 2188 3155 in
2221 3100 2423 3171 quibus
2461 3099 2732 3154 habitatio
2785 3113 2908 3153 esse
2948 3113 3110 3168 posse
3158 3096 3427 3161 cernitur,
3464 3110 3571 3149 non

319 3189 503 3240 κησις.
564 3174 645 3234 εἰς
709 3171 768 3225 τδ
823 3171 899 3242 μὴ
962 3167 1100 3224 εἶναι
1155 3172 1561 3242 χωρησάντων·
1622 3172 1758 3225 ἀλλὰ
1807 3172 1896 3224 τὸν

317 3266 618 3335 τηνικαῦτα
660 3264 718 3315 τὸ
741 3263 949 3316 δίκαιον
977 3262 1072 3332 τῆς
1104 3263 1360 3334 τοιαύτης
1393 3263 1641 3334 χρήσεως
1681 3263 1894 3334 ἔχοντα,

318 3360 461 3412 κατά
492 3359 591 3427 τὴν
618 3357 825 3411 ἄνωθεν
848 3357 1204 3421 διατύπωσιν,
1229 3356 1372 3427 ἔχειν
1400 3357 1494 3409 καὶ
1524 3357 1686 3411 πάλιν
1704 3357 1894 3429 αὐτὴν,

317 3453 412 3505 καὶ
443 3451 695 3518 κατέχε.ν
736 3450 805 3503 τὰ
833 3450 1055 3503 τοιαῦτα
1084 3450 1287 3513 δῖκαια,
1318 3449 1392 3512 ὡς
1419 3450 1625 3504 ἄνωθεν
1656 3452 1902 3521 εἴρηταιν

319 3546 416 3597 καὶ
444 3543 675 3613 χρῆσθαι
708 3542 937 3604 τούτοις,
970 3541 1161 3611 ἔχοντα
1201 3541 1390 3594 ἄδειαν
1422 3541 1790 3611 ἀνοικοδομεῖν
1820 3544 1896 3595 οι-

320 3635 546 3706 κήματα
585 3637 643 3688 ὲν
672 3637 784 3696 τοῖς
814 3635 1002 3697 τόποις
1030 3634 1140 3685 τῶν
1177 3633 1513 3699 καυθέντων,
1545 3634 1702 3686 ὁποῖα
1733 3634 1894 3688 δύνα-

250 3716 271 3729 ’
316 3744 440 3780 ται·
472 3727 582 3780 τῶν
613 3727 931 3790 διαστίξεων
981 3726 1089 3777 τῶν
1120 3726 1248 3793 περὶ
1285 3722 1379 3777 τοῦ
1425 3726 1894 3796 παραπέμπεσθαι

317 3819 512 3880 ταῦτα,
537 3821 631 3872 καὶ
657 3816 1066 3888 περιέρχεσθαι,
1103 3814 1282 3877 καθὼς
1312 3815 1520 3868 ἄνωθεν
1562 3821 1894 3884 σαφέστερον

318 3909 557 3977 εἴρηται,
613 3907 884 3970 σώζεσθαι
936 3907 1030 3958 καὶ
1078 3904 1250 3968 οὕτως
1289 3906 1639 3973 ὀφειλουσῶν,
1697 3909 1787 3960 καὶ
1838 3911 1896 3961 τὸ

323 3999 541 4068 ἰσχυρὸν
565 3997 708 4065 ἔχειν
741 3998 835 4050 καὶ
875 3998 1121 4067 ἐνεργόν.

394 4089 540 4161 Πλὴν
563 4091 662 4142 οὐκ
695 4087 908 4153 ἐξέσται
940 4091 1045 4142 τινὶ
1083 4091 1286 4143 τούτων
1321 4090 1586 4144 ἐκδιδόναι
1617 4090 1708 4143 τὸν
1730 4091 1893 4143 τόπον

321 4183 462 4251 πρός
495 4199 617 4236 τινα
651 4180 975 4253 κηπεύσεως
1014 4182 1195 4251 χάριν,
1228 4182 1259 4255 ἢ
1306 4182 1533 4246 κτίσεως
1581 4181 1892 4234 ἐνοικικῶν·

320 4276 457 4330 ἀλλὰ
480 4276 643 4330 πάλιν
656 4276 739 4328 ἕτε
748 4292 816 4346 ρα
829 4275 945 4328 ἀντ’
968 4275 1157 4339 αὐταῖς
1175 4274 1330 4347 [-τῶν
1347 4274 1393 4347 ?]
1417 4275 1792 4345 οἰκοδομῆσαι,
1807 4269 1893 4329 οἷα

322 4369 568 4434 δύναται,
605 4368 699 4423 ἐπὶ
748 4368 827 4440 τῷ
861 4369 1196 4438 καταμένειν
1226 4370 1285 4421 ἐν
1332 4368 1536 4431 αὐτοῖς.
1591 4368 1695 4421 Τὸν
1720 4367 1774 4420 δὲ
1820 4366 1895 4437 τῷ

1999 3194 2235 3263 amplius
2263 3191 2647 3247 exstantibus:
2683 3191 2777 3247 sed
2809 3191 2901 3260 qui
2929 3201 3057 3245 tunc
3086 3190 3350 3259 temporis
3383 3189 3575 3259 hujus-

1999 3284 2144 3339 tnodi
2172 3299 2306 3339 usus
2338 3284 2462 3354 jure
2495 3283 2703 3353 potitur
2748 3283 2902 3352 juxta
2936 3282 3278 3350 superiorem
3331 3278 3575 3334 sanctio-

1999 3392 2143 3434 nem.
2176 3375 2359 3430 denuo
2384 3375 2532 3429 illum
2565 3374 2831 3439 obtineat,
2872 3384 2928 3429 et
2954 3372 3271 3444 ltujusmodi
3296 3372 3386 3443 jus
3437 3386 3573 3424 con-

1996 3479 2199 3531 servet,
2231 3478 2289 3523 ut
2328 3484 2493 3537 supra
2552 3466 2760 3521 dictum
2796 3474 2900 3529 est,
2959 3467 3161 3534 illoque
3222 3466 3463 3524 fruatur;
3512 3478 3575 3517 ac

1996 3576 2167 3632 penes
2191 3560 2343 3614 illum
2371 3559 2478 3614 erit
2502 3559 2556 3612 in
2584 3557 2720 3612 locis
2751 3557 3163 3612 combustarum
3194 3571 3360 3608 novas
3383 3555 3576 3608 domos

1996 3652 2295 3710 :cditieare.
2347 3651 2538 3719 quales
2595 3649 2820 3719 poterit.
2851 3650 2930 3702 Eo
2964 3662 3122 3719 pacto
3189 3646 3576 3701 distinctiones

1998 3743 2067 3798 de
2121 3758 2310 3796 earum
2351 3743 2768 3799 transmissioue
2822 3750 2879 3795 ct
2917 3739 3291 3803 devalutione,
3325 3747 3382 3790 ut
3409 3753 3574 3803 supra

1995 3835 2264 3904 liquidius
2307 3835 2512 3890 dictum
2543 3844 2646 3901 est,
2698 3836 2905 3890 servari
2961 3834 3188 3897 debent,
3241 3833 3460 3900 vimque
3520 3840 3575 3884 et

1998 3926 2295 3982 efﬁcaciam
2332 3928 2560 3986 habere.

2070 4107 2363 4173 Caeterum,
2410 4123 2523 4161 non
2586 4107 2770 4161 licebit
2805 4107 3171 4177 cuiquamiex
3229 4103 3336 4159 illis
3392 4100 3572 4157 locmn

2000 4198 2311 4253 conducere
2340 4200 2501 4253 alicui
2529 4198 2814 4252 hortorum
2847 4198 3216 4267 parandorum
3253 4209 3440 4255 causa,
3490 4193 3575 4245 vel

1998 4291 2066 4345 ad
2123 4289 2485 4344 exstruendas
2541 4288 2911 4342 conductitios
2944 4288 3186 4340 domos:
3235 4283 3329 4337 sed
3384 4298 3576 4335 rursus

1999 4383 2136 4436 alias
2159 4388 2467 4446 construat,
2510 4378 2701 4448 quales
2733 4378 2958 4448 poterit,
2985 4385 3045 4430 ut
3086 4377 3139 4429 in
3164 4374 3297 4443 ipsis
3344 4372 3573 4426 habitet.
3642 4423 3651 4437 κ

319 4461 473 4531 τόπῳ
504 4461 852 4532 χρησάμενον
880 4461 1083 4531 ἑτέρως
1127 4460 1278 4532 παρὰ
1322 4460 1412 4513 τδν
1455 4459 1699 4530 παρόντα
1735 4459 1891 4527 ἡμῶν

1998 4474 2103 4540 Qui
2151 4482 2332 4528 autem
2386 4474 2508 4529 loco
2551 4480 2754 4535 utetur,
2805 4468 2965 4523 modo
3000 4484 3031 4523 a
3102 4467 3351 4536 praesenti
3396 4477 3576 4519 nos:ra

319 4553 572 4623 ὁρισμὸν,
605 4553 893 4606 ἐκπιπτειν
925 4553 1130 4606 τούτων
1154 4552 1519 4623 διοριζόμεθα,
1551 4554 1649 4606 καὶ
1673 4555 1897 4623 περιέρ-

321 4645 511 4712 χεσθαι
550 4642 724 4696 ταῦτα
769 4643 906 4713 πρὸς
938 4645 1001 4696 τὸ
1048 4645 1187 4713 μετὰ
1219 4645 1321 4713 ςτδν
1364 4644 1689 4707 ἐκπεσόντα,
1734 4647 1768 4715 ἦ
1801 4647 1898 4716 τὴν

323 4735 688 4801 ἐκπεσοῦσαν,
723 4736 1057 4809 καλούμενον
1085 4736 1400 4806 πρόσωπον,
1427 4736 1610 4804 καθὼς
1640 4737 1900 4807 ἀνωτέρω

322 4828 400 4882 διε
409 4828 650 4899 ἱληπται.

396 4921 582 4981 ιιάσας
619 4920 804 4989 μέντοι
855 4920 954 4982 τάς
1014 4919 1412 4989 διαλειφθείσας
1461 4918 1550 4992 [Ῑ.
1583 4919 1896 4990 διαληφθεί-

328 5011 453 5085 σας]
483 5012 689 5077 ταύτας
740 5012 1005 5081 διαταγὰς
1057 5030 1115 5066 τε
1150 5014 1244 5066 καὶ
1292 5012 1587 5079 διαστίξεις
1634 5012 1898 5084 βούλομαι

325 5107 552 5177 βεϐαίας
580 5107 794 5178 μένειν·
840 5107 914 5177 μὴ
945 5107 1158 5177 ἔχοντος
1192 5106 1375 5161 ἄδειαν
1423 5105 1520 5159 τοῦ
1567 5107 1766 5177 μέρους
1799 5107 1897 5177 τῆς

326 5201 493 5270 μονῆς
546 5199 670 5253 καθ’
722 5198 1022 5269 οἱονδήτινα
1070 5200 1268 5270 τρόπον
1318 5200 1648 5264 άπεναντίας
1696 5203 1896 5271 χωρεῖν

323 5288 434 5344 τῶν
464 5289 614 5360 παρὰ
640 5289 736 5354 τῆς
774 5288 1052 5358 βασιλείας
1086 5306 1187 5360 μου
1215 5290 1593 5361 διορισθέντων
1621 5291 1890 5346 ἐνταυθοῖ.

326 5383 441 5455 Τὴν
471 5384 579 5455 γὰρ
629 5382 1013 5454 προσκύρωσιν
1064 5384 1172 5435 τῶν
1202 5384 1456 5436 τοιούτων
1508 5386 1779 5454 ἀκινήτων
1823 5385 1899 5439 δι-

325 5475 500 5528 καίων
565 5476 701 5544 πρὶς
735 5476 797 5528 τὸ
848 5477 946 5545 τῆς
984 5475 1151 5544 μονῆς
1203 5475 1388 5545 μέρος,
1423 5474 1565 5529 οὕτω
1614 5477 1707 5530 καὶ
1758 5477 1897 5544 μετὰ

326 5567 587 5621 τοιούτων
623 5567 940 5634 διαστῐξεων
964 5567 1259 5636 ἐποιήσατο
1288 5566 1380 5619 καὶ
1413 5571 1646 5621 ποιεῖται
1686 5569 1718 5638 ή
1746 5566 1894 5637 βασι-

321 5660 441 5714 )εἰα
472 5677 569 5731 μου
595 5675 608 5688 '
637 5659 728 5713 καὶ
760 5660 899 5713 κατὰ
922 5660 1047 5720 τοὺς
1077 5657 1399 5730 εἰρημένους
1425 5659 1656 5728 τρόπους
1679 5659 1896 5714 διατάτ-

322 5770 473 5809 τεται
505 5753 601 5825 τὴν
627 5753 941 5808 δεσποτείαν
975 5750 1151 5806 αότῶν
1190 5754 1724 5824 προσκεκνρωμένην
1754 5749 1888 5808 εἶναι

2002 4563 2288 4619 sanctione
2309 4562 2510 4626 alieno,
2537 4560 2838 4616 statuimus
2884 4568 2945 4614 ut
2999 4558 3047 4611 is
3090 4555 3201 4610 illis
3255 4554 3489 4618 excidat,
3520 4563 3575 4608 et

2001 4655 2368 4710 devolvuntur
2393 4654 2457 4707 ad
2486 4668 2775 4724 personam
2817 4651 2903 4705 cui
2955 4658 3080 4721 post
3126 4647 3276 4701 illum
3311 4645 3396 4698 vel
3428 4645 3574 4699 illam

1999 4762 2120 4816 qua:
2157 4745 2224 4800 iis
2249 4745 2475 4811 excidit,
2514 4743 2569 4798 id
2593 4741 2877 4815 competit.
2919 4748 2979 4795 ut
3001 4736 3256 4808 superius
3276 4735 3572 4791 dissertum

1999 4849 2101 4893 εει.

2069 4929 2273 4987 Omnes
2297 4930 2466 5001 igitur
2501 4929 2802 4999 explicatas
2833 4928 3149 4981 sanctiones
3175 4930 3230 4979 et
3257 4921 3574 4976 distinctio-

2002 5041 2100 5079 nes
2137 5035 2281 5079 ratas
2308 5039 2530 5078 manere
2565 5021 2711 5085 volo,
2739 5029 2797 5074 ut
2825 5036 2933 5074 non
2965 5021 3139 5089 possit
3184 5015 3577 5071 monasterium

2001 5117 2250 5186 quolibet
2285 5115 2445 5168 modo
2472 5112 2751 5168 adversari
2807 5111 2875 5165 iis
2915 5128 3034 5180 quw
3067 5110 3155 5164 hic
3193 5127 3220 5162 ιι
3250 5123 3369 5162 mea
3407 5107 3580 5173 maje-

2000 5217 2141 5263 state
2175 5216 2374 5261 statuta
2407 5215 2552 5259 sunt.
2590 5203 2975 5257 Addietionem
3023 5200 3174 5255 enim
3213 5196 3575 5252 immobilimn

2001 5301 2223 5355 illorum
2255 5301 2442 5371 juruut
2478 5300 2832 5360 monasterio,
2863 5313 2929 5351 eo
2953 5305 3208 5368 pacto,et
3233 5311 3356 5348 eum
3389 5293 3573 5360 hujus-

2001 5391 2147 5445 modi
2177 5391 2625 5446 distinctionibus
2656 5390 2842 5445 etletit
2865 5399 2919 5443 et
2948 5387 3115 5442 allicit
3140 5372 3399 5455 majestas
3416 5397 3534 5435 mea
3560 5398 3576 5446 ;

1993 5481 2264 5552 jubetque
2318 5489 2377 5535 ut
2436 5481 2739 5535 secundum
2800 5478 3052 5549 prmfatas
3104 5475 3346 5529 rationes
3397 5471 3578 5525 domi-

1999 5574 2152 5627 nium
2186 5588 2374 5627 earum
2430 5573 2709 5628 addictum
2765 5572 2834 5626 sit
2886 5566 3239 5643 monasterio.
3267 5565 3380 5619 Etsi
3434 5562 3577 5617 ἔοι-ιο

2001 5665 2391 5721 monaSIerium
2419 5667 2544 5737 jura
2597 5664 2847 5735 qumdam
2904 5678 2970 5715 ex
3016 5659 3298 5729 aliquibus
3348 5657 3574 5725 scriptis

1999 5757 2367 5824 documentis,
2415 5769 2511 5814 aut
2565 5758 2787 5813 aliunde
2832 5752 3077 5810 obtineat
3107 5750 3162 5806 in
3198 5751 3318 5807 illas
3354 5749 3568 5811 domus,
