4102 6282
609 295 750 359 1115

1891 287 2179 349 lRENES
2217 286 2602 346 AUGUSTA'I

3765 284 3916 347 ιιιε

607 426 822 468 necnon
859 424 915 462 tn
956 415 1176 470 caetera,
1206 414 1262 463 et
1294 407 1349 461 in
1397 421 1617 462 omnem
1653 422 1844 462 earnm
1871 405 2180 466 ambitum;

2287 405 2353 472 τῇ
2391 405 2547 472 μονῇ.
2609 400 2724 455 Κάν
2757 404 2890 466 ίσως
2938 404 2998 457 τὸ
3047 405 3212 476 μέρος
3273 405 3441 475 αὐτῆς
3499 403 3710 457 abuti
3784 423 3914 456 τινα

609 518 720 557 non
751 498 866 553 vult
898 497 1189 566 imperium
1222 511 1405 550 meum
1436 493 1716 564 quidpiam
1757 493 1872 548 ﬁeri
1900 503 2098 563 praeter
2121 507 2185 546 ea

606 607 731 663 quae
763 590 853 644 hic
883 588 1093 643 sancita
1125 595 1276 641 sunt.
1301 587 1500 641 Totum
1529 602 1765 656 namque
1789 585 2183 640 monasterium

607 699 733 738 cum
783 681 850 735 iis
881 695 1003 748 qua:
1042 677 1142 748 ipsi
1198 678 1486 749 subjacent
1519 686 1575 731 et
1622 678 1770 732 circa
1823 677 1999 746 ipsum
2035 683 2184 738 sunt,

547 799 551 804 ·
608 775 820 844 magnis
848 773 964 828 suis
993 771 1311 841 sumptibus
1335 781 1392 825 et
1427 771 1685 840 expensis
1711 768 1977 824 excitavit
2012 768 2188 836 impe-

606 865 814 921 ratoria
872 878 992 918 mea
1051 865 1347 932 majestas;
1377 870 1540 930 atque
1591 861 1730 914 adeo
1777 860 1908 913 licet
1959 859 2186 912 omnino

607 958 709 1028 ipsi
749 957 817 1010 de
849 955 1226 1010 immobilibus
1263 955 1372 1008 illis
1405 965 1646 1008 statuere
1677 961 1736 1007 ut
1763 952 2007 1013 libuerit,
2034 951 2178 1004 vult-

605 1065 714 1118 que
754 1049 1092 1104 sanctionem
1123 1062 1277 1100 suam
1315 1046 1658 1100 immutatam
1686 1043 2105 1110 manere.Quod
2135 1043 2178 1096 si

604 1142 748 1196 forte
803 1141 1070 1194 moniales
1111 1139 1259 1192 aliud
1305 1138 1586 1208 quidpiam
1637 1137 1839 1191 molita:
1878 1135 2179 1196 fuerint,vin

607 1231 760 1284 nullo
789 1229 1047 1283 tribunali
1081 1229 1446 1282 admittentur
1478 1245 1490 1280 :
1519 1235 1574 1280 et
1613 1242 1737 1295 qua:
1775 1226 1896 1279 talis
1947 1222 2184 1278 molimi-

608 1320 692 1373 nis
719 1328 972 1374 auctores
996 1318 1119 1372 aliis
1172 1317 1397 1378 fuerint,
1431 1332 1460 1370 e
1496 1319 1829 1373 monasterio
1869 1317 2179 1386 ejicientur.

2281 494 2545 562 κέκτηται
2571 493 2678 545 ἀπό
2702 510 2862 546 τινων
2888 496 3207 564 ἐγγράφων,
3235 495 3268 566 ἦ
3298 494 3610 564 ἀλλαχόθεν
3641 496 3756 546 ἐπὶ
3789 499 3912 557 τάς

2281 582 2544 646 τοιούτοις
2573 584 2858 652 οίκήμασι,
2887 587 2978 637 καὶ
3021 587 3251 648 λοιποῖς.
3284 587 3376 638 καὶ
3408 585 3564 656 πάσῃ
3603 585 3818 637 αὐτῶν

2283 675 2536 742 περιοχῇ,
2576 673 2635 724 οὐ
2685 673 2934 742 βούλεται
2967 678 2999 744 ἡ
3037 676 3286 745 βασιλεία
3322 694 3423 744 μου
3468 677 3606 729 ἄλλο
3642 694 3697 728 τι
3735 679 3908 743 γενὲο

2283 765 2407 816 σθαι
2449 766 2536 818 ἐπ’
2579 767 2764 829 αὐτοῖς
2815 769 2968 836 παρὰ
3015 769 3084 821 τὰ
3131 768 3386 820 ἐνταυθοῖ
3438 769 3903 836 διατεταγμένα.

2281 854 2391 923 Τὴν
2425 858 2533 925 γάρ
2565 856 2694 926 ὃλην
2723 858 2892 926 μονὴν
2936 859 3032 912 καὶ
3062 862 3132 911 τὰ
3159 861 3252 912 ὑπ’
3280 860 3450 929 αὐτὴν
3479 861 3583 912 καὶ
3612 862 3762 926 περὶ
3796 861 3906 912 αὖ-

2279 948 2377 1017 τὴν
2409 950 2802 1020 συστησαμένη
2834 955 2866 1020 ἡ
2899 951 3144 1020 βασιλεία
3175 970 3274 1022 μου
3313 952 3374 1017 ἐξ
3397 954 3629 1005 οἰκείων
3666 953 3904 1004 πολλῶν

2282 1041 2651 1109 ἀναὶωμάτων
2700 1044 2791 1095 καὶ
2834 1043 3108 1107 δαπανῶν,
3145 1045 3330 1097 ἄδειαν
3374 1044 3493 1114 ἔχει
3528 1046 3780 1106 πάντως
3829 1045 3904 1094 ες-

2281 1131 2569 1200 ορίσασθαι
2620 1134 2715 1186 ἐπὶ
2767 1137 2879 1196 τοῖς
2907 1135 3170 1198 τοιούτοις
3218 1137 3520 1204 ἀκινήτοις,
3559 1136 3633 1187 τὸ
3686 1136 3902 1188 δοκοῦ-ι

2282 1225 2456 1291 αὐτῇ·
2521 1229 2616 1279 καὶ
2667 1226 2914 1296 βούλεται
2967 1229 3057 1280 τὸν
3111 1229 3285 1297 αὐτῆς
3343 1229 3643 1297 διορισμὸν
3698 1229 3901 1296 μένειν

2283 1315 2665 1371 ἀναλλοίωτον.
2721 1318 2836 1372 Κᾶν
2891 1319 3202 1388 πειραθεῖεν
3251 1322 3380 1382 ἴσως
3425 1321 3484 1372 αἱ
3533 1320 3899 1388 μονὰζουσειε

605 1414 734 1466 ἄλλο
765 1431 818 1466 τι
868 1411 1242 1481 ἐπιχειρῆσαι,
1315 1411 1678 1478 ἀπροσδεκτοι
1725 1411 1940 1464 ἔσονται
1983 1411 2145 1462 παντὶ
2179 1408 2533 1480 δικαστηρίῳ,
2573 1412 2670 1464 καὶ
2716 1413 2812 1480 τῆς
2861 1414 3027 1482 μονῆς
3076 1413 3534 1482 ἐκδιωχθήσονται
3566 1413 3634 1465 αἱ
3710 1428 3902 1482 πρωτ.

607 1505 913 1573 αίειοιταῖς
947 1504 1136 1564 ἄλλαις
1167 1502 1266 1569 τῆς
1297 1503 1554 1570 τοιαύτης
1589 1503 2008 1573 ἐπιχειρήσεως.

1135 1593 1360 1649 CAPUT
1397 1593 1612 1647 LXXX.

608 1687 770 1742 Deiis
817 1703 935 1758 qua:
985 1689 1356 1758 inspectionem
1409 1686 1714 1740 monasterii
1757 1685 1946 1739 habere
1977 1683 2178 1738 debent.

681 1849 750 1905 Ut
783 1848 1009 1902 omnino
1038 1863 1262 1902 necesse
1291 1845 1395 1900 fuit
1423 1845 1714 1917 quamdam
1751 1862 1780 1900 a
1805 1862 1890 1900 me
1921 1845 2183 1900 constitui

608 1957 730 2010 qote
768 1939 1103 1994 monasterio
1127 1939 1591 2008 patrocinarctur,
1612 1947 1669 1992 et
1697 1947 1920 1992 curaret
1950 1935 2182 1991 infracta

609 2034 664 2086 in
700 2033 957 2086 omnibus
984 2032 1189 2086 servari
1220 2047 1341 2100 qua:
1387 2032 1441 2084 in
1471 2032 1652 2100 typico
1679 2030 2060 2094 declarantur;
2093 2029 2188 2081 dc-

610 2127 825 2179 iinierat
860 2126 1152 2194 imperium
1190 2139 1372 2178 meum
1408 2122 1460 2176 in
1488 2123 1666 2192 capite
1703 2121 1770 2176 de
1804 2121 1871 2176 iis
1902 2137 2024 2190 qua:
2069 2136 2187 2174 mo-

607 2220 850 2273 nasterio
899 2217 1230 2288 patrocinari
1268 2216 1494 2277 debent,
1536 2225 1594 2268 ut
1633 2216 1832 2270 dilecta
1884 2215 1993 2268 lilia
2042 2229 2182 2274 mea,

606 2322 665 2368 et
704 2311 1166 2382 porpltyrogenita
1199 2309 1396 2363 domna
1444 2307 1682 2361 Eudocia
1722 2307 1897 2376 ipsum
1946 2303 2185 2358 admini-

608 2412 831 2463 straret,
857 2410 912 2454 et
937 2401 1241 2454 vindicaret
1271 2399 1338 2452 ab
1370 2397 1478 2453 illis
1516 2397 1611 2466 qui
1643 2397 1781 2450 forte
1834 2397 2018 2450 conati
2070 2396 2186 2447 fue-

610 2497 722 2548 rint
762 2494 866 2563 ipsi
917 2493 1176 2546 damnum
1227 2492 1432 2546 inl‘erre
1469 2509 1483 2546 :
1516 2490 1874 2556 studeretque
1927 2487 2183 2540 inviolata

609 2584 814 2636 servari
844 2599 965 2652 quze
997 2583 1047 2634 in
1089 2582 1269 2653 typico
1306 2598 1335 2635 a
1371 2597 1456 2636 me
1501 2580 1652 2635 edito
1695 2579 2066 2634 declarantur.
2095 2579 2186 2632 llla

608 2691 740 2730 vero
767 2686 994 2744 propter
1023 2682 1248 2744 peccata
1277 2689 1418 2738 mea,
1450 2683 1510 2728 ut
1556 2673 1763 2726 dictum
1811 2681 1916 2735 est,
1963 2687 2030 2726 ex
2087 2672 2187 2725 hac

611 2765 720 2818 vita
754 2765 1025 2835 migravit.
1056 2765 1249 2819 Statuo
1277 2773 1335 2818 ut
1358 2773 1480 2834 post
1507 2779 1687 2818 meum
1718 2779 1784 2817 ex
1812 2763 1913 2817 hac
1943 2763 2054 2816 vita
2083 2762 2190 2816 dis-

610 2871 848 2920 cessum,
877 2855 1197 2910 monasterii
1233 2856 1631 2926 inspectionem
1657 2854 1862 2909 habeat
1887 2853 2184 2908 dilectissi-

611 2964 696 3002 ma
726 2963 845 3003 mea
877 2947 1341 3017 porphyrogenita
1365 2953 1420 3000 et
1439 2944 1732 3002 Caesarissa
1760 2945 1961 3000 domna
1988 2947 2142 3000 Anna
2168 2961 2182 3009 ;

609 3047 733 3108 post
759 3040 879 3109 ejus
901 3054 1032 3093 vero
1055 3038 1266 3092 obitum
1297 3037 1699 3108 inspectionem
1724 3037 1968 3108 ejusdem
2006 3051 2186 3089 mena-

607 3130 761 3186 sterii
804 3131 1022 3195 habeat,
1068 3131 1265 3202 dilecta
1322 3145 1438 3183 mea
1494 3129 1958 3200 porphyrogenita
1993 3137 2047 3182 et
2077 3127 2184 3180 filia

607 3223 809 3276 domna
845 3222 1012 3275 Maria
1044 3237 1151 3274 una
1191 3236 1316 3275 cum
1378 3221 1576 3274 dilecta
1619 3234 1738 3273 mea
1787 3227 1950 3287 nepte
1985 3217 2185 3271 domna

608 3311 764 3366 lrene
797 3310 1052 3374 Ductena,
1081 3308 1192 3362 filia
1231 3306 1712 3377 porphyrogenitaa
1750 3307 1962 3358 domnae
1993 3303 2182 3356 Anna2.

607 3404 722 3458 Illis
749 3418 881 3457 vero
914 3418 983 3458 cx
1032 3401 1136 3455 hac
1176 3401 1286 3453 vita
1334 3397 1636 3460 translatis,
1680 3396 1952 3467 ejusmodi
2004 3396 2187 3463 inspe-

607 3495 720 3548 ctio
769 3493 1093 3548 devolvatur
1125 3491 1190 3544 ad
1223 3490 1449 3543 alteram
1493 3487 1657 3541 ﬁliam
1705 3487 2186 3557 porphyrogenita:

609 3587 823 3638 domnae
861 3583 1050 3645 Annae,
1100 3589 1195 3634 aut
1241 3587 1460 3647 neptem
1503 3593 1601 3632 seu
1650 3585 1999 3647 proneptem,
2025 3587 2080 3631 et
2109 3577 2188 3631 sic

611 3685 1033 3744 consequenter.
1081 3672 1210 3726 Vult
1264 3671 1412 3724 enim
1471 3669 1763 3738 imperium
1819 3683 2000 3722 meum
2054 3667 2194 3721 filias

606 3768 748 3836 ejus,
771 3773 982 3834 neptes,
1031 3770 1347 3832 proneptes,
1377 3770 1433 3816 et
1484 3775 1606 3829 quae
1649 3769 1969 3829 sequentur,
2017 3759 2194 3812 donec

611 3858 752 3910 linea
786 3857 906 3927 ejus
947 3854 1199 3910 feminini
1241 3868 1405 3907 sexus
1457 3851 1862 3921 perduraverit,
1909 3860 2192 3904 monaste-

611 3947 754 3999 rium
785 3947 957 4017 gratia
1007 3946 1182 4015 plena:
1218 3959 1354 3998 meat
1394 3943 1644 4012 Dciparae
1695 3941 2035 4008 observare;
2069 3957 2190 3996 eam

609 4053 806 4107 nempe
841 4053 963 4106 qua:
992 4045 1151 4091 aetate
1187 4036 1324 4090 alias
1354 4035 1722 4104 praecesserit.

2213 2903 2254 2964 Ε
2291 2946 2379 2994 Διο

2884 1589 3134 1642 ΚΕΦᾹΛ.
3185 1589 3262 1642 ll'.

2285 1677 2421 1746 Περὶ
2474 1677 2592 1732 τῶν
2625 1678 3005 1748 ὀφειλουσῶν
3045 1681 3210 1759 ἕξειν
3269 1681 3386 1748 τὴν
3433 1681 3740 1750 ἐφορείῳ·
3789 1680 3902 1748 τῆς

2965 1766 3180 1817 μονης.

2370 1838 2522 1894 Ἐπεὶ
2553 1841 2608 1893 δέ
2640 1841 3014 1911 ἀπαραίτητον
3041 1837 3129 1910 ἦν,
3165 1840 3258 1913 καί
3288 1859 3408 1894 τινα
3440 1841 3576 1910 παρ’
3609 1841 3764 1909 ἐμοῦ
3800 1860 3904 1893 και

2287 1932 2575 1999 ταστῆναι,
2635 1931 2775 1984 ὥστε
2831 1933 3332 2001 ἀντιλαμβάνεσθαι
3365 1934 3464 2002 τῆς
3535 1935 3746 2002 μονῆς,
3801 1939 3899 1984 καὶ

2289 2021 2610 2085 σπουδάζειν
2645 2023 2703 2073 ἐν
2731 2021 2936 2074 ἅπασιν
2966 2023 3368 2092 ἀπαράθαυστα
3398 2024 3703 2094 τηρεῖσθαι
3743 2025 3813 2074 τὰ.
3845 2028 3900 2074 ἐν

2287 2116 2364 2184 τῷ
2400 2113 2615 2184 τυπικῷ
2648 2113 3081 2183 διηγορευμένα’
3119 2115 3215 2166 καὶ
3240 2115 3424 2183 μέντοι
3452 2099 3549 2165 καὶ
3582 2113 3900 2181 διωρίσατο

2287 2209 2320 2276 ἡ
2355 2205 2604 2275 βασιλεία
2655 2222 2758 2275 μου
2810 2206 2867 2257 ἐν
2901 2205 2979 2276 τῷ
3026 2205 3296 2275 περὶτῶν
3347 2203 3686 2272 ὀφειλόντων
3748 2209 3898 2257 ἀντε-

2288 2297 2663 2367 λαμὸἀνεσθαι
2703 2299 2800 2366 τῆς
2861 2297 3053 2366 μονῆς,
3093 2297 3374 2366 κεφαλαίῳ
3415 2298 3514 2366 τὴν
3571 2297 3888 2366 περιπὸθη-

2288 2389 2379 2441 τόι
2408 2406 2509 2457 μου
2551 2387 2826 2456 θυγατέρα
2862 2389 2960 2440 καὶ
3005 2389 3516 2458 πορφυρογέννητον
3550 2391 3741 2455 κυράν
3791 2390 3887 2440 Ei:—

2287 2481 2474 2534 δοκίαν
2535 2480 2839 2550 περιέπειν·
2873 2478 3063 2550 αὐτὴν,
3108 2481 3202 2532 καὶ
3255 2479 3550 2532 διεκδικεῖν
3603 2482 3724 2532 ἀπὸ
3781 2481 3883 2533 τιῖιι

2290 2573 2647 2641 πειρωμένων
2691 2574 2823 2636 ἴσως
2877 2573 3016 2642 αὐτῇ
3073 2573 3423 2642 ἐπηρεάζειν,
3470 2574 3567 2625 καὶ
3623 2574 3882 2626 σπεύδειν

2289 2664 2574 2734 τηρεῖσθαι
2629 2666 2697 2717 τὰ
2743 2666 2802 2716 ἐν
2845 2663 2923 2734 τῷ
2949 2665 3226 2718 ἐκτεθέντι
3281 2667 3410 2734 παρ’
3463 2667 3604 2732 ἐμοῦ
3655 2667 3878 2737 τυπικῷ

2289 2757 2689 2827 διηγορευμένα
2736 2756 3195 2826 ἀπαράθραυστα.
3237 2757 3299 2809 Ἦ
3340 2759 3396 2810 δὲ
3423 2757 3512 2810 διὰ
3556 2759 3658 2820 τὰς
3707 2761 3882 2828 ἀμαρ-

2290 2849 2410 2904 τίας
2469 2866 2594 2918 μου,
2631 2847 2706 2909 ὡς
2758 2848 2998 2916 εἴρηται,
3052 2848 3145 2900 τοῦ
3200 2850 3327 2918 τῇδε
3380 2851 3495 2917 βίου
3547 2851 3878 2922 ἐξεδήμῃσε.

2387 2942 2626 3010 ρίζομαι,
2683 2941 2768 2993 ἵνα
2812 2942 2947 3009 μετὰ
2992 2941 3088 3010 τὴν
3129 2943 3270 3010 ἐμὴν
3301 2942 3396 2994 τοῦ
3447 2944 3578 3012 τῇδε
3622 2943 3748 3012 βίου
3785 2962 3876 3012 με-

2289 3034 2567 3095 τάστασιν,
2606 3032 2702 3103 ἔχῃ
2740 3033 2838 3101 τὴν
2892 3033 3148 3102 ἐφορείαν
3191 3036 3292 3102 τῆς
3344 3035 3512 3103 μονῆς
3547 3037 3580 3102 ἡ
3634 3037 3878 3088 ποθεινο-

2287 3124 2424 3192 τάτη
2474 3139 2575 3190 μου
2630 3123 3143 3192 προφυρογέννητος
3174 3123 3268 3175 καὶ
3324 3126 3674 3194 Καισάρισσα
3737 3128 3877 3194 κυρὰ

2293 3217 2460 3268 ’Ἄννα
2484 3231 2498 3245 ο
2533 3214 2670 3282 μετά
2699 3214 2754 3266 δὲ
2787 3215 3113 3284 παρέλευσιν
3141 3215 3335 3281 αὐτῆς,
3366 3216 3465 3286 ἔχῃ
3491 3219 3588 3284 τὴν
3616 3219 3874 3286 ἐφορείαν

2287 3307 2387 3374 τῆς
2437 3306 2693 3375 τοιαύτης
2741 3309 2934 3375 μονῆς,
2975 3307 3402 3377 ηπεριπὸθητός
3441 3326 3540 3376 μου
3593 3326 3872 3378 πορφυρο-

2288 3399 2546 3466 γέννητος
2589 3399 2684 3449 καὶ
2729 3397 2977 3468 θυγάτηρ
3021 3399 3161 3462 κυρά
3210 3397 3422 3468 Μαρία.
3458 3399 3572 3466 ἅμα
3603 3402 3668 3468 τῇ
3718 3418 3867 3470 περι-

2288 3491 2510 3560 ποθήτω
2550 3507 2650 3558 μου
2693 3489 2893 3558 ἐγγόνῃ
2940 3491 3083 3560 κυρᾷ
3133 3490 3340 3558 Εἰρήνῃ
3375 3493 3437 3558 τῇ
3485 3491 3774 3562 Δουκαὶνᾳ,
3808 3497 3867 3561 τῇ

2289 3581 2522 3650 θυγατρὶ
2565 3583 2664 3650 τῆς
2713 3582 3228 3650 πορφυρογεννήτου
3275 3583 3443 3649 κυρεῖς
3472 3583 3689 3649 Ἀννης.
3733 3584 3872 3634 T66-

2287 3693 2395 3728 των
2438 3674 2494 3726 δὲ
2541 3673 2954 3743 μεθισταμένων
3001 3673 3096 3725 τοῦ
3131 3674 3252 3744 τῇδε
3281 3672 3414 3740 βίου,
3465 3674 3861 3741 περιέρχεσθαι

2287 3769 2388 3834 τὴν
2418 3763 2676 3824 τοιαύτην
2699 3764 2951 3833 ἐφορείαν
2978 3765 3058 3826 είς
3092 3764 3190 3833 τὴν
3221 3763 3398 3830 ὲτὲραν
3436 3761 3707 3829 θυγατέρα
3747 3762 3856 3829 τῆς

2290 3855 2801 3926 πορφυρογεννήτου
2825 3857 2997 3925 κυρᾶς
3023 3855 3247 3923 Ἀννης,
3271 3855 3305 3924 ἢ
3331 3855 3574 3922 ἐγγόνην,
3593 3853 3632 3922 ἦ
3655 3871 3864 3923 προεγ.

2290 3950 2476 4017 γόνην,
2511 3947 2606 4000 καὶ
2653 3947 2875 4018 ἐφεξῆς.
2924 3948 3034 4009 Τὰς
3069 3947 3175 4017 γὰρ
3212 3947 3272 4011 ἐξ
3322 3936 3488 4016 αὐτῆς
3534 3936 3884 4018 θυγατέρας,¹

2295 4040 2388 4093 καὶ
2419 4039 2649 4106 ἐγγόνοις
2699 4041 2794 4092 καὶ
2839 4039 3202 4108 προεγγόνας,
3237 4039 3334 4092 καὶ
3380 4039 3575 4106 ἐφεξῆς
3624 4040 3782 4108 ἄχρις
3806 4039 3866 4091 ἂν

609 4132 641 4198 ἡ
671 4129 762 4182 τοῦ
796 4128 984 4198 θήλεος
1013 4128 1205 4197 γένους
1267 4129 1434 4198 αὐτῆς
1506 4129 1663 4197 σειρά
1705 4125 2100 4198 περισὼζηται,
2149 4130 2353 4203 ἐφορᾷν
2394 4132 2494 4202 τὴν
2530 4133 2696 4203 μονὴν
2727 4133 2824 4202 τῆς
2869 4133 3317 4203 κεχαριτωμένης
3393 4151 3494 4204 μου
3533 4133 3795 4185 Θεοτόκου
3833 4135 3860 4200 ἡ

610 4224 858 4295 βασιλεία
908 4244 1011 4294 μου
1055 4224 1326 4294 βούλεται,
1362 4225 1458 4296 τὴν
1496 4224 1574 4295 τῷ
1603 4224 1780 4294 χρόνῳ
1819 4225 2004 4293 μέντοι
2039 4225 2256 4290 πάντως
2284 4229 2394 4282 τῶν
2419 4229 2594 4282 ἄλλων
2626 4229 2984 4300 προέχουσαν.

677 4317 848 4372 Linea
903 4334 1037 4373 vero
1097 4317 1347 4373 feminini
1407 4332 1572 4371 sexus
1625 4331 1652 4368 a
1707 4317 1916 4386 pluries
1965 4315 2184 4370 laudata

2364 4320 2476 4388 Τῆς
2520 4321 2710 4391 σειρᾶς
2755 4319 2811 4372 δὲ
2867 4318 2960 4371 τοῦ
2996 4317 3188 4387 θήλεος
3215 4317 3432 4386 γένους,
3483 4319 3580 4371 τοῦ
3627 4319 3735 4370 ἀπὸ
3773 4319 3860 4386 τῆς

605 4408 1066 4480 porphyrogenita
1089 4410 1289 4465 domna
1315 4408 1466 4464 Anna
1497 4407 1904 4472 descendentis,
1927 4407 2189 4463 deiicien-

605 4513 692 4566 te,
729 4513 860 4558 tunc
889 4501 1209 4557 monasterii
1241 4502 1470 4572 hujusce
1515 4501 1904 4570 patrocinium,
1930 4515 1994 4553 ex
2046 4515 2186 4568 prae-

606 4595 746 4649 senti
803 4597 1105 4666 majestatis
1139 4611 1274 4649 meae
1309 4595 1509 4663 scripta
1559 4595 1901 4655 definitione,
1927 4593 2186 4648 devolve-

610 4694 698 4736 tur
733 4685 799 4738 ad
850 4701 1012 4739 unam
1045 4701 1110 4740 cx
1173 4685 1440 4739 uxoribus
1483 4686 1718 4754 alicujus
1749 4701 1778 4739 a
1815 4685 2186 4755 porphyroge-

607 4777 721 4829 nita
761 4774 1027 4845 originem
1057 4776 1332 4841 ducentis,
1356 4775 1422 4829 ad
1461 4776 1750 4846 conjugem
1779 4774 1992 4830 scilicet
2021 4783 2185 4829 :ctatc

607 4867 924 4936 prmeuntis.
954 4867 1023 4920 Et
1054 4866 1108 4921 id
1161 4882 1352 4920 rursus
1390 4866 1798 4927 observabitur.
1824 4865 2001 4921 donec
2025 4891 2027 4893 ί
2050 4882 2188 4920 uxo-

609 4969 697 5008 res
755 4955 1080 5010 eorumdem
1133 4956 1501 5009 masculorum
1537 4955 1844 5009 defecerint
1879 4973 1891 5008 :
1923 4971 1988 5010 ea
2045 4957 2183 5027 lege,

607 5056 669 5099 ut
719 5061 841 5117 quze
874 5046 1190 5100 monasterii
1248 5046 1646 5116 inspectionem
1703 5046 1955 5102 obtinere
2000 5047 2186 5111 debet,

607 5148 731 5207 post
763 5148 993 5193 mortem
1027 5140 1277 5212 conjugis
1301 5139 1385 5194 sui
1423 5138 1492 5194 ad
1526 5139 1796 5195 secundas
1821 5141 2043 5209 nuptias
2074 5156 2181 5195 non

607 5229 878 5283 convolet.
912 5229 1068 5297 Quod
1104 5233 1149 5286 si
1204 5233 1463 5304 obtigerit
1501 5247 1620 5287 eam
1655 5231 1709 5287 in
1743 5233 2182 5288 observationem

607 5321 891 5386 constitui,
911 5332 966 5378 et
993 5322 1195 5380 dehinc
1223 5324 1290 5380 ad
1322 5325 1592 5380 secundas
1619 5325 1840 5396 nuptias
1868 5325 2182 5389 declinare;

608 5413 951 5480 inspectione
980 5415 1164 5469 statim
1199 5416 1434 5480 excidet,
1477 5431 1600 5488 quae
1635 5415 1894 5471 transibit
1925 5416 1993 5470 ad
2033 5415 2178 5469 illam

607 5504 694 5557 cui
719 5503 997 5572 posthanc
1016 5505 1328 5561 observatio
1350 5507 1438 5561 illa
1463 5507 1747 5576 competit,
1771 5514 1826 5560 et
1855 5506 1970 5559 haec
1987 5505 2154 5559 distin
2171 5535 2185 5546 -

604 5593 720 5646 ctio
758 5609 886 5665 erga
927 5605 1154 5652 cunctas
1183 5599 1524 5653 servabitur.
1550 5598 1848 5668 Postquam
1881 5613 2011 5652 vero
2053 5597 2182 5666 ipsa:

602 5701 800 5742 omnes
826 5686 1146 5759 defecerint,
1177 5691 1241 5748 ad
1265 5707 1386 5749 eam
1405 5707 1523 5762 qua:
1549 5707 1615 5746 cx
1649 5690 1974 5746 clarioribus
2003 5692 2174 5747 nostri

2292 4410 2553 4472 πολλάκις
2591 4409 2858 4480 ρηθείσης
2901 4411 3417 4480 πορφυρογεννήτου
3468 4413 3646 4480 κυρᾶς
3674 4412 3856 4478 Ἀννης

2291 4499 2692 4569 καταγομένου,
2723 4499 3102 4568 ἐπιλιπούσης,
3134 4499 3252 4551 τότε
3281 4502 3436 4570 ήτῆς
3469 4502 3640 4570 μονῆς
3671 4502 3858 4569 ταύτης

2290 4590 2574 4660 ἀντίληψις
2619 4590 3037 4658 περιελεύσεται
3074 4591 3181 4643 ἀπὸ
3215 4589 3307 4643 τοῦ
3347 4592 3619 4660 παρόντος
3667 4585 3858 4662 ἐγγρα-

2292 4700 2393 4750 φου
2430 4682 2528 4750 τῆς
2561 4681 2840 4752 βασιλείας
2885 4700 2986 4752 μου
3032 4683 3309 4753 διορισμοῦ
3342 4684 3438 4736 καὶ
3481 4684 3563 4746 είς
3605 4685 3736 4753 μίαν
3767 4685 3860 4735 τῶν

2292 4775 2382 4826 ἐπί
2417 4792 2522 4826 τινι
2551 4773 2660 4827 τῶν
2688 4775 2752 4826 ἐκ
2783 4773 2884 4843 τῆς
2930 4775 3446 4845 πορφυρογεννήτου
3478 4778 3862 4844 καταγομένων

2290 4865 2543 4936 νυμφῶν,
2575 4867 2744 4936 ἤγουν
2779 4865 2877 4936 τὴν
2907 4865 3000 4918 τοῦ
3035 4865 3212 4937 χρόνῳ
3245 4868 3582 4939 προήκοντος
3605 4882 3619 4896 ο
3654 4868 3747 4919 καὶ
3779 4863 3864 4920 αὖ-

2291 4960 2372 5023 θις
2411 4960 2564 5012 ἔσται
2605 4959 2765 5012 τοῦτο
2817 4959 3278 5029 συντηρούμενον,
3330 4960 3527 5030 μέχρις
3573 4959 3639 5012 ἂν
3686 4961 3782 5013 καὶ
3817 4962 3864 5012 αἱ

2289 5052 2384 5104 ἐπὶ
2413 5051 2608 5122 ἄρρεσι
2641 5049 2852 5119 νύμφαι
2879 5051 3143 5103 ἐκλίπωσι
3166 5066 3180 5080 ·
3210 5049 3401 5102 τούτου
3437 5050 3862 5119 φυλαττομένου,

2287 5139 2382 5193 τοῦ
2425 5141 2502 5211 μὴ
2531 5140 2630 5209 τὴν
2663 5139 2966 5211 μέλλουσαν
2995 5141 3095 5212 τῆς
3134 5140 3302 5211 μονῆς
3335 5138 3560 5212 ἐφορᾷν,
3594 5143 3733 5210 μετὰ
3771 5141 3863 5194 θάο

2290 5250 2452 5287 νατον
2491 5232 2587 5286 τοῦ
2614 5232 2818 5286 οἰκείου
2865 5233 3122 5302 συζύγου,
3158 5234 3464 5304 περιελθεῖν
3506 5237 3585 5297 εἰς
3615 5235 3865 5304 δεύτερον

2290 5327 2486 5395 γάμον.
2521 5326 2640 5380 Κᾶν
2687 5325 2871 5397 φθάσῃ
2921 5326 3050 5389 ἴσως
3091 5328 3427 5398 καταστῆναι
3473 5329 3552 5389 είς
3594 5329 3864 5396 ἐφορείαν,

2291 5411 2408 5467 εἶτα
2443 5415 2580 5486 πρὸς
2607 5414 2862 5484 δεύτερον
2892 5415 3163 5488 ἀποκλίνῃ
3192 5417 3393 5486 γάμον,
3429 5417 3590 5480 εὐθὺς
3619 5418 3866 5470 ἐκπεσεῖ-

2289 5523 2400 5568 ται,
2439 5505 2534 5558 καὶ
2582 5507 2682 5575 τῆς
2729 5505 3013 5576 ἐφορείας,
3053 5508 3148 5560 καὶ
3194 5509 3559 5577 μεταόήσεται
3599 5507 3733 5576 αὕτη
3779 5513 3864 5573 εἰς

2291 5597 2390 5666 τὴν
2428 5595 2546 5667 μετ’
2593 5597 2812 5667 ἐκείνην
2862 5598 3226 5669 καλουμένην,
3258 5601 3356 5671 τῆς
3397 5599 3706 5666 διαστίξεως
3732 5605 3866 5653 ταί-

2287 5707 2385 5760 της
2418 5690 2510 5743 ἐπὶ
2539 5689 2737 5754 πάσαις
2764 5690 3125 5760 φυλάττεσθαι
3169 5691 3383 5762 ὀφειλού
3398 5711 3510 5764 σης.
3545 5694 3694 5746 Μετὰ
3726 5694 3854 5762 μέν-
