4102 6282
332 311 466 375 ΗΠ

1774 321 2129 382 TYPICUM.

3442 324 3582 386 1118

318 445 403 480 τοι
437 429 534 481 καὶ
567 427 768 491 ταύτας
821 429 1060 482 ἐκλιπεῖν
1099 429 1296 493 πάσας,
1342 433 1475 500 πρὸς
1511 433 1611 497 τὴν
1651 433 1758 485 ἀπὸ
1789 431 1895 484 τῶν

2006 429 2216 499 generis
2240 429 2368 493 erit,
2387 439 2440 485 at
2467 445 2573 484 non
2601 440 2758 486 aetate
2778 431 2900 486 aliis
2924 430 3280 502 praeeuntem,
3301 434 3395 488 sed
3417 452 3580 504 quam

229 557 232 559 μ
321 520 767 587 ἐπιφανεστέρων
816 521 909 573 τοῦ
969 522 1163 588 γένους
1209 523 1569 594 ήμῶν.-[1λὴν
1620 525 1740 593 οὐχὶ
1801 525 1898 577 καὶ

323 613 499 680 αὐτὴν
537 613 637 681 τὴν
679 612 758 681 τῷ
793 614 970 684 χρὲνῳ
999 615 1107 667 τῶν
1141 614 1316 669 ἄλλων
1348 618 1694 686 προήκουσαν
1719 631 1731 643 ·
1760 614 1896 668 ἀλλὰ

323 703 391 773 ἣν
408 703 515 770 ἀρα
543 702 684 754 κατά
709 703 932 770 καιροὺς
962 705 1399 773 αίρετίσονταιαί
1426 709 1492 776 τῇ
1517 705 1742 776 τοιαύτῃ
1761 707 1895 774 μονῇ

1999 524 2110 578 illis
2143 525 2484 594 temporibus
2501 527 2782 580 monac-lia:
2795 527 3030 582 ascetice
3051 528 3103 580 in
3121 527 3227 583 hoc
3249 531 3582 584 monasterio

1997 616 2280 686 degentes.
2296 634 2404 672 una
2419 633 2545 673 cum
2581 619 2834 687 praetecta
2855 620 3078 690 eligent.
3102 620 3348 689 Illudque
3367 636 3582 690 semper

2004 707 2343 766 servabitur.
2369 708 2629 778 quamdiu
2651 710 3158 778 prwsenssaeculum
3178 711 3582 779 perduraverit.

321 794 717 862 ὲνασκούμεναι
749 795 1076 862 μονάζουσαι
1113 799 1209 851 σὺν
1239 799 1302 868 τῇ
1331 797 1741 868 καθηγουμένῃ.
1768 800 1875 851 Καὶ
1909 796 2066 850 τοῦτο
2090 797 2262 864 οὕτως
2295 800 2764 872 συντηρηθήσεται
2797 799 2960 870 μέχρι.
3009 801 3230 866 παντὸς,
3263 801 3425 873 ἄχρις
3460 803 3526 855 ἂν
3558 802 3586 852 ὁ

324 885 517 956 παρὼν
571 886 820 959 διαρκοίη
839 889 993 942 αἰών.

408 978 496 1029 Ἐν
527 981 594 1048 τῇ
629 982 762 1050 μονῇ
803 981 858 1034 δέ
888 983 920 1052 ή
953 983 1012 1036 τὸ
1033 982 1134 1050 τῆς
1171 984 1423 1056 ἐφορείας
1461 985 1672 1038 δίκαιον
1708 982 1906 1054 ἔχουσα

325 1069 614 1123 οὐπώποτε
649 1071 839 1126 ἄλλοτε
882 1075 1271 1141 εἰσελεύσεται,
1296 1079 1344 1130 εἰ
1383 1077 1457 1146 μὴ
1488 1079 1576 1130 ὅτε
1613 1079 1646 1148 ή
1683 1076 1908 1132 ἀκολου-

327 1162 418 1215 θῖα
458 1163 558 1234 τῆς
604 1165 900 1235 ἐκκλησίας
940 1167 1188 1234 γίνεται·
1241 1170 1334 1223 καὶ
1373 1169 1578 1238 ταύτης
1617 1166 1903 1221 συντελουέ
1940 1181 1945 1187 ·

329 1256 521 1323 μένης,
576 1255 737 1318 εὐθὺς
784 1256 881 1311 καὶ
921 1259 1060 1327 αὐτὴ
1117 1259 1494 1326 ἐξελεύσεται·
1557 1262 1606 1312 εἰ
1667 1261 1740 1330 μή
1801 1275 1906 1311 που

323 1346 509 1414 ὁμιλία
556 1362 641 1409 τις
695 1347 984 1418 πρόκειται
1023 1351 1319 1417 ἀναγκαία,
1370 1353 1466 1405 καὶ
1517 1353 1597 1413 εἰς
1648 1351 1906 1404 σύστασιν

323 1438 423 1506 τῆς
477 1439 645 1507 μονῆς
698 1440 1052 1494 συντείνουσα
1077 1458 1090 1471 ·
1125 1442 1221 1494 καὶ
1275 1444 1396 1495 τότε
1439 1442 1580 1512 μετά
1616 1442 1711 1494 δύο
1740 1441 1774 1511 ἢ
1811 1441 1906 1494 καὶ

323 1529 495 1598 τριῶν
523 1530 824 1597 γυναικῶν.
861 1530 922 1584 Εἰ
973 1533 1030 1584 δὲ
1070 1533 1164 1585 καί
1213 1550 1338 1586 τινα
1377 1534 1488 1586 τῶν
1534 1531 1906 1600 ἀρχοντισσῶν

326 1622 611 1689 συγγενῶν
646 1622 824 1692 ἡμῶν,
853 1623 886 1695 ἢ
921 1625 1014 1676 καὶ
1053 1624 1246 1694 ἑτέραν
1285 1625 1436 1695 τύχοι
1463 1624 1755 1694 εὑρεθῆναι
1790 1622 1908 1692 μετ’

325 1714 519 1781 αὐτῆς,
559 1713 1030 1767 συνεισελεύσεται
1077 1719 1171 1768 καὶ
1197 1715 1337 1786 αὐτὴ
1387 1717 1523 1784 μόνη
1570 1717 1650 1778 εἰς
1681 1715 1780 1785 τὴν
1813 1731 1907 1782 μο-

2065 986 2197 1054 Quae
2245 993 2430 1041 autem
2463 985 2826 1057 inspectionis
2864 985 2957 1056 jus
2992 987 3188 1050 habet,
3214 986 3269 1040 in
3304 997 3584 1041 monaste-

2003 1081 2147 1134 rium
2171 1094 2452 1150 nunquam
2493 1078 2630 1133 alias
2652 1079 3014 1150 ingredietur,
3038 1087 3404 1147 praeterquam
3444 1088 3586 1132 tem-

2002 1188 2136 1242 pore
2169 1171 2526 1227 ecclesiastici
2555 1170 2740 1230 officii,
2781 1185 2891 1239 quo
2919 1170 3198 1233 absoluto,
3239 1170 3425 1224 statim
3471 1170 3586 1239 ipsa

2003 1264 2335 1333 egredietur,
2384 1264 2489 1318 nisi
2528 1263 2841 1317 necessario
2885 1261 3162 1330 colloquio
3193 1272 3250 1316 et
3279 1261 3348 1314 ad
3385 1276 3578 1315 mona-

2001 1353 2156 1408 sterii
2187 1353 2633 1407 constitutionem
2663 1358 2946 1420 spectante
2968 1349 3282 1404 detineatur
3319 1367 3332 1403 :
3367 1358 3425 1403 et
3458 1359 3588 1402 tunc

2003 1459 2127 1498 cum
2157 1442 2376 1496 duabus
2406 1441 2493 1495 vel
2522 1440 2701 1492 tribus
2726 1437 3072 1491 mulieribus.
3097 1435 3154 1491 Si
3189 1451 3320 1490 vero
3347 1436 3588 1504 aliquam

2001 1550 2033 1589 e
2089 1533 2367 1603 primariis
2418 1530 2638 1586 feminis
2675 1528 2930 1582 allinibus
2983 1510 3212 1591 nostris,
3244 1541 3338 1580 seu
3398 1527 3584 1586 aliam,

2004 1637 2128 1676 cum
2161 1621 2248 1675 illa
2307 1620 2500 1674 adesse
2549 1616 2863 1686 contigerit,
2919 1630 3026 1668 una
3083 1614 3424 1684 ingredietur
3471 1613 3588 1681 ipsa

2006 1713 2118 1768 sola
2151 1713 2204 1767 in
2238 1709 2629 1766 monasterium
2657 1727 2670 1762 :
2700 1708 2786 1762 vir
2808 1722 2939 1761 vero
2973 1706 3194 1770 nullus;
3247 1705 3588 1759 inaccessum

325 1809 425 1877 νήν
446 1824 458 1836 ο
489 1809 627 1879 ἀνὴρ
661 1809 716 1862 δὲ
741 1809 864 1863 οὐδὲ
896 1805 975 1872 εἷς
998 1827 1012 1844 ο
1047 1813 1127 1866 ὅτι
1158 1813 1358 1866 ἄϐατον
1390 1809 1528 1866 εἶναι
1561 1813 1621 1865 τὸ
1648 1812 1906 1882 μοναστή-

2017 1818 2253 1873 namque
2294 1811 2350 1857 et
2379 1809 2645 1871 perpetuo
2674 1800 2917 1853 clausum
2965 1811 3088 1851 esse
3141 1795 3398 1849 omnibus
3438 1793 3590 1858 viris,

327 1916 445 1968 ριον
471 1901 819 1965 παντάπασιν
850 1903 1098 1972 ἀνδράσι,
1127 1905 1221 1957 καὶ
1247 1905 1431 1968 αὐτοῖς
1455 1907 1566 1968 τοῖς
1598 1904 1901 1973 εὐνούχοις,

325 1991 695 2062 διοριζόμεθα,
733 1995 826 2046 καὶ
859 1995 1252 2064 κεκλεισμένον
1276 1997 1538 2066 διηνεκῶς
1567 2011 1580 2026 ⁸
1605 1997 1653 2049 εἰ
1677 1997 1733 2051 δέ
1759 2014 1902 2059 τινες

323 2081 434 2132 τῶν
465 2082 716 2152 ἀρρένων
749 2081 956 2136 παίδων
995 2085 1026 2155 ἡ
1037 2083 1174 2155 μῶν,
1205 2085 1300 2138 καὶ
1343 2086 1450 2138 τῶν
1479 2087 1570 2138 ἐπὶ
1599 2087 1904 2155 θυγατράσι

324 2174 608 2245 γαμϐρῶν,
628 2177 661 2244 ἢ
683 2176 778 2227 καὶ
802 2176 1064 2244 ἐγγόνων,
1098 2177 1248 2248 πόθῳ
1264 2177 1340 2248 τῷ
1363 2177 1499 2248 πρὸς
1526 2179 1693 2249 ἡμᾶς,
1713 2180 1744 2248 ἢ
1775 2179 1904 2231 ὑπο-

325 2263 524 2325 θὲ.εως
548 2263 733 2315 ἕνεκεν
759 2267 824 2334 τῇ
859 2267 992 2334 μονῇ
1028 2266 1354 2333 ἀναγκαίας,
1387 2267 1708 2337 θελήσουσιν
1736 2270 1813 2329 εἰς
1843 2267 1904 2320 τὸ

327 2355 688 2426 μοναστήριον
717 2356 997 2421 εἰσελθεῖν,
1021 2358 1418 2411 εἰσελεύσονται
1444 2361 1520 2422 εἰς
1548 2359 1608 2411 τὸ
1628 2359 1906 2429 ἐξωάρθη-

325 2466 420 2502 κον
441 2452 546 2504 ἀπὸ
565 2451 660 2504 τοῦ
696 2453 896 2525 μέρους
914 2454 1012 2524 τῆς
1030 2453 1128 2523 τῆς
1153 2458 1319 2526 μονῆς
1341 2454 1903 2524 ἀντιλαμϐανομένης,

328 2545 466 2612 μετᾶ
501 2545 596 2598 καὶ
618 2546 810 2616 αὐτῆς,
839 2547 996 2598 αὐτοὶ
1027 2546 1176 2616 μόνοι
1195 2563 1208 2577 ·
1234 2549 1328 2600 καὶ
1359 2548 1586 2608 στάντες
1605 2545 1733 2614 ἀχρι
1771 2561 1906 2614 συμ-

327 2633 661 2701 πληρώσεως
704 2638 802 2701 τῆς
853 2635 1210 2700 ἀκολουθίας,
1269 2636 1406 2704 μετὰ
1456 2633 1905 2704 συμπληρώσεως

329 2722 642 2794 [Ῑ.-ρωσιν]
683 2724 908 2792 ταύτης,
972 2724 1324 2777 ἀπελθουσῶν
1382 2725 1490 2777 τῶν
1553 2721 1904 2793 μοναζούσῶν

328 2816 410 2874 εἰς
439 2811 498 2863 τὸ
522 2815 880 2883 κοιμητήριον
915 2814 1115 2876 αὐτῶν,
1150 2813 1550 2866 εἰσελεύσονται
1577 2815 1658 2875 εἰς
1688 2813 1785 2881 τὴν
1815 2814 1908 2863 ὲκ-

331 2903 599 2972 κ>.ησίαν,
667 2904 1128 2975 καταλειφθείσης
1187 2909 1355 2976 μόνης
1403 2906 1499 2975 τῆς
1557 2904 1905 2972 ἡγουμένης,

331 2996 472 3064 μετά
501 2995 596 3049 δύο
645 2997 676 3069 ἢ
726 2997 820 3049 καὶ
858 2996 1022 3067 τριῶν
1077 2997 1509 3068 γηραλεωτέρων
1558 2994 1908 3066 μοναζουσῶν

331 3087 614 3140 εὐλαὸῶψ
672 3087 766 3143 καὶ
817 3088 1178 3157 ὁμιλήσαντες
1207 3089 1396 3153 αὐταῖς
1435 3090 1504 3141 τὰ
1539 3087 1907 3156 προσήκοντα,

1999 1895 2164 1948 etiam
2194 1891 2466 1947 eunuchis
2497 1889 2892 1944 monasterium
2928 1885 3241 1941 statuimus.
3284 1885 3342 1940 Si
3397 1894 3579 1938 autem

2001 1986 2221 2056 quidam
2253 1983 2354 2038 viri
2385 1998 2451 2038 ex
2487 1981 2632 2042 ﬁliis.
2659 1981 2878 2050 generis
2921 1989 2976 2032 et
3022 1977 3318 2047 nepotibus
3351 1977 3579 2040 nostris,

2002 2092 2188 2133 amore
2233 2091 2363 2147 erga
2407 2091 2527 2134 nos.
2550 2089 2646 2128 seu
2681 2073 2864 2142 aliqua
2918 2072 2985 2125 de
3037 2086 3200 2124 causa
3243 2071 3582 2122 monasterio

2004 2168 2333 2233 necessaria,
2376 2165 2652 2220 voluerint
2689 2165 2742 2218 in
2800 2161 3192 2217 monasterium
3232 2161 3465 2230 ingredi,
3494 2161 3584 2214 iu-

2004 2264 2220 2312 troeant
2258 2257 2312 2309 in
2345 2255 2590 2310 exterius
2641 2253 2972 2307 vestibulum
3017 2267 3084 2305 ex
3138 2257 3290 2320 parte
3340 2259 3587 2318 patrona:

2004 2349 2347 2414 monasterii,
2396 2361 2503 2401 una
2578 2361 2704 2400 cum
2779 2345 2892 2407 illa,
2940 2343 3042 2412 ipsi
3093 2342 3198 2396 soli
3231 2359 3244 2396 :
3274 2351 3330 2396 et
3379 2349 3591 2396 stantes

2005 2454 2178 2508 usque
2231 2437 2299 2492 ad
2355 2435 2518 2491 ﬁnem
2567 2434 2755 2497 oﬂicii,
2808 2442 3096 2503 postquam
3149 2432 3267 2500 ipso
3318 2430 3591 2498 completo
3637 2488 3640 2492 ,

2005 2529 2271 2583 moniales
2322 2527 2389 2582 ad
2447 2524 2833 2580 dormitorium
2885 2539 3047 2578 suum
3101 2521 3364 2587 abierint,
3407 2521 3591 2590 ingre-

2007 2620 2230 2675 dientur
2261 2618 2363 2688 ipsi
2393 2619 2446 2671 in
2469 2615 2913 2678 ecclesiam,sola
2939 2613 3195 2684 praefecta
3221 2627 3344 2666 cum
3374 2611 3592 2665 duabus

2007 2722 2104 2766 aut
2134 2711 2313 2766 tribus
2344 2727 2375 2766 e
2405 2708 2720 2765 senioribus
2745 2707 2848 2778 piis
2875 2704 3206 2759 monialibus
3233 2711 3589 2766 remanente;

2008 2812 2066 2858 et
2113 2812 2402 2873 postquam
2440 2817 2535 2857 eas
2574 2799 2966 2855 convenienter
3007 2796 3234 2851 allocuti
3285 2795 3510 2860 fuerint,
3535 2805 3591 2849 et

2007 2895 2182 2966 gratia
2213 2895 2427 2963 plenam
2483 2891 2768 2962 Deiparam
2797 2888 3168 2951 adoraverint,
3194 2886 3548 2957 egredientur
3574 2903 3588 2939 :

2009 2996 2064 3040 et
2099 2987 2172 3039 ita
2201 2985 2404 3038 facient
2429 2983 2596 3038 semel
2626 2993 2721 3036 aut
2753 2981 2838 3036 bis
2869 2995 2966 3052 per
2991 2992 3216 3043 annum,
3240 2987 3296 3033 et
3343 2975 3398 3030 in
3451 2975 3592 3031 festo

2013 3078 2282 3145 Deiparae.

328 3183 422 3234 καὶ
449 3185 514 3252 τῇ
547 3183 970 3252 κεχαριτωμένη
1036 3181 1289 3253 θεοτόκῳ
1329 3183 1829 3254 προσκυνήσαντες,
1902 3170 2323 3237 ἐξελεύσονται·
2383 3169 2481 3222 καὶ
2551 3166 2709 3222 τοῦτο
2752 3163 3044 3234 δράσῖυσιν
3078 3160 3245 3226 ἅπαξ,
3298 3160 3443 3231 ῆδὶς
3486 3161 3584 3213 τού

329 3275 604 3339 ἐπαυτοῦ,
637 3277 727 3328 καὶ
764 3275 906 3328 κατά
941 3276 1038 3348 τὴν
1071 3277 1262 3348 ἑορτὴν
1295 3278 1395 3347 τῆς
1435 3276 1721 3329 Θεοτὸκου.

400 3371 464 3422 Αἰ
503 3368 687 3438 μέντοι
720 3338 1077 3438 περιπόθητοί
1110 3338 1572 3441 μου’θυγ.ατέρες,
1608 3369 1664 3422 αἱ
1699 3380 1906 3434 πορφυ-

2081 3352 2254 3407 Porro
2285 3363 2451 3420 penes
2477 3346 2705 3402 dilectas
2737 3359 2886 3398 meas
2911 3342 3048 3398 tilias
3074 3349 3128 3395 et
3157 3338 3589 3410 porpltyrogeni-

334 3462 666 3530 ρογέννητοι,
698 3461 732 3530 ἢ
758 3476 817 3512 τε
839 3459 983 3530 κυρά
1013 3462 1201 3525 Ἄννα,
1225 3463 1320 3514 καὶ
1351 3463 1383 3532 ή
1407 3461 1548 3531 κυρὲι
1572 3461 1781 3532 Μαρία,
1815 3457 1908 3512 καὶ

331 3552 365 3619 ή
400 3550 750 3621 ποθεινοτάτη
779 3570 880 3623 μου
911 3554 1109 3622 ἐγγόνη
1146 3555 1288 3619 κυρὰ
1325 3551 1528 3624 Εἰρήνη
1553 3552 1587 3622 ἡ
1616 3551 1904 3613 Δούκαινα,

330 3645 542 3710 ἕξουσιν
571 3645 780 3712 ἄδειαν,
809 3647 971 3699 ὁπότε
1002 3647 1098 3699 καὶ
1138 3645 1434 3714 βούλοιντο,
1471 3648 1530 3697 έν
1557 3646 1758 3706 πάσαις
1785 3645 1904 3706 ταῖς

330 3741 502 3802 θείαις
547 3741 820 3805 συνάξεσι.
875 3740 968 3794 καὶ
1018 3742 1076 3792 ἐν
1123 3738 1204 3808 τῷ
1247 3737 1426 3809 καιρῷ
1479 3740 1576 3806 τῆς
1608 3738 1906 3801 ἑστιάσεως

329 3830 912 3899 συνεκκλησιάζεσθαι.
933 3829 1030 3882 καὶ
1071 3829 1455 3882 συνεστιᾶσθαι
1493 3832 1613 3890 ταῖς
1645 3827 1909 3898 μοναζού-

331 3937 453 3982 σαις
474 3936 488 3950 ο
525 3921 666 3988 πλὴν
702 3919 842 3991 μετά
875 3919 968 3972 δύο
999 3919 1270 3986 γυναικῶν
1303 3919 1503 3983 αὐτῶν,
1533 3921 1565 3989 ἢ
1613 3921 1799 3989 τριῶν.
1842 3923 1908 3974 Ἡ

329 4013 386 4064 δέ
432 4009 572 4080 θύρα
617 4012 650 4080 ή
695 4011 993 4076 εἰσάγουσα
1031 4013 1109 4076 εἰς
1156 4009 1412 4080 τοιαύτην
1459 4010 1646 4080 μονὴν,
1679 4010 1788 4063 ἀπὸ
1815 4010 1907 4062 τοῦ

333 4102 536 4173 μέρους
581 4102 690 4154 τῶν
741 4101 1077 4154 δεσποτικῶν
1131 4101 1483 4170 οἰκημάτων,
1541 4100 1744 4154 ἔσωθεν
1808 4099 1908 4169 μὲν

331 4193 716 4264 κλεισθήσεται
776 4192 929 4261 παρὰ
973 4195 1070 4262 τῆς
1119 4191 1556 4261 καθηγουμένης,
1606 4189 1804 4254 ἔξωθεν
1849 4190 1908 4242 δὲ

329 4285 482 4355 παρά
522 4285 620 4354 τῆς
674 4282 1216 4353 ἀντιλαμϐανομένης
1268 4285 1366 4352 τῆς
1431 4281 1636 4352 μονῆς·
1689 4281 1908 4334 πάντων

327 4378 438 4430 τῶν
469 4376 642 4430 ἀλλων
662 4377 770 4430 τῶν
799 4375 1321 4446 διαλαμϐανομένων
1350 4375 1408 4426 ἐν
1431 4372 1509 4443 τῷ
1538 4372 1706 4444 τρίτῳ
1739 4388 1908 4440 κεφα-

327 4468 466 4537 λαίῳ
498 4467 576 4536 τῷ
628 4468 758 4538 περ)¹
802 4468 902 4537 τῆς
939 4466 1194 4538 ἐφορείας
1245 4464 1570 4535 ὀφειλόντων
1621 4462 1905 4534 τηρεῖσθαι

331 4559 711 4613 ἀναλλοιιῦτων
750 4559 808 4620 ἐς
841 4558 949 4613 ἀεί.

570 4652 709 4717 Περί
744 4649 850 4703 τοῦ
887 4648 1276 4717 περιορισμοῑ·
1309 4647 1420 4717 τῆς
1453 4648 1664 4718 μονῆς.

413 4739 477 4791 .0
524 4738 804 4808 διαιρέτης
861 4741 1040 4807 τοῖχος
1086 4738 1186 4808 τῆς
1220 4719 1542 4804 γυναικείας
1592 4740 1758 4810 μονῆς
1806 4740 1906 4810 τῆς

335 4829 826 4899 Κεχαριτωμένης,
890 4827 1120 4897 ἄρχεται
1176 4827 1285 4880 ἀπὸ
1329 4825 1422 4879 τοῦ
1484 4827 1752 4880 εἰσοδικοῦ
1809 4843 1910 4880 πυ-

335 4923 505 4986 λῶνος
550 4923 653 4990 τῆς
703 4921 869 4991 μονῆς
909 4920 1002 4974 τοῦ
1041 4917 1456 4989 κατέμπροσθεν
1503 4910 1757 4988 κειμένου
1811 4919 1909 4988 τῆς

336 5015 607 5086 δημοσίας
631 5012 754 5069 ὁδοῦ
792 5013 890 5082 τῆς
919 5015 1221 5082 ἐρχομένης
1248 5012 1355 5066 ἀπὸ
1384 5012 1483 5083 τῆς
1524 5011 1682 5079 ἁγίας
1711 5012 1909 5082 ’Λννης

334 5109 429 5162 τοῦ
460 5108 728 5178 Δευτέρου
757 5106 856 5178 (5),
887 5107 986 5159 καὶ⁸
1013 5106 1288 5177 διέρχεται
1321 5105 1457 5174 πρὸς
1487 5104 1751 5167 ἀνατολὰς
1775 5122 1908 5172 κρα-

334 5201 446 5254 τῶν
480 5201 579 5272 τὴν
617 5202 788 5270 αὐτὴν
840 5199 1107 5270 δημοσίαν
1152 5197 1292 5263 ὁδὸν,
1321 5199 1414 5250 καὶ
1450 5197 1747 5267 ἀπέρχεται
1777 5195 1903 5266 ἄχρι

331 5295 428 5350 τοῦ
467 5294 837 5364 παρακελλίου
874 5293 952 5361 (4)
981 5291 1071 5344 τοῦ
1107 5291 1406 5359 νοσοκόμου
1437 5273 1538 5356 τῆς
1585 5289 1775 5357 μονῆς,
1806 5287 1901 5340 τοῦ

2012 3455 2093 3500 tas
2141 3444 2397 3498 domnam
2432 3440 2669 3503 Annam,
2701 3445 2757 3492 et
2784 3435 3040 3490 domnam
3097 3432 3349 3495 Mariam,
3372 3446 3586 3486 necnon

2009 3549 2181 3606 penes
2233 3531 2647 3588 dilectissimam
2697 3540 2874 3580 meam
2914 3531 3134 3593 neptem
3183 3521 3440 3575 domnam
3471 3517 3586 3573 lre-

2007 3642 2131 3682 nem
2170 3626 2457 3679 Ducat-nam
2510 3620 2638 3682 erit,
2692 3616 3134 3688 quandocunque
3185 3613 3484 3679 voluerint,
3532 3611 3587 3666 in

2010 3717 2266 3773 omnibus
2316 3713 2518 3767 divinis
2559 3707 2944 3771 conventibus,
2973 3717 3024 3762 et
3059 3706 3114 3759 in
3147 3711 3394 3772 tempore
3449 3700 3590 3757 refe-
3624 3744 3630 3751 .

2007 3809 2229 3873 ctionis,
2257 3804 2501 3862 ecclesiae
2527 3802 2706 3857 oﬂicio
2744 3810 2801 3856 et
2830 3798 3152 3854 comestioni
3187 3811 3292 3850 una
3314 3810 3439 3850 cum
3471 3810 3584 3848 mo-

2007 3902 2245 3956 nialibus
2273 3899 2561 3958 interesse,
2590 3903 2646 3948 at
2673 3907 2798 3948 cum
2849 3890 3061 3945 duabus
3094 3904 3123 3942 e
3151 3887 3266 3942 suis
3285 3885 3372 3940 vel
3409 3884 3590 3940 tribus

2008 3991 2353 4048 mulieribus.
2373 3990 2546 4044 Janua
2579 4001 2712 4041 vero
2741 3998 2864 4054 qum
2895 3981 3048 4036 ducit
3081 3980 3135 4034 in
3175 3979 3282 4033 hoc
3309 3985 3582 4031 monaste-

2009 4085 2154 4138 rium
2201 4098 2267 4137 ex
2302 4091 2457 4150 parte
2503 4077 2909 4146 despoticarum
2962 4072 3274 4134 domorum,
3309 4067 3379 4121 ab
3439 4066 3588 4120 intus

2007 4174 2228 4246 quidem
2255 4171 2541 4227 elaudetur
2569 4185 2598 4222 a
2629 4167 2902 4238 praelecta,
2925 4164 3092 4218 aroris
3135 4176 3266 4215 vero
3296 4175 3326 4213 a
3357 4168 3586 4228 patrona

2009 4244 2348 4321 monasterii.
2397 4260 2591 4316 Omnia
2645 4272 2864 4328 quoque
2925 4255 3052 4316 alia.
3100 4257 3356 4306 enarrata
3412 4248 3590 4316 capite
3643 4244 3651 4250 ’

2011 4352 2171 4408 tertio
2196 4351 2263 4405 de
2297 4347 2659 4420 inspeetione,
2706 4346 2978 4398 inmutata
3010 4343 3062 4395 in
3109 4346 3435 4410 perpetuum
3469 4350 3589 4389 scr-

2009 4447 2306 4502 vabuntur.

2470 4641 2546 4696 De
2574 4639 2771 4694 ambitu
2799 4635 3118 4690 monasterii.

2084 4739 2271 4792 Murus
2290 4736 2557 4790 dirimens
2583 4731 2802 4788 feminei
2830 4727 3146 4783 monasterii
3172 4724 3587 4793 Gratia-picum,

2012 4832 2230 4889 initium
2286 4830 2439 4884 ducit
2485 4827 2554 4882 ab
2606 4827 2748 4881 ostio
2796 4819 3138 4881 monasterii,
3166 4818 3330 4872 sitoe
3363 4816 3589 4886 regione

2010 4924 2244 4997 publica:
2277 4921 2399 4986 vite,
2436 4935 2544 4990 qua
2589 4917 2807 4972 venitur
2837 4930 2866 4968 a
2894 4921 3081 4968 sancta
3125 4911 3284 4964 Anna
3324 4908 3588 4972 Deuteri;

2006 5026 2062 5071 et
2086 5014 2281 5072 transit
2315 5013 2381 5068 ad
2421 5011 2710 5070 orientem,
2732 5008 2988 5059 obtinens
3021 5001 3272 5057 eamdem
3308 4998 3584 5068 publicam

2009 5109 2176 5170 viam,
2206 5115 2262 5161 et
2291 5103 2534 5160 excurrit
2577 5114 2751 5169 usque
2779 5099 2845 5151 ad
2895 5093 3249 5165 param-ilium
3298 5092 3584 5145 nosocomi

2010 5215 2108 5254 seu
2130 5194 2464 5252 inﬁrmitorii
2497 5188 2836 5252 monasterii,
2857 5185 3000 5257 quod
3033 5195 3115 5240 est
3139 5201 3168 5239 e
3196 5183 3415 5254 regione.
3439 5197 3590 5237 sum-

2012 5291 2084 5346 mi
2137 5287 2324 5345 solarii
2381 5285 2668 5340 domorum
2727 5295 2966 5351 quercus
3022 5275 3378 5340 monasterii;
3421 5273 3588 5326 habet

1604 5378 2063 5444 Montl‘auconii
2121 5387 2308 5440 notae.

409 5491 486 5561 (2)
510 5489 818 5561 Aevzépov.
852 5485 1032 5540 Locus
1064 5492 1136 5561 ct
1174 5492 1376 5561 tractus
1397 5481 1904 5561 Constantinopolis

333 5563 391 5616 in
414 5549 524 5631 quo
551 5549 706 5615 erant
731 5559 876 5631 aedes
893 5571 1083 5631 sacrae,
1105 5554 1524 5631 SanctaE'Annat,
1546 5551 1728 5631 Sancti
1749 5549 1918 5606 Geor-

329 5621 644 5702 gii,'Sanrti
672 5629 827 5702 Pauli
850 5636 906 5684 et
934 5629 1266 5702 Sanctorum
1292 5621 1666 5702 Notariorum.
1692 5621 1761 5675 de
1805 5637 1916 5702 quo

334 5692 554 5758 necnon
587 5701 654 5757 dc
683 5700 847 5770 hujus
879 5694 1265 5768 appellationis
1300 5692 1513 5762 origine
1561 5692 1685 5746 vide
1731 5692 1916 5746 crudi-

2016 5480 2287 5535 tissimum
2321 5473 2585 5545 Cangittm
2646 5472 2697 5524 in
2738 5465 3194 5545 goustuntiucpoli
3253 5460 3577 5545 CIII-istian'q.

2095 5529 2680 5614 ξλίᾑηαρακὲλλίου,
2737 5539 2899 5614 (gallie
2971 5529 3260 5604 adjunctae.
3307 5529 3592 5599 Ιῖιρακέλι

2021 5608 2226 5673 ϐτὲῡὸίε
2257 5608 2425 5670 infimi
2457 5613 2554 5668 aevi
2598 5621 2728 5665 sunt
2767 5608 3000 5668 latrinae,
3041 5620 3151 5673 quo
3194 5617 3358 5658 sensu
3399 5615 3582 5673 παραν-

2025 5689 2236 5743 κέλλιον
2267 5687 2354 5741 hic
2383 5684 2608 5744 intelligi
2641 5693 2800 5737 posse
2829 5676 3060 5730 videtur.
