4054 6278
598 231 736 291 n31

592 432 797 489 suﬂicit
825 433 1021 486 animae
1043 430 1350 484 voluntaria
1376 427 1674 489 afﬂictatio,
1727 427 1832 480 nisi
1866 425 2030 479 etiam
2064 440 2170 477 non

591 524 920 580 voluntariis
964 522 1323 583 inﬂammata,
1384 520 1613 574 minime
1647 528 1908 572 enervata
1940 517 2172 571 diﬁluat.

594 617 791 672 Anima
821 615 968 669 enim
992 611 1172 681 gladio
1203 609 1402 664 similis
1436 616 1522 664 est
1570 627 1581 661 :
1638 607 1743 662 nisi
1782 621 1882 676 per
1911 607 2092 675 ignem
2121 620 2176 658 et

591 723 794 778 aquam
833 703 1132 767 transierit,
1167 702 1272 756 hoc
1304 710 1389 756 est
1438 716 1535 769 per
1582 700 1801 755 labores
1834 698 2176 752 voluntarios

597 809 655 854 et.
698 795 1121 857 involuntarios,
1157 794 1288 849 dum
1344 792 1695 863 quotidianas
1725 790 2057 845 tentationes
2089 803 2177 843 re-

592 891 860 960 percutit,
891 888 1044 942 ﬁrma
1075 896 1132 940 et
1166 886 1401 941 infracta
1434 900 1544 939 non
1578 883 1946 952 permanebit.

667 979 724 1033 .8.
781 978 1257 1050 Quemadmodum
1320 977 1754 1032 voluntariarum
1809 973 2176 1030 tentationum

599 1083 713 1129 tres
745 1083 874 1127 sunt
904 1087 1082 1126 causae
1122 1070 1567 1140 generalissimae,
1613 1069 1839 1130 sanitas,
1882 1065 2089 1120 divitia:
2122 1073 2177 1119 et

597 1165 795 1234 gloria,
825 1179 932 1218 non
978 1162 1058 1217 sic
1085 1159 1524 1215 voluntariarum
1557 1158 1784 1212 totidem
1827 1165 1976 1219 sunt,
2004 1154 2178 1208 detri-

599 1266 848 1311 mentum
895 1271 993 1310 seu
1028 1256 1311 1318 damnum,
1340 1251 1712 1314 contumeliae,
1750 1247 2173 1304 invaletudines.

599 1351 781 1416 Atque
809 1348 924 1402 hzec
941 1347 1268 1417 quibusdam
1295 1345 1361 1400 ad
1387 1343 1828 1406 azdiﬁcationem,
1847 1339 2176 1410 quibusdam

597 1439 665 1495 ad
692 1440 1125 1494 destructionem
1152 1437 1500 1506 contingunt.

669 1533 724 1586 9.
765 1532 880 1587 Una
906 1547 1028 1585 cum
1065 1531 1244 1583 anima
1278 1530 1588 1582 subsistunt
1613 1535 1667 1582 et
1696 1527 1977 1582 cohaerent
2015 1525 2176 1596 cupi-

603 1621 747 1677 ditas
779 1629 834 1674 et
868 1620 1128 1684 tristitia;
1164 1634 1288 1672 cum
1336 1632 1568 1686 corpore
1603 1616 1851 1685 voluptas
1900 1622 1955 1670 et
1997 1615 2175 1668 dolor.

597 1713 775 1770 Causa
808 1712 1013 1766 doloris
1043 1720 1127 1764 est
1149 1710 1421 1779 voluptas.
1457 1709 1596 1763 Nam
1626 1708 1756 1764 dum
1776 1706 2054 1762 'acerbum
2081 1706 2175 1761 do—

600 1807 733 1861 loris
760 1822 984 1861 sensum
1014 1805 1255 1874 eﬂugere
1279 1805 1554 1868 volumus,
1585 1803 1650 1857 ad
1673 1804 2008 1871 voluptatem
2042 1816 2180 1856 con~

598 1898 857 1966 fugimus.
894 1895 1184 1965 Cupiditas
1211 1905 1392 1948 autem
1441 1895 1681 1948 tristitia;
1713 1902 1887 1946 mater
1921 1903 2025 1948 est.

673 1989 758 2043 10.
801 1989 902 2055 Qui
950 1989 1158 2042 virtute
1201 1997 1286 2041 est
1322 1985 1608 2055 praeditus,
1647 1984 1980 2039 intrinsecus
2012 1992 2069 2039 et
2120 1982 2177 2038 in

599 2081 784 2136 animo
817 2095 917 2134 suo
949 2079 1219 2134 inclusum
1248 2077 1493 2147 possidet
1528 2077 1735 2130 bonum
1767 2091 1962 2130 :vanze
1991 2075 2178 2146 gloriae

599 2173 856 2243 cupidus,
884 2174 1000 2228 sola
1028 2173 1363 2243 cogitatione
1396 2179 1724 2238 conceptum
1768 2178 1824 2224 et
1865 2167 2179 2238 imaginati-

593 2265 761 2319 tium.
790 2265 861 2319 At
899 2279 1032 2318 vero
1063 2263 1266 2317 malum
1300 2261 1508 2331 probus
1539 2259 1833 2331 superﬁcie
1863 2269 2044 2326 tenus,
2077 2272 2178 2313 vo-

597 2355 796 2425 luptati
829 2354 1052 2410 deditus
1078 2353 1409 2424 profundum
1445 2353 1633 2408 habet.
1933 2355 1940 2363 '

674 2449 757 2500 11.
787 2448 980 2504 Praxis
1007 2447 1205 2502 animae
1246 2456 1335 2502 est
1373 2446 1741 2516 temperantia
1795 2443 2176 2515 simplicitate,

597 2545 652 2592 ct
679 2537 1006 2606 simplicitas
1035 2537 1398 2606 temperantia
1436 2534 1750 2590 obﬁrmata.

671 2631 762 2686 12.
793 2631 990 2687 Praxis
1015 2630 1253 2700 spiritus
1269 2639 1356 2686 est
1382 2630 1438 2685 in
1474 2626 1942 2698 contemplatione
1971 2625 2174 2693 oratio,

597 2730 654 2776 et
684 2720 740 2774 in
767 2721 1018 2776 oratione
1046 2720 1463 2790 contemplatio.

673 2811 762 2866 15.
792 2810 914 2866 Νυη
961 2826 1106 2882 saepe
1148 2811 1450 2874 invenitur,
1489 2808 1584 2880 qui
1622 2809 1818 2863 vitium
1858 2807 2095 2864 sollicite
2119 2815 2178 2863 et

599 2919 724 2959 cum
761 2919 893 2960 cura
928 2919 1040 2958 non
1083 2903 1288 2968 oderit,
1343 2902 1546 2970 sapius
1581 2911 1768 2957 autem
1805 2903 1900 2972 qui
1930 2902 2176 2958 effectri-

599 2997 761 3054 cibus
787 2997 908 3069 ejus
937 2997 1120 3053 causis
1149 2997 1317 3052 etiam
1357 2997 1626 3052 attentius
1646 2996 1937 3052 inhaereat.

678 3184 762 3239 lt.
787 3184 1001 3251 Quibus
1029 3199 1142 3240 non
1176 3193 1264 3242 est
1306 3200 1525 3256 semper
1564 3182 1709 3255 apud
1766 3183 2010 3238 animum
2049 3197 2179 3254 pro-

601 3276 778 3346 posita
811 3276 1162 3346 paenitentia,
1192 3277 1359 3333 iidem
1383 3278 1546 3332 etiam
1581 3277 1637 3330 in
1667 3285 1894 3346 peccata
1918 3276 2182 3347 frequen-

603 3366 713 3420 tius
743 3367 1027 3423 labuntur.
1060 3367 1132 3422 At
1155 3368 1249 3436 qui
1278 3379 1386 3421 non
1407 3382 1474 3421 ex
1509 3364 1792 3435 proposito
1810 3367 2184 3436 culpam-con-

603 3461 850 3522 trahunt,
883 3460 952 3514 iis
969 3466 1125 3514 certo
1143 3474 1465 3529 persuasum
1485 3467 1571 3512 est
1589 3457 1882 3527 paenitere,
1907 3467 1964 3513 et
1989 3473 2183 3527 quam-

599 3552 797 3610 obrem
829 3552 1153 3622 paeniteant,
1183 3551 1334 3606 haud
1361 3552 1436 3606 ita
1464 3551 1665 3606 crebro
1704 3565 1930 3606 causam
1954 3551 2180 3606 habent.

675 3646 762 3700 15.
801 3645 1010 3700 Sensus
1040 3655 1096 3699 et
1115 3645 1456 3700 conscientia
1491 3645 1546 3699 in
1573 3643 1760 3699 verbis
1782 3659 1904 3715 qua:
1937 3659 2032 3699 ore
2058 3659 2188 3714 pro-

604 3735 859 3792 feruntur
889 3736 1244 3799 conveniant,
1275 3744 1336 3790 ut
1374 3735 1624 3791 divinum
1658 3735 1923 3802 Verbum,
1952 3734 2100 3806 quod
2125 3750 2186 3790 se

607 3826 665 3882 in
727 3827 912 3882 medio
962 3826 1020 3882 in
1075 3826 1299 3882 nomine
1347 3842 1450 3882 suo
1476 3833 1934 3898 congregatarum
1962 3825 2188 3882 adfutu-

609 3934 731 3986 rum
786 3917 1038 3987 promisit
1075 3920 1118 3986 ³,
1143 3935 1241 3990 per
1287 3918 1623 3990 proterviam
1649 3928 1745 3974 aut
1767 3918 2186 3974 immoderatio-

591 4026 732 4066 -nem
757 4025 948 4065 eorum
983 4027 1106 4081 quae
1140 4012 1402 4066 dicuntur
1441 4021 1538 4066 aut
1573 4011 1730 4075 fiunt,
1769 4027 1878 4066 non
1919 4010 2181 4082 pudeﬁat.

671 4101 766 4155 16.
811 4101 932 4157 Νοη
970 4102 1066 4172 qui
1099 4103 1364 4173 operibus
1405 4104 1603 4159 animae
1649 4120 1763 4160 sua:
1788 4105 2045 4173 iniuriam
2074 4120 2184 4159 non

598 4193 793 4257 infert,
832 4194 922 4250 hic
951 4197 1117 4250 etiam
1147 4211 1177 4250 a
1216 4196 1384 4252 dictis
1413 4197 1901 4252 incontaminatam
1935 4206 2121 4253 tuetur
2169 4214 2183 4250 ε

607 4305 714 4344 nec
747 4291 842 4361 qui
871 4291 1076 4362 lingua:
1105 4290 1445 4356 moderatur,
1475 4291 1587 4363 iam
1625 4292 1776 4346 nulla
1803 4307 1926 4348 eam
1952 4289 2188 4362 impuri-

1980 212 2182 274 ELl/E
2222 207 2478 283 ECDICI

663 341 718 395 7.
753 337 834 394 Ad
877 346 1314 394 consummatam
1347 334 1773 391 vindicationem
1807 349 1837 387 a
1879 332 2029 387 vitiis
2060 347 2167 386 non
2204 336 2242 386 Α

3683 195 3786 254 113?

2357 334 2423 398 ζ’.
2458 335 2570 388 Οὐκ
2596 335 2753 405 ἀρκεῖ
2781 339 2846 405 τῇ
2879 335 3021 404 ψυχῇ
3056 334 3184 404 πρός
3216 335 3415 388 τελείαν
3448 337 3622 400 κακίας
3647 341 3774 395 ἀπαλ.

2287 425 2494 494 λαγὴν,
2534 425 2567 494 ἡ
2613 425 2856 487 ἑκούσιος
2904 425 3258 486 κακοπάθεια,
3309 427 3434 495 εἰμὴ
3475 429 3559 478 καὶ
3592 429 3666 481 διὰ
3707 433 3778 500 τῆς

2289 517 2543 570 ἀκουσίου
2564 557 2578 581 ,
2614 517 2995 587 ἐκπυρουμένη
3029 517 3101 586 μὴ
3130 516 3429 586 διαλύηται.
3461 512 3553 570 Οἷα
3595 520 3682 588 γάρ
3720 539 3782 585 τις

2295 610 2539 678 μάχαιρα
2557 610 2590 677 ἡ
2617 608 2781 677 ψυχὴ,
2815 609 2862 660 εί
2895 608 2968 677 μὴ
2991 607 3077 660 διὰ
3112 608 3284 677 πυρὸς
3306 607 3481 677 διέλθῃ
3510 611 3593 660 καὶ
3619 609 3782 672 ὓδατος,

2287 698 2561 751 τουτέστιν
2599 699 2856 751 ἑκουσίων
2892 701 3068 751 πόνων
3097 699 3189 750 καὶ
3219 698 3480 750 ἀκουσίων
3498 739 3512 762 ,
3540 699 3785 768 ἄθραυστος

2287 791 2409 851 ταῖς
2457 789 2796 851 ἀντιτυπίαις
2843 789 2950 842 τῶν
2995 789 3496 858 ὲπισυμὸαινόντων
3543 791 3598 841 ού
3635 808 3787 860 συντηι·

2293 881 2487 948 ρεῖται.

2359 975 2429 1037 η’.
2468 969 2675 1037 Ὠσπερ
2707 968 2815 1029 τῶν
2851 970 3110 1022 ἑκουσίων
3144 967 3466 1036 πειρασμῶν
3496 969 3610 1038 τρία
3635 970 3722 1022 εἰσὶ
3742 972 3792 1022 τὰ

2291 1059 2690 1128 καθολικώτερα
2730 1059 2910 1123 αἴτια,
2941 1059 3130 1126 ὑγεία,
3168 1057 3431 1121 πλοῦτος,
3473 1058 3559 1110 καὶ
3601 1057 3791 1117 εύκλεια.

2289 1149 2431 1200 οὕτω
2474 1150 2566 1202 καὶ
2591 1149 2699 1200 τῶν
2725 1149 2994 1202 ἀκουσίων
3024 1151 3150 1220 τρία
3174 1149 3300 1210 εἰσὶ,
3329 1148 3537 1216 ζημίαι,
3563 1148 3792 1218 λοιδορίαι,

2291 1239 2583 1293 ἀσθένειαι.
2617 1241 2858 1292 Γίνονται
2885 1241 2940 1293 δὲ
2969 1240 3140 1293 ταῦτα
3169 1242 3278 1293 τισὶ
3307 1241 3404 1308 μὲν
3431 1242 3505 1300 είς
3535 1240 3795 1307 οἰκοδομὴν,

2292 1331 2404 1381 τισὶ
2425 1328 2481 1381 δὲ
2515 1331 2593 1391 είς
2620 1329 2954 1402 καθαίρεσιν.

2365 1527 2430 1580 θ’.
2465 1528 2862 1598 Παρυφέστηκε
2895 1529 3040 1598 ψυχῇ
3085 1529 3182 1598 μὲν
3203 1571 3217 1592 ,
3251 1527 3511 1597 ἐπιθυμία
3543 1527 3628 1581 καὶ
3659 1527 3800 1599 λύπη·

2297 1617 2508 1685 σώματι
2536 1618 2611 1672 δὲ.
2634 1619 2790 1687 ἡδονὴ
2809 1619 2903 1670 καὶ⁸
2917 1618 3097 1688 ὀδύνη.
3126 1619 3308 1673 Αἴτιον
3329 1617 3385 1670 δὲ
3409 1617 3504 1685 τῆς
3529 1615 3617 1684 μὲν
3632 1617 3801 1685 ὀδύνης,

2297 1707 2330 1775 ἡ
2352 1707 2535 1777 ἡδονή.
2568 1707 2822 1770 Θέλοντες
2851 1709 2959 1778 γὰρ
2986 1711 3244 1778 ἐκφυγεῖν
3273 1707 3372 1777 τὴν
3389 1707 3522 1759 κατά
3543 1706 3631 1775 τὴν
3653 1706 3802 1776 ὀδύνην

2299 1797 2550 1849 ἐπίπονον
2585 1797 2866 1867 αἴσθησιν,
2899 1797 3037 1866 πρὸς
3067 1799 3169 1866 τὴν
3197 1796 3391 1868 ἡδονὴν
3422 1794 3804 1864 καταφεύγομεν.

2299 1886 2410 1954 Τῆς
2444 1888 2499 1939 δὲ
2532 1887 2726 1956 λύπης,
2767 1887 3047 1957 ἐπιθυμία.

2375 1981 2425 2027 ι’.
2469 1975 2800 2028 Ἐνδιάιθετον
2829 1975 2925 2044 μὲν
2955 1977 2983 2028 6
3015 1976 3269 2045 ἐνάρετος
3297 1975 3549 2042 κέκτηται
3577 1972 3626 2025 τό
3663 1972 3804 2034 καλὸν,

2301 2065 2749 2136 περινενοημένον
2799 2065 2854 2118 δὲ
2895 2067 2924 2118 6
2964 2065 3241 2129 κενόδοξος
3265 2082 3279 2096 ·
3304 2065 3365 2117 τὸ
3392 2064 3447 2118 δὲ
3475 2063 3656 2127 κακὸν,
3687 2062 3809 2131 ὁμὲν

2302 2157 2625 2219 σπουδαῖος,
2658 2156 2714 2222 ἐξ
2742 2155 3002 2225 ἐπιπολῆς
3041 2155 3174 2224 ἔχει,
3207 2155 3350 2208 κατά
3397 2155 3552 2224 βάθος
3592 2154 3685 2206 δέό
3711 2153 3804 2222 φιλ-

2301 2247 2508 2318 ήδονος.

2367 2432 2450 2489 ια’.
2496 2436 2698 2506 Πρᾶξις
2727 2437 2905 2506 ψυχῆς
2947 2439 3123 2500 ἐστιν,
3153 2436 3454 2504 ἐγκράτεια
3479 2435 3540 2502 τῇ
3573 2430 3802 2499 ἁπλότητι,

2296 2526 2389 2578 καὶ
2417 2525 2654 2594 ἁπλότης
2694 2529 2758 2596 τῇ
2799 2525 3093 2596 ἐγκρατείᾳ
3127 2525 3514 2594 ἐνεργουμένη.

2370 2617 2455 2684 ιβ’.
2489 2615 2601 2669 Νοῦ
2638 2616 2831 2684 πρᾶξίς
2859 2617 3028 2682 ἐστιν,
3054 2619 3090 2687 ἡ
3119 2617 3178 2670 ἐν
3204 2616 3410 2686 θεωρία
3442 2612 3586 2684 εὐχὴ,
3611 2611 3735 2679 καὶὴ
3760 2609 3804 2661 ἐν

2297 2706 2428 2776 εὐχῇ
2459 2703 2680 2773 θεωρία.
3085 2758 3091 2762 .

2372 2793 2468 2863 ιγ’.
2511 2793 2785 2862 Ὀλιγάκις
2821 2793 2944 2863 μὲν,
2966 2791 3064 2847 καὶ
3083 2791 3191 2844 οὐκ
3209 2791 3481 2862 ἐπιμελῶς
3510 2789 3632 2861 πρὸς
3657 2787 3706 2841 τδ
3731 2803 3805 2837 κα-

2302 2890 2394 2940 κὸν
2433 2886 2746 2957 εὑρίσκεται
2795 2886 2824 2937 6
2870 2883 3028 2936 τοῦτο
3079 2881 3253 2952 μισῶν
3278 2897 3294 2912 ⁶
3345 2880 3617 2942 πλεονάκις
3657 2877 3706 2930 δέ
3734 2875 3803 2927 καί

2241 3034 2249 3039 ,
2303 2975 2807 3050 προσεκτικιῖηερον
2827 3019 2844 3042 ,
2867 2975 2896 3028 ό
2933 2974 3029 3027 ἐπὶ
3058 2975 3179 3038 ταῖς
3213 2973 3419 3037 αἰτίαις
3459 2971 3649 3024 ἐκείνου
3674 2980 3804 3032 προσ-

2305 3086 2579 3139 κειμενος.

2374 3184 2453 3238 ιδ’.
2495 3179 2588 3247 Οἷς
2625 3185 2699 3254 μὴ
2735 3191 2876 3237 κατά
2917 3182 3169 3252 πρόθεσιν
3211 3181 3275 3232 τὸ
3315 3179 3583 3248 μετανοεῖν
3600 3213 3613 3237 ,
3639 3170 3805 3227 τούτοις

2303 3275 2540 3346 συνεχῶς
2575 3277 2667 3329 καὶ
2698 3275 2760 3329 τδ
2806 3273 3166 3343 πλημμελεῖν.
3198 3267 3304 3334 UB;
3335 3270 3391 3324 δὲ
3423 3268 3567 3338 παρὰ
3604 3263 3807 3336 πρόθεσιν

2298 3368 2360 3422 τὸ
2389 3364 2744 3436 ἁμαρτάνειν,
2788 3359 3272 3430 ἐμπληροςρόρητος
3313 3357 3346 3427 ἡ
3380 3355 3640 3426 μετάνοια,
3667 3353 3743 3405 καὶ
3765 3351 3811 3403 τὸ

2303 3459 2476 3513 αἴτιον
2503 3456 2703 3523 ταύτης
2731 3453 2854 3523 οὐχὶ
2879 3452 3092 3520 συχνόν.
3719 3466 3727 3473 ο

2382 3645 2467 3698 ιε’.
2502 3639 2785 3709 Αἴσθησις,
2816 3640 2910 3694 καὶ
2937 3639 3258 3708 συνείδησις,
3283 3640 3434 3712 λόγῳ
3463 3641 3536 3712 τῷ
3559 3641 3682 3697 κατὰ
3713 3651 3810 3706 προ-

2305 3735 2501 3802 φορὰν,
2533 3730 3003 3806 συνερχέσθωσαν.
3037 3733 3226 3795 Ὅπως
3253 3731 3280 3784 6
3314 3733 3579 3804 εἰρηνικὸς
3603 3730 3686 3785 καὶ
3709 3728 3808 3786 Osi“

2302 3822 2482 3892 λόγος,
2517 3825 2576 3876 ἐν
2607 3823 2755 3894 μέσῳ
2781 3823 2986 3877 τούτων
3015 3824 3387 3892 εὑρίσκεσθαι.
3418 3826 3490 3896 μὴ
3519 3819 3810 3890 καταισχύνη-

2302 3933 2392 3967 ται
2416 3915 2502 3968 διὰ
2547 3915 2648 3984 τῆς
2677 3916 3028 3984 προπετείας,
3058 3915 3092 3985 ἢ
3137 3916 3236 3986 τῆς
3276 3917 3540 3987 ἀμετρίας
3563 3916 3660 3969 τῶν
3697 3913 3808 3976 λετθ·

2307 4006 2504 4075 μένων.

2383 4112 2442 4158 ις·
2463 4135 2475 4147 .
2503 4095 2615 4164 Οὐχ
2637 4095 2664 4147 6
2691 4097 2801 4160 τοῖς
2831 4096 3010 4162 ἔργοις
3043 4095 3117 4164 μὴ
3140 4096 3345 4150 ἀδικῶν
3374 4099 3471 4168 τὴν
3492 4098 3654 4167 ψυχὴν
3671 4092 3810 4154 αὑτοῦ,

2302 4177 2454 4244 οὗτος
2494 4184 2587 4236 καὶ
2633 4187 2744 4247 τοῖς
2779 4185 2956 4250 λόγοις
3001 4187 3260 4255 ἀμίαντον
3289 4189 3460 4256 αὐτὴν
3493 4188 3810 4255 συνετήρησεν-

2303 4274 2438 4326 Οὐδὲ
2477 4274 2505 4324 6
2548 4275 2758 4336 τούτοις
2809 4275 3124 4342 φυλάττων,
3169 4277 3268 4345 ἤδη
3323 4280 3416 4330 καὶ
3455 4278 3720 4348 μολυσμοίς
3743 4272 3809 4324 οὐκ

612 4389 728 4436 tate
756 4382 1089 4453 inquinavit.
1120 4383 1226 4450 Qui
1286 4383 1438 4439 enim
1491 4382 1830 4454 cogitatione
1890 4382 2183 4452 delinquit,

2241 4373 2264 4423 )
2303 4363 2550 4432 ἐμόλυνε.
2584 4365 2808 4436 Τριττὸν
2839 4364 2949 4436 γὰρ
2978 4365 3040 4420 τὸ
3078 4367 3416 4438 ἁμαρτάνειν
3444 4368 3762 4437 καθέστηκεν.

605 4474 752 4544 quod
792 4477 1015 4532 tertium
1043 4468 1152 4542 est,
1184 4477 1334 4533 facit.

683 4568 768 4622 17.
794 4568 914 4623 Non
931 4570 1150 4638 .poteris
1176 4569 1370 4625 faciem
1397 4569 1618 4625 virtutis
1652 4571 1900 4641 aspicere
1929 4570 1977 4625 si
2011 4569 2195 4626 adhuc

608 4657 731 4710 vitii
765 4659 981 4712 vultum
1008 4659 1258 4729 jucunde
1295 4660 1640 4716 consideras.
1676 4661 1834 4716 Tunc
1883 4669 2066 4716 autem
2103 4662 2194 4717 hic

607 4749 706 4803 tibi
733 4750 860 4802 odio
898 4751 1318 4820 prosequendos
1357 4752 1660 4817 videbitur,
1709 4753 1754 4809 si
1792 4753 1942 4808 illius
1968 4763 2187 4824 gustum

610 4839 1124 4910 cxperientiamque
1156 4845 1568 4914 concupiveris,
1592 4854 1649 4900 et
1673 4860 1703 4900 a
1753 4845 2052 4915 spectanda
2086 4846 2193 4899 im-

608 4932 901 5001 probitatis
927 4931 1101 4986 l'orma
1123 4934 1316 4988 oculos
1335 4949 1500 5004 quam
1531 4936 1848 5005 longissime
1870 4936 2188 4994 abduxeris.

685 5022 773 5077 18.
815 5023 920 5080 Per
968 5024 1337 5094 cogitationes
1391 5027 1691 5096 praecipue,
1749 5044 1860 5083 non
1893 5043 1991 5099 per
2021 5007 2190 5102 opera

607 5116 888 5170 d.cmones
916 5115 1116 5171 anima:
1149 5117 1354 5171 bellum
1401 5128 1644 5172 movent.
1691 5118 1810 5189 lpsa
1849 5121 1997 5176 enim
2025 5138 2190 5192 opera

601 5225 707 5277 per
739 5225 798 5266 se
825 5212 1140 5265 necessaria
1177 5221 1328 5267 sunt.
1358 5211 1423 5266 Et
1455 5213 1675 5268 illorum
1729 5215 1950 5284 quidem
1980 5217 2191 5272 auditio

608 5309 934 5370 aspectusve
968 5316 1134 5358 causa
1155 5311 1261 5369 est,
1294 5303 1692 5375 cogitationum
1735 5317 1919 5362 autem
1953 5324 2190 5364 consue-

607 5393 742 5449 tudo
767 5403 824 5449 et
858 5394 1086 5450 diaboli.

679 5486 766 5540 19.
797 5487 857 5542 ln
888 5490 1088 5560 triplici
1137 5492 1334 5548 animae
1358 5502 1483 5548 actu
1531 5503 1816 5564 peccatum
1855 5495 2186 5558 invenimus,

604 5596 803 5648 m'mpe
835 5582 887 5636 in
914 5585 1404 5653 operibus,verbis
1432 5595 1489 5642 et
1522 5588 1968 5660 cogitationibus.
1996 5588 2190 5643 Sextu-

604 5673 727 5743 plcx
766 5685 948 5730 autem
1009 5677 1341 5736 innocentize
1391 5680 1514 5738 laus
1553 5699 1567 5735 :
1620 5681 1829 5736 innoxii
1875 5681 2023 5736 enim
2072 5696 2186 5735 scr-

683 5800 705 5832 ³
733 5795 929 5855 Matth.
956 5814 1115 5866 xvut,
1138 5797 1232 5854 20.

2383 4573 2467 4636 ιζ’.
2502 4577 2578 4628 Οὐ
2607 4575 2809 4647 δυνήσῃ
2842 4576 2901 4629 τὸ
2934 4577 3224 4646 πρόσωπον
3255 4579 3354 4648 τῆς
3385 4578 3581 4648 ἀρετῆς
3611 4573 3810 4633 κατιδεῖν,

2301 4665 2471 4734 ἡδέως
2511 4665 2591 4718 ἔτι
2621 4667 2680 4718 τὶ)
2718 4667 2815 4736 τῆς
2855 4669 3050 4730 κακίας
3086 4669 3386 4723 κατανοῶν.
3427 4668 3653 4738 Μισητδν
3679 4664 3726 4717 δέ
3754 4677 3811 4714 σοι

2300 4759 2424 4810 τότε
2459 4762 2708 4825 φανεῖται
2741 4759 2802 4811 τὸ
2838 4759 3090 4829 δεύτερον
3112 4801 3126 4824 ,
3164 4761 3251 4813 ὅτε
3293 4761 3506 4831 τρυφῆς
3534 4752 3813 4831 ἐπιθυμητῆς

2299 4848 2400 4918 τὴν
2427 4848 2633 4915 γεῦσιν,
2672 4851 2767 4902 καὶ
2800 4851 3052 4920 τοιαύτης
3083 4851 3180 4922 τὴν
3212 4851 3335 4920 ὄψιν
3369 4848 3694 4918 ἀποξενὼσῃς
3719 4857 3814 4913 μορ·

2303 4938 2430 5007 φῆς·

2375 5036 2466 5100 ιη’.
2517 5032 2613 5083 Διὰ
2666 5033 2774 5085 τῶν
2815 5034 3111 5103 λογισμῶν,
3158 5036 3218 5088 ού
3263 5036 3350 5089 διὰ
3395 5035 3500 5088 τῶν
3540 5024 3814 5102 πραγμάτων

2304 5123 2739 5190 προηγουμένως
2787 5124 3114 5193 πολεμοῦσιν
3167 5129 3215 5179 oi
3259 5127 3506 5197 δαίμονες
3545 5123 3634 5191 τὴν
3661 5114 3812 5187 ψυχήν·

2301 5211 2439 5264 αὐτά
2479 5212 2588 5283 γὰρ
2635 5215 2757 5267 καθ’
2801 5215 2970 5268 ἑαυτὰ
3003 5216 3300 5286 πολεμοῦσι
3328 5219 3396 5270 τὰ
3424 5217 3723 5286 πράγματα·
3749 5201 3811 5256 κη’¹

2301 5303 2416 5354 τῶν
2449 5303 2550 5372 μὲν
2585 5306 2947 5374 πραγμάτων,
2991 5309 3024 5377 ἡ
3066 5309 3202 5376 ἀκοὴ
3235 5311 3434 5372 αἴτιος,
3469 5308 3558 5360 καὶ
3597 5302 3812 5373 ήὸρασις’

2300 5395 2408 5447 τῶν
2431 5395 2488 5449 δέ
2517 5397 2796 5465 λογισμῶν
2824 5401 2856 5466 ἠ
2885 5400 3164 5469 συνήθεια,
3201 5403 3293 5454 καὶ
3326 5404 3371 5454 oi
3394 5401 3646 5466 δαίμονες·

2373 5483 2460 5539 t9'.
2489 5487 2715 5555 Τριττδν
2751 5490 2848 5556 μὲν
2875 5491 2935 5541 τὸ
2973 5491 3350 5561 ἁμαρτητικὸν
3389 5492 3548 5560 μέρος
3569 5488 3655 5556 τῆς
3677 5475 3810 5550 “ﬁt;

2301 5575 2651 5646 εὑρίσκομεν·
2685 5580 2744 5631 ἐν
2773 5580 2977 5650 ἔργοις,
3003 5583 3060 5633 ἐν
3087 5582 3285 5649 λόγοις,
3315 5583 3407 5636 καί⁷
3435 5579 3661 5637 ἐννοίαις.
3694 5568 3806 5630 Ἑξα⁹

2299 5665 2447 5720 δικῖν
2479 5669 2533 5720 δὲ
2576 5670 2636 5722 τὸ
2680 5672 2778 5740 τῆς
2824 5673 3241 5743 ἀναμαρτησίας
3281 5674 3461 5727 καλόν.
3517 5665 3805 5722 Ἀπταίστους
