4102 6282
276 257 424 321 H3}

1606 246 2192 307 ANTHOLOGIUM.

3389 233 3526 294 1134

271 378 380 444 7&9
411 375 508 437 τὰς
549 374 708 426 πέντε
761 373 1076 442 αἰσθήσεες,
1137 371 1228 426 καὶ
1276 373 1366 425 τὸν
1409 374 1739 442 προφορικδν
1781 371 1844 442 δὴ

1964 361 2114 414 randi
2166 367 2288 413 sunt
2357 356 2602 425 quinque
2642 367 2834 408 sensus
2882 359 2936 404 et
2993 349 3238 419 prolatus
3292 363 3358 401 ex
3429 362 3526 401 ore

270 466 558 533 συντηρεῖν
589 463 774 529 λόγον·
805 464 862 514 ὲν
891 457 971 523 οἷς
997 464 1024 514 ὁ
1059 462 1132 532 μὴ
1167 462 1373 515 πταίων
1392 504 1406 528 ,
1437 463 1575 532 ἀνὴρ
1602 463 1804 524 τέλειος
1828 502 1843 525 ,

268 555 495 614 δυνατὸς
521 553 966 622 χαλιναγωγῆσαι
985 555 1076 608 καὶ
1096 554 1165 606 τὰ
1187 555 1348 606 λοιπὰ
1374 554 1514 623 μέρη
1531 555 1626 622 τῆς
1646 554 1843 622 ψυχῆς.

347 652 412 698 κ’.
458 644 696 713 Ἐξαχῶς
723 645 782 696 τὸ
805 645 998 710 ἄλογον
1026 645 1189 714 μέρος
1213 645 1499 712 διαιρεῖται
1528 647 1626 714 τῆς
1646 644 1842 712 ψυχῆς,

273 737 354 798 εἴς
381 753 439 788 τε
471 736 568 796 τὰς
600 739 758 786 πέντε
785 734 1085 804 αἰσθήσεις,
1117 734 1211 787 καὶ
1241 736 1320 797 είς
1348 736 1440 786 τὸν
1475 735 1618 788 κατὰ
1647 751 1848 803 προφο-

277 831 377 898 ρὶιν
405 828 583 893 λόγον.
627 829 720 886 Ὃς
766 826 1202 894 συνδιατηρεῖται
1258 826 1356 896 μὲν
1409 825 1725 894 ἀδιαιρέτως
1771 823 1847 894 τῷ

276 918 563 982 πάσχοντι,
591 912 817 982 ἀπαθὴς.
833 912 931 964 ῶνο
961 913 1335 981 ἀναμάσσεται
1356 912 1414 968 δὲ
1433 913 1531 984 τὴν
1559 912 1722 965 αὑτοῦ
1749 929 1850 965 κα-

277 1007 426 1067 κίαν,
457 1003 756 1072 παθητικὸς
781 1002 1187 1072 εὑρισκόμενος.

349 1095 454 1148 κοί.
485 1093 622 1147 Οὑτε
653 1095 810 1163 σῶμα
847 1094 1068 1146 δύναται
1103 1093 1352 1162 νηστείας
1373 1133 1388 1154 .
1419 1094 1514 1146 καὶ
1547 1093 1849 1164 ἀγρυπνίας

284 1186 680 1256 καθαρισθῆναι
708 1186 894 1253 χωρὶς,
921 1183 1042 1236 οὔτε
1067 1185 1267 1244 ἐλέους,
1295 1186 1388 1236 καὶ
1410 1185 1666 1254 ἀληθείας
1681 1184 1847 1254 ψυχή·

282 1278 396 1329 ἀλλ’
425 1277 548 1328 οὔτε
578 1275 701 1336 νοῦς
731 1276 858 1328 ἄνευ
885 1275 1119 1342 ὁμιλίας,
1151 1277 1239 1328 καὶ
1279 1275 1510 1344 θεωρίας
1550 1276 1711 1329 Θεοῦ.
1743 1271 1850 1329 Αὖ-

281 1385 372 1420 ται
400 1368 507 1437 γὰρ
538 1367 594 1418 αί
628 1365 903 1433 συζυγίαι,
933 1367 992 1418 ἐν
1019 1366 1228 1428 τούτοις
1257 1367 1676 1436 ὲπισημόταται.

355 1571 456 1638 κβ’.
504 1569 994 1640 Κυκλοφορουμένη
1037 1573 1154 1632 ταῖς
1206 1570 1526 1639 εἰρημέναις
1566 1569 1850 1638 ἀρεταῖςή

1955 469 2135 507 sermo
2169 470 2182 504 :
2218 452 2270 502 in
2302 449 2507 518 quibus
2543 462 2648 501 non
2679 443 2966 498 oﬂendens
3007 442 3112 500 vir,
3143 450 3227 494 est
3253 440 3528 508 perfectus

1955 557 2011 601 ct
2039 560 2209 613 capax
2246 540 2568 594 moderandi
2596 545 2822 590 creteras
2855 533 3049 587 anima:
3087 539 3293 600 partes.

2027 640 2120 690 2t).
2152 636 2211 688 In
2244 650 2339 688 sex
2382 633 2650 685 dividitur
2691 625 3089 682 irrationabilis
3128 623 3324 678 anima:
3378 638 3526 691 pars,

1956 731 2166 786 scilicet
2199 730 2252 783 in
2285 728 2528 798 quinque
2558 741 2752 780 sensus
2783 733 2839 779 et
2862 724 2914 776 in
2941 736 3250 777 sermonem
3277 735 3371 773 ore
3405 735 3530 789 pro-

1956 823 2144 877 latum.
2183 821 2284 886 Qui
2315 820 2535 889 quidem
2576 826 2819 872 remanet
2851 816 3125 886 passionis
3162 829 3376 882 expers,
3404 829 3528 867 cum

1957 916 2029 971 sit
2062 914 2457 984 impassibilis;
2489 911 2752 980 exprimit
2809 926 2940 964 vero
2994 911 3161 978 hujus
3202 907 3528 976 nequitiam.

1958 1025 2082 1065 cum
2118 1007 2404 1077 passiones
2441 1005 2824 1061 commovendi
2853 1020 3022 1073 capax
3055 1000 3384 1070 reperiatur.

2029 1108 2118 1160 2i.
2156 1107 2344 1175 Neque
2378 1119 2582 1172 corpus
2614 1102 2733 1156 sine
2762 1101 2976 1170 jejunio
3008 1109 3063 1152 et
3103 1098 3310 1168 vigilia,
3350 1109 3530 1164 neque

1959 1199 2140 1254 anima
2177 1201 2295 1253 sine
2331 1199 2564 1252 veritate
2594 1204 2649 1248 et
2699 1191 3103 1253 misericordia,
3152 1203 3330 1257 neque
3380 1202 3534 1240 mens

1960 1293 2078 1346 sine
2101 1291 2505 1346 consuetudine
2548 1298 2605 1343 et
2647 1285 3006 1340 meditatione
3047 1281 3361 1336 Divinitatis
3401 1295 3536 1348 pur--

1959 1383 2073 1451 gari
2103 1391 2305 1452 potest.
2335 1385 2515 1451 Atque
2545 1381 2626 1434 ha:
2660 1380 2887 1432 istarum
2917 1391 3099 1430 rerum
3130 1373 3341 1442 copulae
3379 1371 3536 1425 nobi-

1961 1475 2182 1529 lissimae
2221 1483 2370 1528 sunt.

2029 1569 2120 1621 22.
2154 1567 2250 1621 His
2281 1580 2417 1635 quas
2448 1563 2689 1618 diximus
2723 1560 3021 1615 virtutibus
3064 1558 3117 1610 in
3152 1557 3344 1609 orbem
3373 1567 3531 1606 exer-

281 1664 450 1731 ψυχὴ,
474 1662 914 1731 ἁπερικτύπητον
941 1662 998 1713 τὸ
1021 1661 1224 1731 ταύτης
1252 1663 1315 1713 ὲκ
1359 1660 1681 1730 πειρασμῶν
1717 1659 1848 1712 καθ·

1964 1661 2126 1715 citata
2187 1659 2406 1722 anima,
2466 1656 2872 1726 quietissimum
2921 1651 3025 1705 sibi
3077 1665 3105 1703 a
3169 1645 3536 1702 tentationum

286 1755 468 1822 ίστησι
490 1751 765 1822 φρούριον,
790 1751 818 1803 ὃ
837 1752 1029 1820 ἐστὶνή
1047 1752 1311 1820 ὑπομονὴ.
1342 1769 1361 1802 ι
1405 1752 1494 1805 Ἐν
1516 1753 1582 1822 τῇ
1608 1752 1850 1819 ὑπομονῇ

284 1846 438 1912 ὑμῶν
463 1845 570 1914 γὰρ
598 1843 873 1912 κτήσασθε
901 1843 996 1904 τὰς
1026 1842 1202 1912 ψυχὰς
1231 1843 1406 1912 ὑμῶν,
1427 1859 1468 1893 ἰ
1499 1845 1526 1895 ὁ
1567 1842 1722 1909 λόγος
1751 1859 1853 1913 φη-

287 1939 394 1990 σίν.
435 1934 497 1986 El
522 1935 580 1986 δὲ
609 1935 810 2004 ἑτέρως
833 1934 1070 2003 ἐχόμενα
1102 1936 1208 2004 εἴη,
1235 1929 1326 1988 οἷά
1353 1951 1439 1997 τις
1470 1934 1624 1996 πόλις
1653 1933 1854 2002 ἀτείχι-

291 2045 414 2090 στος
442 2028 536 2092 κᾳὶ
562 2025 666 2077 ὑπὸ
696 2024 804 2076 τῶν
831 2025 1125 2095 πόρρωθεν
1151 2023 1370 2094 ψόφων,
1399 2023 1598 2086 δειλίας
1639 2021 1856 2092 μοχλοῖς

291 2113 543 2168 κατασείε
552 2113 676 2166 σθαι
707 2111 916 2166 εἴωθεν.

361 2317 462 2378 κγ’.
498 2311 609 2379 Οὑχ
637 2311 749 2362 ὅσοι
777 2313 854 2372 εἰς
877 2307 944 2360 τὰ
977 2307 1116 2360 κατὰ
1141 2306 1298 2374 λόγον
1319 2307 1427 2360 εἰσὶ
1455 2306 1726 2376 φρόνιμοι,
1756 2298 1850 2358 0'5—

285 2419 368 2453 τοι
391 2401 483 2452 καὶ
502 2401 580 2461 εἰς
609 2400 673 2451 τὰ
709 2399 828 2451 κατ’
853 2397 1060 2449 ἔννοιαν
1080 2413 1094 2426 ·
1135 2395 1256 2448 οὐδὲ
1287 2396 1402 2448 ὅσοι
1426 2397 1505 2457 είς
1527 2395 1594 2447 τὰ
1621 2395 1738 2448 κατ’
1761 2392 1849 2446 ἐν·

286 2509 457 2552 νοιαν,
509 2483 652 2544 οὗτοι
687 2489 779 2542 καὶ
827 2490 905 2552 είς
951 2489 1022 2542 τὰ
1071 2489 1189 2542 κατ’
1228 2487 1477 2558 αἴσθησιν
1517 2485 1614 2556 τὴν
1653 2484 1850 2548 ἔξωθεν

290 2584 696 2653 εὑρεθήσονται.
733 2582 793 2633 El
819 2581 927 2650 7&9
959 2581 1054 2634 καὶ
1086 2581 1290 2641 πάντας
1318 2579 1622 2647 ὑποφόρους
1660 2575 1772 2643 ἔχει
1801 2577 1850 2644 ’ὴ

290 2673 543 2742 αἴσθησις
563 2712 580 2736 ,
611 2671 725 2724 ἀλλ’
761 2671 861 2739 οὑχ
888 2669 1089 2738 ὁμοίως
1117 2668 1252 2736 αὐτῇ
1277 2667 1401 2728 τοὺς
1429 2665 1625 2734 φόρους
1666 2663 1850 2716 ἀποδι-

291 2764 464 2817 δόασι.
529 2763 619 2827 Ἐξ
669 2761 994 2829 ἀφελότητος
1027 2761 1132 2828 γὰρ
1164 2758 1213 2809 οί
1259 2757 1476 2818 πλείους
1505 2756 1583 2817 είς
1627 2754 1696 2808 τὰ
1733 2753 1855 2806 κατ’

294 2854 461 2924 αὑτὴν
485 2853 650 2922 τιμᾷν
676 2851 866 2920 αὐτὴν,
888 2849 964 2912 ὡς
983 2848 1120 2918 αὑτὴ
1139 2849 1382 2912 ἀπαιτεῖ,
1397 2847 1496 2899 οὑκ
1519 2846 1854 2898 ἐπίστανται.

363 3152 459 3206 κδ’.
493 3153 572 3222 Τῇ
609 3151 766 3220 φύσει
799 3152 1042 3222 ἄτμητος
1063 3153 1198 3206 οὖσα
1227 3153 1261 3223 ἡ
1292 3152 1573 3223 φρόνησις,
1600 3153 1852 3223 τέμνεται

289 3244 371 3306 είς
412 3243 701 3314 διαφόρους
737 3244 932 3312 τομάς.
967 3237 1038 3314 ’ᾯ
1071 3244 1169 3314 μὲν
1209 3243 1316 3314 7&9
1348 3243 1551 3297 δίδοται
1585 3243 1778 3307 πλέον,

289 3335 349 3386 δὲ
378 3335 595 3388 ἔλαττον
623 3335 811 3403 αὑτῆς,
845 3334 949 3397 ἕως
982 3334 1331 3404 αὑξηθεῖσαή
1362 3335 1637 3406 πρακτικὴ
1662 3335 1851 3406 ἀρετὴ,

295 3423 624 3492 συνδρόμους
655 3439 713 3475 τε
749 3423 885 3492 αὑτῇ
916 3423 1013 3486 τὰς
1044 3426 1262 3490 γενικὰς
1303 3425 1498 3494 ἔχουσα
1531 3424 1756 3494 ἀρετὰς,
1793 3425 1854 3478 τὸ

293 3510 638 3579 ἐνδεχόμενον
668 3511 870 3584 ἑκάστῃ
902 3513 1289 3593 ἀποπληρώσῃ.
1312 3516 1494 3570 καλόν.
1528 3516 1853 3581 Οί’πλείους

291 3601 402 3670 γὰρ
431 3601 568 3654 κατὰ
598 3603 695 3671 τὴν
721 3601 956 3672 ἔλλειψιν
983 3605 1077 3674 τῆς
1113 3606 1435 3674 ἑμπράκτου
1476 3605 1650 3677 ζωῆς,
1680 3607 1853 3660 καὶτὸ

289 3694 508 3761 φρονεῖν
543 3691 941 3764 ἐκληρώσαντο.

355 3790 454 3837 κε’.
486 3784 576 3848 Εἰς
607 3785 704 3854 μὲν
734 3785 802 3838 τὰ
833 3786 975 3838 κατὰ
1011 3785 1192 3853 φύσιν,
1222 3786 1390 3853 ὀλίγοι
1415 3786 1668 3857 φρόνιν.οι
1697 3787 1854 3858 εὑρε-

281 3873 578 3943 θήσονται·
619 3879 697 3940 είς
725 3877 783 3929 δὲ
813 3876 881 3927 τὰ
918 3877 1066 3944 παρὰ
1108 3875 1206 3946 τὴν
1238 3876 1426 3944 φύσιν.
1475 3877 1679 3930 πολλοί.
1728 3879 1850 3932 Adet.

279 3963 392 4029 γὰρ
426 3961 503 4030 τῷ
534 3961 660 4030 περὶ
692 3959 850 4025 αὑτὰ,
886 3960 1014 4030 ὅλην
1045 3960 1224 4014 αὐτῶν
1252 3961 1351 4030 τὴν
1383 3960 1619 4030 φυσικὴν
1652 3959 1855 4029 φρόνηο

283 4070 375 4107 σιν
401 4050 804 4112 ὲκκενώσαντες
823 4088 838 4109 .
879 4049 1093 4119 ἔχουσιν
1124 4050 1240 4103 ἐκεῖ
1270 4049 1368 4119 μὲν
1401 4049 1461 4102 τὸ
1497 4052 1716 4119 φρονεῖν
1741 4048 1854 4102 ὀλί-

281 4160 404 4211 γον,
425 4142 484 4196 τδ
509 4142 758 4196 πλεῖστον
782 4141 839 4195 δὲ
867 4143 924 4194 ὲν
946 4143 1057 4205 τοῖς
1078 4143 1368 4210 περιττοῖς,
1393 4141 1488 4194 καὶ
1513 4139 1574 4193 οὑ
1604 4142 1671 4211 τῇ
1699 4139 1855 4208 φύσει

284 4236 610 4296 ἐπαινετοῖς.

361 4325 471 4391 κς’.
507 4325 618 4394 Τῆς
647 4324 866 4392 εὐλόγου
899 4324 1128 4393 σιωπῆς,
1165 4326 1193 4377 ὁ
1227 4327 1415 4395 καιρὸς
1448 4327 1540 4380 καὶ
1569 4328 1628 4380 τὸ
1662 4331 1857 4399 μέτρον

1964 1752 2196 1821 strepitu
2239 1750 2523 1819 castellum
2554 1747 2864 1812 constituit,
2898 1745 3041 1815 quod
3097 1755 3180 1799 est
3220 1741 3488 1812 patientia
3525 1757 3535 1790 :

1971 1865 1988 1897 ι
2022 1846 2082 1900 ln
2117 1844 2381 1915 patientia
2408 1843 2554 1898 enim
2597 1853 2778 1894 vestra
2812 1837 3167 1910 possidebitis
3209 1836 3422 1889 animas
3446 1848 3539 1886 ve-

1963 1948 2125 2002 stras,
2159 1957 2179 1990 ι
2227 1937 2302 1991 ait
2350 1936 2635 2005 Scriptura
2666 1935 2707 1988 ⁸.
2768 1932 2863 1986 Sin
2909 1933 3069 1986 aliter
3109 1931 3323 1990 fecerit,
3388 1927 3538 1979 velut

1962 2049 2072 2089 non
2108 2033 2318 2085 munita
2353 2029 2503 2091 urbs,
2536 2027 2702 2082 etiam
2738 2025 3040 2095 longinquo
3082 2022 3264 2076 adhuc
3302 2019 3538 2074 tumultu

1961 2133 2018 2179 et
2044 2124 2306 2187 clamore,
2339 2119 2629 2181 exterreri,
2656 2126 2714 2172 et
2756 2115 3011 2172 vectibus
3066 2110 3539 2182 pusillanimitatis

1961 2213 2215 2283 quassari
2242 2221 2408 2281 atque
2441 2209 2706 2265 contundi
2737 2209 2897 2262 solet.

2031 2305 2124 2359 23.
2150 2303 2269 2356 Non
2295 2302 2612 2372 quicunque
2645 2300 2698 2354 in
2729 2297 3030 2370 loquendo,
3062 2297 3117 2351 lii
3166 2296 3222 2376 in
3245 2294 3538 2364 cogitando

1961 2411 2182 2467 quoque
2236 2395 2540 2465 prudentes
2564 2403 2621 2448 ct
2653 2392 2986 2449 considerati
3020 2400 3168 2445 sunt.
3198 2391 3302 2456 Qui
3353 2397 3536 2442 autem

1961 2488 2276 2560 cogitando,
2312 2487 2368 2541 hi
2399 2487 2568 2541 etiam
2599 2487 2655 2540 in
2678 2483 2938 2539 sensibus
2984 2483 3358 2537 exterioribus
3389 2480 3540 2535 cauti

1965 2597 2029 2636 ac
2081 2579 2300 2650 providi
2378 2577 2763 2633 inveniuntur.
2823 2575 2940 2629 Etsi
2993 2576 3144 2628 enim
3202 2589 3398 2628 sensus
3442 2589 3544 2626 nos

1962 2689 2156 2730 omnes
2172 2673 2470 2743 vectigales
2484 2688 2581 2725 seu
2603 2669 2929 2725 tributarios
2947 2667 3136 2731 habet,
3158 2683 3265 2721 non
3289 2677 3468 2721 tamen
3488 2667 3538 2719 ei

1963 2767 2033 2820 ab
2058 2765 2316 2820 omnibus
2338 2762 2622 2833 aequaliter
2640 2760 2870 2832 vectigal
2904 2759 3186 2830 penditur.
3214 2757 3543 2827 Complures

1961 2860 2132 2924 enim,
2162 2875 2229 2914 ex
2252 2857 2604 2928 simplicitate
2647 2865 2898 2909 naturam
2927 2861 2984 2908 et
3009 2852 3384 2908 conditionem
3421 2852 3544 2922 ejus

1963 2952 2298 3014 nescientes,
2366 2948 2833 3019 quemadmodum
2891 2947 3158 3000 honorem
3202 2945 3253 3000 ei
3290 2945 3540 3000 debitum

1887 3044 1933 3108 C
1962 3045 2376 3116 'impertia'ntur,
2409 3045 2684 3113 ignorant.

2034 3156 2125 3211 24.
2145 3152 2468 3217 Prudentia,
2485 3167 2580 3208 sua
2600 3162 2795 3208 natura
2815 3149 3070 3214 indivisa,
3089 3149 3238 3203 varie
3255 3143 3544 3205 dividitur.

1964 3248 2107 3304 lluic
2137 3246 2284 3302 enim
2312 3246 2433 3316 ejus
2455 3246 2630 3316 major
2656 3258 2783 3314 pars
2806 3244 2990 3310 datur,
3016 3241 3144 3298 huic
3174 3244 3372 3310 minor,
3398 3245 3544 3314 quod

1965 3355 2126 3397 aucta
2160 3341 2336 3396 virtus
2364 3339 2626 3410 practica,
2653 3349 2709 3394 et
2731 3339 2961 3394 comites
2990 3338 3095 3393 sibi
3126 3338 3360 3392 virtutes
3376 3353 3544 3408 gene-

1965 3437 2110 3492 rales
2137 3436 2471 3506 adjungens.
2501 3434 2648 3488 bono
2701 3441 2968 3503 quantum
3017 3440 3198 3501 potest
3241 3431 3547 3502 quemlibet

1964 3520 2349 3592 compleverit.
2383 3518 2578 3572 Plures
2601 3516 2750 3571 enim
2782 3525 2945 3584 prout
2999 3514 3054 3568 in
3097 3515 3210 3568 vita
3239 3513 3296 3567 in
3331 3513 3545 3569 actione

1963 3609 2263 3666 constituta
2284 3605 2686 3668 claudicarunt.
2718 3605 2791 3659 ita
2812 3604 3160 3676 prudentiam
3179 3618 3399 3675 quoque
3428 3620 3546 3661 sar-

1965 3695 2052 3750 titi
2081 3703 2232 3750 sunt.

2035 3801 2128 3856 25.
2158 3799 2241 3854 Ad
2268 3814 2357 3853 res
2378 3807 2681 3854 secundum
2707 3805 2962 3853 naturam
2989 3800 3149 3868 pauci
3178 3799 3548 3869 intelligentes

1965 3893 2502 3964 deprehenduntur;
2533 3894 2601 3949 ad
2635 3909 2700 3950 ea
2731 3910 2855 3965 qua:
2911 3894 3057 3950 circa
3090 3903 3345 3948 naturam
3394 3882 3546 3956 sunt,

1965 3989 2147 4042 multi.
2177 3987 2313 4041 Nam
2347 4003 2473 4042 cum
2508 3987 2699 4043 timide
2753 3988 2808 4042 in
2860 3987 2947 4043 his
2995 3987 3392 4060 cognoscendis
3424 4002 3549 4040 ver-

1966 4091 2170 4146 santes,
2205 4089 2374 4136 totam
2416 4097 2568 4139 suam
2625 4084 2931 4138 naturalem
2978 4083 3395 4154 intelligentiam
3447 4097 3547 4135 ex-

1967 4172 2276 4233 hauserint,
2308 4186 2501 4240 parum
2529 4172 2583 4225 in
2616 4172 2725 4227 illis
2755 4172 2994 4240 sapiunt,
3023 4172 3322 4242 plurimum
3361 4177 3544 4224 autem

1935 4319 1940 4326 _
1969 4265 2024 4318 in
2057 4265 2479 4333 supervacaneis
2505 4271 2560 4318 et
2588 4273 2782 4318 natura
2812 4265 2955 4318 haud
2989 4262 3380 4317 laudabilibus.

2038 4347 2128 4402 26.
2158 4347 2378 4401 Silentii
2407 4347 2754 4401 rationabilis
2779 4356 2837 4401 et
2863 4359 3080 4414 tempus
3110 4355 3164 4397 et
3195 4344 3392 4397 modus
3415 4358 3546 4396 con-

288 4419 716 4487 συνεστιάτορες.
763 4417 1058 4493 Πανδαισξσ.
1093 4417 1151 4470 δὲ
1182 4417 1370 4470 τούτου
1407 4419 1614 4486 γίνεται
1660 4424 1692 4492 ἡ
1729 4423 1853 4492 ἀλή-

2041 4390 2128 4402 -.η
2159 4390 2378 4401 ww..-"
2411 4390 2754 4401 .....ν.....,....,
2781 4390 2837 4401 ν-
2865 4390 3080 4414 -.,...,....,
3113 4390 3164 4397 η
3196 4390 3392 4397 --.-__-
3420 4390 3517 4396 η--

1972 4437 2106 4491 vivae
2123 4444 2274 4502 sunt,
2294 4436 2495 4506 quibus
2517 4437 2837 4507 omnigenas
2853 4437 3044 4505 epulas
3064 4435 3288 4505 apponit
3305 4433 3509 4486 veritas
3529 4451 3558 4502 :7

289 4509 432 4571 Οεια,
465 4508 585 4560 καθ’
619 4507 683 4575 ἣν
713 4506 740 4556 ὁ
771 4506 864 4557 τοῦ
904 4505 1132 4574 ψεύδους
1171 4507 1354 4577 πατὴρ
1388 4509 1480 4561 ἐπὶ
1510 4509 1688 4580 ψυχὴν
1715 4511 1849 4563 ἀπο-

287 4599 568 4667 δημοῦσαν
611 4598 906 4668 ἐρχόμενος
929 4633 946 4660 ,
985 4598 1227 4667 εὑρίσκει
1253 4597 1361 4651 τῶν
1415 4600 1858 4671 ἐπιζητουμένων

289 4689 462 4742 οὐδέν.

367 4777 467 4840 κζ’,
517 4777 796 4846 Ἐλεήμων
835 4775 1061 4845 ἀληθὴς,
1106 4778 1205 4846 οὐχ
1241 4779 1270 4829 ό
1317 4778 1568 4849 παρέχων
1601 4783 1861 4846 ἑκουσίοις

293 4868 365 4920 τὰ
421 4869 682 4938 περιττὰ.
733 4867 845 4919 ἀλλ’
887 4868 916 4920 ὁ
967 4867 1264 4937 συγχωρῶν
1314 4872 1382 4922 τὰ
1431 4872 1700 4938 ἀναγκαῖα
1749 4875 1861 4936 τοῖς

295 4960 622 5031 ἁρπάζουσι.

368 5051 474 5118 κη’.
509 5052 570 5104 Ui
603 5050 721 5119 μὲν,
758 5048 831 5118 τῷ
875 5049 1045 5118 ὲνύλῳ
1079 5047 1293 5118 πλούτῳ
1322 5050 1557 5104 κτῶνται
1585 5052 1675 5104 τὸν
1704 5052 1866 5106 ἄῦλον

295 5139 666 5208 ἐλεημοσύνης
721 5137 976 5206 θεσμοῖςο
1009 5139 1057 5189 οἱ
1095 5137 1174 5200 δὲ,
1211 5138 1287 5208 τῷ
1336 5139 1484 5208 ἁΰλῳ
1525 5140 1866 5194 ἀποκτῶνται

294 5230 389 5283 τὸν
421 5229 604 5283 ενυλον
647 5229 704 5279 ὲν
739 5228 987 5297 αἰσθήσει
1036 5228 1129 5280 τοῦ
1175 5229 1528 5283 ἁνεκλείπτου
1570 5231 1864 5300 γινόμενοι.

369 5322 470 5376 κθ¹.
502 5322 656 5374 Φίλον
688 5323 786 5388 μὲν
817 5321 1012 5384 παντὶ,
1037 5321 1096 5373 τὸ
1125 5321 1371 5374 πλουτεῖν
1395 5323 1448 5374 ἒν
1475 5321 1868 5392 καλοϊςολυπη-

296 5415 394 5485 ρὸν
429 5414 528 5482 μὲν
561 5412 638 5481 τῷ
668 5411 827 5474 θείως
875 5411 1222 5464 πλουτίσαντι
1257 5413 1379 5480 μὲν,
1421 5411 1494 5482 μὴ
1523 5411 1868 5466 ὲπιπλεῖστον

295 5504 720 5575 συγχωρηθῆναι
751 5504 806 5556 δὲ
839 5501 1272 5572 ὲνευφρανθῆναι
1311 5501 1478 5570 αὑτῷ.

369 5597 434 5649 λ’.
474 5596 710 5661 Ἕξωθεν
743 5595 840 5663 μὲν
871 5597 903 5665 ἡ
934 5595 1089 5662 ὑγεία
1113 5595 1258 5646 δοκεῖ
1288 5597 1350 5663 τῇ
1381 5594 1548 5663 ψυχῇ,
1581 5594 1787 5646 ἔνδοθεν
1815 5593 1870 5648 δὲ

292 5693 354 5741 ἐν
384 5687 460 5755 τῷ
494 5687 591 5754 τῆς
626 5686 926 5756 αἰσθήσεως
961 5685 1194 5755 πυθμένι
1228 5684 1437 5753 πέφυκε
1473 5683 1807 5754 κρύπτεσθαι
1837 5686 1868 5754 ἢ

355 5797 376 5826 ⁸
411 5795 548 5851 Luc.
585 5814 697 5862 XM,
732 5800 815 5856 19.

1967 4546 2088 4601 quae
2115 4530 2244 4584 facit
2280 4539 2340 4584 ut
2388 4529 2661 4584 mendacii
2710 4537 2886 4598 pater,
2927 4530 2981 4582 in
3031 4529 3270 4583 animam
3296 4527 3544 4598 peregri-

1967 4633 2189 4678 nantem
2260 4621 2598 4693 ingrediens.
2650 4622 2789 4676 nihil
2849 4637 3042 4676 eorum
3109 4621 3352 4676 inveniat
3427 4637 3548 4690 quae

1967 4714 2244 4769 cupiebat.

2042 4731 2244 4784 pieuat.

2038 4799 2130 4852 27.
2154 4800 2332 4853 Verus
2357 4798 2829 4870 eleemosynarius
2860 4809 2964 4860 est,
2996 4814 3104 4852 non
3135 4797 3229 4867 qui
3257 4807 3453 4867 sponte
3483 4811 3550 4852 ac

1970 4894 2149 4947 libens
2165 4901 2356 4964 erogat
2380 4893 2684 4963 superﬂua,
2717 4893 2814 4947 sed
2831 4892 2924 4962 qui
2955 4891 3261 4946 necessaria
3295 4905 3392 4944 sua
3419 4905 3546 4944 sur-

1970 4985 2300 5057 ripientibus
2328 4987 2621 5042 condonat.

2042 5079 2134 5135 28.
2164 5078 2264 5130 Alii
2296 5091 2393 5145 per
2426 5075 2650 5130 divitias
2683 5073 2998 5127 materiales
3020 5074 3320 5143 acquirunt
3351 5073 3547 5126 imma-

1974 5170 2219 5231 teriales,
2255 5169 2619 5239 eleemosynau
2665 5181 2814 5235 ope;
2860 5166 2954 5219 alii
3002 5181 3102 5235 per
3153 5165 3550 5221 immateriales

1974 5260 2358 5316 materialibus
2389 5274 2447 5314 se
2477 5259 2736 5328 spoliant.
2765 5265 3004 5312 :cternas
3034 5265 3440 5327 exspeCtantes.

2043 5351 2132 5405 29.
2163 5348 2391 5404 Gratum
2417 5347 2648 5403 cuilibet
2701 5345 2849 5415 quod
2879 5345 3179 5401 virtutibus
3223 5343 3378 5397 dives
3434 5343 3546 5406 sit;

1975 5441 2268 5495 molestum
2302 5454 2437 5494 vero
2477 5440 2527 5493 ei
2581 5439 2674 5508 qui
2707 5439 2845 5494 alios
2872 5438 3076 5492 divinis
3119 5435 3315 5490 ditavit
3366 5432 3548 5496 bonis,

1975 5531 2122 5602 quod
2153 5529 2256 5585 sibi
2287 5531 2608 5600 plerumque
2646 5545 2755 5583 non
2793 5529 2956 5583 detur
2985 5527 3054 5583 de
3083 5527 3187 5580 hoc
3213 5524 3405 5580 laetari.

2049 5616 2137 5670 50.
2169 5615 2389 5669 Sanitas
2438 5616 2632 5670 anima:
2674 5613 2921 5669 exterius
2963 5620 3208 5681 apparet,
3261 5609 3550 5663 inﬁrmitas

1980 5723 2110 5763 vero
2158 5709 2277 5778 ejus
2326 5709 2379 5762 in
2431 5708 2641 5765 intimis
2700 5705 3052 5760 conscientia:
3107 5703 3338 5758 latebris
3382 5704 3551 5758 latere
