4102 6282
269 431 405 493 1137

1623 431 2028 489 AN'I‘HULUG
2043 431 2064 489 ι
2078 431 2206 490 UM.

3409 438 3542 505 1133

263 554 400 613 σίως
429 549 705 619 ἀνέχεται.
739 551 850 604 Καὶ
876 551 963 604 διὰ
990 549 1144 603 τοῦτο
1173 554 1228 603 ὲν
1259 554 1373 614 ταῖς
1399 552 1829 620 πρωτοκλισίαις,

1957 542 2124 596 nimis
2145 540 2403 596 conferri.
2432 543 2669 614 Ideoque
2701 545 2752 598 in
2788 547 2977 615 primis
3008 548 3376 606 discubitibtts
3402 571 3539 609 llius-

266 645 326 695 τὸ
356 640 599 712 λυπηρὸν
633 640 1024 695 ἐπιδείκνυται.

341 747 450 819 μγ’.
479 749 660 801 Καλὸν
691 747 770 817 τῷ
802 749 1073 816 ἀγωνιστῇ
1117 751 1332 817 φρονεῖν
1368 748 1486 817 μὲν,
1517 751 1713 817 ἥττονα
1748 751 1844 813 τῆς

261 838 529 908 ἐργασίας
565 837 749 890 αὑτοῦ·
784 839 1044 904 πράττειν
1076 839 1154 902 δὲ,
1189 840 1476 908 κρείττονα
1509 843 1606 909 τῆς
1639 840 1842 902 δειλίας

261 927 459 981 αὐτοῦ.
500 927 656 980 Οὕτω
686 928 794 996 γὰρ
833 928 896 978 ἂν
939 930 1030 979 καὶ
1065 928 1370 997 ἀνθρώποις
1399 930 1675 998 αἰδέσιμος
1702 972 1717 993 ,
1750 931 1846 982 καλ⁸

261 1019 388 1086 Θεῷ
421 1019 657 1088 ἐργάτης
689 1019 998 1088 εύρίσκεται
1027 1020 1476 1088 άνεπαίσχυντος.

342 1124 444 1195 με.
477 1127 544 1178 ’11
577 1125 968 1194 κατορθοῦσθαι
999 1123 1080 1179 δεῖ
1111 1127 1248 1196 πρδς
1273 1128 1454 1187 πάσας
1495 1127 1592 1190 τὰς
1625 1129 1846 1192 ἐντολὰς

265 1215 362 1266 τοῦ
379 1214 534 1267 Θεοῦ.
556 1213 590 1285 ἢ
628 1216 756 1284 μιᾶς
779 1216 1177 1269 ἀντιποιεῖσθαι
1201 1219 1296 1284 τῆς
1313 1220 1842 1287 ταπεινοφροσύνης,

265 1305 360 1355 τὸν
385 1302 597 1356 δεδιότα
629 1304 702 1371 μὴ
737 1302 886 1366 ξένον
919 1303 1027 1355 τῶν
1075 1305 1130 1354 ὲν
1155 1303 1232 1373 τῷ
1265 1307 1508 1375 νυμφῶνι
1543 1309 1839 1377 ἀνακειμέ-

265 1409 376 1444 νων
407 1390 762 1459 ὀφθήσεσθαι.

347 1487 445 1547 με’.
481 1479 652 1544 Μίεον
696 1483 761 1551 τῇ
795 1481 1054 1550 ἁπλότητι
1088 1482 1184 1553 τὴν
1217 1485 1569 1555 ἐγκράτειαν,
1613 1487 1702 1540 καὶ
1747 1488 1842 1540 σύ-

267 1570 459 1634 (suam;
490 1573 554 1640 τῇ
585 1573 1051 1644 ταπεινοφροσύνῃ
1081 1574 1178 1644 τὴν
1201 1575 1478 1643 ἀλήθειαν.
1507 1579 1599 1628 καὶ
1631 1577 1842 1647 ὀφθήσῃ

267 1660 614 1730 δικαιοσύνης
641 1661 934 1722 συνέστιος.
959 1656 1064 1726 Ἦς
1093 1665 1182 1716 ἐπὶ
1211 1666 1506 1736 τραπέζης,
1534 1666 1665 1738 άλλη
1695 1671 1843 1720 πᾶσα

268 1749 416 1814 φιλεῖ
449 1749 774 1816 συνάγεσθαι
807 1753 1000 1821 ἀρετή.

347 1846 464 1908 μς¹.
489 1840 674 1910 Τυφλὴ
694 1841 792 1908 τῆς
813 1845 1314 1914 ταπεινοφροσύνης
1335 1847 1522 1916 χωρὶς,
1541 1848 1572 1916 ἡ
1595 1847 1839 1917 ἀλήθεια.

266 1931 371 1982 Atii
397 1929 554 1982 τοῦτο
578 1931 671 1983 καὶ
701 1934 765 2001 τῇ
803 1933 1080 2004 ἀντιλογίᾳ
1101 1935 1300 2004 χρῆται
1328 1937 1672 2005 χειραγωγῷ·
1708 1939 1844 2006 ὲρεῖ-

274 2037 366 2073 σαι
403 2020 498 2089 μὲν
541 2021 680 2091 αὑτῇ
709 2010 799 2074 ἐπὶ
846 2039 899 2074 τι
947 2023 1244 2095 μοχθούσῃ,
1285 2027 1358 2096 μὴ
1395 2026 1723 2096 εὑρισκούσῃ
1764 2027 1844 2089 δὲ,

271 2113 326 2162 εἰ
357 2112 427 2180 μὴ
462 2111 522 2162 τὸ
551 2111 648 2180 τῆς
677 2113 1038 2182 μνησικακίας
1071 2113 1353 2185 ὀχύρωμα.
1453 2134 1460 2141 ·

357 2203 460 2269 μς.
500 2199 667 2266 Ἶιθος
690 2202 943 2272 χρηστὸν,
980 2203 1289 2274 ὡραιότητα
1323 2208 1593 2277 μαρτυρεῖ
1619 2208 1841 2278 ἀρετῆς·

273 2293 456 2362 μελῶν
486 2293 542 2346 δὲ
574 2293 882 2356 εὐστάθεια,
923 2295 1205 2364 εἰρηναίαν
1238 2295 1436 2364 ψυχήν.

335 2521 445 2586 μη’.
483 2516 703 2586 Πρῶτον
736 2517 834 2587 μὲν
875 2517 1054 2583 καλὸν,
1086 2520 1144 2570 τδ
1170 2511 1226 2570 ἓν
1255 2518 1439 2587 μηδενὶ
1478 2519 1632 2589 μέρει
1671 2535 1835 2589 προσ-

261 2608 510 2660 πταίειν·
554 2608 805 2678 δεύτερον
843 2608 921 2664 δὲ,
975 2609 1039 2661 τδ
1085 2608 1160 2678 μὴ
1187 2609 1324 2662 αἰδοῖ
1355 2611 1751 2680 κατακρύπτειν
1776 2611 1836 2662 τὸ

264 2696 488 2764 σφάλμα
518 2696 703 2759 αὐτοῦ,
743 2698 879 2767 μήτε
909 2697 1015 2768 μὴν
1045 2699 1366 2752 ἀναδύεσθαι
1403 2699 1460 2750 ἔν
1495 2699 1660 2768 αὐτῷ·
1700 2700 1834 2768 μᾶλ-

263 2787 358 2837 λον
401 2785 456 2838 δὲ
495 2786 918 2849 ταπεινοῦσθαι,
973 2787 1066 2840 καὶ
1119 2789 1590 2858 κατηγορουμένου
1642 2790 1833 2842 ἑαυτοῦ

267 2879 721 2944 συγκατηγορεῖν,
750 2877 842 2929 καὶ
877 2877 1127 2945 δέχεσθαι
1162 2879 1412 2947 ἀσμένως
1442 2879 1500 2928 τὸ
1540 2879 1831 2947 ἐπιτίμιον.

267 2962 471 3015 Τούτου
501 2964 555 3016 δὲ
579 2964 652 3034 μὴ
682 2965 988 3033 γινομένου,
1019 2967 1308 3035 άνίσχυρον
1336 2967 1478 3019 ἅπαν
1507 2966 1566 3018 τὺ
1599 2967 1673 3035 τῷ
1711 2967 1830 3038 Θεῷ

268 3054 729 3122 προσφερόμενον.

341 3142 447 3210 μθ’.
485 3144 625 3213 Πρὸς
652 3147 716 3214 τῇ
767 3145 989 3214 ἑκουσίᾳ
1043 3143 1414 3213 κακοπαθείᾳ,
1465 3145 1569 3214 χρὴ
1607 3145 1701 3198 κα)⁸
1734 3145 1831 3214 τὴν

1957 650 2050 688 ror
2085 635 2376 704 reperitur.

2021 726 2107 780 45.
2141 726 2376 796 Expedit
2407 729 2626 783 athleta:
2661 731 2936 799 spirituali
2973 735 3185 791 minora
3213 738 3372 794 factis
3419 757 3536 796 suis

1944 817 2208 887 cogitare,
2241 830 2296 873 et
2331 821 2536 889 majora
2588 838 2750 890 quam
2789 840 2888 892 pro
2937 828 3389 894 pusillanimitate
3431 850 3532 890 sua

1945 906 2146 962 facere.
2173 908 2229 963 Si
2256 911 2402 964 enim
2428 912 2747 968 hominibus
2792 921 3131 974 venerationi
3157 923 3357 987 erit,ct
3390 928 3533 995 apud

1947 999 2118 1054 Deum
2155 1012 2214 1054 ut.
2249 1002 2426 1058 ﬁdelis
2459 1007 2750 1073 Operarius
2776 1022 2889 1062 non
2918 1011 3231 1068 erubescet.

2017 1095 2104 1148 M.
2136 1092 2238 1159 Qui
2277 1095 2435 1150 timet
2479 1113 2546 1152 ne
2577 1098 2720 1154 inter
2761 1102 3174 1160 discumbentes
3202 1106 3256 1160 in
3287 1090 3529 1164 thalamo

1947 1190 2179 1257 nuptiali
2219 1192 2544 1261 peregrinus
2593 1204 2871 1263 appareat,
2905 1213 3031 1250 eum
3065 1210 3160 1253 aut
3207 1202 3392 1254 omnia
3437 1202 3530 1256 Dei

1948 1287 2204 1341 mandata
2239 1287 2411 1356 probe
2443 1301 2685 1353 servare,
2716 1296 2812 1341 aut
2838 1287 2907 1342 ad
2944 1305 3106 1344 unam
3160 1292 3530 1349 humilitatem

1947 1379 2081 1434 eniti
2111 1389 2351 1447 oportet.

2025 1471 2108 1524 45.
2139 1470 2426 1538 Coniunge
2473 1468 2814 1538 simplicitati
2863 1470 3292 1534 continentiam,
3324 1474 3531 1527 verita-

1950 1570 2171 1632 temque
2198 1562 2496 1615 humilitati
2526 1561 2746 1630 copula,
2769 1571 2824 1615 et
2849 1561 3125 1617 videberis
3157 1550 3532 1620 contuberna-

1947 1655 2014 1708 lis
2041 1654 2288 1726 justitiae,
2316 1652 2384 1706 ad
2415 1653 2571 1722 cujus
2599 1667 2842 1706 mensam
2869 1668 3062 1709 omnes
3095 1655 3319 1726 reliqua:
3349 1657 3528 1709 virtu-

1947 1755 2029 1801 tes
2055 1755 2241 1800 amant
2269 1746 2608 1816 congregari.
2776 1739 2782 1749 ”

2013 1839 2100 1894 46.
2131 1839 2284 1894 Cmca
2329 1848 2414 1893 est
2461 1841 2580 1894 sine
2626 1839 2933 1894 humilitate
2962 1840 3184 1895 veritas.
3215 1840 3342 1896 [deo
3384 1841 3527 1896 duce

1945 1933 2119 1988 utitur
2147 1933 2544 1994 controversia,
2569 1948 2691 2002 quas
2715 1933 2854 2001 ipsa,
2872 1933 3107 1987 fulcrum
3127 1933 3347 2004 aliquod
3374 1934 3529 1988 labo-

1944 2025 2087 2080 riose
2113 2041 2389 2094 qu:crens,
2423 2025 2559 2079 nihil
2590 2025 2738 2078 aliud
2776 2024 2987 2079 invenit
3019 2041 3184 2096 quam
3223 2027 3528 2084 simultatis

1943 2115 2366 2170 adminiculum.

2015 2208 2105 2259 47.
2136 2207 2280 2262 Mitis
2305 2217 2361 2261 et
2405 2207 2648 2262 clemens
2677 2217 2874 2264 natura
2909 2210 3212 2280 speciosam
3260 2213 3526 2278 animam,

1945 2299 2315 2353 membrorum
2366 2309 2551 2354 autem
2589 2300 2860 2356 stabilitas
2882 2311 2939 2356 et
2964 2303 3232 2374 quietudo
3278 2305 3523 2375 quietam

1943 2391 2302 2447 demonstrat.

2011 2507 2102 2563 ιε.
2127 2507 2372 2562 Primum
2406 2508 2611 2562 bonum
2637 2520 2756 2572 eat,
2785 2522 2895 2564 non
2927 2509 3036 2564 labi
3069 2508 3124 2563 in
3155 2511 3265 2564 ulla
3298 2525 3378 2567 re.
3416 2513 3518 2566 Sc-

1941 2599 2206 2659 eundu‘tn.
2231 2601 2449 2670 lapsum
2477 2611 2639 2656 suum
2670 2612 2784 2670 pra:
2811 2599 3148 2656 verecundia
3177 2617 3287 2656 non
3316 2605 3519 2668 celare,

1945 2706 2049 2748 nec
2081 2708 2142 2748 se
2179 2693 2558 2763 impudentem
2591 2691 2652 2747 in
2696 2707 2764 2746 eo
2807 2694 3100 2747 ostendere
3131 2711 3143 2757 ;
3173 2693 3305 2764 quin
3335 2696 3524 2764 potius

1943 2787 2249 2848 humiliari,
2291 2796 2348 2842 et
2380 2787 2589 2843 ideirco
2619 2785 3019 2855 reprehensum
3050 2801 3120 2842 se-
3153 2803 3372 2857 quoque
3422 2805 3520 2857 pa-

1941 2880 2076 2933 riter
2120 2879 2544 2949 reprehendere.
2577 2878 2733 2945 Quod
2776 2878 2882 2933 nisi
2937 2877 3049 2942 tia-t,
3084 2880 3354 2951 quidquid
3410 2883 3522 2937 Deo

1940 2969 2189 3034 oﬂertur,
2219 2983 2412 3040 parum
2465 2973 2630 3024 valet.

2007 3137 2096 3191 49.
2123 3139 2201 3193 Αιι
2235 3138 2556 3195 alliictiones
2584 3143 2942 3206 voluntarias,
2971 3143 3138 3195 etiam
3173 3158 3280 3194 non
3321 3142 3522 3194 volun-

265 3234 521 3288 ἀκούσιον
549 3234 964 3303 καταδέχεσθαι,
998 3235 1097 3306 τὴν
1129 3237 1192 3288 ὲκ
1224 3235 1487 3288 διαδόλων
1515 3235 1686 3301 λέγω,
1733 3233 1829 3305 {q-

1948 3229 2116 3284 tariaa
2166 3231 2464 3301 adiungere
2517 3244 2756 3301 oportet,
2792 3235 3143 3296 detrimenta.
3177 3233 3424 3303 inquam,
3464 3241 3522 3287 ct

269 3325 410 3392 μιῶν
445 3341 503 3376 τε
528 3363 543 3389 ,
578 3327 675 3377 καὶσ
707 3324 1018 3378 ἀσθενειῶν.
1064 3325 1248 3378 Ταῦτα
1293 3325 1400 3395 γὰρ
1429 3328 1455 3378 ὁ
1487 3326 1562 3395 μὴ
1596 3325 1825 3378 καταδε-

265 3415 520 3483 χόμενος,
571 3417 704 3470 ἀλλὰ
762 3417 1182 3482 άποδυσπετῶν,
1230 3417 1411 3486 ὅμοιός
1459 3419 1572 3469 ἔστι
1619 3417 1698 3486 τῷ
1752 3419 1826 3486 μὴ

272 3506 412 3573 μετὰ
439 3506 583 3572 (Hoc,
620 3507 755 3576 μετὰ
779 3506 834 3559 δὲ
865 3507 1075 3577 μέλιτος
1097 3507 1257 3577 μόνου
1280 3507 1612 3577 βουλομένου·
1629 3506 1827 3560 ἐσθίειν

264 3598 357 3650 τὸν
399 3599 558 3668 ἄρτον
589 3599 771 3652 αὐτοῦ’
804 3600 861 3661 ὃς
893 3601 953 3652 οὐ
983 3601 1210 3653 πάντοτε
1250 3601 1348 3669 μὲν
1378 3601 1475 3670 τὴν
1504 3599 1692 3669 ἡδονὴν
1716 3601 1826 3669 ἔχει

268 3691 580 3760 σύντροφον,
605 3691 696 3746 τὴν
721 3692 776 3745 δὲ
801 3692 959 3761 κόρον
989 3694 1074 3744 ἀεὶ
1097 3692 1312 3755 γείτονα
1337 3694 1613 3762 κέκτηται.

337 3889 400 3942 ν’.
453 3893 724 3957 Δεσπότης
779 3892 853 3942 ὢν
901 3892 1087 3940 δούλου
1147 3891 1332 3960 σχῆμα
1372 3889 1823 3959 περιὺαλλόμενος

262 3980 536 4044 φαίνεται.
567 3982 594 4030 ὁ
624 3981 681 4030 τὸ
709 3980 1002 4048 διερρωγὸς
1038 3980 1246 4031 πλύνων
1275 3980 1366 4031 τοῦ
1397 3979 1619 4047 πλησίον
1647 3978 1824 4044 λόγοις

261 4069 469 4130 ἐνθέοις
505 4069 746 4137 ἱμάτιον,
793 4070 832 4138 ἦ
877 4070 1278 4140 καταρῤάπτων
1323 4070 1440 4131 ταῖς
1486 4067 1820 4137 μεταδόσεσι.

260 4156 543 4210 Σκοπείτω
580 4158 636 4210 δὲ
663 4159 704 4212 δ’
727 4159 884 4212 τοῦτο
923 4159 1109 4224 ποιῶν,
1159 4160 1365 4229 μήποτε
1405 4158 1492 4211 διὰ
1527 4157 1587 4209 τὸ
1622 4156 1719 4226 μὴ,
1749 4156 1824 4219 ὡς

258 4247 448 4311 δοῦλος
471 4248 628 4302 τοῦτο
652 4250 841 4314 τελεῖν,
878 4251 1213 4321 συναπολέσῃ
1264 4250 1357 4303 καὶ
1384 4249 1472 4302 τὸν
1507 4247 1697 4319 μισθὸν
1730 4248 1824 4300 καὶ

254 4341 323 4394 τὸ
348 4343 544 4410 προσὸν
567 4340 715 4412 αύτῷ
743 4342 838 4413 τῆς
867 4331 1111 4406 ἐξούσίας
1159 4342 1244 4396 διὰ
1273 4343 1572 4409 κενοδοξίαν
1593 4343 1830 4417 ἀξίωμα*

331 4441 430 4487 να’.
460 4434 665 4502 ’Ὠσπερ
700 4435 732 4502 ἡ
767 4436 948 4497 πίστις
986 4433 1350 4503 ἐλπιζομένων
1384 4437 1680 4501 ὑπόστασις
1725 4439 1820 4492 πέ-

256 4541 468 4590 φυκεν,
501 4524 642 4576 οὕτω
688 4524 863 4593 ψυχῆς
905 4525 1003 4593 μὲν
1039 4527 1072 4594 ἡ
1113 4526 1406 4596 φρόνησις,
1447 4528 1644 4598 ἀρετῆς
1680 4527 1738 4581 δὲ
1783 4531 1816 4598 ἡ

1949 3322 2369 3383 invaletudines.
2417 3339 2537 3392 qua:
2569 3342 2598 3378 a
2649 3327 2869 3379 diabolo
2921 3327 3080 3380 nobis
3130 3326 3520 3394 importantur.

1943 3415 2088 3482 Quas
2118 3415 2211 3484 qui
2267 3400 2374 3470 non
2410 3418 2699 3486 permittit,
2727 3419 2820 3474 sed
2869 3419 3178 3474 recalcitrat
3219 3428 3275 3472 et
3311 3429 3522 3472 stoma-

1942 3507 2159 3575 chatur,
2192 3511 2420 3578 perinde
2454 3511 2584 3565 facit
2613 3527 2675 3566 ac
2701 3513 2793 3582 qui
2823 3526 3019 3581 panem
3051 3528 3212 3566 suum
3247 3528 3355 3565 non
3393 3526 3519 3566 cum

1942 3601 2076 3665 sale,
2101 3602 2196 3656 sed
2242 3617 2372 3656 eum
2403 3604 2564 3656 melle
2597 3604 2976 3658 tantummodo
3007 3606 3296 3660 comedere
3343 3604 3474 3659 velit
3502 3621 3516 3665 ;

1944 3695 2037 3764 qui
2086 3695 2245 3762 panis
2296 3712 2409 3748 non
2460 3696 2794 3765 voluptatem
2843 3714 3059 3767 semper
3109 3701 3388 3764 socialem,
3423 3703 3520 3756 sed

1941 3786 2251 3841 satietatem
2282 3802 2501 3855 semper
2531 3787 2768 3842 vicinam
2800 3789 2984 3842 habet.

2013 3872 2102 3933 50'.
2141 3879 2404 3932 Dominus
2433 3880 2660 3933 formam
2711 3881 2853 3935 servi
2904 3882 3127 3935 indutus
3159 3881 3378 3937 videtur
3427 3884 3518 3939 ille

1940 3972 2033 4042 qui
2069 3972 2308 4025 lacerum
2344 3973 2577 4041 proximi
2607 3976 2962 4042 panniculum
2998 3976 3200 4031 divinis
3224 3978 3371 4034 lavat
3399 3995 3519 4034 scr-

1945 4064 2202 4118 monibus
2251 4074 2346 4118 aut
2391 4065 2756 4136 elcemosynis
2801 4069 3284 4125 reSarcit.VVitleat
3334 4081 3520 4125 autem

1945 4159 2048 4210 hoc
2078 4155 2287 4210 faciens
2338 4173 2406 4210 ne
2463 4157 2623 4223 forte,
2655 4159 2783 4226 quia
2817 4159 2868 4212 id
2903 4177 3008 4213 non
3059 4161 3186 4214 facit
3217 4170 3274 4215 ut
3302 4178 3516 4219 svrvus.

1944 4257 2171 4319 propter
2199 4249 2514 4318 superbiam
2541 4250 2756 4303 amittat
2815 4252 3215 4306 etmereetlem
3245 4261 3300 4306 et
3343 4254 3516 4321 ipsam

1943 4340 2216 4396 libertatis
2248 4357 2355 4409 qua
2391 4340 2592 4410 gaudet
2631 4341 2974 4410 dignitatem.

2011 4433 2099 4489 51.
2122 4434 2276 4488 Sicut
2301 4432 2434 4487 ﬁdes
2457 4440 2540 4487 est
2561 4432 2952 4501 spcran'darum
2978 4426 3282 4488 substantia
3309 4428 3516 4495 rerum,

1943 4527 2016 4580 ita
2042 4525 2349 4580 substantia
2377 4524 2573 4577 animus
2605 4532 2690 4577 est
2719 4523 3034 4592 prudentia,
3061 4532 3116 4577 et
3146 4523 3388 4588 virtutis,
3418 4525 3519 4577 lm-

254 4612 603 4675 ταπείνωσις.
641 4614 750 4666 Καὶ
782 4613 962 4680 θαῦμα
994 4615 1110 4676 πῶς
1141 4615 1210 4667 τὰ
1253 4617 1510 4687 αὐτοτελῆ
1539 4617 1646 4670 τῶν
1678 4635 1816 4689 συμ-

1942 4617 2162 4670 militas.
2206 4605 2277 4670 Et
2323 4617 2526 4669 mirum
2574 4613 2851 4684 quomodo
2900 4614 3142 4684 perfecta
3199 4613 3317 4668 sine
3365 4617 3515 4669 acci-

256 4705 567 4774 σείῖηκότων
598 4707 738 4776 δίχα,
766 4707 927 4775 ἀτελῆ
954 4708 1366 4778 καθεστήκασιν.

331 4795 428 4865 νβ’.
465 4816 482 4846 ι
522 4797 720 4866 Κύριος
752 4799 974 4865 φυλάξει
1008 4799 1104 4870 τὴν
1139 4800 1340 4854 εἴσοδόν
1374 4820 1488 4863 σου,
1524 4806 1655 4874 φησὶ
1678 4847 1692 4866 ,
1730 4808 1823 4858 καὶ

253 4886 360 4955 τὴν
411 4889 585 4954 ἔξοδόν
613 4906 724 4952 σου,
762 4910 780 4941 ι
813 4891 918 4942 τῶν
968 4887 1272 4962 βρωμάτων
1307 4894 1545 4964 δηλονότι
1594 4898 1686 4948 καὶ
1714 4897 1823 4949 τῶν

253 4975 540 5045 ῥημάτων,
566 4981 629 5048 τῇ
659 4980 966 5051 ἐγκρατείᾳ.
1013 4979 1321 5051 Ἐγκρατῶς
1344 4985 1451 5052 γὰρ
1478 4983 1506 5035 ὁ
1535 4983 1672 5053 ἔχων
1696 4987 1822 5056 περὶ

247 5065 360 5132 τὴν
386 5066 492 5119 τῶν
523 5069 824 5138 βρωμάτων
853 5070 948 5122 καὶ
981 5071 1240 5140 ῥημάτων
1298 5073 1500 5127 an:ch
1529 5091 1586 5125 τε
1619 5077 1710 5127 καὶ
1737 5076 1822 5139 ἔξ-

247 5156 398 5220 οδον,
424 5158 716 5229 ἐπιθυμίαν
754 5161 850 5229 μὲν
876 5162 972 5232 τὴν
991 5161 1052 5225 ἐξ
1073 5163 1367 5233 ὀφθαλμῶν
1398 5166 1785 5235 ἀποδιδράσκει
1805 5187 1817 5199 ·

247 5243 427 5311 θυμὸν
459 5245 515 5298 δὲ
545 5247 635 5299 τὸν
665 5248 726 5313 ἐξ
756 5253 1012 5315 ἀπονοίας
1042 5257 1437 5327 καταπραύνει.
1473 5253 1574 5314 Ὧν
1624 5263 1716 5314 καὶ
1743 5261 1836 5315 δεῖ·

247 5333 365 5402 πρὸ
397 5337 612 5390 πάντων
647 5342 914 5395 ποιεῖσθαι
948 5344 1045 5413 τὴν
1076 5347 1390 5415 ἐπιμέλειαν
1428 5352 1519 5402 τὸν
1563 5351 1820 5416 ἀγωνιζό·

246 5439 438 5492 μενον,
488 5427 583 5480 καὶ
621 5433 783 5482 παντὶ
830 5435 1014 5503 τρόπῳ
1056 5437 1434 5491 σπουδαστέον.
1479 5441 1569 5493 Ἐν
1614 5445 1820 5506 τούτοις

244 5513 365 5584 γὰρ
404 5517 463 5568 τὸ
503 5518 604 5585 μὲν
648 5524 946 5589 πρακτικὸν
976 5525 1245 5594 ἔρρωται,
1282 5529 1342 5582 τὸ
1380 5530 1437 5583 δὲ
1489 5531 1820 5604 θεωρητικὸν

237 5610 266 5659 ἐ
279 5609 601 5675 σιτερέωται.

325 5695 420 5762 νγ’.
454 5700 606 5763 Τινὲς
649 5703 749 5771 μὲν
799 5705 925 5774 περὶ
979 5708 1076 5776 τὴν
1120 5708 1324 5762 εἴσοδον
1361 5711 1470 5764 τῶν
1517 5713 1817 5784 βρωμάτων

236 5785 448 5856 πολλὴν
479 5791 754 5846 ποιοῦνται
787 5799 884 5864 τὴν
913 5799 1251 5869 ἐπιμέλειαν·
1283 5806 1414 5873 περὶ
1437 5804 1492 5856 δὲ
1518 5805 1618 5874 τῆν
1642 5806 1817 5869 ἔξοδον

314 6011 337 6042 ⁵
373 6011 512 6068 Psal.
540 6029 664 6081 cu,
693 6013 765 6068 8»

1939 4706 2197 4762 dentibus
2221 4705 2356 4762 ﬁant
2388 4700 2731 4776 imperfecta.

2007 4799 2094 4854 52.
2135 4818 2154 4850 ι
2183 4799 2469 4863 Dominus,
2497 4797 2695 4872 inquit,
2720 4797 2996 4852 custodiat
3025 4795 3314 4850 introitum
3351 4798 3511 4850 tuum.

1935 4901 1987 4945 et
2015 4887 2225 4945 exitum
2252 4885 2405 4944 tuum
2422 4885 2464 4953 ⁸,
2499 4909 2517 4942 ι
2550 4883 2842 4960 οριιΙιιῑλιιιιι
2863 4888 3094 4950 scilicet,
3122 4895 3179 4942 et
3203 4887 3504 4942 verborum

1938 4975 2248 5049 introitum,
2297 4991 2356 5038 et
2400 4976 2630 5046 eaitum,
2672 4981 2728 5035 in
2754 4975 3118 5035 continentia.
3150 4979 3286 5035 Nam
3320 4981 3414 5049 qui
3447 4980 3506 5034 in

1936 5079 2022 5132 his
2042 5075 2262 5132 duobus
2283 5085 2368 5132 est
2390 5071 2710 5131 moderatus
2735 5083 2794 5130 et
2818 5074 3130 5142 continens,
3153 5073 3541 5142 cupiditatem...

1932 5169 2220 5224 oculorum
2251 5167 2422 5238 fugit,
2442 5168 2582 5220 iram
2625 5181 2756 5221 vero
2781 5181 2850 5220 ex
2877 5163 3148 5220 vecordia
3182 5171 3366 5218 natam
3403 5164 3510 5216 mi-

1935 5261 2098 5332 tigat:
2127 5257 2331 5330 qnibtts
2353 5257 2616 5314 cavendis
2636 5257 2903 5312 monacho
2923 5265 3050 5311 ante
3070 5255 3255 5310 omnia
3277 5262 3334 5309 et
3357 5255 3533 5308 σιτιιιὶι.

1936 5355 2148 5409 ratione
2181 5351 2512 5407 studendum
2539 5350 2966 5421 estdiligenter,
3015 5349 3098 5405 sic
3151 5347 3308 5428 enim
3349 5356 3405 5401 et
3452 5348 3538 5400 in.

1933 5449 2150 5503 actione
2168 5447 2379 5501 ﬁrmior
2396 5438 2520 5500 etin
2555 5443 3018 5514 contemplatione
3044 5441 3227 5496 evadit
3257 5439 3520 5493 solidior.-

1999 5714 2089 5767 53.
2119 5711 2352 5779 Quidam
2395 5712 2553 5765 circa
2573 5708 2861 5762 introitum
2913 5715 3164 5756 escarum
3213 5697 3534 5753 admodum--

1929 5805 2217 5875 diligenter
2247 5813 2304 5858 et
2333 5802 2480 5859 cauti
2504 5809 2653 5865 sum,
2685 5800 2834 5854 circa
2860 5796 3065 5850 exitum
3099 5801 3282 5846 autem
3315 5789 3531 5844 verbo-~-
